4016 6310
483 378 551 432 '75

1301 364 1356 418 S.
1399 357 1744 417 RRUNONIS
1783 340 2422 411 CARTHUSlANORU.“
2465 334 2940 405 INSTIIUTOR‘S

488 493 753 569 Stephani
786 486 1151 544 Tornaccnsis
1188 480 1429 551 Epistola
1460 477 1593 540 l60,
1632 475 1696 528 ad
1730 469 2066 538 Radulphum
2104 470 2141 523 Α

492 562 818 641 Rctnensem
850 584 1113 637 decanum
1136 616 1150 636 ,
1185 590 1211 627 a
1247 570 1531 638 Radulpho
1562 565 1731 620 Viridt
1765 562 2071 617 diversum,

493 679 638 732 circa
660 690 862 728 annum
892 670 1048 733 1176,
1077 677 1186 730 aut,
1211 673 1266 717 ut
1289 662 1523 722 videtur,
1547 673 1651 711 non
1677 655 1764 708 diu
1787 648 2072 704 admodum

492 777 615 837 post
643 767 868 835 scripta.

568 858 692 911 126.
739 825 998 925 Stephani
1031 848 1193 902 verba
1224 846 1329 899 huc
1375 838 1669 899 facientia,
1703 830 1847 900 quod
1886 842 1949 880 ex
1981 825 2077 889 iis,

498 951 791 1005 canonicos
814 947 1112 1000 Remenscs
1155 934 1424 990 Brunonis
1453 938 1611 985 aatate
1643 925 1807 977 vitam
1840 921 1891 973 in
1924 918 2078 972 clau-

500 1049 611 1091 stro
656 1046 1000 1091 communem
1032 1026 1288 1087 duxisse,
1332 1019 1675 1092 potissimum
1730 1009 2080 1079 intelligatur,

504 1147 532 1183 e
554 1128 666 1193 jam
693 1138 834 1192 saepe
864 1121 1078 1173 laudato
1098 1158 1111 1181 ,
1143 1116 1233 1185 qui
1264 1116 1525 1168 hactenus
1554 1105 1802 1175 vulgatus
1827 1115 1929 1154 non
1966 1106 2080 1160 est,

502 1217 788 1274 Annalium
856 1209 1330 1268 Cartlmsicnsinm
1363 1205 1499 1258 libro
1558 1215 1609 1253 tv
1668 1195 1935 1252 describo.
1994 1193 2086 1248 Sic

501 1312 705 1365 habent
739 1326 750 1360 :
790 1327 807 1357 ι
846 1305 993 1358 Exiit
1036 1314 1214 1355 sermo
1264 1298 1405 1351 inter
1432 1294 1648 1364 plures,
1683 1287 1824 1358 quod
1862 1288 2083 1357 antiqua

502 1398 724 1452 Patrum
756 1394 981 1464 vestigia
1003 1432 1016 1455 ,
1061 1388 1237 1444 sacris
1268 1386 1511 1441 instituta
1550 1378 1798 1436 conciliis
1827 1386 1881 1432 et
1916 1392 1944 1430 a
1973 1375 2086 1444 glo-

504 1494 646 1547 riosa
681 1492 942 1544 hactenus
970 1481 1219 1538 Remensi
1255 1477 1497 1533 Ecclesia
1528 1474 1736 1529 diutius
1762 1471 2046 1524 observata
2070 1506 2085 1528 ,

506 1583 722 1652 quidam
753 1596 819 1633 ex
845 1576 997 1631 vobis
1026 1575 1316 1627 immutare
1346 1564 1698 1627 contendunt,
1723 1560 2090 1628 laminamque

507 1692 727 1739 auream
753 1674 1015 1743 religiosae
1034 1665 1463 1729 consuetudinis,
1484 1677 1603 1732 quae
1626 1662 1676 1714 in
1703 1658 1878 1711 fronte
1899 1652 2087 1708 Eccle-

507 1770 600 1823 siae
654 1764 1010 1835 Metropoleos
1067 1760 1311 1830 apposita
1368 1758 1511 1810 lucet
1565 1751 1848 1811 omnibus,
1899 1746 1989 1815 qui
2036 1746 2087 1797 in

508 1875 672 1930 regno
702 1865 861 1919 sunt,
904 1854 1137 1923 quadam
1172 1848 1553 1920 singularitate
1585 1842 1836 1899 studeant
1873 1838 2085 1900 delere,

508 1952 779 2022 dejicere,
828 1944 1171 2002 conculcarc.
1218 1937 1496 2011 Singulari
1527 1936 1759 2002 quodam
1808 1928 2091 2001 privilegio

510 2044 668 2099 sedes
724 2038 1010 2094 Remensis
1072 2036 1214 2088 inter
1266 2030 1402 2086 alias
1458 2028 1756 2083 Galliarum
1820 2020 2092 2076 Ecclesias

511 2134 819 2197 eminebat,
866 2141 1221 2201 perseverans
1268 2138 1389 2178 eum
1436 2118 1710 2190 Apostolis
1752 2117 1804 2169 in
1852 2127 2092 2168 commu-

512 2228 674 2282 nione
700 2224 857 2294 panis
892 2232 947 2277 et
977 2219 1257 2275 oratione.
1300 2224 1355 2270 et
1396 2214 1447 2267 in
1491 2210 1677 2265 sociali
1715 2204 2095 2264 communione

514 2314 962 2375 sacramentalem
1013 2309 1342 2382 praeferens,
1391 2303 1685 2373 majoribus
1721 2307 1841 2353 erat
1884 2304 2097 2367 specta-

517 2411 722 2473 culum,
752 2406 1054 2462 minoribus
1080 2403 1491 2458 documentum.
1520 2395 1596 2448 Ex
1619 2391 1861 2459 reliquiis
1888 2387 2099 2459 regula~

516 2503 656 2556 rium
687 2498 1084 2554 institutionum
1115 2494 1220 2547 duo
1242 2491 1359 2545 loca
1383 2487 1485 2543 sibi
1512 2484 1882 2545 detinuerant,
1909 2493 2097 2535 caena-

522 2595 703 2649 culnm
736 2590 1048 2646 refectionis
1074 2595 1127 2639 et
1160 2586 1377 2639 douuun
1407 2578 1581 2635 somni
1601 2618 1613 2637 .
1648 2577 1700 2629 in
1730 2574 1903 2628 altero
1933 2570 2097 2625 casti-

523 2695 702 2752 gatam
727 2690 1015 2752 sequentes
1038 2674 1445 2732 abstinentiam,
1473 2671 1523 2724 in
1555 2668 1726 2723 altero
1757 2665 2102 2720 candidataut

523 2774 913 2830 continentiam
963 2772 1433 2825 obscrvantes.....
1472 2761 1530 2815 In
1564 2760 1647 2816 his
1676 2767 1727 2813 et
1757 2756 1877 2811 aliis
1916 2756 2103 2811 obser-

525 2866 722 2919 vantiis
771 2862 1131 2933 Regularibus
1178 2855 1463 2913 incedebat
1507 2852 1790 2906 Reniensis
1839 2846 2102 2910 Ecclesia,

528 2956 783 3013 terribilis
821 2964 878 3007 ut
903 2962 1200 3008 castrorum
1222 2948 1372 3002 acies
1399 2945 1671 3007 ordinata,
1698 2940 1947 2995 amabilis
1970 2938 2105 3001 suis,

526 3044 859 3102 admirabilis
884 3042 1093 3097 alienis.
1121 3040 1176 3094 Si
1210 3039 1322 3093 hrcc
1351 3033 1624 3090 immutari
1657 3029 1943 3101 cmperint,
1978 3025 2108 3095 quid

528 3144 665 3196 dicet
718 3151 974 3208 germana
1002 3133 1120 3201 ejus
1165 3133 1282 3185 loco
1319 3139 1373 3184 et
1403 3128 1593 3183 ordine
1637 3122 1959 3183 Germania,
1992 3132 2110 3187 qua:

531 3234 671 3286 inter
720 3228 854 3283 alias
911 3222 1277 3280 institutiones
1330 3218 1741 3275 Eeclesiasticas
1797 3210 2113 3267 relectionis

530 3324 706 3379 adhuc
734 3334 788 3375 et
812 3317 1010 3389 quietis
1038 3315 1336 3369 fraternam
1368 3309 1805 3367 communionem
1829 3304 1908 3359 sic
1932 3304 2116 3357 obser-

532 3423 653 3477 vat,
688 3420 744 3466 ut
773 3408 1087 3464 modernam
1117 3403 1525 3460 dissolutionem
1553 3415 1658 3454 non
1686 3391 1980 3450 admittat?
2020 3409 2037 3440 ι

608 3508 726 3561 l27.
773 3503 909 3559 Cum
940 3517 1068 3572 ergo
1119 3500 1418 3555 Rcmenscs
1454 3490 1737 3553 canonici,
1767 3487 1843 3541 uti
1883 3500 1914 3540 e
1946 3482 2119 3537 verbis

534 3604 685 3657 hisce
710 3613 941 3671 pronum
972 3604 1055 3650 est
1081 3608 1304 3657 eruere,
1335 3593 1499 3645 vitam
1532 3595 1872 3640 communem
1905 3579 1958 3632 in
1988 3576 2118 3630 aedi-

536 3696 655 3759 bus,
682 3691 948 3761 separatis
969 3688 1209 3758 quidem,
1233 3694 1291 3739 ut
1315 3693 1443 3736 tunc
1470 3678 1637 3732 moris
1662 3682 1798 3739 erat,
1824 3670 1914 3723 uni
1941 3677 2121 3723 tamen

537 3788 825 3854 eidemque
879 3782 1121 3837 claustro
1181 3774 1439 3835 inclusis,
1493 3766 1681 3823 Sancti
1738 3760 1909 3817 noStri
1964 3764 2122 3811 aetate

538 3879 830 3940 duxerint,
860 3875 949 3929 hic
976 3871 1195 3938 utique,
1229 3868 1356 3921 dum
1388 3863 1506 3917 illos
1547 3862 1688 3914 inter
1713 3864 1838 3909 ante
1868 3865 2023 3904 suum
2057 3862 2120 3901 ex

539 3972 675 4023 urbe
704 3964 956 4021 Remensi
985 3963 1307 4022 discessum,
1340 3970 1434 4010 seu
1461 3961 1585 4005 ante
1607 3961 1807 4002 annum
1838 3940 1994 4006 1076,
2021 3953 2124 4008 quo

541 4062 762 4117 circiter
804 4058 849 4111 is
880 4053 1110 4117 accidit,
1158 4057 1487 4109 versaretur,
1516 4042 1722 4094 alienas
1748 4034 1948 4090 ibidem
1986 4028 2128 4084 aedes

546 4168 653 4208 non
710 4144 1066 4207 iubabitarit,
1119 4156 1181 4195 ac
1228 4138 1383 4208 proin
1430 4148 1529 4188 nec
1580 4139 1706 4184 tunc
1748 4122 2124 4184 collationem,

544 4257 733 4316 utpote
776 4256 929 4312 quae,
966 4238 1221 4292 Brunone
1268 4229 1461 4284 alienis
1500 4228 1559 4281 in
1600 4222 1806 4278 :cdibus
1848 4224 2127 4277 versante,

548 4302 848 4393 acciderit,
881 4302 1002 4383 cum
1031 4322 1319 4393 Radulpho
1350 4316 1517 4372 Viridi
1544 4323 1599 4369 et
1634 4311 1822 4366 Fulcio
1850 4302 2131 4361 Monoculo

550 4423 824 4479 habuerit.
853 4418 1057 4474 Eodem
1087 4392 1251 4469 etiam
1282 4424 1347 4465 ex
1379 4406 1554 4476 capite
1590 4415 1781 4474 parum
1818 4392 2131 4451 verosimile

550 4524 810 4588 apparet,
858 4509 1203 4568 collationem
1245 4503 1393 4558 illam
1432 4514 1528 4555 seu
1578 4492 1905 4563 colloquium
1954 4487 2128 4545 conti-
2166 4495 2209 4547 It

552 4578 720 4680 gisse.
748 4578 1032 4677 postquam
1056 4598 1170 4668 jam
1202 4596 1461 4656 Sanctus,
1489 4590 1847 4643 exauctorato
1872 4578 2131 4649 pulsuque

555 4703 868 4759 Simoniaco
896 4699 1147 4752 invasorc
1174 4689 1446 4752 Manasse,
1472 4686 1523 4739 in
1552 4681 1850 4753 pristinum
1881 4675 2015 4739 fere,
2041 4681 2133 4727 aut

557 4800 659 4852 hoc
713 4795 879 4848 etiam
929 4789 1067 4843 forte
1116 4782 1425 4843 meliorem,
1480 4783 1702 4837 statum,
1760 4768 1904 4841 quod
1948 4766 2038 4836 qui
2083 4773 2136 4818 et

556 4887 776 4957 quando
808 4883 1007 4937 factum
1036 4876 1144 4937 sit,
1186 4871 1326 4927 infra
1364 4867 1705 4928 videbimus,
1746 4861 1942 4914 fuisset
1978 4856 2135 4910 resti-

550 4949 729 5033 tutus.
780 4975 949 5029 Porro
989 4986 1058 5024 ex
1101 4982 1196 5026 eo,
1242 4962 1385 5032 quod
1413 4959 1689 5021 Sanctus,
1727 4955 1854 5009 dum
1892 4952 1958 5008 de
1993 4949 2139 5004 falsis

563 5069 750 5127 mundi
806 5060 1264 5123 oblectationibus
1319 5069 1441 5109 cum
1496 5048 1781 5119 Radulpho
1846 5043 2019 5099 Viridi
2084 5050 2139 5096 et

564 5162 749 5225 Fulcio
780 5168 1088 5213 sermonem
1127 5147 1383 5210 miscuit,
1414 5144 1591 5198 alieno
1622 5142 1673 5195 in
1714 5137 1953 5208 bOSpitio
1982 5135 2144 5187 fuerit

566 5263 848 5313 versatus,
900 5242 1301 5301 consectarium
1351 5245 1612 5307 prrcterea
1660 5239 1775 5294 est,
1832 5237 1889 5281 ut
1944 5240 2042 5279 nec
2093 5224 2145 5276 id

570 5342 793 5398 Parisiis
826 5336 1089 5394 evenerit.
1136 5331 1234 5397 Qui
1276 5327 1420 5383 enim
1458 5323 1799 5379 collationem
1841 5331 1935 5373 seu
1976 5315 2144 5369 collo-

573 5432 761 5502 quium
815 5427 943 5481 illud
994 5422 1215 5476 Parisiis
1274 5418 1474 5472 factum
1531 5419 1815 5471 statuunt,
1875 5409 2140 5463 Sanctum

578 5498 819 5578 nostrum
852 5528 995 5578 tunc,
1026 5528 1147 5568 cum
1177 5510 1228 5563 id
1254 5507 1462 5568 habuit,
1482 5501 1706 5559 doce’ndi
1732 5498 1930 5553 ibidem
1954 5508 2150 5549 munus

580 5614 796 5675 obiisse,
839 5608 1133 5669 allirmant;
1169 5600 1312 5672 quod
1344 5599 1387 5652 si
1421 5604 1599 5651 autem
1635 5608 1698 5646 ea
1732 5590 1783 5643 in
1808 5586 1944 5640 urbe
1974 5585 2151 5653 reipsa

582 5719 833 5772 umquam
855 5702 1034 5757 Bruno
1058 5693 1351 5755 docuisset,
1376 5685 1569 5742 alienis
1593 5694 1743 5743 tunc,
1768 5677 1913 5731 velut
1935 5677 2153 5741 hospes,

578 5795 783 5852 zedibus
821 5807 1016 5849 usurus
1064 5787 1232 5844 fuisse
1276 5798 1383 5838 non
1425 5779 1658 5833 videtur.
1711 5768 1965 5834 Accedit,
2022 5763 2154 5819 nihil

3690 325 3759 381 τις

2174 460 2334 530 plane
2363 457 2578 513 aliunde
2610 456 2796 511 haberi
2816 496 2830 516 ,
2860 470 2926 507 ex
2958 467 3063 522 quo
3096 448 3281 504 Sancti
3309 463 3432 501 cum
3467 444 3759 515 Radulpho

2178 560 2227 604 et
2252 549 2437 603 Futeto
2454 547 2797 603 collationem
2820 541 3044 595 Parisiis
3066 539 3304 594 habitam
3328 537 3517 599 fuisse,
3541 545 3759 589 utcum-

2178 652 2283 707 que
2313 636 2407 690 liat
2436 633 2713 706 probabile
2734 673 2748 696 ,
2775 639 2835 685 ut
2871 630 3101 700 proinde
3123 670 3139 694 ,
3181 628 3257 682 ttti
3297 642 3404 682 non
3437 625 3643 686 Remis,
3681 623 3764 678 sic

2181 742 2281 781 nec
2319 727 2388 780 ibi
2432 722 2823 779 verosimiliter
2850 719 3116 775 evenerit.
3158 717 3227 772 At
3256 731 3386 771 vero
3419 713 3634 769 Reciaci
3668 727 3761 766 seu

2183 814 2439 870 Rauciaei
2470 827 2589 868 eam
2617 820 2741 881 post
2779 809 3069 865 concilium
3105 805 3598 878 Augustodunense
3636 815 3767 855 eve-

2182 908 2350 973 nisse,
2382 922 2412 961 e
2440 914 2636 968 status,
2672 904 2724 957 in
2750 918 2857 972 quo
2889 900 2960 955 ibi
2997 899 3230 955 Sanctus
3258 906 3388 953 tunc
3414 896 3539 959 fuit,
3570 891 3768 962 adjun-

2182 999 2287 1053 ctis
2318 994 2783 1052 verosimillimum
2806 999 3046 1060 apparet.

2255 1087 2377 1141 128.
2432 1084 2508 1140 lbi
2557 1084 2702 1137 enim
2742 1091 2868 1136 tunc
2906 1088 3015 1134 tum
3057 1078 3175 1142 hic,
3222 1084 3335 1131 tum
3372 1075 3463 1130 alii
3508 1071 3771 1128 Ecclesia.-

2186 1175 2473 1233 Remensis
2512 1172 2733 1236 clerici,
2773 1171 2891 1242 ejus
2942 1171 2994 1224 in
3032 1168 3224 1224 exsilio
3275 1166 3430 1230 socii,
3481 1162 3677 1218 alienis
3713 1162 3772 1215 in

2190 1268 2395 1323 milibus
2425 1266 2807 1325 versabantur,
2841 1277 2869 1314 a
2905 1260 3071 1316 castri
3120 1257 3261 1312 illius
3301 1257 3378 1328 (id
3407 1255 3553 1310 enim
3585 1254 3777 1323 plures

2191 1360 2381 1413 domos
2424 1356 2591 1411 fuisse
2619 1353 2993 1424 complexum,
3029 1350 3276 1406 Valesius
3312 1348 3431 1404 loco
3470 1361 3636 1415 supra
3672 1346 3749 1399 cit

2191 1450 2439 1506 dubitare
2477 1463 2583 1502 non
2613 1445 2765 1517 sinit)
2796 1444 2989 1500 incolis
3012 1443 3276 1504 diversis,
3321 1453 3418 1509 per
3454 1455 3474 1490 ο
3506 1436 3781 1490 Manassae

2188 1539 2467 1614 praepositi
2500 1540 2658 1608 eique
2688 1535 3079 1591 adhzerentium
3103 1540 3412 1602 receptores
3436 1548 3453 1579 ›
3488 1543 3641 1582 num.
3671 1524 3781 1579 125

2193 1650 2220 1687 a
2259 1631 2504 1685 Manassc
2546 1627 2953 1696 archiepiscopo
3002 1621 3384 1677 verosimiliter
3443 1615 3781 1688 indigitatis,

2194 1723 2427 1794 hospitio
2477 1737 2543 1778 ex
2578 1720 2793 1776 comitis
2838 1716 3021 1783 Ebali,
3064 1723 3123 1769 ut
3168 1710 3477 1767 verosimile
3517 1715 3783 1780 apparet,

2122 1807 2165 1861 B
2192 1813 2469 1867 voluntate
2499 1809 2732 1878 excepti.
2765 1806 2845 1860 Ad
2887 1806 3005 1861 haec
3041 1820 3106 1859 eo
3142 1801 3399 1872 temporis
3432 1800 3638 1870 spatio,
3673 1812 3789 1867 quo

2152 3150 2179 3166 η

2148 3190 2180 3211 Α

2196 1905 2434 1960 Sanctus
2464 1917 2586 1956 cttm
2619 1900 2739 1954 aliis
2771 1897 3132 1953 Rcmensibus
3155 1893 3370 1949 clericis
3401 1889 3621 1945 Reciaci
3654 1903 3781 1942 vcr-

2196 1996 2441 2059 sabatur,
2471 1993 2928 2059 collationemque
2964 1990 3029 2044 de
3069 1987 3222 2042 falsis
3252 1984 3436 2040 mundi
3468 1980 3783 2037 deiecratio-

2197 2091 2357 2145 nibus
2397 2096 2519 2159 post
2560 2084 2851 2142 concilium
2892 2080 3380 2151 Angustodurense
3424 2077 3631 2130 habere
3670 2071 3791 2140 jam

2198 2189 2479 2252 potuerat,
2521 2176 2756 2240 Ebalns,
2801 2172 2966 2228 castri
3016 2171 3178 2241 lmjus
3211 2167 3505 2238 toparcha,
3555 2164 3791 2218 Romam

2201 2286 2410 2333 versus,
2439 2278 2498 2323 ut
2523 2282 2686 2337 supra
2717 2264 2898 2327 docui,
2933 2262 3036 2316 iter
3064 2259 3313 2331 arripuit,
3338 2258 3592 2325 huncque
3619 2268 3709 2317 eo,
3734 2260 3797 2303 ut

2202 2378 2363 2432 supra
2397 2361 2601 2431 pariter
2625 2345 2809 2421 docui,
2844 2355 3050 2425 aliquot
3081 2353 3381 2408 Remenses
3410 2346 3595 2404 clerici
3627 2344 3798 2401 comi-

2203 2456 2297 2509 tati
2356 2459 2510 2517 sunt;
2565 2464 2669 2504 non
2720 2448 2808 2502 diu
2871 2456 3084 2509 autem,
3136 2453 3195 2497 ut
3245 2457 3404 2512 supra
3441 2439 3672 2493 recitata
3726 2450 3796 2487 cx

2205 2542 2392 2599 Sancti
2425 2540 2594 2595 nostri
2628 2539 2694 2593 ad
2723 2536 3067 2606 Radulphum
3100 2531 3343 2586 Viridem
3367 2526 3593 2599 epistola
3627 2524 3798 2579 verba

2206 2637 2432 2699 docent,
2461 2643 2583 2704 post
2612 2631 2975 2693 collationem,
3001 2642 3031 2680 a
3057 2625 3308 2679 Brunonc
3338 2638 3459 2677 cum
3492 2616 3801 2685 Radulpho

2207 2746 2262 2790 et
2303 2733 2496 2789 Fulcio
2541 2730 2812 2792 habitam,
2873 2728 3099 2781 Romam
3134 2724 3220 2777 hic
3255 2719 3527 2777 discessit.
3572 2714 3806 2770 Accedit

2208 2824 2424 2880 Reciaci
2457 2821 2798 2891 Radulphum
2830 2816 3070 2874 Vit-idem
3097 2824 3149 2869 et
3176 2813 3419 2868 Fulcium
3448 2805 3804 2864 Monocnlum

2209 2934 2330 2972 cum
2362 2916 2563 2971 Sancto
2584 2922 2791 2977 nostro,
2816 2920 3111 2977 antequam
3132 2904 3331 2960 Ebalus
3357 2916 3540 2957 comes
3564 2898 3807 2952 Romam

2211 3008 2417 3070 abiret,
2461 3005 2625 3058 fuisse
2664 3020 2729 3057 ex
2771 3000 2884 3069 jam
2910 2999 3071 3054 dictis
3101 3003 3367 3050 versatos.
3403 2990 3538 3045 Tres
3578 2987 3808 3058 quidem

2213 3100 2493 3154 dumtaxat
2530 3094 2787 3151 Ecclesiae
2828 3090 3114 3147 Remensis
3142 3086 3459 3148 canonicos,
3488 3083 3808 3136 Manassem

2219 3192 2566 3264 pra‘positum
2613 3187 2905 3251 nimirttm,
2942 3181 3192 3237 Pontium
3236 3188 3288 3234 et
3328 3177 3669 3236 Brunoncm,
3712 3173 3808 3242 qui

2221 3284 2527 3338 Manassem
2578 3278 3045 3348 archiepiscOpum
3086 3274 3138 3326 in
3184 3270 3416 3325 concilio
3460 3268 3815 3335 Augustodu-

2222 3375 2374 3429 nensi
2410 3389 2551 3427 anno
2583 3371 2716 3427 lOTZ
2751 3366 3088 3431 accusarint,
3136 3378 3199 3417 ac
3238 3362 3432 3417 deinde
3463 3361 3517 3413 in
3563 3367 3813 3413 castrum

2222 3465 2553 3520 Reciacense
2578 3477 2694 3515 sese
2719 3457 3044 3529 receperint,
3067 3453 3317 3509 Historia:
3339 3448 3617 3505 litterariae
3638 3446 3817 3501 Frau-

2223 3559 2319 3613 cia:
2350 3555 2665 3625 scriptorcs,
2696 3552 2786 3623 qui
2823 3549 3057 3605 recessuri
3090 3547 3213 3602 huic
3241 3544 3482 3599 habitam
3503 3560 3531 3594 a
3554 3540 3819 3595 Brunonc

2224 3666 2345 3704 cum
2380 3648 2663 3717 Radulpho
2698 3655 2753 3700 et
2788 3643 2974 3698 Fulcio
3017 3642 3084 3694 de
3138 3639 3448 3692 divitiarum
3485 3632 3814 3689 oblectatio-

2226 3756 2462 3810 numqne
2487 3739 2670 3793 tnundi
2705 3737 2865 3806 hujus
2887 3734 3125 3788 vanitate
3156 3729 3503 3785 collationem
3531 3724 3823 3796 prmivissc

2228 3840 2534 3896 autumant,
2563 3840 2691 3884 tom.
2725 3826 2811 3887 IX,
2843 3842 2961 3896 pag.
2992 3822 3096 3877 235
3122 3829 3426 3877 recensent.
3454 3817 3654 3872 Verum
3683 3816 3823 3884 quid

2230 3934 2338 3978 tum
2354 3926 2376 3978 ?

2304 4019 2422 4075 1'29.
2467 4017 2753 4087 Assignato
2782 4013 2849 4065 ab
2879 4010 2944 4064 iis
2978 4007 3318 4064 Remensium
3339 4046 3354 4070 ,
3383 4004 3475 4074 qui
3510 4003 3826 4056 Mauasscm

2230 4110 2541 4174 accusarint
2572 4116 2733 4178 atque
2779 4104 2833 4158 in
2865 4102 3196 4157 Reciacense
3233 4107 3473 4153 castrum
3507 4111 3567 4150 se
3597 4107 3827 4162 recepe-

2233 4212 2372 4270 rint,
2406 4202 2727 4259 clericorum
2769 4210 3028 4258 numero,
3075 4193 3250 4258 unde,
3289 4190 3632 4260 Radulphum
3676 4185 3831 4240 Viri-

2234 4302 2356 4357 dem
2388 4303 2443 4351 et
2468 4290 2714 4346 Fulcinm
2746 4301 2847 4342 nec
2878 4286 2931 4339 in
2971 4291 3152 4338 castro
3183 4280 3498 4336 Reciaccnsi
3528 4278 3631 4331 sub
3663 4274 3828 4331 Ebali

2236 4385 2453 4441 comitis
2491 4379 2737 4437 clientela
2784 4376 3096 4439 exstitisse,
3135 4388 3235 4428 nec
3277 4371 3475 4427 ibidem
3510 4383 3633 4423 cttm
3680 4366 3830 4420 Bru-

2238 4493 2377 4533 none
2404 4472 2746 4541 collationem
2765 4511 2779 4534 ,
2813 4469 2877 4524 de
2905 4482 3012 4538 qua
3036 4467 3147 4529 hic,
3169 4462 3450 4527 habuisse,
3481 4471 3836 4526 consequens

2237 4566 2591 4631 sit,standum
2622 4568 2845 4617 nonest.
2868 4558 3215 4613 Remensium
3235 4554 3377 4609 enim
3400 4551 3799 4607 canonicornm
3820 4588 3834 4607 ,

2237 4660 2328 4729 qui
2360 4655 2667 4711 Manassem
2699 4649 3163 4717 archiepiscopum
3186 4642 3532 4706 accusarint,
3563 4637 3838 4707 majorem

2238 4728 2509 4803 exstitisse
2546 4756 2831 4797 numerum
2858 4781 2871 4803 ,
2905 4739 2992 4793 hic
3019 4738 3248 4807 ipsemet
3292 4733 3475 4801 prodit
3500 4731 3554 4785 in
3580 4728 3838 4799 apologia

2241 4858 2337 4896 sua
2373 4837 2514 4909 apud
2556 4832 2925 4889 Mabillonium
2956 4826 3123 4882 Musei
3151 4825 3321 4880 Italici
3349 4833 3477 4878 tom.
3505 4822 3557 4887 l,
3590 4829 3732 4890 part.
3767 4834 3839 4880 ιι,

2241 4948 2365 5002 pag.
2392 4928 2485 4982 l'Zl
2522 4926 2591 4980 ad
2619 4924 2898 4993 llugonem
2928 4918 3180 4973 Diensem
3217 4914 3295 4969 sic
3322 4913 3599 4967 scribens:
3632 4929 3648 4961 ι
3684 4909 3843 4963 Dixi-

2245 5025 2357 5080 stis.
2398 5030 2459 5074 ut
2496 5016 2907 5073 accusatoribus
2948 5010 3173 5072 nostris,
3204 5007 3413 5062 scilicet
3456 5003 3728 5058 Manassze
3784 5010 3844 5056 ct

2250 5117 2436 5178 sociis,
2482 5107 2796 5181 responsuri
2835 5106 2899 5160 ad
2944 5101 3229 5158 concilium
3263 5097 3604 5159 veniremus;
3640 5102 3696 5147 et
3733 5108 3844 5160 ego

2248 5208 2367 5261 dico
2397 5204 2550 5256 V0blS
2580 5199 2704 5269 quia
2744 5212 2843 5266 ego
2888 5204 2945 5249 et
2972 5192 3247 5246 Manasses
3278 5204 3378 5258 pro
3400 5186 3650 5240 omnibus
3673 5184 3846 5237 sociis

2249 5298 2361 5352 suis
2401 5291 2748 5349 concordiam
2782 5286 3027 5347 fecimus,
3064 5281 3306 5350 exceptis
3332 5277 3566 5342 duobus,
3603 5288 3845 5342 quorum

2251 5400 2409 5446 unus,
2442 5381 2649 5436 scilicet
2676 5378 2885 5439 Bruno,
2927 5388 3028 5428 nec
3075 5379 3259 5425 noster
3300 5367 3530 5422 clericus
3555 5404 3571 5427 ,
3605 5378 3709 5416 nec
3746 5376 3848 5414 no-

2253 5488 2364 5532 ster
2397 5482 2556 5531 natus
2589 5480 2682 5524 aut
2715 5478 2936 5522 renatus
2962 5473 3074 5525 est,
3107 5461 3201 5515 sed
3233 5458 3405 5514 sancti
3428 5453 3711 5511 Cnniberti
3736 5452 3847 5505 Co-

2234 5565 2516 5647 loniensis
2550 5564 2611 5635 in
2653 5576 2820 5630 regno
2862 5556 3283 5611 Tentonicorum
3338 5550 3495 5621 positi
3544 5545 3849 5601 canonicus

2238 5676 2365 5733 est;
2407 5663 2560 5734 cujus
2606 5661 2922 5716 societatem
2965 5670 3072 5710 non
3123 5663 3447 5721 magnopere
3496 5645 3845 5702 allectamns,

2262 5768 2446 5830 utpote
2473 5758 2539 5811 de
2567 5754 2721 5824 cujus
2752 5750 2862 5803 vita
2893 5758 2945 5803 et
2977 5746 3224 5799 libertate
3251 5740 3464 5810 penitus
3494 5739 3844 5809 ignoramus
