4016 6310
260 248 309 304 Π
1134 236 1136 238 ’
1732 239 1926 294 ΑΩΤΧ.

3382 251 3450 307 78

261 375 302 421 ct
330 360 427 432 quia
455 356 657 425 quando
687 357 834 425 apud
884 371 982 410 nos
1018 354 1145 419 l'uit,
1193 353 1376 408 multis
1425 353 1708 407 beneficiis
1753 368 1782 406 a
1812 356 1857 409 Α
1887 352 2148 412 concilio,
2189 353 2328 419 quod
2373 338 2568 408 ibidem
2605 365 2762 420 tunc,
2800 358 2849 412 id
2890 368 3005 424 est,
3045 377 3230 418 mense
3260 364 3452 418 Manio

262 450 616 510 uobisiueum
668 447 928 513 collatis,
985 445 1120 499 male
1161 453 1216 500 et
1261 445 1508 514 nequiter
1559 445 1774 498 tractati

263 557 427 599 sumus.
455 535 593 590 Alter
619 551 775 600 vero,
803 538 858 590 id
885 546 967 592 est
985 577 1000 600 ,
1025 535 1267 598 Pontius,
1294 536 1346 589 in
1379 535 1625 588 Romano
1647 550 1772 588 con-

265 633 385 692 cilio,
419 627 554 682 nobis
602 626 992 694 praesentibus,
1016 635 1098 680 est
1134 625 1391 690 falsatus;
1425 633 1483 678 et
1525 626 1646 679 ideo
1675 639 1775 678 nec

263 720 360 783 uni,
385 731 467 770 nec
507 714 656 768 alteri
701 715 756 768 in
797 716 1162 770 ecclesiastico
1201 715 1406 784 judicio
1446 715 1775 785 respondere

263 822 334 864 aut
359 807 569 860 volumus
608 814 705 859 ant
747 806 1026 860 debemus.
1067 826 1084 859 ι
1118 805 1250 860 Cum
1279 821 1436 878 ergo.
1465 807 1540 860 uti
1581 823 1644 861 ex
1693 807 1776 861 bis

262 899 406 953 verbis
432 895 748 964 intelligitur,
782 897 960 967 plures
986 913 1114 952 sane
1139 914 1300 968 quam
1331 909 1442 953 tres
1467 899 1778 954 exstiterint

264 989 492 1044 Remeusis
537 987 782 1040 ecclesia:
828 988 1074 1042 canonici
1120 1003 1211 1043 seu
1262 989 1480 1053 clerici,
1529 989 1619 1059 qui
1669 989 1777 1043 Ma-

262 1095 430 1136 uassem
457 1079 910 1148 archiepiscopum
946 1080 1286 1142 accusarint,
1318 1080 1518 1151 quique
1551 1081 1777 1151 proinde

261 1182 354 1243 post
386 1171 849 1239 Augustoduncuse
885 1171 1170 1224 concilium
1213 1171 1264 1224 in
1306 1182 1542 1225 castrum
1576 1172 1774 1227 Recia—

260 1275 388 1316 cense
421 1273 530 1313 sese
555 1259 894 1328 receperint,
943 1276 1046 1313 non
1092 1271 1205 1323 est,
1235 1277 1334 1315 cur
1371 1262 1469 1315 hos
1511 1262 1652 1316 inter
1680 1278 1777 1317 ex-

259 1351 425 1404 stitisse
448 1347 774 1417 Radulphnm
794 1350 1025 1404 Viridem
1053 1359 1106 1404 et
1133 1349 1376 1404 Fulcium
1413 1349 1776 1415 Monoculnm,

257 1457 408 1496 camus
442 1440 670 1504 inficias;
713 1443 856 1510 quod
887 1458 1009 1496 cum
1055 1443 1128 1498 ita
1167 1444 1270 1506 sit,
1307 1459 1414 1499 non
1452 1453 1536 1498 est
1573 1445 1736 1499 etiam
1761 1486 1776 1508 ,

257 1551 335 1589 cur
357 1550 462 1589 cum
486 1533 629 1588 hisce
670 1535 722 1588 iu
759 1537 946 1590 eodem
991 1546 1170 1592 castro
1203 1537 1292 1603 (de
1315 1553 1421 1608 quo
1447 1539 1568 1593 vide
1599 1547 1778 1593 tamen

258 1625 469 1678 Addenda
501 1631 551 1678 et
588 1622 921 1696 Corrigenda
954 1628 1019 1680 ad
1053 1643 1105 1697 p.
1153 1627 1278 1692 519,
1309 1644 1364 1682 ιι.
1397 1628 1520 1692 124)
1561 1638 1780 1683 sanctus

1877 443 2004 496 anui
2043 443 2200 505 l078,
2231 444 2559 500 celebratum
2595 447 3107 526 fuit,.pr:esentibns
3146 454 3305 508 etiam
3335 457 3448 526 (adi

1878 533 2044 587 verba
2070 549 2136 588 ex
2179 534 2436 590 Manassis
2464 523 2781 606 epistolam.
2811 539 2914 593 125
2955 541 3058 596 huc
3099 523 3450 614 transcripta)

1879 620 2043 674 Ebalo
2087 623 2286 675 comite
2350 623 2675 695 ciericisquc
2727 627 3109 695 Bemensihns,
3163 633 3341 695 hunc,
3391 644 3451 687 ut

1877 709 2066 772 docui,
2107 711 2402 777 comitatis,
2450 715 2545 783 qui
2583 731 2680 784 pro
2735 718 2880 772 clero
2919 719 3173 775 Reineusi
3213 722 3446 778 locuturi

1879 799 2252 860 advenerant.
2297 817 2638 873 propugnare
2667 816 2750 861 est
2787 820 3032 863 conatus.
3067 809 3274 876 Quibus
3305 813 3371 866 ad
3405 815 3455 866 id

1877 889 2142 956 prtesidiis
2181 906 2312 944 usus
2363 892 2462 958 sit,
2515 893 2712 949 litteris
2757 899 3027 967 proditum
3079 916 3183 954 non
3219 901 3450 963 iuveni;

1877 992 1985 1045 quo
2011 993 2143 1033 vero
2172 994 2459 1036 successus
2485 999 2600 1039 rem
2629 987 2884 1056 gesserit,
2918 989 3142 1058 ipsemet
3173 991 3224 1045 in
3253 992 3452 1062 Apolo-

1879 1068 1964 1138 gia
2009 1086 2105 1124 sua
2139 1075 2278 1140 apml
2309 1073 2677 1133 Mahillonium
2709 1097 2874 1149 opere
2915 1085 3032 1148 cit.,
3064 1100 3116 1154 p.
3159 1087 3262 1140 119
3293 1101 3458 1154 expo-

1879 1159 1986 1221 nit,
2023 1160 2096 1214 ita
2129 1162 2324 1216 ibidem
2353 1167 2420 1218 ad
2455 1167 2763 1239 llugonem,
2797 1171 2942 1226 sedis
2972 1171 3282 1241 apostolica:
3308 1173 3456 1244 lega-

1881 1255 2012 1311 tum,
2031 1249 2310 1304 scribens:
2349 1271 2366 1302 ι
2397 1252 2511 1307 Non
2543 1257 2714 1310 solum
2745 1274 2842 1328 per
2869 1275 3058 1316 omnes
3090 1262 3201 1316 fere
3226 1260 3450 1322 Gallias.

1879 1353 2064 1393 verum
2095 1341 2259 1394 etiam
2303 1343 2467 1397 ltalim
2519 1357 2573 1400 et
2615 1348 2820 1412 Romae,
2861 1361 3044 1404 notum
3093 1364 3176 1406 cst
3220 1354 3455 1422 qualiter

1880 1435 2005 1481 ante
2048 1429 2147 1484 hoc
2186 1429 2461 1486 biennium
2510 1436 2669 1496 (anno
2710 1439 2907 1494 scilicet
2955 1441 3108 1511 l0‘i'i)
3159 1443 3212 1497 in
3246 1443 3455 1498 eadem

1881 1517 2159 1586 provincia
2203 1533 2233 1571 ιι
2268 1521 2420 1575 vobis
2448 1532 2504 1575 et
2531 1525 2598 1578 ab
2627 1526 2744 1580 aliis
2773 1529 3090 1596 quibusdam
3123 1531 3177 1586 in
3205 1548 3305 1588 nos
3337 1532 3455 1588 vio-

1883 1607 2058 1661 lenter
2087 1623 2149 1662 ac
2177 1598 2375 1679 injuste
2407 1627 2493 1664 res
2525 1623 2671 1684 gesta
2697 1627 2808 1671 est:
2840 1630 2894 1673 et
2922 1634 3022 1690 ego
3058 1622 3166 1676 vim
3204 1637 3267 1678 ac
3307 1640 3449 1694 prte-

257 1725 404 1768 uoster
433 1714 604 1779 illam,
649 1715 716 1769 de
764 1731 866 1783 qua
911 1717 997 1770 hic
1046 1717 1401 1783 disserimus,
1437 1719 1779 1774 collationem

1894 1697 2144 1764 iudicium
2173 1715 2370 1770 passus
2399 1702 2626 1758 lloinam
2653 1711 2924 1776 processi,
2949 1686 3128 1781 ibique
3159 1686 3325 1785 super
3347 1716 3455 1770 hoc

256 1823 339 1860 non
366 1809 600 1862 habuisse
631 1819 870 1878 putetur.

309 1897 412 1951 150.
451 1899 510 1952 Ει
552 1913 682 1952 sane
733 1899 876 1954 hanc
911 1900 1116 1956 ibidem
1163 1917 1193 1955 a
1244 1901 1496 1958 Brnnone
1539 1904 1780 1959 habitam

255 1984 419 2049 luisse,
447 1988 702 2052 suadent,
741 1998 851 2042 tum
877 2005 995 2059 quae
1027 1991 1131 2044 huc
1157 1991 1410 2048 facientia
1468 1994 1520 2047 in
1548 1994 1783 2047 medium

253 2075 346 2142 jam
372 2061 587 2141 adduxi,
623 2086 735 2132 tum
767 2094 884 2147 qua:
916 2080 1003 2133 hic
1031 2081 1190 2135 modo
1214 2083 1391 2137 a'dhuc
1415 2083 1572 2138 addo.
1605 2084 1784 2140 Colla-

256 2169 316 2222 tio
340 2167 434 2232 illa,
464 2178 638 2240 utpote
669 2170 722 2224 in
755 2185 856 2240 qua
895 2172 960 2226 de
990 2173 1172 2227 nmndi
1203 2175 1461 2240 vanitate,
1486 2176 1606 2231 caeli
1632 2186 1792 2232 mter-

259 2259 438 2328 nitate,
485 2263 912 2333 mouachicoque
966 2264 1150 2319 habitu
1201 2269 1526 2324 assumendo
1574 2280 1787 2334 actum,

257 2353 425 2422 optime
484 2357 712 2425 quadrat
751 2359 947 2417 statui,
997 2358 1049 2412 in
1091 2374 1197 2427 quo
1237 2368 1456 2414 sanctus
1495 2370 1620 2431 post
1658 2377 1788 2416 con-

256 2445 406 2499 cilium
458 2447 940 2518 ‘Augustodunense
1001 2449 1218 2506 Reciaci
1285 2451 1434 2516 fuit;
1505 2451 1577 2507 ibi
1647 2453 1790 2508 enim

257 2545 369 2590 tunc
401 2537 513 2602 ille,
541 2539 698 2594 bouis
727 2555 755 2593 a
790 2540 1036 2596 Manasse
1064 2541 1472 2613 archiepisc0po
1507 2543 1792 2614 spoliatus.

261 2625 488 2682 fortunam
510 2631 824 2700 patiebatur
854 2633 1138 2686 adversam
1159 2673 1174 2696 ,
1199 2648 1304 2702 qua
1335 2633 1506 2704 pressi
1541 2634 1794 2688 mortales

262 2730 438 2775 terrena
465 2722 764 2792 despicere,
787 2723 1030 2778 ctelestia
1053 2725 1325 2778 aestimare
1351 2733 1513 2795 atque
1535 2724 1600 2779 ad
1625 2725 1794 2779 Deum

260 2824 356 2864 sese
381 2821 685 2867 convertere
714 2811 910 2868 solent.
942 2812 1021 2867 Ad
1054 2813 1170 2869 lure
1199 2814 1267 2868 ab
1301 2813 1529 2883 ipsumet
1570 2813 1794 2878 Sancto,

263 2913 357 2952 sese
378 2899 602 2970 aliosque
629 2901 758 2967 diu,
789 2902 930 2971 quod
963 2902 1014 2956 in
1044 2902 1337 2958 collatione
1369 2902 1457 2957 illa
1485 2911 1751 2958 voverant
1777 2945 1792 2968 ,

1888 1790 2188 1846 Romanum
2228 1801 2282 1847 et
2321 1795 2690 1863 Apostolicum
2716 1797 2976 1866 judicium
3006 1805 3289 1874 appellavi.
3317 1806 3452 1874 Quia

1887 1898 2015 1937 vero
2044 1899 2141 1938 vos
2190 1884 2459 1950 abcratis,
2486 1887 2637 1957 jussu
2687 1889 2869 1946 domui
2905 1895 3188 1963 apostolici
3243 1899 3294 1951 in
3341 1899 3454 1970 ipsa

1887 1975 2108 2043 regione
2153 1978 2420 2041 remansi,
2452 1990 2505 2033 et
2547 1980 2836 2035 adventum
2871 1995 3106 2038 vestrum
3139 2002 3236 2055 per
3264 2005 3316 2042 χι
3349 1988 3462 2045 fere

1889 2068 2253 2123 hebdomadas
2285 2073 2616 2138 exspectavi.
2645 2072 2888 2144 Cumque
2907 2090 3010 2129 non
3042 2077 3319 2144 veniretis,
3347 2088 3464 2134 tan-

1889 2159 2010 2213 dem
2043 2160 2095 2213 in
2135 2163 2425 2229 praesentia
2462 2163 2645 2218 domui
2675 2166 2998 2235 apostolici,
3043 2177 3099 2222 et
3137 2169 3190 2224 in
3236 2172 3466 2228 concilio

1891 2251 2124 2320 generali
2157 2252 2300 2306 inter
2324 2269 2422 2308 nos
2447 2263 2500 2307 ct
2529 2269 2644 2319 eos,
2672 2258 2764 2326 qui
2801 2257 2871 2311 ibi
2902 2259 3019 2312 loco
3042 2269 3251 2328 vestro,
3281 2272 3468 2332 utpote

1893 2357 1922 2396 a
1959 2343 2111 2397 vobis
2158 2343 2385 2410 directi,
2419 2345 2676 2412 aderant,
2710 2349 2993 2406 altercatio
3025 2351 3208 2406 habita
3253 2362 3368 2416 est.
3413 2364 3470 2408 et

1891 2447 1954 2487 ex
1983 2448 2170 2487 eorum
2219 2435 2568 2491 accusatione
2606 2452 2668 2493 ac
2710 2450 2892 2494 nostra
2927 2441 3272 2507 defensioue,
3307 2445 3467 2515 quid-

1895 2523 2022 2594 quid
2059 2526 2204 2593 passi
2237 2541 2478 2592 cramus,
2525 2538 2728 2585 temere
2757 2546 2820 2586 ac
2847 2532 3112 2589 violenter
3140 2545 3318 2590 actum
3345 2550 3469 2592 esse

1896 2625 1949 2668 et
1976 2626 2225 2671 constare
2254 2634 2359 2673 non
2395 2620 2622 2684 debere,
2649 2619 2947 2689 jndicatum
2976 2633 3140 2696 atque
3160 2637 3468 2685 correctum

1897 2715 2000 2760 est.
2039 2726 2058 2758 ι
2087 2706 2240 2762 Hunc.
2278 2709 2328 2762 in
2365 2713 2578 2765 modum
2618 2713 2912 2778 Mauasses,
2959 2719 3088 2786 qui,
3131 2735 3464 2790 quamquam

1900 2796 1952 2850 in
2005 2797 2313 2868 llugonem,
2363 2803 2506 2857 sedis
2544 2805 2854 2873 apostolica:
2901 2808 3170 2878 legatum,
3227 2811 3465 2882 iniquior

1901 2889 1990 2951 sit,
2030 2904 2282 2960 remque,
2314 2894 2388 2946 uti
2420 2910 2486 2948 ex
2519 2892 2632 2962 jam
2677 2897 2835 2952 dictis
2869 2907 2921 2952 ct
2948 2915 3113 2970 porro
3143 2903 3387 2958 dicendis
3409 2904 3472 2958 li-

263 2992 515 3063 adimplere
557 2995 869 3063 distulisse,
903 2998 1088 3052 verbis
1124 3014 1283 3069 supra
1318 2999 1424 3055 huc
1455 3000 1790 3071 transcriptis

1901 2989 2056 3050 quet,
2086 2997 2277 3050 parum
2324 2985 2536 3040 sincere
2571 2997 2837 3056 exponat,
2884 2993 3208 3047 sententiam
3257 3005 3468 3062 tamen,
3507 3002 3525 3017 ‘

261 3078 522 3146 iudicatur;
557 3099 616 3138 re
648 3094 828 3139 autem
859 3087 971 3155 ipsa
1011 3085 1208 3141 factum
1253 3088 1302 3141 id
1329 3098 1412 3142 est
1442 3089 1492 3142 in
1520 3089 1792 3157 opinione,

263 3184 348 3237 qua
368 3171 550 3226 dictam
578 3174 922 3229 collationem
956 3174 1169 3230 Beciaci
1203 3186 1323 3247 post
1357 3177 1648 3232 concilium
1677 3178 1793 3232 Λιι-

265 3261 622 3328 gustoduueuse
667 3265 911 3320 habitam
960 3267 1273 3321 statuimus.
1325 3266 1559 3323 Sanctus
1604 3271 1793 3336 enim,

263 3349 325 3402 uti
351 3351 470 3406 infra
499 3353 763 3423 probabo,
811 3365 959 3410 certe
1004 3365 1128 3410 ante
1169 3371 1368 3411 annum
1404 3357 1533 3412 1081
1585 3360 1796 3414 meliori

260 3440 361 3495 vita:
386 3442 432 3495 iu
461 3459 700 3498 eremum
731 3447 994 3500 secedens
1019 3461 1139 3501 sese
1178 3463 1282 3501 non
1327 3447 1503 3513 dedit;
1536 3458 1663 3503 aute
1698 3466 1794 3502 an-

257 3541 376 3598 tem,
400 3550 550 3605 quam
579 3537 682 3592 hoc
710 3539 951 3604 faceret,
985 3539 1220 3593 triennio
1255 3548 1313 3592 nt
1343 3540 1622 3594 minimum
1654 3542 1796 3596 cele-

260 3623 368 3688 bris,
395 3627 454 3681 de
479 3643 580 3697 qua
613 3629 727 3688 hic.
762 3643 882 3682 cum
921 3627 1108 3683 Fulcio
1133 3628 1352 3683 collatio
1383 3629 1685 3693 acciderat,
1721 3632 1795 3684 nti

257 3730 454 3784 pronum
483 3729 564 3774 est
599 3735 663 3775 ex
683 3719 798 3787 jam
831 3721 990 3775 dictis
1029 3735 1244 3775 eruere.
1284 3719 1501 3775 Fulcius
1537 3722 1681 3775 enim
1709 3738 1794 3776 se-

253 3811 458 3866 cundum
490 3814 601 3868 lucc
638 3829 759 3869 cum
791 3814 960 3868 Ebalo
993 3814 1197 3869 comite
1242 3829 1387 3868 anno
1419 3813 1553 3867 l077
1601 3815 1798 3884 (annus

255 3901 376 3956 enim
400 3904 551 3970 1078,
569 3922 718 3960 num.
751 3905 877 3970 124,
909 3920 1008 3976 per
1033 3921 1280 3960 errorem
1303 3905 1542 3976 irrepsit)
1571 3905 1796 3960 Romam

257 3995 410 4062 petiit,
442 3997 649 4069 hocque
680 3998 823 4052 illius
856 3999 997 4053 inter
1032 3998 1214 4052 habita
1244 4013 1364 4052 cum
1393 3997 1644 4052 Brunoue
1676 4009 1796 4068 post

256 4087 512 4142 concilium
541 4088 1065 4158 Angustoduueuse,
1109 4103 1252 4142 anno
1275 4089 1462 4143 itidem
1499 4089 1630 4143 1077
1661 4090 1798 4144 cele-

256 4176 469 4243 bratum,
524 4181 589 4235 de
638 4179 788 4234 falsis
849 4181 1038 4234 mundi
1094 4179 1542 4234 delectationibus
1589 4179 1801 4234 collatio

251 4266 460 4332 prativit,
508 4277 566 4321 ut
607 4268 725 4322 haec
767 4269 882 4339 ipso
915 4269 1080 4323 etiam
1136 4283 1282 4322 anno
1334 4268 1469 4322 1οη
1521 4285 1586 4324 ac
1640 4270 1795 4339 proin

1903 3073 1954 3126 in
1985 3087 2042 3129 se
2070 3073 2138 3129 ab
2169 3073 2388 3146 llugonc
2417 3076 2469 3129 in
2505 3078 2737 3132 concilio
2766 3080 3235 3150 Augustodunensi
3274 3086 3470 3150 latam.

1901 3175 2198 3220 correctam
2229 3183 2321 3221 seu
2350 3170 2636 3224 rescissum
2668 3169 2858 3235 fuisse,
2893 3184 3038 3228 recte
3068 3174 3286 3232 indicat.

1973 3257 2092 3310 132.
2135 3257 2430 3329 Gregorius
2475 3260 2657 3325 enim,
2704 3261 2943 3318 futurum
2983 3280 3208 3336 spelans
3271 3279 3329 3325 ιιι
3380 3271 3463 3326 in-

1902 3345 2174 3415 dulgentia
2212 3348 2517 3417 Apostolica
2565 3352 2629 3404 ad
2681 3355 2960 3410 meliorem
3007 3356 3215 3428 frugem
3259 3360 3473 3416 Manas—

1902 3451 2014 3491 sem
2057 3437 2384 3503 adduceret,
2411 3454 2441 3494 a
2474 3443 2844 3512 suspensionis
2884 3449 3184 3514 sententia,
3217 3466 3327 3521 qua
3363 3454 3472 3508 Au-

1900 3529 2188 3597 gustoduni
2249 3528 2426 3586 fuerat
2475 3532 2802 3600 damnatus,
2866 3537 3138 3594 hominem
3196 3543 3472 3608 absolvit,

1901 3620 2237 3689 pristinoque
2267 3622 2456 3692 gradui
2501 3638 2566 3679 ac
2608 3625 2818 3689 officio,
2866 3629 3033 3683 certis
3075 3641 3284 3696 tamen,
3335 3649 3476 3703 quas

1903 3709 1991 3766 hic
2034 3711 2296 3775 subticct.
2335 3713 2734 3771 conditionibus
2775 3716 3028 3785 adjectis,
3076 3722 3384 3778 restitutum
3415 3726 3471 3780 iu

1901 3801 2102 3858 Gallias
2150 3802 2381 3858 remisit.
2419 3804 2494 3860 Ita
2545 3808 2684 3876 apud
2717 3807 3001 3864 Lahhenm
3036 3820 3165 3865 tom.
3207 3811 3255 3866 Χ
3280 3813 3474 3870 Conci-

1901 3893 2096 3949 liornm
2139 3896 2295 3950 Jocet
2343 3912 2441 3952 nos
2487 3898 2714 3967 ipsemet
2748 3899 3065 3972 Gregorius,
3114 3903 3167 3958 in
3207 3906 3471 3974 epistola,

1900 3987 2127 4057 septimo
2162 3987 2289 4043 ldus
2333 3987 2537 4052 Martii,
2579 3989 2869 4046 indictione
2907 3993 3080 4064 prima
3137 4009 3258 4064 quae
3286 4010 3352 4052 ex
3381 4014 3473 4052 su-

1901 4093 1994 4148 pra
2022 4077 2181 4133 dictis
2209 4094 2409 4134 annum
2450 4080 2588 4136 1078
2619 4082 2896 4152 designat,
2925 4096 3178 4152 exarata,
3227 4086 3306 4142 sic
3336 4088 3475 4143 seri-

1901 4171 2062 4226 hens:
2102 4189 2119 4222 ι
2153 4169 2288 4238 Quia
2319 4173 2651 4229 consuetudo
2682 4183 2884 4230 sanctae
2912 4176 3167 4232 Romanae
3197 4177 3479 4243 Ecclesize,

1901 4260 1986 4314 cui
2005 4302 2020 4322 ,
2051 4260 2160 4315 Deo
2183 4269 2420 4327 auctore,
2445 4263 2573 4318 licet
2595 4263 2795 4335 indigni
2812 4305 2825 4328 ,
2851 4265 3206 4332 deservimus,
3226 4276 3312 4322 est
3331 4284 3481 4338 quaa-

253 4357 457 4413 trienuio
475 4369 534 4414 ut
560 4361 842 4414 minimum
861 4401 874 4422 ,
907 4372 1198 4431 antequam
1222 4360 1454 4417 Sanctus
1481 4361 1533 4416 in
1553 4377 1793 4416 eremum

1903 4352 2022 4405 dam
2061 4352 2222 4407 etiam
2269 4353 2641 4418 dissimulare,
2673 4355 3018 4412 discretionis
3062 4361 3477 4428 temperantiam

251 4449 530 4513 secederet,
561 4449 843 4504 acciderit.
889 4451 1113 4520 Reliqua
1147 4451 1340 4514 modo,
1385 4466 1504 4520 qua:
1532 4452 1599 4506 ad
1621 4451 1795 4516 litum,

249 4553 274 4588 τι
306 4538 488 4596 Sancto
511 4551 720 4604 nostro.
748 4542 978 4613 aliisque
1003 4542 1288 4598 Remeusis
1318 4543 1561 4598 ecclesia:
1587 4543 1800 4600 clericis

251 4629 487 4687 Manassae
525 4634 935 4703 archiepiscopo
980 4635 1302 4689 intentatam
1333 4674 1348 4698 ,
1394 4643 1672 4704 Spectant,
1707 4650 1800 4688 ex-

250 4723 527 4786 pediamus.

250 4813 406 4882 5V".
461 4813 732 4869 Manassae
788 4813 965 4868 Roma
1019 4817 1071 4868 in
1119 4815 1340 4870 concilio
1385 4831 1600 4870 causam
1653 4833 1802 4869 suam

308 4911 488 4968 tuetur,
521 4905 978 4973 suspensionisque
1002 4906 1338 4967 sententiam.
1376 4906 1430 4959 in
1465 4922 1519 4960 se
1547 4907 1804 4974 Augusto-

301 4992 426 5047 ἀιιηὶ
457 4995 656 5058 latam,
687 5010 720 5045 α
759 4995 1002 5063 pontiﬁce
1039 4995 1263 5049 rescindi
1295 4997 1518 5050 obtinet:
1548 4997 1672 5066 quid
1695 5007 1804 5049 tum

305 5094 544 5149 preter-ea
567 5086 750 5154 egerit,
783 5093 830 5136 et
853 5084 942 5152 qui
969 5085 1178 5137 tandem
1207 5083 1511 5139 Bruuonem
1543 5086 1595 5138 in
1629 5085 1808 5154 pristi-

309 5189 426 5228 num
447 5175 694 5229 honorem
726 5175 995 5229 restituere
1009 5174 1192 5244 jussus
1215 5175 1396 5244 fuerit.

303 5263 432 5318 Cum
451 5264 752 5330 lanasses,
773 5265 1056 5322 Remeusis
1077 5265 1325 5322 ecclesiae
1345 5267 1804 5339 archiepiscopus.

246 5348 458 5407 Romam
487 5355 555 5410 ad
583 5369 858 5410 summum
886 5355 1226 5424 pontificem,
1254 5354 1571 5426 Gregorium
1600 5356 1708 5420 VII,
1742 5359 1810 5410 ad

245 5457 393 5511 quem
425 5459 489 5500 ex
517 5445 678 5500 dictis
705 5445 1008 5515 appellarat
1027 5487 1040 5508 ,
1066 5445 1176 5512 jam
1207 5447 1546 5508 advenisset,
1578 5449 1810 5518 benigne

247 5536 306 5586 ab
337 5537 480 5602 hoc,
509 5536 574 5591 ad
603 5536 886 5592 meliorem
921 5535 1128 5607 frugem
1164 5538 1439 5592 hominem
1473 5529 1771 5592 rediturum
1792 5580 1806 5602 ,

241 5630 409 5683 adhuc
437 5641 689 5700 sperante
751 5629 859 5683 fuit
897 5638 1178 5699 exceptus,
1208 5644 1538 5699 causamque
1561 5645 1712 5683 suam
1752 5631 1803 5684 in
1847 5711 1866 5718 _

1901 4442 2079 4512 potius
2121 4457 2284 4510 quam
2326 4444 2557 4514 rigorem
2606 4459 2872 4500 canonum
2917 4457 3240 4517 sequentes.
3283 4467 3481 4507 causas

1900 4533 2276 4602 episcoporum
2303 4533 2543 4589 Franciae
2565 4546 2725 4603 atque
2745 4534 3089 4605 Burgundiaa,
3115 4541 3206 4610 qui
3230 4543 3478 4613 suspensi

1903 4639 1995 4678 seu
2059 4623 2298 4678 damnati
2345 4640 2374 4678 a
2423 4623 2600 4695 legato
2635 4636 2818 4681 nostro
2869 4629 3094 4700 llugone
3137 4632 3318 4688 Dieasi
3356 4634 3476 4703 epi-

1903 4729 2064 4785 scopo
2099 4715 2342 4782 fuerant,
2391 4732 2496 4772 non
2540 4719 2655 4773 sine
2691 4721 2839 4789 gravi
2871 4721 3056 4778 labore
3103 4724 3476 4781 discussinnts.

1906 4808 2145 4876 Denique
2171 4806 2472 4863 Mauassem
2501 4809 2823 4866 Remensem
2855 4814 3322 4886 archiepiscopum
3341 4856 3356 4881 ,
3392 4817 3477 4886 qui

1907 4898 1956 4951 in
1999 4897 2180 4952 multis
2221 4909 2505 4954 accusatus
2533 4900 2737 4965 fuerat,
2784 4918 3007 4974 seseque
3047 4921 3076 4959 a
3117 4906 3368 4977 synodis,
3410 4910 3476 4961 ad

1903 5004 2039 5058 quas
2065 4989 2218 5059 liugo
2251 4990 2460 5046 Diensis
2485 4992 2778 5062 episcopus“
2798 5009 2919 5048 eum
2949 4995 3193 5052 invitavit
3214 5039 3228 5061 ,
3263 4999 3474 5054 subtra-
3524 5015 3528 5020 '

1906 5092 2091 5136 xerat:
2134 5082 2258 5152 quia
2287 5083 2580 5147 sententia,
2613 5099 2774 5154 super
2798 5101 2922 5140 eum
2952 5089 3108 5152 data,
3139 5103 3243 5142 non
3275 5089 3474 5143 Roma-

1907 5189 1991 5228 ηαξ
2020 5173 2271 5229 Ecclesia:
2303 5173 2568 5246 gravitate
2611 5183 2664 5228 et
2693 5175 2850 5230 solita
2876 5177 3287 5232 mansuetudine
3328 5178 3475 5232 vide-

1907 5268 2082 5332 batur,
2116 5266 2167 5319 in
2195 5264 2474 5334 proprium
2501 5268 2727 5336 gradum
2753 5267 3093 5337 officiumque
3116 5267 3475 5328 restituimns,

1907 5371 1968 5412 ea
1994 5358 2210 5426 quidem
2238 5357 2470 5420 ratione,
2504 5367 2563 5410 ut
2593 5371 2753 5427 supra
2784 5372 2980 5426 corpus
3006 5357 3176 5411 sancti
3211 5358 3358 5411 Petri
3380 5355 3471 5422 ju-

1909 5455 2058 5501 raret
2101 5448 2202 5500 hoc
2243 5446 2436 5500 modo:
2469 5464 2487 5496 ι
2523 5446 2634 5516 Ego
2674 5447 2948 5501 Manasses
2977 5447 3256 5500 “emensis
3298 5449 3477 5500 archi-

1916 5559 1934 5590 ι
1981 5539 2267 5609 episcopus
2319 5554 2419 5608 pro
2474 5539 2724 5608 superbia
2771 5553 2878 5591 non
2927 5537 3137 5600 dimisi,
3177 5541 3316 5606 quod
3374 5555 3475 5592 non

1917 5650 1934 5681 ι
1982 5629 2217 5684 venerim
2245 5630 2310 5684 ad
2340 5629 2601 5700 synodum
2633 5627 3194 5697 Augustoduncusem,
3229 5629 3292 5682 ad
3321 5645 3476 5700 quam
