4016 6310
510 318 579 372 70

584 445 668 483 me
690 428 903 483 Diensis
934 425 1216 496 episcopus
1233 416 1463 473 vocavit.
1486 415 1783 468 Sivocatus
1804 408 1990 463 nuntio
2009 404 2091 456 vel
2126 404 2168 458 Α

518 540 535 572 ι
584 520 781 575 litteris
807 516 1115 588 apostolicae
1140 511 1280 568 sedis
1315 508 1463 561 fuero
1482 547 1496 571 ,
1526 504 1673 558 nullo
1714 500 1854 554 malo
1883 496 2092 566 ingenio

520 632 537 663 ι
586 625 640 668 et
684 587 1050 665 nullaifraude
1081 620 1167 659 me
1195 600 1547 662 subtraham,
1595 595 1687 649 sed
1728 592 1947 646 veniens
1987 587 2093 639 dif-

521 724 539 755 ι
588 701 821 757 ﬁnitioni
870 709 927 755 et
972 698 1179 769 judicio
1227 693 1387 763 hujus
1422 688 1678 744 Ecclesiae
1719 682 1948 737 fideliter
1994 678 2092 731 ob-

522 815 538 846 ι
584 795 782 849 ediam.
818 790 971 859 Quod
997 790 1040 844 si
1070 787 1285 842 domino
1311 796 1463 853 papa:
1488 776 1745 846 Gregorio
1775 771 1857 826 vel
1879 783 2096 824 succes-

522 908 538 938 ι
584 887 694 940 sori
734 900 831 939 suo
891 879 1160 952 placuerit
1202 892 1289 931 me
1332 874 1400 929 de
1438 870 1667 940 objectis
1707 871 1834 919 ante
1864 862 2097 952 legatum

524 995 540 1025 ι
588 989 743 1028 suum
775 949 1136 1040 respondere,
1172 966 1311 1018 idem
1339 977 1435 1032 per
1473 956 1658 1015 omnia
1699 953 1914 1007 faciam.
1951 949 2097 1003 The-

524 1085 540 1117 ι
588 1078 781 1119 sauros
820 1069 1000 1115 autem
1031 1098 1045 1123 ,
1102 1062 1419 1110 ornamenta
1458 1059 1513 1106 et
1563 1046 1768 1117 przedia
1819 1041 2101 1097 Remcnsis

523 1175 541 1206 ι
588 1152 833 1209 ecclesia:
879 1148 1008 1203 mihi
1057 1147 1359 1202 commissze
1390 1142 1457 1197 ad
1503 1141 1763 1195 honorem
1813 1136 1980 1204 ipsius
2004 1134 2101 1187 Ec-

526 1264 544 1297 ι
590 1242 768 1299 clesiae
798 1238 1033 1295 ﬁdeliter
1058 1234 1303 1290 tractabo
1328 1241 1383 1289 et
1404 1231 1471 1287 ad
1498 1227 1856 1285 resistendum
1878 1224 2105 1296 justitiae

527 1352 546 1385 ι
591 1349 655 1388 ea
685 1347 793 1387 non
829 1326 1167 1384 abalienabo.
1202 1344 1219 1376 ι

598 1424 723 1479 155.
783 1418 1021 1491 Epistola
1083 1417 1237 1482 hmc,
1295 1429 1391 1470 seu
1451 1411 1815 1481 rescriptum,
1880 1409 1933 1463 in
1999 1421 2106 1476 quo

526 1517 721 1573 deinde
749 1511 1006 1570 nonnulla
1041 1512 1168 1575 alia,
1199 1509 1265 1564 ad
1302 1521 1414 1562 rem
1445 1512 1684 1560 nostram
1717 1517 1820 1555 non
1853 1499 2106 1554 facientia

530 1610 745 1679 hucque
775 1606 1002 1675 proinde
1033 1619 1138 1658 non
1182 1597 1489 1655 necessario
1536 1592 1979 1655 transcribenda,
2025 1606 2108 1644 se-

528 1706 799 1767 quuntur,
844 1697 918 1750 ita
963 1694 1317 1749 terminatur:
1367 1708 1385 1738 ‹
1440 1693 1630 1741 Actum
1663 1685 1848 1739 Romae
1878 1683 2106 1752 septimo

526 1791 650 1844 ldus
698 1788 912 1852 Martii,
958 1784 1252 1840 indictione
1302 1781 1504 1851 prima;
1546 1798 1563 1831 ι
1618 1776 1886 1848 posterior
1925 1783 2103 1828 autem

526 1893 657 1936 nota
679 1882 959 1944 chronica,
992 1875 1248 1931 clausulae
1276 1874 1400 1928 huic
1429 1871 1654 1934 inclusa,
1681 1883 1883 1923 annum
1906 1866 2105 1922 Christi

530 1968 668 2024 1078
700 1968 807 2038 (adi
848 1982 968 2035 quae
999 1980 1149 2019 num.
1200 1962 1298 2016 116
1338 1960 1481 2015 dicta
1534 1957 1680 2025 sunt)
1721 1954 1997 2023 designat;
2052 1959 2111 2005 ut

530 2062 754 2130 proinde
784 2059 892 2113 lata
922 2058 974 2112 in
1007 2055 1339 2118 Manassem,
1375 2051 1464 2121 qui
1506 2064 1626 2105 sese
1667 2062 1729 2100 ex
1774 2046 1937 2100 dictis
1965 2058 2109 2099 anno

533 2151 669 2205 1077
700 2160 821 2221 post
850 2149 1137 2206 concilium
1172 2145 1687 2216 Augustoduuense,
1718 2139 1943 2193 alterius
1982 2151 2110 2191 cou—

532 2242 642 2297 cilii
663 2283 678 2305 ,
705 2241 931 2297 Pictavii
963 2241 1106 2311 (vide
1137 2239 1275 2309 apud
1303 2236 1574 2291 Labbcunt
1608 2242 1736 2287 tom.
1769 2231 1787 2284 l
1818 2228 2112 2284 Bibliothe-

533 2351 609 2390 ca:
640 2350 790 2389 novae
818 2334 945 2389 Mss.
975 2330 1631 2387 CbronieonV'irdunense
1662 2340 1715 2395 p.
1740 2324 1867 2391 206)
1898 2324 2114 2376 ineunte

534 2442 676 2482 anno
722 2428 858 2481 1078
903 2423 1242 2487 celebrandi,
1294 2431 1410 2475 utut
1451 2420 1516 2474 ad
1556 2420 1658 2473 hoc
1701 2418 1929 2479 citatus,
1974 2423 2113 2468 tem-

534 2535 665 2590 pore
705 2534 808 2574 non
846 2525 1193 2587 exspectato,
1236 2514 1463 2569 Romam
1511 2510 1849 2573 contulerat,
1892 2522 2115 2576 suspen-

536 2610 703 2665 sionis
741 2609 1047 2672 sententia,
1107 2623 1228 2661 cum
1271 2603 1471 2660 ibidem
1516 2618 1611 2673 per
1657 2618 1709 2656 x1
1756 2600 1867 2655 fere
1917 2599 2117 2653 hebdo-

538 2701 726 2756 madas
758 2701 867 2773 (adi
913 2701 1028 2771 ejus
1064 2700 1229 2755 verba
1258 2739 1271 2761 ,
1306 2711 1454 2751 num.
1496 2695 1591 2750 151
1637 2694 1742 2748 huc
1773 2691 2116 2763 transcripta)

540 2792 781 2862 llugonis
814 2792 1023 2846 Dicnsis
1053 2793 1342 2846 adventum
1374 2786 1717 2859 prmstolatus
1756 2784 1977 2848 fuisset,
2005 2784 2117 2853 jam

541 2883 668 2937 inde
702 2883 770 2937 ab
821 2884 947 2937 anni
1000 2881 1137 2937 1078
1183 2895 1368 2936 mense
1400 2878 1595 2933 Martio
1637 2876 1737 2931 sub
1781 2876 2116 2936 conditione,

538 2989 701 3041 quam
734 2974 896 3029 verba
922 2973 1167 3042 proxime
1200 2972 1305 3025 huc
1339 2968 1662 3037 transcripta
1698 2967 1995 3028 iuvoivuut,
2025 2980 2121 3034 per

539 3064 863 3135 Gregorium
919 3064 1038 3128 Vll,
1090 3078 1360 3116 summum
1412 3060 1718 3130 pontiﬁcem
1755 3099 1768 3122 ,
1822 3058 1983 3112 fuerit
2037 3072 2195 3150 rc-C

541 3156 730 3209 seissa.
766 3153 962 3207 Verum
996 3153 1144 3217 hmc,
1175 3168 1280 3220 qua
1321 3165 1446 3220 erga
1478 3149 1812 3213 Manassem;
1854 3149 2121 3202 Simonia-

542 3262 665 3299 cum
696 3244 1032 3305 antistitem,
1066 3258 1195 3296 usus
1224 3248 1308 3296 est
1340 3239 1664 3310 Gregorius,
1700 3238 2030 3307 indulgentia
2060 3255 2123 3293 ac

547 3337 858 3404 benignitas
887 3334 1095 3404 Hugoui
1130 3333 1309 3387 Diensi
1336 3333 1590 3402 episcopo
1618 3346 1681 3385 ac
1713 3330 1859 3385 sedis
1910 3339 2125 3400 aposto-

545 3425 665 3478 lica:
703 3424 754 3477 in
789 3423 977 3479 Galliis
1003 3422 1178 3494 legato
1210 3421 1614 3477 verosimillime
1644 3435 1748 3474 non
1786 3435 1973 3489 parum
2011 3420 2124 3472 dis-

551 3515 759 3586 plicuit.
805 3516 911 3570 Fas
951 3526 1033 3570 est
1064 3517 1114 3571 id
1154 3516 1407 3587 colligere
1434 3530 1499 3569 ex
1541 3513 1805 3584 epistola,
1843 3513 1908 3567 ad
1940 3528 2127 3582 supre-

549 3623 695 3661 mum
720 3606 864 3659 illum
896 3604 1149 3659 Ecclesia:
1171 3615 1441 3675 pastorem
1472 3615 1593 3674 post
1621 3603 1951 3658 celebratum
1986 3618 2128 3657 anno

550 3697 688 3752 1078
719 3696 1058 3751 Pictaviense
1088 3695 1375 3751 concilium
1407 3696 1473 3749 ab
1504 3693 1693 3749 eodem
1734 3692 1977 3762 llugone,
2005 3693 2131 3747 licet

551 3804 656 3843 non
684 3788 750 3843 de
778 3786 1057 3852 Manassc,
1091 3786 1323 3856 scripta,
1359 3786 1411 3840 in
1444 3801 1547 3855 qua
1583 3785 1628 3839 is
1664 3785 1764 3839 sub
1803 3784 1960 3837 ﬁnem
1988 3784 2127 3854 apml

552 3878 825 3933 Labbeum
852 3890 979 3934 tom.
1002 3879 1049 3933 Χ
1075 3878 1435 3934 Conciliorum
1458 3918 1471 3943 ,
1497 3878 1601 3931 col.
1630 3876 1732 3931 567
1757 3877 1829 3930 ita
1861 3876 2125 3945 loquitur:

556 3993 572 4016 α
618 3967 905 4022 Provideat
932 3968 1115 4037 itaque
1150 3968 1410 4022 sanctitas
1441 3978 1649 4029 vestra,
1683 3980 1751 4019 ne
1789 3964 1991 4020 diutius
2021 3974 2127 4023 tam

552 4062 902 4132 opprobriose
934 4062 1088 4116 nobis
1112 4062 1529 4131 impropcretur,
1564 4061 1707 4129 quod
1734 4059 2016 4113 simoniaci
2047 4059 2130 4113 vel

553 4156 878 4224 quicumque
913 4154 1190 4209 criminosi
1221 4170 1249 4207 a
1306 4153 1460 4207 nobis
1500 4151 1747 4221 suspensi
1788 4151 1869 4205 vel
1902 4151 2130 4220 depositi

555 4246 837 4301 autetiam
877 4247 1115 4301 damnati
1147 4247 1373 4301 libenter
1404 4254 1628 4300 currunt
1661 4244 1883 4299 Romam
1906 4286 1921 4311 ,
1958 4254 2013 4299 et
2042 4244 2130 4299 ubi

557 4338 818 4393 deberent
848 4339 1052 4392 sentire
1091 4337 1409 4407 ampliorem
1439 4337 1673 4406 rigorem
1714 4335 1962 4405 justitiae,
2008 4334 2133 4387 inde

1316 305 1371 357 S.
1414 297 1761 355 BRUNONIS
1797 281 2441 350 CARTIIUSIA'NORUM
2482 272 2972 333 lNSTlTUTOlllS
3710 282 3773 337 εο

2197 412 2354 467 quem
2381 396 2429 449 ei
2460 394 2579 448 aliis
2603 393 2668 446 de
2693 389 2872 444 causis
2923 384 3265 439 scribendum
3290 393 3439 448 erat,
3476 386 3619 442 dedit
3659 407 3740 462 Opi

2196 489 2386 542 stolam
2408 529 2420 549 ,
2465 487 2515 539 in
2558 494 2659 553 qua
2690 476 2883 550 prgeter
2911 476 3181 548 querelas,
3218 475 3431 540 verbis,
3462 468 3608 532 num.
3643 483 3740 536 1ἓῦ
3761 526 3774 544 ,

2198 580 2339 634 datis
2372 592 2679 648 expressas,
2707 588 2842 643 quas
2876 580 3061 626 contra
3094 569 3318 622 Ebalum
3352 570 3643 637 comitem,
3670 574 3775 628 Ma-

2201 687 2411 724 nassem
2444 667 2789 739 praepositum
2826 662 3067 731 aliosque
3097 660 3395 714 llemenses
3425 660 3653 717 clericos
3683 666 3776 718 hu-

2195 764 2283 834 jus
2304 775 2561 832 sequaces
2593 756 2800 822 defert,
2828 772 2889 810 ex
2923 753 3169 808 ecclesia:
3188 768 3298 805 sute
3331 753 3625 825 privilegiis
3654 774 3777 811 eon-

2203 852 2369 907 tendil
2397 892 2410 916 ,
2445 850 2546 904 sibi
2592 854 2800 901 tantum
2843 845 2924 897 vel
2965 844 3179 914 ipsimet
3211 841 3465 898 Potitif‘tci
3504 846 3586 900 vel
3630 849 3781 919 hujus

2203 944 2423 1014 legatis,
2460 942 2549 1011 qui
2590 940 2705 994 Itali
2740 948 2923 993 essent
2954 947 3046 990 aut
3091 936 3273 989 Roma:
3304 937 3496 992 saltent
3534 944 3778 1006 educati,

2205 1034 2271 1088 de
2319 1031 2547 1102 objectis
2594 1028 2917 1084 criminibus
2958 1026 3416 1093 respondendum.
3462 1026 3540 1081 lta
3582 1031 3783 1086 scilicet

2210 1125 2486 1180 Manasses
2534 1122 2774 1192 Ilugonis
2806 1119 3045 1180 Diensis,
3081 1133 3178 1171 nec
3221 1118 3269 1169 in
3309 1117 3461 1172 Italia
3504 1122 3615 1175 nati
3642 1163 3657 1187 ,
3690 1140 3782 1179 nec

2207 1219 2391 1273 Romae
2421 1215 2665 1279 educati,
2697 1229 2724 1265 a
2759 1228 2867 1281 quo
2899 1228 2965 1267 ne
3009 1212 3203 1265 iterum
3249 1210 3313 1264 ad
3352 1212 3646 1267 concilium
3686 1216 3782 1268 ali-

2208 1310 2350 1380 quod
2379 1310 2443 1363 de
2474 1306 2702 1377 objectis
2731 1304 3050 1359 criminibus
3076 1319 3133 1358 se
3156 1312 3488 1373 purgaturus
3510 1305 3782 1370 citaretur,

2210 1400 2449 1455 maxime
2483 1398 2782 1462 metuebat,
2819 1394 3025 1465 judicio
3066 1410 3185 1450 sese
3217 1395 3525 1450 subducere
3562 1399 3785 1452 conaba-

2221 1500 2327 1544 tur.
2356 1488 2525 1553 Audi,
2560 1503 2678 1557 qua:
2704 1487 2811 1540 huc
2844 1485 3095 1539 facientia
3131 1486 3182 1539 in
3219 1486 3361 1539 dicta
3398 1484 3626 1554 epistola
3654 1489 3787 1557 apud

2212 1578 2521 1643 Labbeum,
2562 1588 2694 1633 tom.
2760 1577 2805 1631 Χ
2856 1575 3251 1642 Conciliorum,
3293 1591 3416 1646 pag.
3450 1577 3577 1642 565,
3606 1576 3655 1630 iu
3689 1594 3788 1631 mc-

2214 1676 2358 1729 dium
2392 1674 2645 1727 adducat.

2286 1766 2407 1819 155.
2451 1783 2467 1815 ι
2514 1764 2749 1819 Obsecro
2785 1764 2946 1818 etiam
2971 1805 2985 1829 ,
3019 1760 3213 1831 inquit,
3241 1759 3673 1815 benevolentiam
3703 1760 3790 1812 hr-

2212 1858 2359 1913 noris
2388 1858 2585 1921 vestri,
2614 1867 2671 1910 ut
2699 1857 3049 1924 dignitatem,
3077 1869 3241 1923 quam
3284 1861 3661 1906 antecessores
3702 1866 3786 1902 ve—

2211 1949 2306 2003 Slt‘i
2328 1945 2761 2002 antecessoribus
2774 1947 2907 2000 meis
2923 1942 3343 2012 archiepiscopis
3364 1948 3728 1999 servaverimt,
3741 1948 3789 1990 et

2213 2039 2527 2112 privilegiis,
2542 2038 2769 2107 aliisque
2789 2037 3006 2110 scriptis
3028 2037 3091 2089 ad
3117 2030 3785 2105 posterorummemoriam

2214 2129 2566 2198 reliquerunt,
2584 2127 2711 2182 mihi
2734 2141 3015 2181 reservare
3036 2123 3357 2191 dignemini.
3375 2120 3450 2174 Ne
3468 2121 3676 2173 irritum
3700 2128 3786 2171 aut
3832 2154 3833 2157 η

2216 2222 2502 2277 infractum
2522 2220 2612 2272 fiat
2634 2219 2997 2289 privilegium,
3014 2216 3153 2285 quod
3172 2217 3283 2286 ipse
3302 2212 3528 2267 dedistis
3548 2209 3792 2274 mibi,sci-

2216 2312 2344 2367 licet
2376 2320 2434 2364 ut
2476 2309 2628 2363 vobis
2667 2308 2765 2379 ipsi
2806 2306 3181 2376 interpellatus
3211 2313 3264 2358 et
3290 2317 3398 2356 non
3431 2298 3790 2368 interpellatus

2217 2401 2570 2470 respondeam
2588 2407 2641 2453 ct
2660 2398 2853 2468 legatis
2870 2398 3064 2451 vestris
3091 2394 3374 2457 Romanis,
3394 2407 3498 2445 non
3518 2389 3793 2443 ultramon-

2220 2494 2383 2555 tanis,
2426 2492 2517 2561 qui
2557 2489 2832 2559 conjuncti
2888 2488 3149 2545 Romanis
3200 2493 3485 2555 quaerunt,
3539 2496 3661 2551 quae
3706 2496 3792 2533 sua

2220 2591 2366 2647 sunt,
2402 2598 2507 2636 non
2542 2597 2661 2649 qua:
2695 2579 2821 2633 Jesu
2855 2579 3093 2643 Christi,
3128 2587 3181 2631 et
3215 2575 3317 2630 sub
3356 2574 3598 2628 honestis
3636 2570 3794 2624 nomi-

2220 2675 2379 2729 nibus
2410 2674 2688 2743 cupiditati
2741 2688 2851 2726 ειιιῡ
2882 2677 3205 2735 consulunt,
3236 2682 3343 2721 non
3391 2663 3645 2719 Ecclesite
3682 2661 3787 2714 [Ἀεὶ.

2225 2767 2376 2822 Unde
2401 2776 2620 2836 propter
2673 2764 2858 2818 talium
2927 2761 3208 2833 pudendas
3260 2754 3707 2827 reprehensiones
3747 2760 3795 2803 et

2224 2859 2537 2913 vocationes
2566 2857 2699 2911 mihi
2724 2897 2738 2921 ,
2772 2858 2861 2925 qui
2899 2856 3065 2909 totius
3104 2851 3289 2907 Gallia:
3319 2850 3603 2919 episcolios
3640 2844 3795 2898 debro

2224 2966 2556 3016 convocare,
2596 2950 2753 3003 liceat
2786 2948 3056 3002 conlidere
3085 2947 3149 3001 de
3179 2943 3334 2999 vobis
3367 2943 3484 2995 sine
3514 2926 3795 3009 legatoriim

2225 3047 2537 3111 vocatione,
2582 3045 2753 3098 donec
2802 3043 2866 3095 ad
2914 3040 3119 3095 Pascha
3162 3036 3377 3089 veniam
3419 3032 3485 3085 ad
3534 3044 3645 3089 vos,
3697 3026 3797 3079 Deo

2229 3141 2460 3193 volente.
2503 3157 2520 3189 ι
2555 3138 2631 3190 Ita
2679 3135 2978 3195 Manasses,
3016 3147 3084 3185 ne
3117 3128 3334 3198 quando
3384 3122 3591 3193 llugoni
3620 3162 3634 3181 ,
3666 3116 3797 3173 sedis

2224 3231 2530 3303 apostolica:
2562 3229 2757 3299 legato,
2775 3230 2840 3280 de
2867 3223 3185 3281 criminibus
3203 3219 3303 3274 sibi
3338 3216 3562 3285 objectis
3585 3224 3795 3278 respon-

2226 3302 2352 3380 dere
2374 3332 2677 3392 cogeretur.
2706 3318 2903 3373 Verum
2928 3332 3051 3371 eum
3074 3316 3178 3368 hac
3206 3313 3258 3366 in
3283 3327 3375 3376 re,
3402 3308 3605 3364 acriter
3627 3302 3796 3359 etiam,

2228 3428 2583 3487 qumcumque
2626 3413 2741 3467 sive
2783 3412 2849 3465 de
2899 3410 3055 3464 Sedis
3104 3404 3433 3475 Apostolicze
3469 3399 3657 3467 legatis
3694 3393 3799 3447 sive

2230 3512 2295 3564 de
2354 3507 2598 3563 ecclesia:
2657 3503 2944 3559 Rcmensis
2996 3499 3276 3571 privilegio
3337 3493 3519 3550 verbis
3574 3484 3800 3544 recitatis

2230 3602 2552 3670 scripserat,
2588 3597 2918 3660 confutatis,
2965 3594 3261 3665 Gregorius
3301 3589 3524 3645 minime
3570 3578 3757 3635 audivit
3785 3615 3797 3638 ,

2230 3668 2584 3746 etsiiiuterim
2616 3686 3149 3756 expostulatiouum,
3203 3682 3301 3736 abs
3332 3681 3423 3736 illo
3453 3683 3638 3732 contra
3673 3668 3800 3723 Eba~

2232 3783 2340 3837 lum
2370 3781 2624 3837 comitem
2648 3820 2662 3845 ,
2697 3778 2996 3832 Manassem
3030 3774 3381 3845 praepositum
3419 3770 3657 3834 aliosque
3699 3762 3801 3812 fac-

2231 3884 2441 3940 tarum,
2478 3874 2743 3929 rationem
2786 3871 3087 3926 habendam
3120 3868 3371 3933 duxerit,
3402 3877 3455 3918 ul
3497 3864 3650 3916 diem
3685 3853 3802 3907 facit

2234 3977 2346 4023 tum
2386 3966 2646 4037 epistola,
2684 3980 2788 4034 qua
2829 3962 3061 4016 Manassi
3104 3959 3417 4029 respondit,
3469 3965 3579 4008 tum
3619 3946 3801 4005 altera,

2232 4075 2392 4129 quam
2426 4068 2715 4129 prteterea,
2753 4071 2877 4109 cum
2916 4054 3019 4108 hoc
3048 4052 3208 4116 fecit,
3243 4053 3310 4106 ad
3350 4050 3624 4120 ilugonem
3657 4039 3803 4129 Dien:

2233 4123 2380 4215 sem,
2419 4123 2574 4205 suum
2609 4150 2662 4202 in
2700 4145 2890 4201 Galliis
2921 4145 3186 4214 legatum,
3234 4144 3401 4197 dedit.
3450 4135 3632 4192 Ambae
3675 4123 3803 4215 apud

2234 4212 2540 4307 Labbeum,
2586 4257 2615 4295 a
2667 4256 2802 4311 quo,
2851 4212 2996 4293 tom:
3026 4236 3070 4291 Χ
3112 4234 3511 4294 Conciliorum,
3555 4223 3659 4279 col.
3710 4212 3804 4311 195

2235 4348 2291 4391 et
2335 4336 2508 4391 tribus
2550 4308 2704 4402 seqq.
2751 4331 3080 4393 recitantur,
3133 4347 3150 4377 ε
3208 4325 3502 4381 Undecimo
3551 4308 3806 4372 Kalendas

559 4441 839 4501 reportant
892 4430 1045 4501 quasi
1107 4430 1536 4484 misericordiam
1586 4444 1685 4498 pro
1725 4428 2016 4482 voluntate.
2068 4428 2131 4481 Et
2166 4465 2214 4521 Β
2240 4426 2584 4497 sepletnbris,
2628 4425 2924 4478 lndietione
2965 4422 3212 4491 prima,i
3251 4433 3371 4488 qum
3417 4414 3503 4470 hic
3541 4425 3605 4464 ex
3653 4416 3804 4471 ειιρττι

2360 4520 2363 4521 ,
2644 4516 2766 4521 _-_-
2815 4516 2824 4521 -
2893 4514 2904 4521 .
3155 4513 3165 4521 .
3436 4514 3447 4521 .
3532 4511 3641 4521 .--..-
3678 4491 3804 4521 ...ιιιη

557 4524 647 4592 qui
678 4534 836 4577 antea
882 4539 980 4577 nec
1034 4523 1085 4577 in
1116 4522 1324 4578 levibus
1366 4531 1826 4592 prmsumpseruut
1877 4536 2132 4590 peccare,

560 4616 900 4683 postmodum
923 4621 1178 4668 exercent
1210 4613 1544 4690 aptissimam
1574 4612 1984 4683 negotiationem
2015 4630 2135 4667 cum

563 4706 844 4775 tyrannide
878 4706 928 4759 in
965 4706 1268 4761 commissis
1298 4705 1397 4758 sibi
1427 4704 1687 4759 ceclesiis.
1728 4724 1744 4755 ι

638 4800 755 4854 154.
796 4798 891 4853 llis
938 4813 1099 4868 porro
1146 4798 1324 4853 verbis
1373 4798 1538 4852 etiam
1578 4798 1765 4862 docet,
1813 4796 2139 4851 simoniaeos

566 4901 691 4945 tunc
720 4906 784 4945 ex
828 4890 1191 4961 indulgentia,
1225 4905 1386 4959 quam
1420 4888 1603 4943 Roma:
1640 4889 1866 4943 fuissent
1892 4890 2096 4958 experti
2122 4930 2136 4952 ,

564 4985 865 5040 deteriores
898 4992 1060 5053 atque
1092 4983 1470 5038 insolentiores
1505 4983 1775 5047 evasisse;
1812 4983 1953 5050 quod
1980 4998 2139 5051 quam

568 5089 754 5127 verum
779 5084 955 5137 esset,
989 5089 1088 5128 suo
1127 5074 1319 5142 agendi
1352 5073 1510 5128 modo
1540 5072 1816 5127 Manasses
1840 5071 2141 5126 luculenter

566 5165 821 5231 ostendit.
848 5166 960 5221 Etsi
994 5166 1160 5230 enim,
1179 5181 1299 5221 sese
1321 5166 1387 5219 de
1413 5164 1642 5231 objectis
1666 5164 1766 5219 sibi
1798 5163 2137 5229 criminibus,

566 5257 612 5311 si
654 5257 871 5326 quando
921 5257 971 5311 id
1008 5255 1247 5325 pontiﬁci
1279 5255 1594 5325 placuisset,
1625 5252 1933 5323 Apostolico
1971 5252 2144 5321 legato

573 5361 957 5416 responsurum
978 5388 993 5411 ,
1023 5346 1335 5415 juramento
1366 5347 1547 5403 Romae
1576 5347 1719 5403 edito
1743 5387 1757 5414 ,
1802 5346 2143 5402 sanctissime

570 5436 680 5503 (adi
700 5436 860 5489 verba
875 5436 1123 5508 Gregorii
1140 5454 1314 5509 papm,
1330 5455 1481 5493 num.
1504 5439 1606 5493 152
1622 5480 1636 5505 ,
1672 5439 1776 5494 huc
1794 5439 2141 5508 transcripta)

570 5527 943 5595 promisisset,
975 5532 1061 5584 vix
1111 5540 1290 5585 tamen
1324 5549 1353 5586 a
1385 5531 1616 5585 concilio
1646 5531 1922 5593 Romano,
1957 5530 2009 5583 in
2039 5545 2144 5597 quo

572 5632 637 5668 ex
672 5615 834 5671 dictis
876 5634 1018 5674 anno
1058 5620 1194 5674 1078
1238 5622 1452 5675 auditus
1496 5621 1883 5690 absolutusque
1932 5621 2101 5674 fuerat
2129 5661 2142 5683 ,

572 5706 628 5760 in
667 5705 869 5765 Gallias
915 5722 1030 5767 erat
1071 5726 1351 5777 reversus,
1406 5728 1529 5767 cum
1583 5713 1649 5767 ad
1695 5712 2039 5780 pontiﬁcem.
2079 5712 2143 5767 ad

2240 4491 2399 4575 dictis
2420 4516 2773 4573 annum1078
2795 4514 3060 4585 designat,
3099 4531 3115 4559 ί
3136 4513 3273 4566 datm
3295 4529 3313 4560 ι
3359 4511 3643 4562 notantur;
3678 4491 3806 4585 "7"!“

2241 4611 2591 4681 consequitur
2633 4618 2723 4673 ut,
2768 4583 2934 4677 quani
2975 4606 3041 4660 ad
3080 4603 3402 4672 Gregorium
3472 4605 3662 4666 papam
3704 4583 3806 4637 Ma-

2248 4721 2438 4761 nasses
2496 4702 2935 4771 archiepiscopus
2985 4697 3171 4761 dedit,
3226 4693 3470 4763 proxime
3527 4682 3805 4771 memorata

2243 4795 2473 4869 epistola
2507 4808 2650 4848 anno
2684 4766 2850 4857 1078,
2883 4797 3065 4859 utpote
3096 4786 3357 4840 ambabus
3389 4782 3535 4836 hisce
3561 4766 3806 4869 anterior.

2244 4855 2585 4956 concilioque
2620 4855 2891 4945 Romano,
2929 4855 3070 4949 quod
3104 4880 3294 4933 eodem
3340 4888 3482 4929 anno
3514 4863 3648 4921 1078
3681 4855 3805 4956 celti-

2245 4981 2457 5037 bralum
2510 4977 2639 5042 fuit,
2683 4992 2749 5031 ex
2795 4974 2955 5029 dictis
3000 4972 3289 5042 posterior,
3333 4968 3555 5022 exarata
3607 4947 3811 5042 indultie

2246 5037 2764 5140 fuerit;fquodvhic,
2800 5075 2859 5121 ut
2901 5037 3059 5120 ﬁdem
3110 5078 3257 5117 num.
3293 5060 3424 5123 125,
3458 5054 3640 5109 datam
3690 5037 3808 5094 libe—

2248 5178 2452 5225 rarem,
2489 5162 2718 5230 probare
2748 5170 2828 5213 est
2866 5158 3061 5211 visum.

2317 5255 2440 5309 156.
2481 5225 2660 5313 Nunc,
2706 5267 2824 5322 qua:
2867 5252 2921 5305 in
2960 5248 3169 5304 duabus
3201 5245 3449 5316 proxime
3495 5231 3652 5292 dictis
3685 5225 3807 5280 Gre‘

2246 5347 2381 5419 gorii
2451 5344 2695 5416 epistolis
2758 5343 2933 5399 verba
2990 5382 3005 5405 ,
3064 5342 3133 5395 ad
3216 5337 3518 5393 institutum
3587 5325 3811 5419 pri—'5}?ns

2246 5447 2536 5508 utcumque
2585 5436 2879 5501 facientia,
2937 5440 3268 5493 occurrunt,
3330 5429 3434 5481 huc
3502 5407 3806 5508 transcribo.

2248 5527 2396 5581 Talia
2427 5526 2481 5581 in
2527 5526 2691 5596 priori
2717 5533 2843 5579 sunt
2870 5527 2984 5579 iure
3020 5542 3031 5577 :
3072 5541 3089 5573 ε
3125 5521 3197 5575 De
3220 5519 3483 5577 Manasse,
3514 5505 3602 5578 qui
3629 5511 3721 5555 vos
3764 5500 3811 5544 el

2247 5619 2532 5673 ecclesiam
2563 5627 2820 5682 vestram,
2863 5616 2986 5685 quia
3016 5612 3317 5669 malefactis
3347 5620 3455 5663 non
3487 5598 3811 5685 potest,_ma‘

2250 5714 2459 5770 [edictis
2486 5712 2738 5768 infestare
2763 5728 2866 5765 non
2893 5717 3090 5775 cessat,
3121 5717 3175 5763 et
3220 5708 3283 5762 de
3320 5697 3526 5759 caeteris
3554 5682 3808 5747 omnibus,
