4016 6310
192 382 243 435 81
1669 378 1744 432 AC

1857 370 1873 428 ὲ
3348 378 3417 431 as

194 511 331 566 super
352 491 517 565 quibus
539 501 992 562 conquesltonem
1017 492 1171 547 vobis
1196 491 1501 547 collibuerit
1529 492 1726 556 facere,
1759 500 1804 555 Α
1835 486 2224 558 archiepiscopi
2258 501 2474 541 causam
2500 484 2892 550 celebraretur,
2921 486 3042 540 huic
3072 488 3263 542 iterum
3305 492 3417 545 Ma-

194 586 403 639 mititnus
423 581 621 635 litteras
652 592 874 636 nostras
904 583 1340 638 commemoratis
1366 581 1731 649 confratribus

194 677 386 740 nostris,
404 672 568 727 Diensi
595 672 855 728 videlicet
876 675 1150 744 episcopo,
1184 684 1237 729 et
1265 674 1605 729 Cluniacensi
1647 673 1732 728 ab-

194 770 306 832 bati,
331 778 382 822 ut
403 776 581 822 cuncta
605 768 1159 836 studeantdiligenter
1184 768 1482 838 inquirere,
1505 766 1733 823 sollicite

194 860 441 920 discutere,
467 856 710 913 discussa
733 868 787 913 et
812 859 1061 929 indagata
1086 859 1150 913 ad
1182 874 1374 929 purutn
1401 858 1563 928 juste,
1590 858 1733 926 lega-

193 950 300 1003 liter
336 959 382 1003 et
406 948 656 1003 canonice
686 948 963 1018 judicare;
1000 970 1018 1003 ι
1066 952 1118 1005 in
1146 949 1431 1018 posteriori
1474 965 1600 1001 vero
1633 949 1732 1003 ista

193 1056 241 1095 se
262 1039 462 1096 offerunt
495 1057 508 1093 :
539 1059 557 1092 ι
596 1038 735 1106 Quia
767 1042 819 1094 itt
849 1053 1051 1097 sanctae
1091 1041 1208 1108 Dei,
1237 1041 1323 1096 cui
1352 1042 1527 1097 divina
1556 1042 1734 1111 dispo-

194 1134 365 1188 sitione
389 1131 750 1202 pmsidemus,
782 1132 1039 1189 Ecclesiae
1080 1134 1339 1205 regimine
1380 1134 1609 1191 sollicite
1636 1148 1735 1187 nos

195 1224 391 1295 vigilare
426 1231 655 1293 oportet,
696 1224 894 1279 vestris
922 1225 1154 1281 assiduis
1197 1225 1444 1295 precibus
1490 1225 1646 1281 nolis
1679 1234 1738 1279 ut

196 1317 400 1369 divinant
450 1316 741 1370 obtineatis
797 1318 1130 1386 praesidium,
1177 1318 1538 1386 deposcimus.
1593 1318 1736 1383 Qua—

195 1415 382 1475 propter
424 1420 516 1462 vos
571 1420 919 1477 summopere
959 1407 1195 1462 studium
1248 1407 1505 1463 adbibere
1553 1408 1738 1461 admo-

199 1495 349 1550 nendo
387 1498 717 1562 mandamus,
766 1510 1035 1566 quatenus
1064 1498 1350 1567 inquiratis
1379 1507 1434 1553 et
1457 1497 1735 1562 canonice,

201 1594 337 1651 prout
362 1586 595 1655 potestis,
628 1586 792 1642 finem
840 1588 1117 1656 imponere
1145 1589 1448 1656 procuretis
1490 1588 1735 1658 negotiis,

200 1674 315 1729 unde
356 1675 667 1731 Rhemensis
706 1676 1145 1747 archiepiscopus
1170 1718 1184 1741 ,
1229 1676 1503 1732 confrater
1530 1684 1738 1739 noster,

199 1766 290 1821 stis
312 1766 486 1821 litteris
525 1766 681 1822 nobis
709 1778 1041 1837 conquestus
1063 1776 1168 1822 est.
1196 1768 1561 1838 Conqueritur
1593 1769 1738 1823 enim

1835 591 2025 632 nosses
2069 577 2406 647 praepositus,
2454 575 2747 631 voluntatis
2793 575 3079 644 pontiﬁcis:
3127 575 3422 633 observan-

1836 668 2094 733 tissimus,
2146 682 2266 723 scse
2318 666 2557 729 stiterit,
2617 680 2862 734 unusque
2915 666 3077 719 etiam
3137 666 3335 722 ibidem
3387 682 3420 724 θ

1835 759 2131 815 Simuuiaci
2182 759 2324 814 illius
2357 757 2595 822 antistis,
2628 773 2749 812 eunt
2797 772 2904 826 quo
2934 773 2997 811 ex
3030 758 3189 814 dictis
3231 773 3419 831 pacem

1827 851 1939 921 jam
1984 860 2107 906 ante
2148 851 2366 917 inierat,
2395 848 2800 905 accusatoribus
2835 850 3124 915 exstiterit,
3156 850 3232 904 uti
3276 850 3421 907 colli-

1835 943 2065 1013 gendum
2091 944 2303 997 videtur
2325 958 2391 997 ex
2418 940 2665 1013 Gregorii
2696 942 2803 1007 \‘ll,
2828 959 2949 1014 qua:
2969 944 3108 1012 apud
3144 942 3419 998 Labbeum

1839 1046 1968 1093 tom.
2002 1034 2048 1089 Χ
2082 1034 2446 1090 Conciliorum
2499 1034 2602 1091 col.
2652 1034 2748 1090 2H
2806 1044 3003 1101 exstat,
3055 1034 3302 1105 cpistola,
3355 1035 3422 1089 ad

1837 1125 2161 1190 Maaassem,
2215 1124 2677 1196 archiepiscOpum
2737 1126 3081 1191 Remensem,
3136 1136 3421 1195 postquam

1838 1216 1927 1272 hic
1950 1217 2001 1270 in
2028 1216 2172 1271 dicto
2194 1216 2532 1286 Lugdunensi
2554 1216 2784 1273 concilio
2806 1226 3190 1273 exauctoratus
3210 1216 3421 1279 fuisset,

1839 1308 2131 1363 lndictione
2163 1308 2342 1371 tertia,
2370 1308 2422 1362 id
2466 1316 2545 1363 est
2578 1322 2645 1362 ex
2693 1323 2855 1378 supra
2887 1309 3069 1374 dictis,
3101 1323 3243 1363 anno
3295 1307 3424 1363 t080

1838 1401 2178 1470 conscripta;
2238 1416 2269 1455 e
2299 1415 2406 1470 qua
2454 1400 2618 1454 etiam
2667 1409 2890 1471 apparet
2935 1400 3238 1456 Manassem
3288 1415 3428 1470 pra:-

1841 1491 2076 1561 positum
2124 1489 2282 1545 bonis
2332 1488 2465 1553 suis,
2518 1490 2568 1543 in
2617 1505 2770 1559 qua,
2818 1505 2951 1560 pace
2998 1506 3122 1545 cum
3178 1490 3427 1545 Manassc

1842 1582 2248 1652 archiepiscopo
2294 1581 2446 1645 inita,
2477 1581 2758 1635 restitutus
2777 1582 3183 1638 verosimillime
3225 1584 3424 1648 fuerat,

1842 1669 2135 1729 iterum'ab
2185 1674 2307 1737 hoc,
2354 1673 2494 1742 quod
2529 1673 2648 1742 ejus
2695 1688 2814 1728 sese
2860 1675 2912 1728 in
2942 1674 3172 1730 concilio
3217 1674 3428 1744 Lugdu-

1843 1766 1993 1821 nensi
2027 1766 2432 1821 accusatoribus
2478 1766 2655 1820 denuo
2696 1765 2984 1836 junxisset,
3032 1768 3197 1822 fuisse
3231 1767 3431 1838 spolia-

199 1856 252 1909 de
287 1854 538 1910 confratre
563 1864 775 1921 nostro,
800 1857 1209 1926 archiepiscopo
1256 1837 1545 1913 Viennensi
1576 1857 1738 1913 War-
1772 1837 1815 1896 Β
1846 1867 1978 1911 tum.

201 1945 387 2011 tuendo,
412 1946 498 2016 qui
545 1946 600 2000 in
632 1962 732 2002 suo
760 1947 1227 2019 arcltiepiseopatu
1269 1947 1617 2019 presbyteros
1645 1949 1739 2005 de-

200 2041 368 2109 posuit,
398 2048 447 2094 et
470 2039 690 2096 eosdem
717 2041 1049 2095 restituit....
1078 2042 1151 2096 De
1175 2041 1421 2096 Manasse
1444 2052 1647 2107 autem,
1676 2043 1743 2098 de

200 2146 288 2197 quo
334 2130 569 2186 similiter
612 2133 982 2202 conqueritur,
1036 2134 1125 2204 qui
1172 2132 1361 2189 (Ebali
1410 2149 1742 2203 suorumque

172 2210 375 2291 'relugio
414 2230 467 2275 et
514 2222 720 2279 auxilio
750 2222 898 2278 illum
943 2234 999 2279 et
1047 2224 1331 2280 ecclesiam
1379 2226 1606 2297 fatigare
1636 2242 1740 2281 non

203 2327 362 2379 cessat,
388 2318 622 2374 laborata
672 2328 733 2372 ut
760 2320 825 2373 ad
854 2334 1042 2389 pacem
1070 2321 1276 2383 redeat,
1302 2330 1357 2375 et
1381 2322 1449 2377 ab
1478 2322 1744 2392 inquieta-

206 2408 322 2464 tione
348 2409 594 2464 Ecclesiae
624 2418 678 2464 et
725 2411 1103 2478 persecutione
1159 2414 1549 2483 archiepiscopi
1587 2413 1740 2481 quie-

204 2507 311 2551 scat.
352 2499 494 2565 Quod
532 2500 578 2554 si
633 2500 774 2556 forte
821 2501 875 2554 in
930 2517 1024 2556 sua
1081 2504 1421 2558 contumacia
1451 2504 1743 2572 persistens

204 2590 384 2644 oletlire
436 2591 696 2654 rennerit,
742 2591 845 2645 nisi
897 2591 1045 2646 illum
1092 2593 1291 2664 justam
1337 2593 1741 2647 excusationem

207 2679 370 2734 habere
397 2681 780 2749 mgnoveritis.
818 2683 1198 2752 quodcumque
1237 2682 1391 2737 vobis
1422 2681 1622 2750 justius
1668 2680 1744 2735 vi-

206 2769 351 2838 detur,
386 2769 560 2825 facite.
594 2771 670 2826 De
694 2771 814 2826 aliis
846 2784 1025 2827 autem
1058 2788 1199 2827 nece.
1219 2774 1471 2828 sitatibus
1496 2771 1742 2828 eumdem

207 2864 628 2934 archiepiscOpntn
681 2865 749 2935 (si
806 2874 985 2919 tamen
1043 2865 1194 2919 vobis
1251 2864 1539 2935 obedierit)
1604 2864 1745 2919 sicut

208 2953 386 3022 dignum
433 2970 535 3022 est,
568 2957 838 3024 ailjuvate,
881 2957 1040 3027 eique
1071 2956 1415 3011 commissam
1462 2956 1744 3012 ecclesiam

208 3048 483 3102 auctoritate
505 3048 650 3103 beati
676 3046 821 3102 Petri
853 3047 1020 3116 (quod
1049 3056 1103 3100 et
1142 3046 1208 3100 de
1233 3045 1355 3101 aliis
1384 3044 1626 3100 ecclesiis
1652 3058 1746 3097 vos

209 3148 380 3208 oportet
407 3142 587 3211 agere)
610 3138 899 3195 defendite.
942 3158 960 3190 ι

266 3233 363 3287 137.
412 3232 659 3288 Pontiﬁci
710 3233 912 3303 igitur,
959 3231 1412 3301 quemadmodum
1462 3245 1529 3284 ex
1595 3231 1745 3284 hisee

211 3329 429 3396 epistolae,
454 3343 617 3398 quam
661 3328 728 3381 ad
777 3326 1051 3396 llugonetn
1095 3325 1342 3380 Diensem
1373 3324 1538 3386 dedit,
1565 3321 1746 3377 verbis

212 3420 502 3484 potissimum
529 3428 777 3488 apparet,
812 3419 862 3471 in
887 3419 1026 3472 votis
1060 3416 1180 3481 fuit,
1214 3425 1289 3481 ttt,
1322 3417 1364 3469 si
1393 3430 1495 3484 qua
1538 3413 1746 3467 ratione

214 3508 301 3561 fieri
324 3508 366 3562 id
389 3519 590 3579 posset,
614 3508 812 3562 Ebalns
832 3506 1180 3563 Reeiacensis
1200 3520 1383 3561 comes
1401 3514 1456 3558 et
1477 3503 1746 3557 Manasses

214 3597 406 3652 ecclesia:
438 3598 722 3653 Rentensis
751 3597 1069 3666 prtepositus
1103 3611 1223 3649 cum
1284 3594 1535 3648 Manasse
1570 3592 1749 3646 archi-

214 3689 421 3757 episcopo
480 3691 531 3742 in
585 3690 812 3759 gratiam
870 3688 1123 3742 redirent.
1180 3686 1314 3739 llinc
1354 3700 1514 3753 porro
1547 3684 1745 3738 factum

216 3778 397 3847 coujicio
425 3792 483 3833 ut
515 3780 791 3834 Manasses
834 3778 1175 3849 praepositus,
1236 3776 1530 3831 voluntatis
1572 3773 1747 3845 ponti-

217 3867 319 3923 ltcite
342 3872 445 3925 sive
491 3886 586 3941 per
622 3869 921 3939 Hugonem,
960 3869 1101 3924 sedis
1147 3867 1452 3937 apostolica:
1495 3866 1746 3935 legatum,

217 3961 301 4015 sive
322 3976 406 4031 per
435 3964 723 4031 ipsummet
747 3960 1210 4029 archiepiscopum
1246 3958 1544 4011 Manassetn
1575 3955 1749 4010 factus

219 4053 389 4116 certior,
418 4052 770 4109 concordiam
797 4067 918 4106 cunt
950 4051 1051 4105 hoc
1093 4050 1295 4113 inierit,
1326 4064 1488 4118 quam
1528 4049 1751 4117 ipsemet

221 4139 511 4198 Simoniacus
563 4143 610 4198 is
645 4143 873 4197 antistes
923 4142 975 4195 in
1037 4157 1132 4196 sua
1193 4140 1331 4209 apud
1386 4138 1749 4194 Mabillonium

222 4240 320 4285 tom.
361 4234 376 4287 l
418 4234 587 4289 Musei
621 4233 809 4296 Italici,
844 4242 981 4303 part.
1038 4249 1095 4291 tt,
1146 4248 1267 4302 pag.
1314 4232 1401 4285 l2!
1456 4230 1753 4298 smpissitne

217 4322 299 4390 jam
341 4326 543 4379 laudata
606 4326 864 4395 Apologia
924 4335 1311 4379 commemorat
1368 4324 1455 4378 his
1506 4320 1686 4375 verbis
1736 4339 1747 4372 :

225 4417 364 4472 «Dico
406 4419 562 4474 vobis
608 4419 733 4488 quia
789 4433 889 4488 ego
940 4427 996 4472 et
1045 4416 1318 4471 Manasscs
1362 4431 1460 4485 pro
1505 4411 1756 4468 omnibus

1916 1950 2038 2004 158.
2076 1948 2133 2005 In
2155 1964 2217 2005 ea
2247 1949 2390 2004 enim
2417 1948 2663 2005 Pontifex
2694 1949 2771 2004 ita
2803 1949 3078 2021 loquitur:
3111 1970 3130 2002 ι
3160 1951 3431 2022 Purgandi

1843 2039 2116 2096 licentiam
2170 2041 2263 2097 tibi
2306 2041 2668 2113 indulgemus,
2697 2058 2761 2098 ea
2805 2042 3055 2099 videlicet
3103 2043 3431 2107 conditione.

1843 2142 1902 2187 ιιι
1952 2132 2219 2190 Manassae
2265 2144 2321 2189 et
2348 2133 2609 2201 Brunoni,
2640 2135 2732 2205 qui
2765 2149 2863 2205 pro
2900 2133 3110 2205 justitia
3144 2143 3333 2190 contra
3383 2143 3435 2190 te

1844 2224 2009 2279 locuti
2040 2224 2205 2281 fuisse
2243 2226 2516 2293 videntur,
2542 2227 2705 2282 rebus
2732 2227 2847 2283 suis
2886 2228 2941 2282 in
2984 2227 3252 2299 integrum
3284 2228 3434 2282 resti-

1847 2317 2000 2382 tutis,
2052 2333 2229 2388 usqne
2283 2318 2350 2374 ad
2407 2319 2796 2377 Ascensionem
2857 2320 3069 2376 Domini
3130 2319 3434 2389 proximam

1846 2405 2203 2465 lthetnenscm
2234 2410 2531 2465 Ecclesiatn
2579 2428 2609 2465 a
2663 2420 2771 2466 tota
2822 2412 3177 2483 occupatione
3216 2425 3284 2464 ex
3322 2419 3436 2464 toto

1845 2497 2068 2558 liberam
2114 2500 2357 2558 deseras.
2397 2521 2415 2555 ι
2450 2502 2621 2558 Porro
2650 2517 2929 2559 manasses
2960 2503 3277 2574 prmpositus
3324 2516 3435 2557 non

1846 2601 2053 2649 tantum
2100 2605 2221 2665 post
2246 2597 2380 2651 duas
2420 2596 2696 2666 epistolas,
2736 2613 2886 2651 num.
2941 2596 3045 2652 155
3087 2605 3435 2660 memoratas,

1844 2701 2074 2755 quarum
2126 2688 2351 2743 alteram
2381 2688 2676 2759 Gregorius
2707 2703 2845 2760 papa
2878 2689 2945 2743 ad
2991 2688 3292 2743 Manassem
3339 2703 3436 2741 ar-

1845 2778 2273 2848 chiepiscopum,
2303 2780 2534 2836 alteram
2563 2782 2628 2835 ad
2656 2780 2956 2850 liugonem,
2984 2795 3139 2835 suum
3166 2780 3219 2834 in
3248 2762 3438 2835 Galliis

1847 2867 2105 2938 legatum,
2129 2870 2412 2926 undecimo
2435 2872 2702 2928 Kalendas
2735 2872 3094 2943 Septembris,
3137 2870 3437 2928 lndictione

1848 2963 2022 3032 prima
2059 2979 2154 3019 seu
2195 2980 2339 3022 anno
2364 2965 2500 3020 l078
2526 2966 2695 3031 dedit,
2726 2980 2847 3020 cum
2878 2964 3145 3027 Manasse,
3178 2962 3435 3017 Remensi

1848 3053 2279 3126 archiepiscopo,
2311 3071 2498 3125 pacem
2551 3057 2730 3122 inivit;
2768 3072 2951 3111 verum
3002 3056 3164 3110 etiam
3200 3055 3267 3111 ad
3310 3069 3434 3108 eum

1773 3182 1814 3239 Ο
1851 3141 2069 3208 Remos,
2101 3143 2329 3199 aliorum
2362 3145 2681 3200 clericorum
2708 3145 3078 3210 ltemensium,
3102 3144 3192 3214 qtti
3224 3159 3346 3199 cum
3367 3156 3436 3197 eo

1847 3244 1901 3290 et
1929 3236 2179 3293 Brunone
2227 3252 2292 3292 ex
2327 3240 2428 3293 hac
2475 3240 2608 3293 urbe
2660 3254 2805 3294 anno
2839 3254 2905 3292 ex
2959 3237 3122 3293 dictis
3168 3236 3305 3292 1076
3342 3246 3439 3290 aut

1855 3330 2100 3397 sequenti
2128 3340 2499 3395 excesserant,
2530 3330 2748 3386 nomine
2774 3338 3126 3393 tractaturus,
3160 3343 3279 3383 sese
3304 3343 3439 3381 con-

1849 3416 1971 3470 tulit
2019 3432 2243 3487 remque
2292 3418 2617 3487 composuit.
2673 3417 2747 3471 lta
2798 3416 2994 3485 colligo
3028 3430 3093 3471 ex
3139 3416 3437 3486 saepissime

1852 3504 2065 3560 laudata
2092 3505 2354 3561 Manassis
2380 3506 2776 3576 archiepisc0pi
2805 3506 3087 3577 Apologia,
3113 3505 3166 3560 in
3211 3520 3315 3574 qua
3348 3505 3436 3559 hic

1849 3598 1991 3667 apud
2044 3597 2408 3652 Mabillonium
2459 3610 2590 3652 tom.
2644 3598 2665 3652 ι
2710 3597 2877 3652 Musei
2928 3596 3116 3659 Italici,
3171 3606 3312 3667 part.
3371 3612 3435 3661 tt,

1851 3702 1972 3756 pag.
2024 3687 2119 3741 121
2174 3687 2349 3757 primo
2402 3688 2480 3743 sic
2527 3688 2811 3757 loquitur:
2849 3707 2866 3737 ι
2917 3687 3029 3756 Ego
3074 3695 3125 3740 et
3163 3685 3439 3741 Manasses

1851 3791 1948 3844 pro
1967 3776 2218 3831 omnibus
2241 3778 2400 3832 sociis
2422 3778 2533 3832 suis
2555 3779 2898 3832 concordiam
2926 3776 3173 3840 fecimus,
3195 3777 3437 3845 exceptis

1852 3867 2099 3931 duobus,
2133 3884 2150 3916 ι
2204 3875 2348 3932 etc.;
2398 3882 2460 3921 ac
2516 3868 2709 3921 deinde
2753 3883 2872 3936 pag.
2924 3864 3027 3920 122
3082 3866 3153 3919 ita
3209 3865 3373 3919 ltaftt
3420 3881 3434 3918 :

1859 3978 1875 4008 ι
1919 3959 2175 4025 Quamvis
2225 3958 2426 4011 nullam
2484 3974 2512 4010 a
2564 3959 2819 4029 praedicto
2873 3956 3118 4012 Manasse
3170 3965 3223 4011 et
3276 3957 3440 4010 sociis

1855 4069 2136 4123 speremus
2184 4056 2604 4121 accusationem,
2657 4069 2723 4109 eo
2772 4053 2914 4123 quod
2969 4053 3090 4124 ipsi,
3139 4053 3241 4107 nisi
3300 4052 3438 4106 forte

1855 4145 2012 4215 hujus
2033 4146 2245 4200 concilii
2279 4148 2564 4201 occasione
2591 4146 2657 4200 ad
2686 4146 2946 4200 vomitum
2976 4145 3221 4208 redeunt,
3256 4145 3438 4196 nohis-

1853 4252 1973 4290 cutn
2032 4236 2278 4291 fecerunt
2329 4237 2633 4291 concordia:
2681 4234 3147 4305 compositionem,
3195 4234 3438 4300 exceptis

1856 4328 2085 4392 duobus,
2119 4338 2178 4381 ut
2222 4329 2354 4394 dixi,
2406 4328 2656 4383 Brunone
2702 4339 2754 4382 et
2795 4326 3009 4387 Pontio,
3059 4324 3253 4394 quibus
3281 4324 3435 4390 juxta

1856 4418 2247 4486 praecedentem
2308 4419 2573 4473 rationem
2620 4417 2949 4486 reSpondere
2997 4426 3098 4476 nec
3146 4412 3285 4476 volo,
3338 4428 3437 4467 nec

223 4511 344 4566 sociis
388 4513 500 4568 suis
547 4511 895 4566 concordiam
949 4509 1197 4573 fecimus,
1230 4508 1471 4578 exceptis
1517 4506 1745 4567 duobus,
1784 4520 1827 4576 ι)
1857 4510 2045 4565 debeo.
2072 4511 2138 4565 Et
2161 4512 2205 4565 si
2251 4512 2415 4581 aliqui
2442 4526 2507 4565 ex
2540 4511 2640 4574 eis,
2664 4524 2801 4579 quos
2828 4508 3161 4562 concordare
3192 4520 3288 4574 per
3321 4504 3437 4557 ala-

222 4613 400 4664 quorum
447 4618 609 4667 unus,
655 4601 864 4657 scilicet
908 4601 1106 4665 Bruno,
1150 4616 1249 4655 nec
1285 4609 1468 4654 noster
1497 4597 1745 4660 clericus,

225 4706 296 4745 nec
318 4705 485 4752 noster
510 4708 669 4750 natus
703 4706 796 4749 aut
838 4705 1057 4751 renatus
1098 4705 1202 4760 est,
1234 4695 1325 4749 sed
1362 4694 1533 4749 sancti
1578 4694 1745 4748 Cuni-

227 4780 329 4836 berti
368 4784 725 4850 Coloniensis,
778 4786 831 4839 in
885 4800 1051 4853 regno
1094 4784 1511 4838 Teutonicorum
1564 4783 1747 4852 positi,

227 4875 466 4932 canonicos
519 4887 639 4942 est;
696 4874 848 4944 cujus
897 4876 1208 4931 societatem
1266 4890 1371 4930 non
1427 4889 1752 4945 magnopere

230 4962 512 5033 affectamus,
539 4976 723 5037 utpote
753 4967 819 5021 de
842 4963 993 5033 cujus
1019 4966 1128 5020 vita
1162 4975 1216 5019 et
1252 4965 1499 5019 libertate
1541 4965 1752 5032 penitus

232 5053 524 5122 ignoramus;
572 5068 627 5112 et
658 5057 809 5125 quia,
839 5060 1053 5127 quando
1092 5058 1231 5127 apud
1276 5070 1373 5110 nos
1406 5053 1528 5121 fuit,
1571 5054 1754 5107 multis

235 5143 455 5202 beneﬁciis
481 5163 509 5200 a
542 5148 699 5202 nobis
729 5148 780 5201 in
828 5163 948 5201 eum
977 5149 1211 5214 collatis,
1242 5148 1380 5201 male
1426 5158 1480 5202 et
1508 5145 1755 5215 nequiter

235 5237 397 5289 tractati
434 5253 642 5291 sumus.
676 5237 826 5291 Alter
857 5253 1005 5301 vero,
1055 5239 1105 5294 id
1145 5248 1247 5302 est,
1279 5237 1524 5302 Pontius,
1554 5236 1607 5290 in
1649 5234 1757 5289 Ro-

237 5338 354 5382 mano
389 5329 635 5393 concilio,
670 5328 825 5382 nobis
865 5329 1238 5397 praesentibus,
1282 5341 1364 5383 est
1409 5327 1661 5391 falsatus;
1703 5336 1756 5381 et

238 5410 429 5473 ideonec
472 5420 584 5485 uni,
612 5433 712 5472 nec
741 5418 894 5473 alteri
938 5420 989 5475 in
1032 5419 1627 5489 ccclesiasticojudicio
1667 5435 1754 5474 re-

240 5510 444 5570 spondere
471 5523 561 5565 aut
589 5512 840 5567 volumus
866 5522 952 5565 aut
981 5511 1269 5577 debemus;
1318 5532 1335 5563 ι
1369 5514 1420 5565 itt
1448 5512 1549 5565 bac
1577 5520 1756 5566 autem

242 5595 507 5667 conjectura,
540 5602 715 5674 magis
779 5601 1294 5692 adlmcoconfirtnor
1342 5619 1407 5656 ex
1456 5617 1541 5669 eo,
1592 5604 1754 5672 quod,

245 5694 405 5751 quando
429 5706 543 5764 post
583 5694 827 5765 pontiﬁci
860 5693 1076 5762 placuit,
1111 5705 1167 5749 ut
1190 5712 1331 5751 anno
1360 5695 1491 5750 {080
1517 5695 1758 5765 Lugduni

247 5783 468 5841 cancilium
496 5790 562 5844 ad
585 5786 987 5843 discutiendam
1014 5788 1469 5853 decidendamque
1500 5789 1761 5843 Manassis

1853 4620 2026 4660 nassae
2064 4605 2385 4673 legationem
2423 4603 2678 4668 diximus,
2729 4600 2874 4665 illuc,
2908 4608 3063 4670 rupta
3116 4614 3266 4669 pace,
3308 4614 3436 4666 pru-

1855 4694 1976 4747 t'ecti
2019 4703 2169 4757 sunt,
2215 4703 2270 4747 et
2313 4703 2503 4748 contra
2551 4709 2652 4749 nos
2699 4692 2970 4762 quidpiam
3012 4691 3192 4746 dicere
3231 4690 3436 4752 volunt,

1856 4784 2221 4852 recipiendum
2254 4799 2359 4839 non
2390 4795 2491 4840 est.
2533 4805 2551 4837 ι

1927 4875 2048 4929 159.
2078 4876 2141 4931 Ει
2177 4878 2290 4932 haec
2329 4878 2544 4947 quidem
2592 4877 2856 4933 Manassis
2878 4876 3148 4948 przepositi
3173 4889 3296 4928 cum
3329 4871 3441 4925 Ma-

1857 4983 2017 5023 nasse
2064 4969 2469 5039 archiepiscopo
2519 4970 2585 5025 de
2613 4984 2744 5039 pace
2797 4970 3032 5032 collatio,
3089 4976 3273 5036 utpote
3321 4976 3443 5034 post

1858 5060 2164 5129 epistolam,
2196 5076 2224 5113 a
2256 5059 2514 5129 Gregorio
2554 5061 2620 5114 ad
2654 5060 2899 5114 Diensem
2929 5059 3237 5128 episc0pum
3280 5057 3444 5109 unde.

1857 5153 1998 5208 cimo
2048 5152 2317 5207 Kalendas
2371 5152 2707 5222 Septetnhris
2763 5168 2902 5206 anno
2966 5149 3102 5204 1078
3162 5147 3438 5217 scriptam,

1860 5244 2061 5306 habita,
2090 5244 2170 5297 vel
2204 5244 2316 5313 ipso
2362 5244 2462 5298 hoe
2492 5259 2634 5296 anno
2675 5242 2756 5297 vel
2802 5243 2953 5297 initio
2979 5241 3253 5311 sequentis
3295 5253 3443 5290 vern-

1860 5336 2128 5390 similline
2168 5335 2379 5399 evenit;
2429 5346 2514 5389 ast
2543 5351 2609 5388 an
2643 5344 2769 5388 tunc
2812 5342 3007 5402 praeter
3038 5333 3339 5386 lirnnonem
3389 5339 3446 5381 et

1862 5428 2108 5482 Pontium
2157 5443 2347 5483 omnes
2382 5427 2677 5482 Remenses
2720 5426 2923 5489 clerici,
2949 5438 3069 5478 cum
3103 5423 3293 5478 borum
3342 5435 3442 5475 no-

1863 5518 2005 5571 mine
2051 5517 2327 5573 blanasses
2370 5517 2689 5587 praepositus
2724 5533 2847 5571 cum
2893 5514 3140 5569 Manasse
3170 5512 3443 5592 archiepi—

1862 5623 2024 5677 scopo
2077 5625 2263 5679 pacem
2302 5609 2534 5671 iuiisset,
2568 5608 2764 5662 Remos
2815 5606 3037 5676 pariter,
3086 5606 3160 5660 uti
3209 5603 3300 5659 ille
3330 5604 3442 5673 jam

1863 5698 2092 5765 fecerat,
2120 5701 2398 5765 redierint,
2444 5709 2778 5767 compertum
2827 5714 2929 5751 non
2960 5697 3150 5752 habeo.
3186 5696 3447 5752 Dubitare

1867 5790 2077 5845 interim
2111 5792 2210 5845 hac
2236 5792 2297 5845 de
2328 5808 2384 5843 re
2416 5790 2639 5843 multum
2669 5804 2752 5842 me
2788 5789 2911 5843 facit
2942 5790 3182 5858 proxime
3206 5788 3442 5847 laudata,
