3862 6310
506 399 583 452 85
1307 397 1363 453 S.
1401 398 1745 457 BRUNONIS
1782 398 2420 457 CAltTHUSIANORUM
2451 396 2937 455 l‘NSTlTU'lOlllS

3606 402 3718 454 ,8l

490 528 651 581 quam
683 510 975 582 Gregorius
1024 511 1091 565 ad
1132 511 1432 566 Mauassem
1486 512 1967 581 archiepiscopum,
2002 512 2052 563 in
2084 522 2127 577 Α
2153 522 2208 565 et
2232 512 2368 582 fuga:
2393 521 2445 567 et
2475 511 2817 568 conscientia:
2839 511 3127 576 scelerum,
3153 527 3254 565 non
3282 513 3544 567 exactioni
3565 511 3717 581 justi-

486 601 715 658 eoncilio
753 601 1093 670 Lugdunensi
1126 617 1268 657 anno
1309 601 1446 657 1080
1482 600 2051 670 jam.exauctoratum,

486 692 722 761 scripsit,
753 691 999 762 epistola.
1030 691 1085 745 lu
1111 692 1210 747 hac
1228 692 1369 747 enim
1395 692 1624 747 Manassi
1653 692 2054 760 archiepiscopo

483 784 777 854 Gregorius
805 784 1128 854 praescribit,
1154 793 1215 839 ut
1239 784 1527 839 clericos...
1554 783 1866 854 (Remenscs
1908 782 2055 836 νωθ-

485 872 636 938 licet,
666 888 801 943 quos
844 872 1119 928 Manasses
1161 873 1419 943 improbis
1454 873 1567 927 suis
1592 871 1830 926 moribus
1856 870 2054 925 Remos

484 962 789 1031 relinquere
817 965 1097 1033 coegerat)
1119 982 1145 1013 «ν
1168 964 1257 1033 qui
1284 970 1431 1017 tanto
1457 971 1695 1029 tempore
1729 975 1825 1029 pro
1843 957 2052 1027 justitia

488 1051 739 1131 exsiﬁum
788 1052 933 1121 passi
980 1061 1125 1115 sunt,
1178 1050 1230 1104 in
1258 1050 1479 1105 ecclesia
1509 1064 1697 1103 secure
1720 1049 1831 1104 Deo
1849 1048 2055 1102 servire

483 1145 776 1214 permittat.
811 1163 834 1196 ι
869 1144 938 1200 Ut
968 1154 1024 1198 ut
1049 1145 1137 1206 sit,
1163 1159 1228 1198 ex
1257 1151 1547 1197 memorata
1572 1155 1724 1212 pace,
1754 1155 1913 1209 quam
1938 1138 2051 1193 Ma-

484 1251 674 1291 nasses
720 1236 1035 1305 prmpositus
1092 1234 1286 1303 aliique
1334 1231 1628 1288 Itemenses
1693 1230 1875 1285 clerici
1930 1244 2053 1283 cum

486 1324 732 1382 Manasse
791 1325 1193 1392 archiepiscopo
1243 1321 1504 1387 inierant,
1562 1320 1765 1374 factum
1825 1318 2053 1388 coniicio

482 1423 543 1467 ut
607 1414 787 1468 Bruno
826 1423 881 1468 et
924 1410 1167 1476 Pontius,
1227 1409 1370 1479 quod
1420 1410 1472 1463 in
1523 1422 1668 1475 eam,
1711 1417 1772 1462 ut
1828 1407 2053 1462 recitata

482 1520 632 1559 nam.
668 1505 767 1558 157
794 1519 824 1558 e
850 1502 1111 1557 Manassis
1152 1499 1412 1571 Apologia
1433 1500 1594 1554 verba
1639 1498 1797 1553 ﬁdem
1826 1497 2049 1562 faciunt,

483 1595 791 1649 consentire
812 1593 1116 1655 noluerant,
1146 1607 1178 1646 a
1206 1591 1453 1645 Manasse
1495 1590 1781 1659 prmposito
1807 1588 2052 1658 reliquis-

483 1699 587 1751 que
618 1682 976 1737 Remensibus
998 1680 1236 1744 clericis,
1264 1679 1389 1734 huic
1420 1670 1904 1744 consentientibus,
1931 1692 2053 1733 sese
2090 1732 2093 1739 ,

480 1773 833 1844 sejunxerint,
885 1772 1099 1839 alioque
1146 1769 1550 1832 concesserint,
1601 1768 1835 1822 maxime
1888 1768 2047 1833 forte,

2158 604 2245 657 tia:
2279 612 2334 658 et
2361 603 2633 672 :equitatis
2665 618 2693 656 a
2740 602 2980 670 pluribus
3008 601 3376 669 adscribatur;
3438 624 3457 654 ι
3506 619 3573 659 ex
3621 605 3719 660 hac

2157 703 2333 747 autem
2364 693 2431 747 ad
2458 692 2757 747 Manassem
2793 691 3038 762 epistola,
3062 708 3183 746 cum
3225 691 3449 762 Hugone
3474 695 3650 749 Diensi
3689 714 3719 749 a

2156 782 2415 837 Pontifice
2441 782 2859 846 communicata,
2890 792 2945 835 et
2977 798 3044 836 ex
3074 781 3242 835 altera
3276 783 3520 851 proxime
3558 783 3717 847 dictat,

2154 889 2316 942 quam
2364 875 2455 930 hic
2500 875 2567 929 ad
2618 874 2906 944 ipsummct
2958 872 3234 943 Hugonem
3264 872 3429 939 dedit,
3479 871 3719 929 Historia:

2104 991 2108 994 ε
2156 963 2431 1019 litterariae
2455 964 2698 1019 Francia:
2748 964 3039 1033 scriptores
3095 972 3226 1018 tom.
3286 962 3417 1030 Vlll,
3451 980 3572 1034 pag.
3619 964 3720 1020 655

2155 1052 2357 1109 factum
2406 1055 2765 1124 suspicantur,
2825 1063 2881 1107 ut
2930 1053 3083 1123 llugo
3134 1054 3444 1119 concilium,
3494 1056 3645 1124 cujus
3690 1072 3720 1108 a

2155 1140 2399 1197 Manasse
2429 1143 2481 1195 in
2519 1141 2776 1212 Apologia
2806 1156 2901 1195 sua
2939 1141 3079 1210 apud
3124 1140 3491 1195 Mabillonium
3534 1141 3720 1213 Operis

2149 1228 2262 1296 jam
2289 1230 2484 1298 saepius
2512 1230 2632 1297 cit.,
2663 1245 2786 1298 pag.
2817 1228 2918 1283 120
2953 1229 3156 1284 mentio
3184 1230 3259 1296 fit,
3291 1229 3478 1285 Trecis
3518 1232 3720 1286 haben-

2154 1319 2279 1371 dum
2320 1317 2593 1372 indixerit.
2622 1318 2688 1372 Et
2722 1332 2850 1373 sane
2894 1330 2959 1371 ex
2988 1317 3187 1382 verbis,
3219 1333 3250 1371 e
3289 1318 3455 1386 priori
3497 1320 3720 1390 epistola

2146 1407 2257 1477 jam
2308 1410 2568 1476 recitatis,
2618 1420 2721 1475 est,
2775 1427 2871 1465 cur
2918 1411 2971 1466 id
3018 1427 3125 1466 non
3169 1411 3438 1467 inunerito
3466 1414 3721 1483 suspicati

2153 1510 2354 1569 queant
2401 1500 2593 1555 videri.
2639 1500 2859 1565 Verum,
2889 1511 3181 1571 utcumque
3224 1517 3311 1556 res
3348 1503 3462 1558 haec
3503 1504 3722 1568 habeat,

2153 1590 2441 1645 concilium
2474 1589 2722 1660 equidem
2769 1591 2955 1646 Trecis
2997 1591 3255 1646 indictum
3286 1592 3469 1663 (quam
3509 1593 3579 1649 ob
3602 1606 3725 1649 cau-

2154 1696 2291 1745 sam,
2320 1680 2532 1752 ignoro)
2567 1680 2741 1735 locum
2777 1696 2882 1735 non
2916 1682 3128 1735 habuit.

2225 1773 2344 1826 112.
2372 1774 2469 1827 Ast
2518 1788 2646 1829 cum
2691 1773 2745 1827 id
2792 1772 3083 1843 Gregorius
3128 1773 3377 1829 Pontifex
3426 1773 3722 1837 didicisset,

477 1865 621 1936 quod
669 1864 871 1919 Ebalus
923 1875 1127 1924 comes,
1175 1861 1273 1915 sub
1328 1860 1481 1931 cujus
1534 1859 1777 1914 clientela
1814 1858 2047 1914 .[leciaei
2082 1854 2125 1913 li
2153 1862 2362 1931 llugoui
2393 1862 2571 1933 legato
2599 1881 2718 1932 suo,
2748 1876 2803 1920 ut
2828 1865 2953 1920 alibi
2982 1865 3046 1919 ad
3077 1866 3425 1921 decidendam
3465 1866 3726 1921 Manassae

446 1963 654 2023 genam,
686 1968 874 2024 pacem
900 1952 1064 2009 etiam
1094 1967 1216 2007 cum
1261 1950 1508 2009 Manasse
1539 1959 1666 2007 tunc
1710 1949 1940 2017 iniisset,
1970 1948 2049 2004 uti

445 2048 741 2117 ,suspicari
771 2061 857 2102 me
900 2045 1027 2100 facit
1077 2045 1321 2116 cpistola,
1373 2060 1403 2101 a
1449 2045 1709 2116 Gregorio
1754 2060 1892 2114 papa
1941 2043 2048 2113 (adi

444 2138 455 2145 ”
477 2137 751 2190 Lahbeum
784 2145 912 2190 tom.
946 2134 995 2189 Χ
1022 2135 1406 2201 Conciliorum,
1439 2136 1543 2189 col.
1568 2134 1694 2206 9.65)
1727 2150 1868 2189 anno
1914 2132 2049 2187 l080

477 2226 545 2277 ad
579 2221 802 2279 Ehalum
831 2225 1059 2295 scripta,
1104 2226 1157 2279 itt
1189 2241 1292 2294 qua
1325 2225 1450 2279 huic
1472 2225 1559 2279 ille
1603 2226 1850 2294 imperat,
1884 2235 1942 2277 ut
1971 2246 1988 2275 ι
2019 2242 2047 2277 a

477 2322 732 2384 pestilera
765 2320 1006 2377 amicitia
1028 2320 1171 2376 illius
1206 2318 1489 2388 (Manassis
1535 2328 1645 2375 tum
1694 2318 2047 2390 exauctorati)

476 2410 671 2467 amodo
698 2426 756 2467 se
783 2411 1045 2467 retrahat.
1087 2432 1107 2465 ι

547 2501 668 2557 MO.
700 2502 766 2557 Et
799 2504 1103 2560 Brunonem
1152 2504 1367 2572 quidem
1400 2503 1486 2573 (de
1508 2502 1705 2558 Pontio
1746 2502 1888 2556 enim
1919 2501 2051 2555 nihil

478 2594 567 2646 hic
591 2594 784 2648 attinet
809 2594 1008 2665 dicere)
1034 2593 1264 2650 Reciaco
1293 2594 1568 2650 Coloniam
1596 2604 1720 2648 tunc
1746 2592 2048 2663 repetiisse,

474 2684 657 2753 ibique
697 2684 752 2739 in
799 2684 857 2739 S.
886 2683 1417 2741 Cuniberti'ecclesia
1446 2684 1721 2739 canonicis
1756 2683 1924 2738 fuisse
1957 2683 2051 2736 ad-

478 2778 763 2844 scriptum,
791 2777 1075 2841 veropmihi
1102 2778 1388 2832 admodum
1419 2777 1595 2832 simile
1637 2784 1879 2846 apparet,
1910 2776 2049 2844 quod

474 2865 531 2919 in
556 2865 821 2935 Apologia
841 2867 1136 2936 smpissime
1156 2867 1267 2935 jam
1302 2867 1516 2921 laudata
1541 2908 1555 2933 ,
1581 2883 1741 2936 quam
1775 2865 2048 2919 Manasses

476 2953 916 3025 archiepiscupus
945 2971 1086 3010 anno
1114 2957 1249 3012 1080
1286 2968 1379 3012 aut
1407 2967 1552 3013 certe
1600 2958 1699 3013 sub
1743 2956 2049 3025 praeceden-

475 3042 545 3096 tis
572 3041 732 3096 linem
765 3044 999 3113 scripsit,
1034 3046 1416 3101 Cunibertinus
1444 3048 1736 3101 cauonicus
1776 3046 2047 3100 exstitisse

474 3131 685 3186 dicatur
739 3133 819 3188 his
849 3134 1029 3190 verbis
1079 3153 1091 3187 :
1131 3155 1148 3186 ι
1199 3136 1380 3191 Bruno
1431 3150 1532 3192 nec
1566 3145 1751 3191 noster
1796 3134 2044 3199 clericus,

476 3238 577 3276 nec
604 3231 791 3277 noster
830 3233 991 3279 natus
1020 3235 1112 3279 aut
1143 3237 1358 3281 renatus
1398 3236 1502 3289 est,
1549 3227 1642 3280 sed
1671 3226 1843 3279 sancti
1886 3225 2044 3278 Cuni-

474 3313 615 3367 berti
680 3314 1017 3371 Coloniensis
1078 3318 1129 3370 in
1187 3334 1350 3389 regno
1406 3317 1822 3372 'l‘eutouicorunt
1889 3318 2048 3385 ρο.ιὶιὶ

475 3403 771 3459 canonicus
798 3415 899 3459 est.
934 3424 953 3457 ι
985 3408 1113 3471 Qua:
1135 3408 1318 3473 verba,
1349 3416 1404 3460 ut
1431 3407 1460 3477 ᾗ
1494 3407 1555 3460 lll
1583 3406 1756 3471 docui,
1794 3407 1866 3461 ita
1897 3422 2049 3461 vero-

477 3496 708 3549 similius
757 3497 1066 3566 accipienda
1120 3507 1264 3562 sunt,
1315 3508 1371 3551 ut
1415 3500 1735 3568 significent,
1792 3498 2047 3554 Sanctum

478 3597 625 3650 tum,
648 3587 705 3641 id
729 3596 829 3647 est,
886 3604 1026 3641 anno
1082 3588 1215 3643 l079
1260 3599 1354 3643 aut
1396 3591 1673 3659 sequentis
1722 3590 1896 3654 initio,
1926 3605 2047 3645 cum

478 3677 594 3730 ltzec
618 3674 890 3730 Manasses
916 3678 1149 3747 scripsit,
1181 3678 1542 3735 Cunibertina:
1562 3680 1807 3735 ecclesia:
1829 3681 2047 3735 canoni-

478 3783 600 3820 cum
645 3767 833 3824 fuisse.
872 3768 1087 3836 Verum,
1119 3772 1227 3825 etsi
1260 3787 1347 3826 res
1377 3772 1457 3826 ita
1482 3773 1758 3838 haberent,
1788 3773 2043 3828 Sanctus-

473 3870 579 3921 que
611 3854 745 3909 adeo
788 3856 843 3909 in
888 3854 1078 3910 Galliis
1119 3872 1223 3909 non
1266 3857 1495 3926 amplius
1537 3868 1866 3926 versaretur,
1892 3875 1920 3912 a
1955 3860 2047 3915 lite

474 3954 676 4008 tamen,
702 3960 863 4016 quam
892 3945 1140 4010 Mauazsi,
1170 3946 1481 4004 Sintoniaco
1512 3951 1767 4015 antistiti,
1792 3967 1896 4005 una
1922 3967 2041 4005 cum

473 4036 595 4091 aliis
640 4036 998 4093 Remensibus
1042 4040 1256 4095 clericis
1303 4041 1618 4105 iutentarat,
1664 4059 1768 4096 non
1816 4044 2042 4099 destitit.

476 4127 584 4182 Res
627 4144 690 4181 ex
726 4130 885 4182 modo
914 4131 1156 4184 dicendis
1201 4142 1456 4200 patescel.
1488 4133 1756 4197 Pontifex,
1788 4145 1843 4188 ut
1884 4150 2041 4203 supra

473 4221 730 4288 vidimus,
768 4219 976 4290 llugoui
1023 4222 1205 4276 Diensi
1237 4239 1380 4277 anno
1430 4225 1567 4278 1078
1614 4224 1898 4278 undecimo
1940 4225 2043 4280 Ka-

471 4308 657 4366 lendas
684 4311 1014 4382 Septembris
1040 4326 1132 4366 seu
1161 4328 1274 4375 xxu
1304 4314 1529 4382 Augusti
1560 4315 1611 4367 in
1656 4315 1924 4370 mandatis
1952 4317 2044 4370 de-

471 4403 643 4467 derat,
680 4415 738 4458 ut
764 4406 1019 4474 querelis,
1044 4422 1072 4459 a
1100 4406 1348 4461 blanasse
1368 4406 1620 4462 Remensi
1641 4409 2045 4479 archiepisc0po

2151 1954 2540 2025 archiepiscopi
2570 1971 2788 2011 causam
2812 1956 3098 2011 concilium
3122 1957 3447 2021 celebraret,
3473 1956 3727 2025 iniunxit.

2150 2037 2410 2115 Epistola,
2439 2062 2545 2115 qua
2575 2046 2625 2099 id
2650 2046 2796 2106 fecit,
2831 2047 2969 2115 apud
2998 2046 3269 2100 Labbcnm
3317 2056 3447 2100 tom.
3479 2046 3501 2099 ι
3526 2046 3729 2100 Biblio-

2152 2136 2320 2189 theca!
2361 2136 2520 2191 Nova:
2569 2152 2699 2191 mss.
2751 2136 3019 2192 Chronico
3073 2136 3397 2191 Virduneusi
3450 2152 3571 2206 pag.
3618 2135 3727 2189 205

2151 2237 2325 2282 exstat
2350 2229 2571 2291 inserta,
2611 2227 2849 2295 hachue,
2883 2241 3002 2295 qua:
3024 2227 3090 2281 ad
3119 2237 3360 2281 nostrum
3391 2228 3477 2281 hic
3504 2227 3727 2280 institu-

2154 2326 2263 2370 tum
2289 2318 2555 2386 praecipue
2580 2325 2847 2385 spectant,
2881 2317 3042 2370 verba
3072 2316 3485 2386 complectitur:
3527 2336 3546 2367 ι
3586 2316 3728 2383 Quia

2152 2422 2279 2463 vero
2335 2408 2389 2462 in
2451 2407 2695 2477 partibus
2746 2406 3116 2476 pramrdinatis
3173 2406 3402 2474 (Trecis
3427 2406 3730 2475 nimirum)

2152 2496 2437 2551 concilium
2489 2496 2765 2550 celebrare
2810 2511 2915 2549 non
2960 2496 3208 2565 potuistis
3253 2496 3477 2560 utiliter,
3506 2513 3730 2566 compe-

2156 2595 2273 2639 tens
2308 2585 2655 2649 arbitramur,
2687 2593 2745 2639 ut
2794 2593 2975 2653 aptum
3004 2584 3180 2639 locum
3228 2585 3502 2656 diligentia
3546 2596 3737 2640 vestra

2153 2677 2413 2742 inveniat,
2447 2676 2555 2738 ubi,
2590 2676 2793 2747 synodo
2823 2686 3172 2747 congregata,
3232 2676 3517 2731 Bernensis
3545 2678 3731 2731 archi-

2152 2768 2389 2836 episcopi
2442 2784 2607 2822 causa
2656 2769 3017 2823 cxaminetur.
3061 2768 3127 2821 Et
3168 2769 3420 2836 quidem,
3470 2771 3513 2824 si
3545 2770 3728 2825 idonei

2151 2869 2496 2914 accusatores
2524 2868 2580 2913 et
2603 2868 2765 2913 testes
2804 2859 3007 2913 inventi
3044 2858 3269 2924 fuerint,
3298 2860 3439 2928 quod
3467 2859 3735 2929 obiicitur

2149 2953 2221 3016 ei,
2252 2952 2510 3006 canonice
2538 2952 2971 3021 comprobantes,
2999 2967 3160 3021 quam
3182 2952 3389 3022 justitia
3415 2953 3730 3017 dictaverit,

2153 3044 2477 3100 sententiam
2523 3045 2653 3098 dare
2695 3045 2899 3113 absque
2940 3044 3278 3099 haesitatione
3317 3060 3411 3100 vos
3452 3044 3730 3099 volumus.

2150 3135 2400 3204 Alioquin
2430 3135 2473 3191 si
2507 3135 2641 3190 tales
2671 3150 2915 3205 persona:
2939 3134 3161 3199 fuerint,
3198 3152 3318 3205 quae
3362 3137 3529 3205 recipi
3560 3137 3731 3191 ratio—

2152 3227 2400 3282 nabiliter
2442 3235 2729 3296 nequeant,
2758 3227 3011 3295 quoniam
3057 3227 3231 3297 turpis
3256 3229 3319 3283 de
3345 3243 3411 3283 eo
3437 3228 3575 3281 fama
3615 3244 3731 3281 non

2152 3315 2323 3371 solum
2370 3314 2617 3377 Galliam,
2667 3330 2851 3369 verum
2900 3316 3062 3370 etiam
3116 3318 3228 3372 fere
3275 3326 3440 3372 totam
3496 3318 3731 3386 replevit

2150 3402 2376 3470 Italiam,
2427 3420 2523 3458 sex
2570 3404 2861 3474 episcopis,
2910 3421 3137 3475 quorum
3194 3409 3299 3461 vita
3348 3424 3453 3462 non
3504 3417 3733 3461 notetur

2152 3493 2394 3556 infamia,
2420 3496 2711 3565 assumptis
2735 3496 2858 3560 sibi,
2889 3496 2932 3550 si
2961 3507 3159 3567 potest,
3191 3508 3405 3552 excuset
3444 3511 3523 3563 se,
3554 3507 3610 3552 ct
3646 3500 3734 3551 sic

2150 3596 2426 3656 purgatus,
2459 3601 2580 3640 cum
2609 3602 2741 3655 pace
2770 3587 2820 3640 itt
2850 3586 3078 3641 ecclesia
3103 3603 3196 3641 sua
3222 3599 3273 3642 et
3303 3588 3518 3657 pmpria
3549 3588 3734 3656 digni-

2153 3685 2256 3730 tate
2288 3687 2582 3731 remaneat.
2634 3696 2653 3728 ι
2698 3676 2849 3748 Hugo
2893 3678 3121 3747 legatus,
3166 3678 3412 3747 cpistola,
3458 3694 3561 3747 qua
3609 3687 3733 3731 tum

2150 3768 2289 3829 haec,
2312 3776 2425 3819 tum
2456 3766 2561 3819 alia
2604 3765 2850 3819 Pontifex
2896 3767 3263 3835 praecipiebat,
3304 3777 3543 3836 accepta,
3587 3782 3731 3820 con-

2149 3858 2349 3920 cilium,
2379 3857 2575 3923 utloco
2599 3858 2691 3912 cit.
2726 3857 3030 3913 Chronieon
3064 3857 3403 3913 Virdunense
3441 3873 3533 3911 seu
3567 3857 3735 3927 [Iugo

2147 3948 2567 4004 Flaviniacensis
2598 3949 2755 4017 hujus
2794 3960 3001 4016 auctor,
3037 3952 3111 4006 rei
3154 3961 3316 4022 gesta:
3360 3951 3733 4021 syuchronus,

2151 4051 2399 4107 testatur,
2446 4042 2690 4113 Lugduni
2737 4043 2949 4107 indixit,
2995 4052 3154 4110 atque
3190 4044 3257 4097 ad
3301 4042 3353 4097 id
3394 4042 3731 4107 Manassem,

2149 4133 2467 4188 Remenscm
2490 4133 2974 4203 archiepiscopum,
3000 4134 3206 4189 citavit.

2222 4223 2342 4276 145.
2384 4222 2579 4277 Verum
2613 4224 2721 4287 hic,
2766 4225 2855 4293 qui
2895 4224 3007 4294 jam
3047 4225 3333 4279 celebratis
3374 4225 3727 4295 Augustodu-

2148 4318 2297 4370 ncusi
2330 4327 2382 4369 et
2425 4317 2745 4371 Pictariensi
2777 4320 3020 4374 conciliis
3047 4334 3165 4372 sese
3211 4320 3403 4373 sistere
3451 4317 3736 4377 noluerat,

2147 4423 2244 4461 uec
2273 4410 2338 4460 ad
2371 4408 2611 4477 Lugduni
2653 4410 2960 4477 propediem
2999 4408 3378 4463 celebrandum
3422 4407 3589 4461 voluit
3636 4427 3735 4462 ac-

474 4495 541 4548 ad
575 4510 633 4549 se
679 4495 888 4559 delatis,
938 4507 1277 4565 occurreret,
1302 4512 1554 4567 eumque,
1603 4498 1649 4553 si
1698 4497 1841 4553 dicto
1888 4500 2038 4555 obse-
2076 4525 2120 4579 ι)
2147 4500 2500 4565 cedere;cunt
2525 4513 2726 4565 autem,
2754 4512 2989 4569 utsnpra
3012 4501 3314 4564 docuimus,
3335 4510 3490 4553 antea
3513 4500 3739 4563 Romae,

470 4603 642 4655 quens
668 4598 831 4652 esset,
869 4588 1166 4657 adjuvaret.

544 4676 667 4730 HI.
701 4677 953 4745 Epismlne
975 4690 1172 4744 autem,
1207 4696 1311 4750 qua
1340 4682 1440 4735 hoc
1475 4679 1680 4751 Hugoni
1711 4680 2038 4752 iujungebat,

472 4767 774 4831 addiderat,
804 4769 878 4821 uti
928 4769 1154 4838 ipsemet
1197 4774 1248 4823 in
1286 4771 1385 4824 hac
1412 4782 1532 4839 post
1568 4772 1730 4827 verba
1763 4789 1908 4826 num.
1942 4773 2043 4827 156

471 4859 577 4912 huc
607 4858 927 4927 transcripta
959 4869 1207 4920 testatur,
1236 4861 1513 4930 exemplar
1534 4861 1772 4931 epistola:
1799 4862 2039 4925 alterius,

468 4950 536 5004 ad
567 4949 868 5004 Manassem
905 4950 1138 5019 scripue,
1182 4950 1235 5004 in
1270 4965 1377 5019 qua
1421 4951 1582 5016 hunc,
1611 4950 1732 5005 aliis
1770 4952 2043 5006 nonnullis

466 5040 781 5110 praemissis,
832 5042 907 5095 ita
958 5040 1171 5095 tandem
1223 5040 1556 5109 alloquitur:
1592 5060 1611 5091 ι
1649 5040 1865 5095 interim
1918 5042 2043 5095 dile.

468 5132 700 5186 stionem
734 5141 968 5186 vestram
1019 5148 1085 5185 ex
1115 5139 1270 5199 parte
1313 5130 1454 5185 beati
1485 5129 1863 5199 Apostolorum
1895 5131 2037 5199 prin-

466 5222 601 5292 cipis
660 5220 803 5277 Petri
850 5222 1224 5288 admouemus,
1273 5230 1348 5288 ut,
1394 5222 1843 5290 quemadmodum
1891 5223 2041 5275 vobis

464 5314 648 5368 Roma:
678 5314 870 5383 positis
919 5313 1318 5377 constituimus,
1351 5328 1536 5367 coram
1575 5312 1754 5366 Diensi
1790 5313 2039 5381 episcopo

461 5416 516 5461 et
541 5404 882 5460 Cluniacensi
912 5404 1127 5468 abbate,
1167 5405 1360 5473 quibus
1391 5404 1441 5457 in
1475 5404 1558 5458 his
1594 5405 1763 5458 vicem
1797 5414 2035 5458 nostram

463 5502 867 5565 conuuisimus,
929 5498 1304 5555 occasionibus
1364 5498 1572 5553 cunctis
1628 5497 2035 5564 obstaculisque

460 5596 704 5659 remotis,
750 5608 915 5664 super
967 5592 1193 5660 objectis
1242 5590 1491 5645 omnibus
1539 5590 1657 5645 sitis
1716 5589 2038 5658 respondere

462 5689 659 5757 parati,
690 5688 934 5759 legaliter
977 5686 1314 5750 satisfacere,
1341 5686 1598 5740 canonice
1636 5683 1936 5753 puriﬁcari;
1971 5698 2037 5736 ne

462 5778 511 5832 si
534 5777 674 5835 aliud
703 5796 735 5831 υ.
760 5778 931 5842 vobis,
959 5780 1098 5847 quod
1136 5777 1275 5833 absit
1302 5778 1311 5831 ε
1358 5785 1564 5846 agatur,
1608 5773 2035 5843 tcrgirersationi

2145 4596 2192 4648 si
2232 4596 2444 4662 quando
2484 4596 2548 4647 ad
2587 4595 2875 4649 concilium
2916 4596 2982 4647 de
3003 4594 3319 4649 criminibus
3359 4593 3459 4647 sibi
3492 4592 3744 4660 objectis

2147 4697 2502 4753 responsurus
2541 4702 2570 4737 a
2614 4684 2789 4753 legato
2827 4683 3134 4753 Apostolico
3179 4693 3484 4744 vocaretur,
3521 4697 3647 4736 sese
3680 4686 3743 4737 ei

2146 4776 2544 4842 obsecuturum,
2585 4774 2831 4830 Pontifici
2869 4777 3082 4846 juratus
3119 4774 3479 4845 promisisset,
3525 4774 3745 4830 callide

2146 4869 2210 4920 ad
2253 4869 2414 4933 hunc,
2440 4879 2498 4922 ut
2518 4884 2657 4925 sese.
2683 4869 2822 4937 quod
2844 4868 2908 4922 ad
2930 4868 3191 4921 indictum
3216 4884 3243 4918 a
3268 4866 3442 4935 legato
3473 4866 3745 4935 Lugduni

2144 4956 2433 5011 concilium
2482 4960 2560 5011 ire
2591 4958 2871 5020 abnueret,
2915 4969 3203 5025 utcmuque
3230 4964 3536 5016 excusaret,
3573 4955 3749 5009 dedit

2143 5047 2461 5116 epistolam,
2510 5063 2615 5117 qua
2663 5063 2782 5101 sese
2839 5047 3031 5101 timore
3080 5044 3391 5099 dissidentis
3451 5044 3609 5113 regni
3662 5047 3747 5098 ad

2144 5139 2501 5207 Lugdunense
2543 5135 2851 5203 concilium,
2901 5136 2967 5189 ad
3009 5137 3150 5204 quod
3192 5144 3412 5187 vocatus
3450 5141 3599 5193 erat,
3653 5134 3751 5187 in:

2144 5246 2247 5281 non
2294 5243 2469 5297 posse,
2517 5226 2801 5290 obtendit,
2847 5227 3048 5279 addens
3094 5226 3255 5279 etiam
3313 5241 3451 5281 sese,
3503 5222 3751 5290 quando

2145 5330 2264 5373 tntre
2305 5329 2485 5373 essent
2522 5319 2636 5381 vim,
2665 5319 2888 5371 Romam
2919 5317 3109 5369 iterum
3143 5316 3460 5383 petiturum,
3497 5320 3746 5365 senten-

2145 5411 2381 5478 tiamque
2425 5407 2492 5461 ab
2524 5407 2751 5476 ipsemet
2777 5420 2987 5458 summo
3030 5402 3289 5458 Pontilice
3327 5401 3751 5471 pronunciantc

2142 5515 2263 5551 cum
2296 5497 2442 5550 liliali
2468 5494 2824 5549 submissione
2849 5493 3174 5547 auditurum.
3208 5490 3579 5560 lntelliguntur
3610 5488 3748 5543 fere

2141 5591 2254 5643 haec
2280 5589 2457 5643 omnia
2482 5606 2546 5641 ex
2578 5586 2822 5657 Gregorii
2854 5587 2919 5639 ad
2943 5585 3240 5637 Manasscut
3276 5580 3649 5649 responsoria,
3684 5581 3753 5634 iu

2140 5697 2243 5750 qua
2289 5680 2333 5733 is
2374 5678 2613 5749 pontifex
2656 5677 2794 5745 apud
2822 5677 3092 5730 Labbeum
3124 5683 3250 5727 tom.
3285 5671 3324 5727 Χ
3359 5670 3755 5726 Concilioruiu

2141 5770 2239 5825 col.
2272 5770 2373 5822 9.53
2407 5777 2456 5822 ct
2488 5784 2625 5837 seq,
2668 5767 2788 5820 data
2819 5765 2920 5820 sibi
2966 5782 2992 5817 a
3025 5763 3263 5818 Mauossc
3307 5760 3468 5817 Verba
3497 5759 3755 5814 minima
