3862 6310
155 319 213 374 ss
1648 297 1849 376 acra:
2068 386 2074 393 _
3320 336 3389 393 se

157 431 420 502 accipiens,
450 432 594 486 hisce
629 432 800 498 illum,
833 449 951 502 qua:
983 434 1087 488 huc
1110 436 1446 505 potissimutn
1476 435 1701 500 faciunt,
1732 439 1779 497 Α
1811 434 2013 503 Diensi,
2063 438 2273 492 concilii
2329 438 2571 512 Lugduni
2627 441 2930 497 celebrandi
2982 453 3222 516 tempore
3273 450 3387 520 jam

157 524 332 578 acriter
356 523 594 593 increpat
622 543 636 579 :
680 543 697 575 ι
733 525 1019 581 Immemor
1046 528 1418 597 promissionis
1444 537 1569 594 tuae,
1602 542 1707 597 qua

157 615 317 669 Romae
354 624 404 669 te
445 630 605 685 supra
651 632 849 685 corpus
880 618 1018 672 beati
1063 618 1208 675 Petri
1243 620 1513 691 obligasti,
1545 619 1706 675 aliam

155 706 530 758 excusationem
571 708 840 773 obtendis,
873 709 1065 764 timore
1104 710 1352 766 videlicet
1398 711 1707 766 dissidentis

156 792 283 862 regni
306 793 368 847 ad
399 791 759 859 Lugdunense
783 799 1086 863 concilium,
1117 801 1182 855 ad
1206 803 1348 871 quod
1376 812 1600 858 vocatus
1624 818 1704 867 es,

156 885 313 938 venire
343 902 446 939 nou
478 904 651 955 posse.
695 889 751 943 lu
777 905 881 960 qua
914 906 971 946 re
1009 901 1270 961 quantum
1312 893 1587 949 excusatio
1617 902 1705 948 tua

155 985 297 1042 nutet,
324 974 525 1046 liquido
554 977 694 1033 valet
719 979 1040 1051 perpendi...
1068 1002 1086 1034 ι

214 1108 320 1163 tu.
351 1127 369 1161 ι
401 1108 539 1165 Cum
561 1112 743 1169 omnia
767 1113 867 1170 viae
898 1114 1041 1171 illius
1063 1116 1322 1186 pericula,
1350 1117 1394 1173 si
1420 1133 1525 1189 qua
1554 1126 1701 1184 sunt,

156 1200 409 1255 tutissimis
426 1210 484 1255 et
511 1203 877 1258 securissimis
902 1206 1213 1260 ductoribus
1241 1221 1427 1275 posses
1452 1207 1703 1274 transire,

154 1286 466 1355 Lugduneusi
493 1291 705 1347 scilicet
731 1291 1137 1363 archiepiscopo
1163 1304 1217 1348 et
1244 1293 1567 1365 Lingonensi
1592 1296 1709 1365 epi-

153 1393 307 1447 scopo,
349 1380 438 1449 qui
486 1380 728 1438 fraterna
780 1391 831 1438 te
856 1383 1119 1439 charitate
1147 1391 1461 1452 tractarent,
1489 1394 1545 1441 et
1589 1387 1707 1443 sine

151 1470 271 1524 omni
313 1468 604 1527 formidine
639 1473 708 1528 ad
745 1475 1192 1540 praenominatum
1222 1477 1581 1546 perducerent
1625 1477 1705 1533 lo-

152 1574 312 1613 cum...
343 1560 499 1628 Quod
538 1563 587 1617 si
634 1562 776 1619 forte
802 1565 872 1620 ad
918 1566 1235 1635 praedictum
1263 1567 1551 1623 concilium
1597 1583 1706 1624 non

155 1648 309 1712 iveris,
336 1666 525 1705 aurem
554 1653 752 1709 debitae
773 1656 1092 1713 obedientiae
1115 1660 1275 1714 matri
1308 1668 1412 1715 tua:
1448 1660 1707 1718 Romame

153 1739 389 1807 Ecclesia},
421 1742 515 1798 diu
572 1753 623 1800 te
676 1750 1016 1818 supportanti
1066 1766 1173 1805 non
1227 1751 1605 1820 inclinaveris;
1659 1756 1702 1809 si
1737 1778 1780 1836 Β

151 1830 252 1897 qniJ
280 1840 469 1907 contra
503 1842 558 1889 te
603 1836 816 1893 Diensis
855 1853 977 1894 cum
1020 1855 1284 1897 consensu
1330 1843 1702 1914 religiosorum

152 1924 343 1978 fratrum
385 1938 702 1981 nostrorum
734 1929 926 1997 egerit,
953 1945 1060 1985 non
1084 1931 1256 1987 solum
1284 1935 1607 1990 sententiam
1647 1936 1702 1991 in

152 2022 193 2065 te
228 2014 475 2082 prolatam
524 2033 637 2074 non
675 2019 1105 2089 immutabimus,
1132 2037 1319 2080 verum
1365 2026 1531 2081 etiam
1576 2043 1706 2098 apo-

150 2103 305 2160 stolica
329 2109 658 2164 auctoritate
698 2110 1057 2169 firmabimus.
1097 2115 1249 2183 Quod
1290 2116 1333 2170 si
1377 2117 1702 2174 fraternitati

153 2204 234 2249 tua
255 2196 512 2253 videbitur
539 2200 767 2269 prolatae
796 2205 1078 2259 sententiae
1119 2207 1510 2262 rationabiliter
1546 2224 1704 2279 posse

148 2287 338 2353 obviari,
377 2292 633 2348 volumus
676 2303 728 2350 te
779 2299 950 2367 magis
997 2314 1182 2355 coram
1234 2302 1438 2357 vicario
1489 2314 1700 2368 nostro,

151 2378 293 2461 mensi
316 2384 568 2440 videlicet
586 2387 860 2457 episcopo,
886 2390 1115 2461 aliisque
1151 2393 1418 2465 religiosis
1444 2396 1496 2448 in
1528 2399 1701 2465 patria

149 2468 235 2535 illa,
278 2472 357 2527 ubi
396 2488 786 2533 accusatorum
832 2490 888 2535 et
934 2482 1279 2538 defensorum
1328 2485 1503 2555 major
1547 2489 1701 2558 copia

149 2562 398 2631 invenitur,
418 2570 667 2625 rationes
702 2581 823 2627 tuas
841 2588 1136 2644 exponere,
1162 2590 1325 2645 quam
1348 2576 1575 2632 Romam
1606 2594 1705 2649 per

149 2659 209 2705 tot
224 2653 416 2712 labores
435 2668 493 2715 et
512 2659 883 2729 difﬁcultates,
900 2665 987 2720 ubi
1004 2674 1292 2737 utrumque
1312 2668 1482 2734 deest,
1500 2669 1700 2726 frustra

150 2756 224 2809 spe
251 2743 428 2813 judicii
459 2764 732 2818 quaerere.
761 2751 969 2808 Interea
1012 2754 1408 2813 fraternitatem
1451 2767 1594 2813 tuam
1633 2775 1699 2815 ex

149 2844 270 2898 parte
307 2839 696 2909 omnipotentis
736 2843 828 2899 Dei
855 2860 952 2915 per
978 2848 1356 2904 auctoritatem
1384 2851 1525 2906 beati
1555 2852 1700 2908 Petri

151 2938 407 2993 monemus,
437 2940 523 2997 nt,
548 2932 594 2987 si
631 2943 685 2989 te
711 2934 763 2988 in
805 2936 907 2990 hac
929 2953 1089 2992 causa
1121 2938 1443 3009 culpabilem
1496 2957 1700 3012 cogno-

150 3015 250 3080 scis,
269 3020 436 3087 potius
464 3038 634 3091 quam
658 3025 837 3095 aliquo
861 3028 1108 3083 saeculari
1136 3030 1351 3099 ingenio
1375 3041 1428 3086 te
1446 3046 1701 3087 excusan-

150 3103 247 3160 dum
282 3111 584 3180 existimes,
631 3116 850 3173 studeas
896 3119 1134 3175 animam
1191 3131 1335 3176 tuam
1367 3137 1464 3192 per
1509 3123 1700 3192 dignos
1730 3118 1769 3173 C

150 3203 433 3267 renitentia:
459 3209 678 3265 fructus
704 3210 954 3270 liberare.
984 3235 1001 3265 ι

202 3337 304 3393 115.
338 3338 650 3398 Vehemens
678 3359 808 3399 sane
835 3362 1137 3417 urgeuSque
1169 3360 1285 3405 erat
1328 3352 1440 3406 luec
1475 3354 1696 3422 pontifi-

151 3424 208 3479 cis
230 3432 384 3487 oratio
414 3452 426 3485 :
452 3450 650 3489 verum
698 3434 992 3503 Manasses,
1023 3441 1153 3494 nihil
1194 3442 1293 3499 hac
1335 3453 1530 3508 motus,
1569 3462 1695 3500 cou-

152 3517 261 3585 cilio,
296 3522 435 3578 brevi
477 3535 626 3594 post,
669 3536 730 3581 ut
756 3528 1077 3595 videbimus,
1109 3531 1355 3602 Lugduni
1403 3534 1694 3601 celebrato,

153 3621 357 3665 sesetion
396 3615 561 3678 stitit,
600 3615 668 3670 ad
704 3616 981 3688 Hugonem
1021 3621 1292 3686 Diensem,
1327 3624 1469 3681 illius
1511 3628 1697 3695 praesi-

152 3697 263 3765 dem,
289 3705 496 3762 misisse
524 3716 811 3764 contentus
852 3710 1185 3782 Apologiam,
1216 3715 1510 3785 saepissime
1537 3732 1695 3787 supra

150 3788 234 3853 jam
270 3793 562 3862 laudatam,
591 3807 755 3868 atque
794 3815 821 3853 a
852 3800 1159 3859 Mahillonio
1193 3815 1323 3859 tom.
1356 3805 1565 3863 lMusei
1592 3808 1697 3863 lla-

152 3876 236 3943 lici,
262 3897 387 3951 part.
434 3902 498 3954 ιι,
533 3904 656 3959 pag.
704 3889 807 3944 119
852 3899 909 3945 et
951 3902 1074 3947 octo
1123 3908 1275 3964 seqq.
1310 3896 1510 3965 publici
1557 3896 1697 3965 juris

155 3969 332 4040 factam,
362 3976 413 4031 in
453 3994 592 4049 qua,
625 3991 929 4051 postquam,
961 3999 1079 4053 quae
1136 3987 1188 4039 in
1234 4002 1397 4042 causa
1443 4003 1537 4041 sua
1585 3998 1698 4044 tum

154 4067 515 4137 Augustoduni,
559 4081 669 4126 tum
714 4073 899 4129 Romae
946 4086 1096 4147 gesta
1142 4089 1344 4144 essent,
1382 4081 1697 4152 compendio

154 4161 374 4225 exposuit,
420 4164 663 4221 rationes
701 4167 963 4233 diversas,
1008 4170 1077 4225 ob
1106 4186 1237 4240 quas
1277 4171 1593 4243 Lugdunum
1629 4174 1696 4229 ad

155 4250 393 4308 concilium
419 4256 612 4311 venire
640 4274 746 4313 non
773 4270 973 4329 posset,
1014 4261 1066 4316 iu
1094 4263 1328 4318 medium
1362 4265 1578 4320 adducit
1600 4282 1694 4322 seu

155 4344 375 4403 paranexit.
407 4346 477 4401 Et
506 4348 591 4403 ha:
636 4351 689 4404 in
718 4352 951 4421 speciem
972 4351 1131 4422 justa:
1153 4364 1299 4418 sunt,
1324 4354 1583 4426 talesque,
1617 4367 1693 4424 ut,

1810 522 2068 589 instante,
2102 524 2315 580 obtulit.

1882 613 2005 667 Md.
2056 616 2194 670 Audi
2246 618 2387 687 apud
2439 617 2711 675 Labbeum
2777 631 2906 676 tom.
2969 623 2987 678 Ι
3045 622 3389 691 Bibliotheca:

1808 701 1971 758 Novae
2002 721 2131 760 mss.
2161 721 2281 777 pag.
2310 706 2414 762 205
2445 720 2497 763 et
2519 725 2670 780 seqq.
2699 710 2978 782 Hngonetn
3015 713 3388 773 Flaviuiacen-
3462 784 3467 787 ι

1807 810 1967 849 sem:
2001 813 2025 849 ι
2071 796 2208 851 Dum
2265 798 2520 868 igitur...,
2575 802 2767 872 inquit,
2801 804 2949 860 locus
2990 808 3201 863 concilii
3250 811 3390 880 apud

1809 884 2131 956 Lugdunum
2182 889 2509 947 constitutus
2552 904 2716 960 esset,
2761 894 3044 953 Remensis
3087 898 3251 954 etiam
3303 915 3390 954 ar-

1808 977 2183 1048 chiepiscopus
2210 978 2507 1051 (Manasses
2538 984 2767 1057 scilicet)
2792 986 2947 1057 juxta
2983 998 3221 1046 tenorem
3248 991 3390 1047 litte-

1809 1082 1991 1122 rarum
2062 1068 2331 1140 (Gregorii
2403 1087 2554 1143 papa:
2608 1091 2842 1148 nempe,
2894 1095 3123 1151 quarum
3183 1091 3390 1153 partem

1808 1171 1956 1209 num.
1984 1155 2091 1209 142
2113 1158 2356 1228 recitavi)
2385 1160 2457 1216 ad
2474 1162 2612 1218 idem
2634 1181 2693 1221 se
2724 1178 3054 1239 purgaturus
3071 1170 3391 1227 invitaretur

1809 1247 2123 1314 concilium,
2152 1250 2334 1319 posito
2364 1253 2562 1307 domno
2600 1255 2821 1327 Hugone
2843 1260 2984 1330 apud
3007 1259 3270 1316 Viennam
3293 1278 3391 1333 pro

1807 1336 2052 1407 corporis
2081 1338 2389 1407 curatione,
2417 1343 2585 1398 nuntii
2625 1346 2833 1414 praefati
2863 1350 3258 1420 archiepiscopi
3294 1366 3391 1407 ve-

1813 1436 2013 1482 nerunt
2041 1430 2108 1483 ad
2150 1443 2296 1496 eum,
2326 1431 2509 1488 multis
2546 1443 2600 1488 et
2628 1438 2879 1493 maximis
2909 1443 3158 1509 precibus
3184 1450 3239 1497 et
3274 1458 3391 1496 mu-

1808 1516 2027 1572 neribus
2054 1518 2122 1572 ad
2162 1518 2265 1573 hoc
2306 1534 2429 1574 eum
2458 1522 2674 1578 flectere
2702 1525 3004 1594 cupientes,
3036 1539 3091 1584 et
3133 1529 3204 1585 ob
3244 1530 3298 1585 id
3342 1532 3389 1586 ei

1809 1608 1861 1662 in
1901 1609 2152 1679 praesenti
2189 1620 2461 1668 trecentas
2503 1613 2777 1683 purissimi
2824 1619 2943 1672 auri
2974 1621 3182 1686 uncias,
3216 1623 3392 1678 dome-

1810 1699 1961 1756 sticis
1987 1716 2201 1771 quoque
2228 1700 2344 1770 ejus
2374 1704 2621 1774 preciosa
2646 1705 2869 1762 donaria
2895 1707 3203 1777 offerentes,
3246 1712 3392 1765 insu-

1810 1806 1904 1861 per
1932 1801 1983 1846 οἱ
2015 1792 2394 1857 celamentum,
2423 1808 2490 1849 nc
2528 1795 2617 1848 ulli
2649 1797 2953 1852 mortalium
2987 1799 3039 1853 id
3080 1801 3389 1869 proderent,

1801 1879 1989 1949 jurare
2040 1882 2302 1949 volentes,
2335 1899 2455 1939 cum
2490 1901 2583 1940 sex
2624 1887 2911 1958 episcopis,
2945 1905 3081 1959 quos
3125 1892 3240 1960 ipse
3286 1892 3391 1946 Re-

1807 1975 2022 2032 mensis.
2076 1976 2299 2045 eligeret
2348 1977 2414 2029 dc
2460 1976 2817 2048 sull‘ragaueis
2874 1980 3022 2045 suis,
3078 1982 3164 2045 ei,
3220 1992 3279 2035 ut
3334 1998 3392 2041 se

1807 2074 2083 2132 purgaret,
2115 2067 2461 2129 concederet,
2493 2076 2694 2121 remota
2739 2068 3087 2137 inquisitione
3133 2070 3370 2127 infamiae

1804 2155 2079 2210 Addentes
2131 2157 2314 2222 etiam,
2366 2158 2508 2227 quod
2559 2173 2658 2212 nec
2709 2173 2931 2228 sperare
2968 2170 3245 2230 poterant,
3297 2177 3393 2218 seu

1808 2253 1983 2300 tamen
2034 2246 2165 2301 nihil
2194 2247 2570 2317 intemptatum
2615 2248 2918 2318 relinquere
2939 2250 3211 2319 volebant,
3247 2254 3391 2322 quod

1805 2337 1849 2393 si
1892 2338 1941 2393 ei
1973 2337 2086 2393 solo
2129 2337 2279 2408 [soli]
2311 2339 2704 2395 concederetur
2733 2340 2966 2396 facultas
3004 2358 3064 2397 se
3106 2346 3390 2415 purgandi,

1806 2430 2213 2487 inazstimabiles
2246 2432 2527 2487 thesauros
2551 2432 2693 2497 auri,
2724 2441 2777 2487 et
2803 2433 2892 2503 qui
2917 2434 3080 2489 etiam
3110 2450 3393 2493 numerum

1803 2524 2146 2591 excederent,
2174 2540 2232 2580 se
2270 2525 2571 2596 juraturos,
2604 2533 2659 2579 et
2701 2525 2921 2596 insuper
2966 2537 3391 2596 sacramentum,

1804 2632 1872 2672 ne
1904 2617 1991 2672 cui
2032 2617 2134 2673 hoc
2174 2618 2489 2689 proderent.
2530 2617 2682 2684 Quod
2731 2626 2899 2672 totum
2941 2618 3110 2674 virilis
3156 2619 3393 2689 ejusdem

1805 2706 1971 2779 legati
2004 2709 2217 2763 animus
2263 2708 2487 2778 respuit.
2522 2708 2589 2763 Et
2621 2709 2746 2777 quia
2776 2708 3245 2780 inexpugnabilem
3276 2708 3393 2777 ejus

1804 2814 1931 2870 erga
1972 2800 2256 2871 pecuniam
2288 2801 2525 2854 animum
2559 2799 2714 2865 vidit,
2765 2800 2961 2856 timens
3006 2801 3129 2867 sibi,
3163 2800 3393 2857 concilio

1804 2890 2067 2948 interesse
2105 2892 2295 2948 noluit.
2327 2910 2345 2942 ι
2375 2894 2552 2961 Atque
2597 2892 2723 2948 hinc
2757 2894 2916 2948 modo
2940 2894 3125 2959 etiam,
3154 2895 3255 2948 etsi
3306 2908 3391 2950 res

1806 2981 2041 3046 aliunde,
2070 2993 2127 3037 ut
2172 2992 2404 3049 constat,
2436 2985 2660 3040 minime
2705 2998 3002 3052 constaret,
3043 2987 3391 3043 manifestum

1807 3071 1882 3133 fit,
1906 3070 2208 3138 justissime
2234 3087 2365 3126 sane
2394 3088 2423 3125 a
2456 3072 2657 3128 Sancto
2684 3084 2868 3130 nostro
2896 3077 2971 3145 (in
3004 3076 3156 3145 cujus
3186 3076 3391 3130 idcirco

1804 3163 2061 3215 honorem
2105 3160 2279 3215 fusius
2320 3161 2435 3215 haec
2484 3165 2736 3232 prosequi
2788 3164 2877 3219 hic
2930 3163 3106 3243 ljbuit)
3157 3164 3388 3232 aliisque

1800 3251 2045 3306 ecclesiae
2076 3251 2364 3306 Remensis
2388 3252 2620 3317 clericis,
2647 3253 2739 3323 qui
2764 3269 2886 3308 cum
2910 3268 2975 3309 eo
2999 3253 3183 3309 Remis
3209 3269 3391 3309 exces-

1802 3353 2006 3409 serant,
2041 3342 2330 3397 multorum
2363 3342 2649 3399 criminum
2681 3344 3046 3401 insimulatum
3083 3345 3393 3401 Manasscm

1803 3435 1988 3490 fuisse.
2017 3435 2168 3502 Quod
2207 3435 2251 3489 si
2285 3436 2429 3507 enim
2466 3435 2551 3490 hic
2572 3450 2696 3491 reus
2724 3453 2829 3492 non
2862 3436 3075 3501 fuisset,
3106 3438 3151 3492 si
3178 3436 3389 3506 objecta

1788 3526 2009 3580 diluere
2059 3534 2181 3595 apte
2211 3526 2491 3594 potuisset,
2532 3528 2720 3597 utquid
2772 3538 2920 3582 tanto
2966 3538 3183 3590 conatu,
3222 3530 3388 3583 tantis

1802 3616 1976 3680 donis,
2008 3616 2170 3671 tantis
2199 3615 2480 3671 fraudibus
2502 3615 2788 3684 judicium,
2824 3619 2875 3673 in
2921 3620 3152 3676 concilio
3182 3636 3212 3673 a
3255 3620 3389 3673 viris

1805 3706 2171 3776 integerrimis
2218 3706 2550 3775 minimeque
2584 3710 2850 3778 suspectis
2887 3710 3193 3778 ferendum,
3224 3711 3389 3767 decli~

1803 3810 1933 3848 nare
1961 3795 2292 3850 studuisset?
2320 3795 2426 3851 Sed
2463 3797 2539 3852 rei
2567 3800 2761 3854 seriem
2792 3814 3206 3871 prosequamur.

1872 3894 1994 3952 M7.
2040 3895 2173 3950 Cum
2219 3905 2429 3967 tempus
2478 3894 2706 3952 concilio
2762 3894 3005 3961 Lugduni
3057 3893 3384 3949 celebrando

1800 3986 2164 4054 praestitutum
2190 3986 2508 4053 advenerat,
2537 3986 2715 4040 Bruno
2743 3994 2798 4041 et
2824 3984 3067 4048 Pontius,
3101 3983 3176 4038 uti
3204 4000 3235 4039 e
3276 3983 3386 4037 Ma-

1808 4077 1987 4131 nassis
2014 4075 2212 4142 verbis,
2243 4093 2391 4131 num.
2435 4077 2535 4131 157
2579 4076 2839 4141 recitatis,
2870 4074 3157 4144 colligitur,
3188 4074 3386 4143 aliique

1800 4167 2043 4222 ecclesiae
2075 4167 2359 4222 Remensis
2385 4167 2589 4231 clerici,
2623 4167 2829 4236 hosque
2862 4165 3023 4230 inter,
3055 4174 3112 4219 ut
3138 4173 3382 4233 apparet,

1798 4259 1962 4313 etiam
2005 4257 2282 4315 Manasses
2310 4260 2655 4331 praepositus,
2694 4256 2922 4313 concilio
2951 4271 3069 4311 sese
3111 4256 3383 4319 sisteutes,

1799 4352 2010 4418 eadem,
2046 4368 2163 4422 quae
2186 4363 2344 4408 antea
2374 4354 2425 4407 in
2455 4351 2687 4408 concilio
2708 4347 3205 4420 Augustodunensi,
3232 4363 3388 4402 accu-

155 4427 186 4479 si
224 4430 463 4494 ilauassis
520 4440 914 4511 arcliiepisc0pi
965 4443 1167 4508 minus,
1219 4461 1380 4513 quam
1436 4447 1526 4510 sit,
1575 4456 1697 4502 nota
1732 4443 2071 4510 Dsationnm
2122 4454 2311 4499 contra
2362 4444 2664 4499 Manassem
2706 4442 3170 4511 archiepiscopum
3208 4440 3384 4509 capita

156 4521 260 4577 foret
292 4528 405 4584 vita:
441 4532 608 4598 ratio,
638 4534 964 4588 sententiam
1012 4534 1064 4588 iu
1111 4550 1256 4601 eum,
1290 4536 1434 4589 credi
1488 4547 1688 4606 posset,

156 4616 332 4691 injuste,
350 4630 756 4699 praecipitanter
770 4640 1008 4699 atqueex
1034 4631 1259 4695 invidia,
1284 4642 1339 4685 nt
1368 4630 1692 4687 Noviomen-

156 4715 402 4774 sesclerici
431 4722 487 4776 in
530 4723 730 4792 scripta
758 4739 877 4794 quae
917 4725 1058 4794 apud
1098 4724 1464 4780 Mabillouium
1510 4735 1637 4782 tom.
1675 4727 1692 4781 ι

157 4800 286 4863 Musei
305 4810 493 4879 Italici,
519 4824 661 4885 part.
693 4831 752 4881 ιι,
776 4832 896 4886 pag.
923 4816 1023 4871 128
1052 4826 1106 4871 et
1135 4816 1273 4872 binis
1308 4833 1461 4888 seqq.
1492 4828 1691 4885 exstat,

158 4890 206 4941 ιιίι
230 4894 625 4958 Cameracenses
648 4904 873 4973 epistola
897 4903 1028 4959 ferri
1056 4906 1295 4970 aiebant,
1318 4906 1480 4960 latam
1502 4906 1691 4974 fuisse;

158 4992 264 5036 τετε
293 4995 461 5045 tamen
503 4991 773 5062 pleneque
815 5009 921 5048 non
949 5003 1098 5062 sunt,
1128 4994 1220 5048 sed
1260 5003 1465 5048 tantum
1516 5011 1544 5049 a
1585 4996 1691 5050 Ma-

158 5085 280 5130 Hasse
305 5078 526 5137 inventa:
566 5099 662 5139 seu
701 5084 964 5150 confictae,
1010 5096 1067 5140 ut
1098 5085 1256 5142 solita
1296 5085 1589 5143 calliditate
1629 5104 1693 5144 ac

157 5167 334 5232 astutia,
377 5188 504 5239 qna,
552 5175 629 5229 uti
681 5175 977 5248 Gregorius
1029 5193 1165 5247 papa
1223 5177 1366 5247 apud
1420 5177 1691 5235 Labbeum

161 5260 259 5307 tom.
291 5256 332 5311 Χ
358 5261 744 5330 Coneiliorum,
764 5267 867 5321 col.
903 5268 1005 5322 199
1034 5268 1295 5338 loquitur,
1319 5270 1612 5335 «inducias,
1638 5280 1695 5324 ut

159 5339 522 5421 subterfugeret,
570 5355 872 5422 quaerebat,
899 5374 915 5405 ι
945 5356 1207 5425 judicium
1239 5356 1691 5421 ecclesiasticum,

163 5426 201 5480 in
226 5447 365 5493 causa
387 5457 482 5497 sua
505 5460 572 5498 ex
609 5459 877 5500 canonum
923 5448 1236 5518 praescripto
1264 5448 1571 5513 ferendum,
1604 5461 1696 5505 aut

160 5520 353 5584 cluderet
373 5544 462 5587 aut
494 5536 826 5604 declinaret;
869 5554 898 5591 a
928 5555 1035 5608 quo
1065 5549 1400 5609 quantopere
1431 5540 1694 5596 abhorre-

166 5624 241 5680 πει,
272 5637 571 5693 argumento
616 5629 780 5683 etiam
830 5639 955 5685 sunt
985 5631 1323 5700 amplissima
1353 5631 1512 5695 dona,
1551 5649 1692 5701 quin,

166 5715 208 5759 “l
229 5711 285 5767 2b
305 5730 361 5773 eo
381 5722 651 5778 subeundo
679 5738 797 5780 sese
825 5732 1110 5794 praestaret
1138 5724 1453 5791 immunem,
1482 5724 1691 5796 llugoni

1797 4549 2118 4603 exposuere,
2153 4535 2474 4603 Patresque,
2508 4535 2655 4588 hisce
2677 4533 2898 4599 auditis,
2926 4548 2986 4587 ac
3015 4532 3153 4587 lecta
3197 4534 3380 4595 etiam,

1796 4634 1852 4675 ut
1896 4625 2203 4679 verosimile
2247 4633 2491 4693 apparet,
2532 4639 2693 4694 quam
2736 4623 2803 4677 ad
2850 4637 2942 4678 eos
2970 4639 3035 4677 ex
3080 4624 3236 4679 dictis
3275 4622 3384 4677 Ma-

1796 4730 1983 4770 nasses
2026 4716 2272 4781 miserat,
2300 4715 2585 4785 Apologia,
2619 4731 2720 4771 nec
2765 4727 2968 4779 tamen,
2999 4731 3133 4784 quas
3181 4717 3232 4769 in
3282 4715 3382 4769 hac

1796 4804 1908 4871 ille,
1941 4806 2085 4875 quod
2125 4806 2190 4860 ad
2232 4805 2524 4861 concilium
2557 4821 2661 4861 non
2693 4807 2996 4871 accederet,
3031 4808 3380 4873 prelcxebat,

1796 4897 2240 4953 excusationibus
2291 4897 2563 4961 admissis,
2621 4897 2989 4954 Simoniacum
3043 4898 3377 4960 antistitem,

1798 4999 1909 5044 tum
1952 4991 2101 5061 quia,
2129 5002 2187 5046 ut
2217 4992 2454 5063 loquitur
2484 4992 2601 5048 loco
2646 4993 2891 5062 proxime
2924 4991 3017 5047 cit.
3065 4991 3220 5059 Ηυεο
3264 4990 3380 5043 Fla-

1797 5082 2148 5150 viuiacensis,
2187 5100 2205 5133 ι
2240 5098 2300 5138 se
2343 5098 2579 5153 purgare
2604 5084 2795 5148 noluit,
2841 5092 2953 5136 tum
3002 5083 3127 5151 quia
3156 5081 3378 5135 audien-

1798 5174 1926 5226 tiam
1978 5171 2262 5238 Eduensis,
2310 5172 2666 5228 Pictaviensis
2715 5182 2770 5228 et
2814 5174 2984 5243 ipsius
3013 5171 3381 5254 Lugdunensis

1797 5266 2053 5335 (concilii
2105 5266 2333 5336 nempe)
2383 5266 2749 5339 subterfugit,
2810 5264 3049 5337 synodali
3095 5262 3297 5331 judicio
3357 5282 3373 5314 ι

1794 5365 2236 5423 cxanctoravere,
2280 5356 2525 5427 hancque
2568 5357 2620 5411 in
2668 5356 2816 5411 illum
2856 5356 3119 5426 prolatam
3164 5361 3381 5406 senten-

1798 5446 1925 5499 tiam
1954 5446 2019 5499 ad
2066 5445 2379 5501 Pontilicem
2406 5447 2807 5518 approbandam
2850 5456 2912 5499 ac
2941 5444 3375 5498 confirmandam

1797 5537 2013 5593 misere.
2066 5537 2275 5593 Accidit
2329 5538 2401 5603 id,
2454 5539 2593 5594 unde
2639 5538 2800 5591 etiam
2850 5535 3110 5590 celebrati
3162 5535 3380 5590 concilii

1800 5643 2009 5701 tempus
2061 5630 2251 5700 liquet,
2298 5630 2439 5685 inter
2497 5630 2621 5684 anni
2684 5628 2818 5681 1080
2868 5625 3079 5681 tertiam
3134 5625 3376 5682 Januarii

1800 5724 1937 5779 diem
1983 5732 2037 5777 ct
2066 5724 2190 5780 anui
2226 5721 2465 5792 ejusdem
2514 5720 2794 5790 septimam
2853 5720 3117 5775 decimam
3158 5719 3382 5789 Aprilis.
