3862 6310
465 320 536 375 87
919 375 922 378 ,
1261 315 1318 369 S.
1363 313 1707 372 BRUNONIS
1745 314 2394 373 CARTIIUSIANORUM
2433 315 2919 375 INSTITUTOKIS
3659 325 3719 382 88

466 429 702 499 Epistula
747 425 893 482 enim
932 439 1094 494 supra
1139 439 1203 478 ex
1237 437 1391 495 parte
1418 428 1524 481 huc
1559 429 1908 498 transcripta,
1939 443 2042 496 qua
2075 429 2120 483 A
2149 427 2304 490 facit;
2339 443 2526 481 vermu
2558 428 2666 492 hic,
2693 445 2813 498 qua:
2841 429 2929 482 illa
2964 431 3356 497 prtescribebat
3382 433 3426 487 is
3466 433 3716 505 Pontifex,

465 523 606 593 apud
635 520 912 575 Labbeum
940 518 1056 572 loco
1087 519 1179 572 cit.
1209 517 1502 589 Gregorius
1544 537 1676 593 papa
1723 521 2046 581 Mauassem,

466 624 527 668 ut
566 615 631 668 ad
663 611 954 668 concilium
982 611 1226 678 Lugduni
1273 613 1658 668 celebrandum
1690 629 1748 668 se
1783 611 2047 674 conferat,

467 704 860 760 instantissime
889 704 1158 768 hortatur,
1193 722 1210 754 ι
1245 705 1426 759 Tertio
1453 704 1634 759 Nonas
1675 703 1934 768 Januarii,
1964 703 2050 756 ln-

466 796 703 852 dictione
731 795 912 858 tertia,
951 814 970 847 »
1005 811 1125 864 qua:
1173 811 1235 848 ex
1291 795 1450 851 dictis
1495 810 1692 848 annum
1729 792 1864 847 1080
1909 793 2052 846 desi-

467 895 618 953 gnat,
672 885 794 939 data
847 894 1088 949 notatur,
1141 885 1356 955 aliaque
1408 883 1652 954 epistola,
1703 898 1808 951 qua
1859 883 2048 936 itidem

2151 519 2439 573 obfirmato
2486 519 2538 572 in
2571 519 2890 574 criminibus
2935 519 3135 584 animo,
3195 535 3304 574 non
3355 522 3605 594 implevit.
3652 532 3720 588 Ac

2151 608 2472 661 nominatim
2517 607 2734 676 quidem
2786 623 2885 662 nec
2931 608 3265 674 Brunonem,
3299 627 3400 668 nec
3442 615 3574 670 alios
3622 619 3718 675 Re—

2151 699 2353 754 mensis
2393 699 2636 754 ecclesia:
2668 699 2917 768 clericos,
2965 715 3102 769 quos
3148 704 3488 770 gravissimis
3524 708 3720 766 damnis

2151 791 2260 861 (adi
2309 807 2456 844 num.
2493 791 2594 847 118
2621 799 2676 846 et
2717 790 2895 861 seqq.)
2926 790 3206 856 affecerat,
3239 794 3291 846 iu
3340 795 3626 863 dignitates
3652 799 3721 854 fa-

2150 877 2490 946 cultatesque
2535 895 2686 941 suas.
2726 889 2785 933 ut
2830 879 3078 934 Pontifex
3108 882 3339 950 epistola
3393 886 3608 940 recitata
3651 889 3722 942 in-

467 976 612 1045 τρυά
673 974 946 1031 Labbeum
1008 985 1139 1030 ιοηι,
1198 976 1558 1032 conciliorum
1617 973 1860 1044 proxime
1910 972 2049 1037 ρίιο,
2143 967 2423 1037 iungebat,
2467 970 2736 1036 restituit;
2767 971 2858 1039 qui
2911 986 3036 1024 \‘81'0
3063 982 3326 1041 quantum
3374 975 3441 1029 2d
3478 975 3742 1034 Sanctum

466 1068 569 1124 col.
607 1068 732 1133 2M,
757 1068 920 1122 latam
954 1069 1007 1122 in
1039 1069 1224 1121 eodem
1254 1065 1481 1122 concilio
1511 1075 1699 1120 contra
1743 1066 2048 1120 Mauassem

467 1162 791 1216 sententiam
849 1161 990 1215 idem
1041 1161 1332 1230 Gregorius
1380 1159 1701 1220 confirmat,
1756 1158 2050 1212 lndictione

468 1252 678 1320 pariter
702 1253 859 1306 tertia
889 1269 982 1307 seu
1013 1267 1154 1306 anno
1190 1251 1347 1316 1080,
1393 1251 1626 1320 septima
1659 1249 1865 1304 decima
1895 1249 2056 1318 Apri-

464 1341 533 1397 lis
579 1344 684 1406 die,
740 1353 799 1397 ut
850 1353 987 1398 notae
1035 1342 1324 1407 chronicaa,
1357 1356 1492 1412 quas
1542 1342 1596 1395 in
1657 1343 1762 1396 line
1809 1342 2046 1405 exhibet,

468 1432 629 1486 ﬁdem
663 1433 886 1497 faciunt,
917 1433 1011 1486 fuit
1042 1434 1368 1504 conscripta.

542 1523 662 1578 148.
710 1524 1000 1595 Epistolam
1039 1524 1179 1579 hanc
1221 1525 1510 1594 integram,
1541 1532 1654 1578 tum
1701 1525 1843 1594 quod
1887 1539 2047 1594 supra

472 1613 634 1668 dictis
658 1611 831 1668 lucem
862 1612 1053 1668 aﬂ‘erat
1078 1614 1351 1681 roburque
1376 1611 1649 1684 adjungat,
1684 1622 1794 1668 tum
1822 1615 1962 1683 quod
1986 1628 2046 1666 ea

463 1703 713 1760 Pontifex
764 1704 1098 1760 luculentum
1153 1705 1338 1760 Sancti
1397 1707 1568 1761 nostri
1624 1707 1675 1760 in
1737 1707 2046 1763 accusando

2151 1068 2393 1112 nostrum
2422 1071 2606 1128 postea
2642 1061 2691 1114 id
2724 1060 2923 1116 factum
2957 1061 3140 1126 fuerit,
3175 1062 3203 1133 §
3235 1079 3471 1133 sequens
3515 1069 3723 1136 aperiet.

2154 1148 2182 1220 §
2220 1149 2346 1203 Vill.
2381 1151 2484 1217 Qui
2509 1162 2556 1206 et
2581 1153 2791 1222 quando
2817 1152 3046 1209 Sanctus
3073 1157 3129 1210 in
3149 1157 3558 1224 pristinummut
3579 1161 3722 1214 etiam

2221 1245 2486 1300 meliorem
2519 1255 2716 1299 uatum
2744 1244 2922 1300 Remis
2952 1249 3223 1302 restitutus
3246 1247 3430 1313 fuerit,
3460 1259 3506 1302 et
3528 1267 3592 1302 an
3620 1264 3722 1320 post

2220 1357 2375 1394 suum
2421 1339 2518 1394 sub
2566 1339 2816 1393 Manaue
2864 1356 2930 1394 ex
2972 1341 3072 1396 hac
3119 1344 3250 1397 urbe
3295 1344 3596 1407 discessum,
3643 1354 3723 1398 aut

2221 1433 2377 1485 etiam
2410 1446 2640 1498 unquam
2668 1432 2804 1486 alia:
2837 1431 3060 1486 Parisiis
3088 1434 3349 1490 docuerit.

2219 1522 2470 1578 Manasse
2497 1564 2512 1588 ,
2565 1532 2918 1580 exauctorato
2974 1525 3229 1584 Bemeusi
3293 1529 3724 1601 archiepiscopo,

2151 1628 2258 1668 non
2308 1616 2488 1680 modo,
2539 1624 2597 1669 ut
2643 1615 2756 1685 jam
2804 1617 2987 1680 docui,
3037 1619 3171 1674 nihil
3226 1621 3494 1686 omnium,
3526 1637 3640 1691 quae
3678 1624 3722 1678 ei

2153 1705 2399 1774 epistola,
2447 1705 2475 1777 §
2525 1708 2847 1775 praecedenti
2895 1710 3001 1765 huc
3050 1714 3400 1782 transcripta,
3451 1713 3727 1784 Gregorius

463 1793 713 1853 Manasse
773 1797 1017 1866 aequitati
1084 1799 1452 1852 testimonium
1518 1799 1794 1868 praebeat,
1856 1815 2049 1869 I‘esqttc
2084 1783 2123 1840 Β
2153 1807 2504 1867 praeceperat,
2541 1798 2816 1867 implente,
2856 1815 3040 1855 verum
3091 1803 3259 1857 etiam
3306 1819 3373 1858 eo
3421 1783 3615 1870 furoris
3641 1804 3725 1858 de—

462 1884 610 1942 illins
648 1887 716 1941 ab
747 1886 851 1940 hoc
893 1887 945 1940 in
980 1888 1247 1958 integrum
1288 1886 1476 1956 jubeat
1512 1889 1744 1950 restitui,
1772 1905 1802 1944 e
1833 1889 2051 1943 Labbeo

465 1975 587 2032 loco
639 1979 733 2031 cit.
790 1977 897 2031 huc
933 1977 1257 2032 transcribo.
1315 1977 1410 2033 His
1465 1979 1645 2034 verbis
1703 1979 2046 2048 concipitur:

471 2087 495 2119 ι
527 2068 822 2141 Gregorius
864 2069 1170 2140 episcopus,
1218 2086 1406 2126 servus
1446 2087 1728 2127 servorum
1772 2073 1891 2137 Dei,
1937 2071 2048 2126 Ma-

464 2173 642 2213 nussa:
692 2157 966 2213 Remensi.
1019 2158 1167 2216 Sciat
1209 2159 1522 2215 fraternitas
1560 2173 1672 2228 tua,
1711 2164 1856 2232 quod
1883 2163 2049 2233 depo-

463 2249 682 2303 sitionis
712 2251 1056 2315 sententiam,
1087 2266 1117 2305 a
1154 2253 1330 2322 legato
1360 2264 1548 2309 nostro
1587 2254 1769 2308 Diensi
1799 2255 2051 2324 episcopo

466 2343 520 2396 ἰιι
545 2342 890 2413 Lugdunensi
913 2343 1144 2399 concilio
1169 2344 1542 2415 religiosorum
1564 2346 1800 2400 virorum
1825 2346 2050 2402 consilio

466 2431 758 2500 prolatam,
812 2442 868 2488 et
920 2449 1055 2498 nos,
1109 2433 1352 2490 dictante
1392 2435 1643 2502 justitia,
1701 2437 1753 2490 in
1804 2437 2048 2490 Romana

465 2526 674 2594 synodo
693 2525 992 2594 apostolica
1015 2527 1339 2582 auctoritate
1362 2527 1714 2582 ﬁt-ttiaviunts.
1743 2529 1848 2584 Sed
1873 2539 2048 2582 tamen

466 2625 657 2670 contra
685 2631 891 2672 morem
917 2616 1175 2672 Romanae
1209 2619 1460 2673 Ecclesiae
1488 2619 1676 2680 nimia,
1706 2630 1762 2672 ut
1791 2621 1862 2672 ita
1901 2619 2050 2672 dixe-

469 2704 592 2770 rim,
619 2705 988 2761 misericordia
1012 2706 1224 2770 ductus,
1242 2705 1508 2774 adjunctis
1534 2707 1624 2762 tibi
1649 2707 2049 2770 Suessionensi,

469 2796 833 2861 Laudunensi,
883 2795 1286 2863 Cameracensi,
1343 2796 1724 2852 Calaiaunensi
1787 2797 2050 2866 episcopis

470 2887 551 2940 vel
581 2901 769 2940 eorum
799 2887 1065 2941 similibus
1088 2902 1211 2942 cum
1239 2887 1358 2941 aliis
1383 2888 1612 2953 duobus,
1640 2903 1868 2956 quorum
1909 2888 2054 2941 testi-

466 2980 650 3033 monio
686 2993 842 3048 teque
889 2978 1252 3044 confidamus,
1298 2975 1438 3034 side
1478 2978 1686 3046 justitia
1719 2978 1966 3044 confidis,
1999 2988 2054 3032 et

465 3085 559 3124 eos
611 3069 811 3124 habere
856 3069 1082 3138 poteris,
1127 3085 1298 3140 usque
1352 3071 1418 3126 ad
1479 3070 1827 3124 festivitatem
1877 3071 2049 3124 sancti

467 3160 746 3215 Michaelis
785 3162 1047 3230 purgandi
1095 3161 1368 3216 licentiam
1425 3163 1521 3216 tibi
1568 3162 1939 3231 indulgemus;
1990 3180 2053 3216 ea

467 3251 722 3303 videlicet
773 3251 1125 3314 conditione,
1175 3260 1234 3303 ut
1288 3251 1548 3305 Manassae
1602 3261 1658 3304 et
1709 3251 1946 3305 Drunoni
2002 3261 2057 3305 et

468 3341 706 3404 caneris,
739 3341 828 3408 qui
873 3357 970 3410 pro
1007 3340 1216 3408 justitia
1245 3352 1432 3396 contra
1477 3355 1526 3396 te
1570 3343 1732 3398 locuti
1781 3344 1944 3398 fuisse
1976 3344 2056 3397 vi-

467 3435 684 3496 dentur,
720 3433 882 3487 rebus
908 3433 1022 3488 suis
1067 3433 1119 3486 in
1151 3436 1422 3504 integrum
1455 3434 1741 3500 restitutis,
1774 3450 1945 3504 usque
1989 3436 2056 3489 ad

465 3529 856 3586 Ascensionem
905 3529 1120 3585 Domini
1169 3531 1473 3600 proximam
1518 3531 1839 3586 Remensem
1874 3531 2056 3586 Eccle-

471 3620 608 3675 siam
639 3636 670 3674 a
717 3629 806 3674 tua
837 3622 1195 3690 occupatione
1235 3637 1300 3675 ex
1328 3631 1440 3677 toto
1467 3622 1689 3676 liberam
1735 3623 1974 3687 deseras,
2005 3632 2058 3678 et

475 3711 794 3767 Cluniacum
823 3720 918 3766 aut
951 3711 1142 3766 Casam
1175 3712 1268 3766 Dei
1311 3728 1434 3766 cum
1465 3728 1572 3766 uno
1611 3713 1807 3768 clerico
1832 3721 1886 3769 et
1925 3713 2058 3768 duo-

467 3803 570 3858 bus
613 3803 786 3867 laicis,
820 3804 926 3858 tuis
977 3803 1260 3872 stipendiis
1308 3804 1558 3875 religiose
1599 3804 1863 3872 victurus,
1909 3820 2057 3861 sece-

467 3895 582 3951 das.
624 3917 644 3949 ι

544 3989 666 4044 149.
708 4006 726 4038 ι
771 3987 925 4055 Quod
966 3990 1012 4044 si
1055 3989 1235 4045 facere
1283 3989 1540 4055 volueris,
1571 3991 1826 4059 praedicto
1875 3991 2056 4045 Diensi

476 4083 728 4152 episcopo
752 4083 1119 4152 pramuntiare
1148 4099 1430 4154 procures,
1461 4093 1517 4138 ut
1550 4085 1601 4137 in
1631 4085 1746 4151 ejus
1773 4084 2056 4154 prtescntia

473 4181 820 4229 sacramento
853 4173 1163 4240 confirmes,
1204 4174 1272 4229 de
1302 4175 1465 4230 rebus
1508 4176 1775 4245 praedicta:
1819 4174 2060 4231 ecclesiae

471 4273 524 4318 te
560 4265 692 4319 nihil
728 4265 943 4320 interim
981 4264 1393 4330 distracturum,
1435 4265 1540 4320 nisi
1585 4274 1846 4334 quantum
1881 4265 1975 4320 tibi
2006 4275 2061 4319 et

471 4357 746 4426 prtedit-tis
769 4358 932 4413 sociis
955 4367 1328 4428 competenter
1357 4356 1649 4412 suffecerit.
1681 4356 1925 4412 Clericos
1964 4373 2058 4411 au--

2154 1887 2329 1953 lapso,
2365 1895 2442 1950 ut,
2473 1902 2635 1956 quem
2675 1887 2984 1946 Simoniace
3005 1892 3358 1961 acquisierat,
3386 1893 3603 1963 jamque
3623 1903 3722 1946 tum

2147 1977 2283 2047 jnssi
2333 1977 2625 2043 Pontificii,
2661 1988 2770 2034 tum
2812 1983 3114 2047 sententiae,
3149 1986 3202 2037 in
3244 1985 3480 2040 concilio
3525 1985 3724 2054 Lugdu-

2153 2066 2304 2121 neusi
2333 2076 2523 2122 contra
2565 2083 2625 2124 se
2655 2068 2797 2135 lane,
2825 2071 2876 2124 vi
2899 2071 3178 2129 dimittere
3207 2075 3490 2141 debuerat,
3536 2075 3727 2146 episco—

2152 2166 2338 2228 patum
2369 2160 2536 2216 armis
2562 2161 2725 2216 etiam
2759 2161 2857 2216 sibi
2886 2178 3109 2218 servare
3133 2174 3232 2218 aut
3260 2175 3413 2222 certe
3441 2166 3580 2220 bona
3621 2164 3726 2234 ejus

2153 2250 2255 2304 sibi
2284 2266 2530 2308 asserere
2577 2253 2864 2320 niteretur,
2891 2254 3164 2322 Pontifex,
3204 2257 3444 2313 hominis
3482 2253 3725 2326 impietati

2154 2353 2366 2398 mature
2411 2347 2807 2400 occurrendum
2857 2357 3030 2414 ratus,
3061 2358 3302 2418 quatuor
3351 2349 3588 2403 diversas
3631 2362 3726 2399 una

2153 2437 2452 2506 eademque
2483 2437 2741 2507 vigesima
2769 2439 2994 2509 septima
3033 2440 3352 2495 Decembris
3381 2440 3487 2504 die,
3517 2453 3615 2492 non
3641 2436 3727 2491 diu

2153 2528 2469 2593 admodum,
2497 2540 2555 2584 ut
2582 2540 2826 2600 apparet,
2855 2541 2976 2602 post
3005 2532 3364 2598 celebratum,
3395 2532 3446 2585 in
3489 2545 3593 2600 quo
3629 2526 3724 2582 Ila-

2155 2633 2340 2673 nasses
2369 2631 2756 2676 exauctoratus
2787 2620 2982 2684 fuerat,
3029 2623 3394 2692 Lngdunense
3429 2619 3725 2682 concilium,

2155 2726 2219 2765 ae
2246 2710 2404 2779 proin
2437 2726 2581 2767 anno
2611 2711 2751 2766 1080
2791 2713 3008 2781 scripsit
3032 2712 3315 2782 epistolas,
3343 2726 3502 2765 unam
3537 2707 3724 2766 scilicet

2156 2802 2222 2856 ad
2257 2802 2464 2856 clerum
2503 2811 2559 2858 et
2598 2805 2853 2872 populum
2885 2804 3236 2870 Remensem,
3261 2804 3488 2859 alteram
3526 2802 3590 2856 ad
3631 2798 3725 2855 He-

2155 2894 2358 2957 bolum,
2385 2909 2508 2959 seu,
2537 2902 2597 2947 ut
2630 2894 2758 2947 alibi
2785 2885 2950 2948 etiam
2982 2896 3249 2964 scriptum
3281 2895 3574 2957 invenitur,
3601 2890 3723 2944 Elia-

2156 2985 2264 3039 lum
2315 2996 2410 3040 aut
2465 2986 2630 3040 etiam
2680 2986 2964 3051 (Ehodum,
3024 2987 3415 3044 lieciacensem
3465 2985 3722 3044 comitem,

2158 3079 2370 3132 tertiam
2399 3079 2466 3132 ad
2497 3077 2781 3148 episcopos
2809 3080 3219 3135 archidimcesis
3246 3078 3529 3135 Remensis
3551 3072 3723 3130 suffra-

2156 3183 2381 3238 ganeos,
2415 3183 2480 3222 ac
2508 3178 2756 3237 quartam
2789 3169 3023 3239 denique
3049 3171 3115 3224 ad
3143 3168 3476 3240 Philippum,
3509 3167 3724 3221 Franco-

2159 3275 2276 3312 rum
2310 3272 2514 3328 regem.
2562 3258 2632 3312 Et
2678 3261 2973 3314 univcrsim
3011 3262 3228 3330 quidem
3273 3260 3468 3316 litteris
3513 3257 3630 3318 illis,
3674 3262 3725 3306 ut

2159 3347 2458 3402 Manassem
2520 3363 2618 3416 pro
2671 3350 2928 3418 episcopo
2984 3366 3088 3404 non
3146 3351 3384 3420 amplius
3447 3348 3724 3402 habentes.

2159 3453 2527 3493 successorem
2581 3440 2629 3494 ei
2687 3439 3034 3506 subicerent,
3088 3443 3344 3498 omnibus
3411 3449 3466 3494 et
3521 3432 3725 3502 singulis

2160 3533 2476 3588 enixissime
2529 3532 2980 3597 commendabat;
3040 3535 3361 3588 nominatim
3415 3541 3586 3585 autem
3629 3523 3724 3578 cle-

2163 3639 2279 3676 rum
2339 3633 2395 3678 et
2444 3623 2723 3694 populum,
2773 3623 2848 3676 uti
2897 3625 3062 3678 etiam
3119 3625 3373 3678 comitem
3421 3618 3634 3676 Ebalum
3676 3622 3724 3666 (ει

2160 3714 2404 3769 ειοιιίοεὶτε
2437 3717 2721 3770 Bernensis
2760 3715 3149 3786 suifraganeos,
3188 3727 3245 3770 ut
3285 3716 3568 3774 Manassae,
3604 3716 3726 3761 tatu-

2159 3822 2322 3875 quam
2357 3807 2594 3860 invasori
2631 3806 2852 3875 injusto,
2878 3825 2974 3878 pro
3006 3809 3212 3864 viribus
3239 3810 3568 3867 resisterent,
3595 3798 3726 3855 serio

2161 3899 2435 3963 monebat,
2461 3897 2708 3968 Philippo
2735 3899 2917 3959 etiam,
2949 3899 3283 3954 Francorum
3312 3899 3443 3968 regi,
3469 3909 3555 3958 ne,
3578 3902 3725 3960 ulla!“

2161 3989 2337 4043 clerus
2363 4001 2415 4042 et
2447 3989 2675 4059 populus
2719 3989 2960 4044 ecclesiae
2991 3990 3277 4044 Bernensis
3321 3989 3557 4043 facturus
3601 3984 3720 4034 erat.

2161 4079 2479 4133 electionem
2534 4079 2839 4148 impediret,
2871 4079 3196 4134 auctoritate
3231 4076 3524 4148 apostolica
3568 4066 3730 4135 injun»

2163 4181 2309 4236 gens.
2365 4169 2616 4239 Epistulae
2651 4169 2751 4222 illa:
2800 4185 2992 4224 Omnes
3037 4180 3255 4224 exstant
3284 4169 3424 4240 apud
3471 4163 3723 4219 Labbeum

2165 4272 2292 4314 tum.
2333 4261 2378 4315 Χ
2426 4261 2656 4328 Concil.,
2707 4262 2810 4316 col.
2860 4263 2966 4316 264
3013 4273 3068 4318 et
3115 4263 3290 4318 tribus
3341 4276 3491 4332 seqq.
3542 4249 3726 4310 Prioris

2163 4353 2348 4417 verba,
2378 4353 2482 4408 huc
2504 4353 2844 4422 potissimum
2878 4353 3154 4419 facientia,
3177 4356 3322 4424 quod
3345 4349 3502 4407 simul
3531 4345 3724 4398 Manas-

390 4497 399 4507 ,
471 4457 604 4510 tein,
640 4447 731 4515 qui
779 4455 929 4503 tanto
969 4459 1213 4518 tempore
1259 4463 1356 4518 pro
1397 4445 1612 4516 justitia
1635 4446 1883 4503 exsilium
1915 4449 2057 4517 passi
2097 4467 2140 4519 ι)
2166 4461 2302 4508 sem,
2332 4460 2456 4499 cum
2491 4445 2542 4498 in
2584 4445 2816 4500 concilio
2849 4445 3195 4519 Lugdunensi
3229 4449 3605 4500 exauctoratus
3623 4431 3726 4501 1³⁸⁸³

477 4543 625 4598 sunt,
668 4535 720 4588 in
750 4535 979 4590 ecclesia
1023 4552 1213 4592 secure
1248 4535 1359 4592 Deo
1401 4535 1607 4591 servire
1641 4536 1944 4606 permittas.
1997 4533 2062 4588 Et

472 4627 730 4694 quoniam
757 4627 1087 4682 laboriosum
1121 4628 1214 4683 tibi
1245 4629 1406 4683 fuerit
1436 4629 1503 4684 ad
1539 4645 1638 4684 nos
1665 4643 1833 4697 usque
1857 4626 2058 4688 venire,

473 4715 842 4780 comedimus,
900 4728 957 4772 ut
999 4734 1182 4772 coram
1233 4720 1415 4774 Diensi
1470 4720 1723 4790 episc0po
1771 4728 1824 4775 et
1866 4719 2060 4774 abbate

473 4807 861 4872 Cluniacensi,
929 4818 1057 4872 aut,
1119 4809 1163 4864 si
1217 4809 1465 4864 abbatem
1515 4811 1704 4866 deesse
1753 4810 2062 4880 contigerit,

477 4916 660 4955 coram
704 4901 922 4967 Amato,
957 4901 1214 4972 praedicto
1240 4902 1402 4955 modo
1445 4919 1567 4956 cum
1600 4901 1874 4970 praedictis
1904 4902 2060 4957 testi-

474 4996 577 5051 bus
622 4997 691 5050 de
720 4993 938 5050 infamia
973 5003 1024 5048 te
1073 5009 1358 5064 expurges.
1415 4994 1565 5061 Quod
1597 4995 1641 5049 si
1693 4995 1818 5048 huic
1866 5003 2064 5049 nostra:

480 5083 902 5154 dispensationis
927 5092 1197 5155 praecepto
1222 5084 1443 5140 obedire
1467 5084 1879 5154 contempseris,
1922 5083 2064 5138 scias

479 5179 737 5244 quoniam
770 5174 1112 5244 iniquitatem
1142 5185 1291 5230 tuam
1313 5175 1540 5231 ulterius
1562 5185 1782 5246 portare
1814 5190 1916 5229 non
1945 5191 2064 5244 pos-

477 5283 686 5335 sumus,
715 5277 770 5323 ct
813 5267 1163 5336 depositionis
1193 5268 1541 5333 sententiam,
1590 5285 1695 5324 non
1749 5269 1919 5323 solum
1965 5269 2062 5322 im-

477 5362 818 5418 mutabiliter
857 5376 1293 5432 permansuram,
1351 5362 1446 5416 sed
1498 5364 1662 5416 etiam
1716 5361 1915 5415 nullam
1970 5361 2061 5416 tibi

479 5450 808 5507 audientiam
840 5452 891 5506 in
919 5462 1196 5522 posterum
1238 5453 1664 5523 relinquendam.
1717 5454 1848 5508 Data
1878 5455 2064 5510 Romae

480 5543 692 5598 decimo
722 5547 912 5616 quinto
958 5547 1230 5602 Kalendas
1274 5547 1421 5613 Maii,
1469 5547 1767 5604 lndictione
1814 5549 1990 5603 tertia.
2040 5569 2058 5600 ι

480 5633 723 5703 Epistula
763 5637 900 5702 haec,
930 5637 1252 5710 Gregorium
1282 5655 1414 5694 sane
1444 5654 1654 5693 smnma
1690 5654 1818 5710 erga
1849 5638 2062 5694 Manas-

482 5741 596 5780 sczn
637 5727 972 5800 benignitate
1016 5730 1454 5805 indulgentiaque
1511 5747 1666 5788 usum
1713 5745 1855 5798 csse,
1903 5731 2064 5787 fidem

2167 4535 2380 4602 fuisset,
2429 4536 2847 4605 epistolatnque,
2895 4517 3304 4606 §tiprzrcedenti
3349 4537 3453 4590 huc
3491 4521 3722 4584 transcri-

2163 4635 2330 4694 ptam,
2377 4643 2404 4679 a
2435 4625 2695 4682 Pontiliee
2727 4626 3047 4694 accepisset,
3081 4626 3219 4681 male
3263 4625 3579 4695 acquisitum
3629 4612 3721 4666 Rc-

2166 4732 2406 4771 mcnsem
2449 4718 2976 4788 archiepiscopatum
3019 4719 3187 4772 armis
3225 4719 3330 4772 sibi
3373 4723 3582 4771 servare
3623 4704 3723 4756 the-

2164 4826 2424 4865 saut-osve
2459 4811 2578 4881 ejus
2619 4811 2874 4880 diripere,
2909 4820 3163 4864 conatum
3192 4810 3368 4863 adhuc
3401 4803 3584 4862 fuisse.
3608 4793 3722 4848 εάο·

2164 4911 2343 4964 ceant,
2369 4902 2472 4955 huc
2509 4899 2831 4954 transcribo.

2235 4992 2419 5046 151-9..
2457 4992 2532 5046 En
2557 4992 2676 5044 illa:
2718 5010 2735 5040 ι
2767 4992 2937 5058 Quam
2970 4992 3151 5060 itaque
3177 4986 3515 5057 (sententiam
3543 4979 3592 5032 in
3627 4971 3722 5027 M8-

2165 5099 2378 5138 nassem
2430 5087 2482 5138 in
2532 5084 2766 5147 concilio
2822 5083 3167 5153 Lugdunensi
3222 5081 3408 5150 latam)
3463 5072 3722 5142 diligenter

2163 5184 2573 5247 perscrutantes
2613 5183 2667 5227 et
2709 5191 2806 5243 pro
2839 5175 3212 5245 magnitudine
3251 5172 3590 5240 iniquitatum
3620 5155 3724 5224 eius

2167 5266 2474 5338 (Manassis)
2495 5267 2852 5336 justissitnam
2879 5266 3044 5320 fuisse
3072 5266 3450 5335 approbantes,
3471 5272 3533 5312 eo
3557 5257 3722 5307 tenore

2167 5360 2219 5413 iu
2249 5357 2490 5412 liomana
2536 5357 2741 5428 synodo
2768 5355 3212 5410 confirmavimus
3244 5362 3427 5425 rugato
3456 5344 3720 5428 multorum

2165 5452 2418 5516 fratrum,
2466 5460 2541 5509 ut.
2592 5449 2866 5504 concessis
2915 5448 3018 5502 sibi
3074 5449 3326 5511 induciis,
3365 5445 3409 5498 si
3447 5422 3720 5530 possentid

2171 5547 2580 5616 CXpttt‘gaIltltlttt
2638 5560 2696 5598 se
2749 5545 2814 5598 de
2873 5541 3100 5610 objectis
3160 5537 3409 5596 veniendi
3471 5531 3716 5618 licentiaeI

2169 5613 2395 5692 haberet
2445 5653 2506 5689 ac
2552 5635 2778 5690 liberam
2828 5634 2894 5688 de
2946 5650 3004 5688 se
3055 5633 3247 5704 agendi
3290 5627 3614 5684 facultatem;
3653 5613 3720 5660 “3

2171 5739 2350 5785 tamen
2385 5737 2442 5784 ut
2472 5727 2687 5783 interim
2721 5706 2987 5796 regimine
3033 5725 3200 5794 ipsius
3223 5718 3462 5781 ecclesia:
3499 5704 3715 5766 cederet:
