3862 6310
163 329 215 383 8.1
1666 349 1691 403 Α

1811 351 1865 403 :\.
2002 381 2011 384 ο
3327 367 3395 430 90

162 444 272 498 etin
298 444 637 501 Cluniacensi
667 447 750 502 vel
783 448 836 502 in
873 449 1055 519 aliquo
1093 452 1345 524 religioso
1382 462 1714 515 monasterio
1743 464 1788 519 Α
1815 473 2019 531 potest,
2055 468 2345 535 posterior,
2378 470 2541 527 citius
2574 476 3008 543 verosimillime,
3045 497 3206 550 quam
3247 500 3390 542 anno

161 539 362 607 degeret,
388 539 659 609 ut,-cujus
684 540 1007 596 obedientia:
1027 555 1352 617 quantaeque
1389 551 1712 608 humilitatis
1814 553 1971 620 1081,
2006 572 2112 611 non
2135 561 2346 625 evenit;
2381 563 2558 618 serius
2587 574 2766 619 autem
2798 567 2960 621 etiam
2991 587 3094 625 non
3123 576 3388 643 evenisse,

160 638 295 691 esset,
320 629 663 698 probaretur.
709 632 906 688 Verum
949 634 1110 705 (sicut
1134 653 1229 693 vos
1261 640 1363 709 ipsi
1390 643 1562 713 scitis)
1603 660 1708 700 non
1814 644 1982 714 liquet
2021 662 2087 701 ex
2137 663 2229 716 co,
2271 653 2414 722 quod
2454 652 2753 713 Rainaldus
2784 657 2851 712 du
2886 658 3084 726 Bellai,
3118 674 3174 716 ut
3203 629 3389 720 Gallia;

159 719 302 772 solum
326 720 449 774 huic
471 721 781 776 dilﬁnitioni
809 740 915 779 non
945 727 1206 792 obedivit,
1238 732 1330 785 sed
1359 733 1425 787 ad
1467 745 1710 789 eontem-
1810 734 2134 801 Christianae
2158 719 2328 795 auctae
2367 745 2680 814 scriptores,
2730 758 2862 803 tom.
2897 750 3002 816 IX,
3032 752 3139 807 col.
3169 754 3255 822 75,
3293 756 3390 810 do-

158 822 279 880 ptum
313 813 714 869 interdictionis
736 826 935 872 nostra:
960 820 1244 875 ecclesiam
1272 836 1506 879 vestram
1555 828 1707 881 inva-
1810 834 1969 891 cent,
2013 843 2158 883 anno
2198 830 2339 888 1085
2386 836 2452 889 ad
2503 836 2822 893 Remenscm
2869 842 3214 908 cathedram,
3266 860 3389 899 cum

157 907 261 956 dere
300 918 360 957 ac
415 904 717 974 impudenti
764 906 1139 966 devastatione
1191 911 1524 970 confundere
1574 934 1711 986 pne-
1810 916 1951 971 hanc
1986 930 2108 987 post
2143 920 2465 978 Manassem'
2492 928 2777 997 expulsum
2814 930 3141 998 Elinaudus,
3175 931 3390 988 Laudu—

158 995 379 1063 sumpsit;
424 1005 615 1065 utpote
654 1012 817 1067 quam
854 1016 959 1055 non
992 1017 1091 1070 per
1131 1005 1355 1069 ostimn,
1400 1018 1459 1061 ut
1502 1021 1706 1078 pastor,
1811 1012 1997 1066 nensis
2024 1013 2341 1083 episcopus,
2374 1018 2595 1075 biennio
2625 1025 2923 1091 tenuisset,
2955 1025 3119 1081 fuerit
3142 1034 3384 1082 evectus.

156 1086 227 1138 sed
254 1086 483 1152 aliunde,
517 1098 581 1143 ut
620 1090 708 1143 fur
752 1102 807 1145 et
836 1095 1168 1152 suavissimus
1196 1101 1399 1165 prinde,
1447 1102 1702 1168 intravit;
1881 1101 2003 1155 154.
2038 1104 2356 1160 Sermonem
2390 1110 2549 1164 modo
2593 1112 2659 1167 de
2699 1113 2898 1170 Sancto
2930 1125 3112 1171 nostro
3147 1131 3388 1170 resuma-

156 1178 205 1229 zul
250 1178 341 1232 hoc
386 1178 619 1244 scilicet,
652 1191 710 1235 ut
757 1198 973 1255 gregem
1004 1186 1346 1242 Dominienm
1399 1200 1601 1247 mactet
1649 1203 1705 1249 et
1809 1207 1949 1246 mus.
1982 1191 2159 1257 Pulso,
2186 1205 2242 1248 ut
2272 1212 2413 1251 nunc
2443 1201 2770 1269 expositum,
2801 1204 3112 1261 Simoniaco
3140 1206 3386 1261 antistite

155 1270 325 1335 pel-dm,
352 1287 455 1325 ηοη
490 1283 557 1327 ut
598 1274 876 1345 vigilantia
903 1281 1137 1347 pastoris
1162 1292 1409 1352 ρι-οιεειιι
1441 1295 1493 1339 ει
1522 1286 1706 1341 dere“-
1808 1279 2075 1348 Manasse,
2102 1282 2280 1339 Bruuo
2308 1286 2471 1344 Remr
2489 1304 2512 1343 β
2536 1291 2727 1357 rediit,
2759 1294 2939 1365 ibique
2965 1297 3018 1351 in
3050 1305 3252 1351 statum
3276 1298 3387 1367 pri-

153 1362 240 1415 ιΙει,
599 1368 737 1422 adeo
774 1370 826 1423 in
871 1371 1194 1429 immensum
1234 1387 1450 1432 actuum
1483 1396 1703 1435 suorum
1809 1372 2007 1426 stinmn
2040 1390 2103 1429 ac
2128 1375 2267 1429 l'ortc
2288 1383 2450 1434 etiam
2476 1381 2753 1438 meliorem
2779 1362 2880 1439 ἰαί-ι
2907 1388 3211 1442 restitutus.
3251 1388 3384 1442 Ιίθηι

155 1456 341 1509 tetendit
369 1456 658 1526 iniquitas,
702 1470 764 1514 ut
806 1462 1120 1532 dignissime
1163 1467 1495 1523 damnationi
1542 1483 1704 1540 atque
1807 1462 1884 1517 Sic
1912 1466 2110 1531 ΡΓοὺυε
2147 1466 2359 1522 Τίιυίηδ
2400 1468 2673 1539 “umbris:
2723 1475 2770 1528 εί
2822 1476 2888 1529 ab
2932 1477 3043 1546 ipsa
3083 1479 3385 1533 cathedra”

153 1548 668 1604 rxrommunicationi
715 1552 1021 1623 subjaccat,
1051 1557 1124 1611 ita
1172 1567 1230 1611 ut
1279 1560 1331 1612 in
1385 1573 1691 1632 perpetuum

1811 1551 2059 1608 Remensi
2108 1557 2372 1624 ecclesia,
2422 1561 2576 1631 cujus
2614 1579 2744 1619 sane
2791 1569 3082 1635 przeposito
3123 1569 3385 1623 Manassae

154 1637 318 1690 nullam
365 1642 735 1698 restitutionis
787 1661 899 1700 suae
952 1663 1102 1716 spem
1152 1651 1438 1721 concipere
1489 1655 1691 1709 debeat.

1811 1642 2007 1711 pluries
2058 1646 2147 1700 hic
2197 1647 2417 1704 laudato
2473 1654 2859 1724 cauonieisque
2920 1657 3164 1726 apprime
3227 1666 3385 1713 notus

152 1726 448 1797 Quapropter
479 1732 781 1800 apostolica
808 1750 904 1789 vos
929 1738 1249 1793 auctoritate
1295 1756 1598 1808 monemus,
1643 1758 1701 1799 ut
1733 1810 1763 1813 _
1805 1743 1958 1800 erat,
1996 1748 2347 1792 consecratus
2392 1740 2678 1813 locumque
2724 1745 2867 1799 inter
2912 1748 3251 1802 reeudeudos
3316 1748 3385 1800 59.

151 1819 382 1893 perversis
420 1822 644 1878 actibus
672 1823 789 1892 ejus
837 1825 889 1880 in
924 1826 1071 1881 nullo
1112 1831 1550 1898 communicetis,
1590 1832 1699 1888 imo
1732 1810 1774 1868 Β
1802 1823 2071 1892 (Ruinam,
2105 1828 2184 1883 Sic
2221 1828 2425 1885 11811611

151 1921 195 1964 ut
217 1911 412 1968 tollatur
434 1915 505 1970 de
536 1917 717 1971 medio
740 1928 999 1986 vestrum,
1028 1930 1083 1974 et
1128 1922 1178 1974 in
1208 1924 1485 1979 interitum
1519 1931 1698 1984 carnis

149 2022 236 2058 sum
277 2008 517 2063 tradatur
554 2008 795 2071 Satanae,
849 2023 907 2066 ut
956 2015 1179 2082 spiritus
1225 2018 1405 2072 salvus
1451 2020 1542 2085 sit,
1593 2024 1695 2077 sibi

150 2099 288 2154 modis
325 2102 578 2157 omnibus
637 2105 922 2159 resistatis.
957 2107 1105 2162 Detis
1152 2110 1315 2163 etiam
1361 2127 1606 2182 operam,
1640 2126 1700 2171 ut

149 2196 375 2249 mirimtmi
418 2199 655 2253 consilio
695 2202 923 2271 parique
968 2211 1112 2268 voto,
1166 2208 1497 2265 assentiente
1547 2213 1699 2268 vobis

150 2284 362 2350 praedicto
385 2289 672 2343 conl'ratre
718 2300 903 2345 nostro
949 2292 1127 2348 Diensi
1172 2296 1448 2365 episcopo,
1487 2309 1696 2368 patrem

150 2372 269 2426 vobis
292 2377 585 2431 secundum
622 2379 910 2434 Dominum
932 2382 1164 2451 eligatis.
1197 2404 1214 2434 ι
1248 2384 1357 2441 Nec
1379 2387 1693 2459 Gregorius,

149 2460 238 2523 qui,
263 2473 312 2516 ut
359 2466 474 2520 haec
512 2469 636 2534 ejus
685 2472 849 2524 verba
901 2470 1056 2526 ﬁdem
1109 2473 1339 2542 faciunt,
1393 2477 1695 2534 Manassetn

152 2550 294 2607 llcrnis
320 2556 531 2623 pulsum
575 2568 841 2627 prwterea
894 2563 1125 2629 volebat,
1178 2576 1302 2621 voto
1335 2567 1431 2622 fuit
1468 2569 1696 2626 frustra-

150 2652 239 2705 tus;
265 2647 454 2701 etcnim
486 2649 740 2705 ecclesia
767 2652 1051 2710 Bernensis
1084 2673 1189 2711 non
1220 2668 1427 2714 tantum
1469 2663 1697 2732 populus

149 2742 188 2784 et
208 2734 382 2803 clerus,
409 2740 505 2793 sed
554 2751 611 2795 et
659 2743 920 2811 primates
968 2747 1021 2800 in
1056 2748 1425 2805 Simoniacum
1476 2754 1696 2825 jamque

148 2836 515 2885 exauctoratum
577 2835 880 2891 antistitem
934 2840 1297 2909 insurrexere,
1352 2860 1583 2917 emnque
1630 2865 1692 2903 ex

148 2933 361 2988 usurpata
390 2925 653 2980 cathedra
684 2926 915 2994 ejecere.

203 3013 299 3066 l33.
352 3016 516 3072 Docet
572 3020 628 3073 id
674 3020 966 3078 Guibertus
1018 3026 1084 3080 de
1134 3025 1463 3098 Novigento,
1509 3042 1693 3086 auctor

151 3108 462 3210 :yu‘chronus,
489 3109 609 3179 jam
654 3112 855 3179 pluries
882 3113 1153 3182 laudatus,
1180 3121 1359 3174 verbis
1390 3139 1537 3176 num.
1588 3126 1690 3178 “0
1716 3156 1757 3210 ρ

149 3186 197 3237 de
215 3187 437 3247 Manasse
471 3197 579 3249 huc
610 3200 946 3268 transcriptis
972 3205 1215 3269 proxime
1250 3207 1432 3261 istluec
1462 3225 1689 3277 sequen-

151 3280 202 3329 tia
238 3283 594 3355 subjungens:
638 3307 655 3338 t
704 3288 873 3353 Quem
922 3292 1247 3363 (Manassem
1295 3300 1505 3369 nempe)
1539 3313 1687 3371 post-

151 3373 323 3425 modum
362 3393 643 3445 proceres,
677 3380 855 3437 clerus
903 3394 1063 3453 atque
1104 3387 1425 3458 Burgenses,
1468 3408 1588 3445 cum
1622 3396 1689 3449 ab

151 3457 325 3531 "agone
370 3468 482 3537 (qui
516 3470 736 3526 Diensis
777 3457 1246 3550 agnominabatur)
1286 3481 1689 3553 archiepiscopo

149 3550 314 3619 (postea
340 3562 539 3617 Scilicet
578 3563 744 3627 facto)
792 3566 1157 3636 Lugdunensi,
1191 3575 1499 3640 apostolicm
1536 3550 1689 3632 Sedis

149 3638 298 3710 legato,
331 3650 440 3705 viro
490 3654 545 3706 in
600 3653 785 3709 fenore
818 3658 1043 3726 justitiae
1095 3662 1416 3729 clarissimo,
1472 3669 1689 3721 creber-

1877 1915 1977 1968 Hic
2008 1915 2169 1972 Pater
2197 1921 2420 1975 eximius
2455 1923 2709 1991 fundator
2741 1927 3023 1998 relligionis

1947 2004 2236 2078 Exemplar
2259 2027 2371 2066 sese
2401 2013 2656 2082 fratribus
2681 2017 2918 2072 exhibuit
2944 2059 2959 2085 ,

1872 2096 2015 2152 Dans
2043 2099 2149 2154 illis
2179 2102 2405 2171 formam
2443 2109 2718 2177 spernendi
2744 2110 2869 2163 vilia
2894 2113 3076 2165 mundi

1944 2189 2175 2247 Caelestis
2205 2196 2393 2262 patria:
2420 2199 2621 2267 premia
2650 2200 2777 2253 dum
2807 2203 3060 2271 sequitur,

1871 2282 1981 2336 Pro
2010 2284 2163 2354 cujus
2191 2286 2348 2357 culpa
2379 2305 2481 2342 non
2509 2292 2771 2347 credimus
2798 2309 2909 2347 esse
2933 2294 3274 2363 gemendum,

1944 2375 2112 2441 Quem
2130 2377 2249 2446 jam
2286 2380 2597 2448 gaudentem
2626 2384 2887 2438 credimus
2912 2386 2966 2438 in
2994 2386 3185 2453 requie.

1874 2466 2015 2520 Nam
2047 2470 2093 2520 si
2131 2470 2214 2521 cui
2240 2479 2421 2522 sancto
2453 2473 2678 2541 requiem
2707 2475 2840 2527 bona
2880 2476 2985 2528 vita
3022 2485 3264 2539 meretur,

1981 2558 2119 2613 Huic
2145 2577 2349 2631 quoque
2378 2578 2471 2631 pro
2498 2564 2696 2617 meritis
2722 2581 2925 2619 summa
2955 2565 3115 2619 datur
3147 2567 3377 2635 requies;

1872 2646 1977 2713 Qui
2006 2666 2122 2702 cum
2160 2651 2470 2705 multimode
2501 2662 2678 2706 nostra
2705 2653 2920 2722 polleret
2950 2656 3006 2708 in
3040 2656 3197 2723 urbe,

1941 2741 2297 2813 Solamenque
2331 2745 2441 2815 suis
2472 2755 2625 2814 atque
2655 2746 2812 2799 decus
2844 2747 3023 2815 fieret,

1870 2831 2101 2901 Cumque
2130 2832 2325 2901 faveret
2360 2834 2407 2887 ei
2445 2834 2660 2903 fortuna
2694 2850 2788 2903 per
2815 2837 3014 2903 omnia,
3035 2837 3250 2907 jamque

1944 2922 2098 2976 Hunc
2126 2924 2494 2992 prwferremus
2533 2925 2798 2990 omnibus,
2839 2936 2886 2979 et
2921 2929 3142 2991 merito;

1874 3014 2115 3085 Namque
2147 3015 2398 3085 benignus
2433 3027 2578 3081 erat,
2611 3017 2854 3086 omnique
2890 3018 3086 3085 peritus
3114 3021 3167 3070 in
3197 3028 3337 3084 arte,

1941 3106 2332 3176 Facundusque
2359 3108 2486 3160 satis
2514 3108 2810 3179 divitiisque
2839 3122 3053 3175 potens;

1862 3199 2053 3252 Omnia
2091 3199 2380 3268 postposuit
2411 3198 2642 3266 Christo,
2675 3201 2975 3271 nudumque
3002 3212 3210 3255 secutus

1935 3291 2197 3346 Christum
2216 3332 2234 3358 ,
2278 3308 2399 3345 cum
2430 3293 2608 3346 multis
2646 3294 2859 3360 suscipit
2890 3295 3028 3347 hunc
3058 3310 3259 3349 eremus
3280 3309 3298 3344 :

1865 3381 2147 3452 Propterea
2179 3384 2405 3455 requiem
2436 3385 2534 3439 sibi
2565 3386 2821 3439 credimus
2847 3403 2955 3440 esse
2985 3396 3250 3457 paratam.

1933 3472 1991 3527 Si
2030 3482 2204 3527 tamen
2233 3474 2345 3527 ulla
2374 3474 2497 3529 levis
2523 3476 2674 3530 hwsit
2704 3477 2752 3530 ei
2787 3477 3025 3542 macula,

1861 3564 2027 3633 (Nam
2054 3576 2193 3635 patet
2222 3568 2277 3620 in
2300 3569 2455 3621 terris
2488 3569 2692 3623 nullum
2722 3570 2833 3623 sine
2874 3570 2990 3623 labe
3022 3572 3241 3641 morari)

1932 3653 2086 3707 Hanc
2120 3655 2259 3709 Deus
2291 3658 2554 3726 nbstergat
2586 3659 2762 3711 dando
2804 3660 2902 3713 sibi
2930 3662 3151 3714 veniam.

1863 3746 1985 3799 155.
2030 3746 2262 3802 Sanctus
2304 3766 2464 3817 ergo,
2508 3751 2587 3802 uti
2630 3750 2681 3802 hi
2724 3750 2975 3805 versiculi
3030 3753 3375 3821 apertissime

1792 3836 2055 3903 produnt,
2090 3852 2155 3890 co
2186 3837 2302 3906 ipso
2334 3848 2606 3908 tempore,
2648 3857 2756 3909 quo
2788 3842 2839 3907 in
2872 3841 3091 3897 civitate
3118 3842 3374 3898 Rctnensi

1789 3928 2115 3982 auctoritate
2145 3943 2210 3982 ac
2238 3930 2461 3992 divitiis,
2491 3932 2725 3986 maxime
2751 3933 2797 3986 ei
2829 3933 3105 3988 arridente
3132 3932 3371 3998 fortuna,

1788 4018 2078 4087 plurimum
2113 4018 2343 4083 valeret,
2380 4021 2433 4074 in
2474 4038 2749 4089 eremum,
2785 4023 2935 4079 hisce
2977 4022 3238 4093 abjectis,
3280 4039 3370 4077 se—

1790 4109 1976 4163 cessit.
2028 4110 2082 4163 ld
2134 4120 2312 4167 autem
2365 4130 2462 4167 nee
2514 4116 2786 4185 tempori,
2836 4130 2943 4186 quo
2992 4116 3174 4170 Remis
3243 4126 3371 4170 ante

1786 4223 1941 4261 suum
1981 4223 2048 4260 ex
2096 4208 2196 4263 hac
2228 4210 2361 4263 urbe
2387 4209 2457 4263 ob
2486 4210 2751 4265 nefandos
2796 4210 3063 4266 Manassis
3095 4210 3369 4280 archiepi—

148 4293 372 4347 postremo
413 4292 744 4363 defungitur.
784 4316 801 4347 ι
832 4296 907 4349 lta
958 4298 1250 4353 Gnibertns
1284 4318 1295 4352 :
1326 4301 1451 4356 licet
1479 4314 1680 4371 autem,
1786 4301 1931 4369 scopi
1985 4316 2166 4354 mores
2214 4300 2515 4357 discessum
2566 4312 2816 4357 versatus
2860 4311 2982 4367 est,
3032 4317 3133 4356 nec
3182 4301 3373 4356 itidem

148 4384 211 4433 η’,
228 4380 353 4444 quod
383 4381 467 4435 hic
496 4383 693 4447 innuit,
726 4385 998 4441 Manasses
1025 4388 1075 4442 in
1100 4394 1679 4459 excommuniCatione,
1788 4394 2046 4461 tempori,
2077 4395 2220 4462 quod
2257 4395 2401 4448 hunc
2436 4394 2579 4448 inter
2623 4404 2678 4450 et
2724 4394 2989 4448 Manassis
3034 4407 3066 4448 e
3106 4393 3368 4448 cathedra

146 4475 222 4527 qtta
246 4466 305 4519 ob
335 4472 561 4527 crimina
601 4476 1065 4547 pertinaciamque
1100 4482 1368 4549 przrcipne
1420 4501 1449 4537 a
1494 4483 1677 4539 pt-Hli'
1712 4496 1758 4553 υ
1788 4484 2039 4539 ltemcnsi
2075 4483 2393 4553 eiectionem
2433 4487 2769 4549 intercessit,
2812 4494 2991 4556 potest
3032 4499 3365 4554 congruere.

148 4551 219 4606 lu-e
254 4555 415 4613 fuerat
457 4578 769 4632 percussus,
805 4566 969 4621 vitam
1018 4570 1232 4632 linicrit,
1267 4588 1371 4625 non
1407 4573 1680 4630 immerito
1784 4574 1897 4628 Etsi
1933 4575 2078 4628 enim
2115 4583 2336 4629 sanctus
2368 4590 2432 4629 eo
2458 4584 2722 4645 tempore,
2752 4591 2859 4645 quo
2889 4576 3095 4642 Reinis,
3152 4577 3371 4632 Manas-

145 4654 191 4691 et
226 4645 300 4708 iis,
339 4666 454 4717 qua:
484 4651 735 4708 Historim
782 4655 1062 4712 litterariae
1094 4659 1336 4716 Francia:
1386 4664 1680 4733 scriptores
1780 4680 1891 4718 sem
1923 4667 2122 4731 vitans,
2147 4668 2380 4720 nondum
2398 4678 2727 4734 excesserat,
2747 4685 3004 4739 prospera
3025 4670 3223 4726 ibidem
3254 4670 3363 4724 lor-

148 4737 247 4786 tom.
276 4736 393 4803 Vlll,
424 4759 542 4813 pag.
576 4744 679 4799 655
725 4758 779 4802 et
823 4763 977 4818 seqq.
1022 4752 1336 4820 observant,
1367 4756 1417 4809 in
1453 4755 1676 4812 dubium
1783 4765 1912 4807 tuna
1954 4754 2044 4807 diu
2089 4770 2218 4810 usus
2245 4755 2438 4819 fuerit,
2482 4766 2591 4811 tum
2622 4766 2835 4823 tamen,
2869 4760 2944 4814 uti
2984 4761 3125 4831 apud
3167 4776 3365 4816 omnes

146 4836 266 4886 liueat
302 4837 571 4897 revocari,
618 4838 996 4908 ambigendum
1040 4851 1216 4896 tamen
1256 4859 1358 4898 non
1411 4855 1495 4901 est
1523 4849 1673 4917 quin,
1781 4846 1831 4899 in
1863 4844 2114 4901 confesso
2144 4857 2255 4913 est,
2301 4849 2353 4902 in
2403 4864 2676 4913 eremum,
2715 4851 2921 4907 divitiis
2975 4852 3216 4919 relictis,
3251 4867 3361 4907 non

145 4919 253 4980 quod
291 4922 371 4978 hic
415 4929 619 4997 pariter
666 4931 847 4995 tradit,
876 4932 1221 4989 Simoniacus
1250 4936 1335 4989 ille
1376 4940 1602 4994 antistes
1644 4957 1675 4995 a
1778 4939 2035 5004 secessit;
2079 4940 2221 5009 quod
2258 4952 2438 4997 autem
2482 4943 2551 4996 ad
2591 4953 2821 5014 tempus,
2859 4945 3003 5014 qttod
3051 4945 3193 4999 inter
3241 4944 3361 5015 eius

145 5002 274 5074 dem,
321 5018 510 5086 papula
558 5029 613 5074 et
654 5022 1007 5091 optimatibus
1048 5040 1077 5077 c
1119 5024 1370 5081 “emensi
1418 5029 1672 5084 cathedra
1774 5046 1842 5084 ex
1877 5030 2008 5085 urbe
2056 5031 2309 5087 Remensi
2354 5034 2683 5100 discessum,
2726 5050 2868 5089 anno
2901 5051 2967 5089 ex
3004 5050 3167 5104 supra
3199 5036 3359 5089 dictis

147 5092 269 5151 fuerit
308 5104 533 5173 ejectus;
567 5110 617 5165 id
654 5112 799 5166 enim
831 5128 957 5168 vere
990 5114 1216 5180 factum,
1248 5117 1341 5185 qui
1386 5133 1499 5171 rem
1542 5133 1670 5173 exa-
1776 5121 1914 5176 l076
1944 5131 2038 5176 aut
2069 5124 2315 5193 sequenti
2352 5124 2699 5195 illigandum,
2741 5136 2796 5180 et
2848 5126 3114 5182 Manassis
3151 5142 3183 5182 e
3227 5128 3355 5181 sede

148 5185 805 5258 minarunt,eruditiomnes
826 5204 1064 5257 unanimi
1090 5210 1358 5260 consensu
1382 5206 1668 5273 afﬁrmant,
1775 5215 2027 5271 Remensi
2090 5219 2459 5288 expulsioncm
2519 5220 2757 5273 medium
2828 5221 3114 5283 cucurrit,
3194 5219 3356 5273 modo

148 5287 220 5328 nec
251 5282 421 5351 ullum,
470 5290 543 5343 uti
598 5292 651 5345 in
706 5307 834 5346 casu
884 5297 1206 5362 przecedenti
1265 5299 1339 5359 lit,
1392 5300 1673 5369 scriptoris
1774 5308 2040 5375 pertinet,
2073 5318 2292 5363 sanctus
2322 5322 2446 5362 tunc
2476 5308 2661 5363 Remis
2692 5320 2940 5363 versatus
2972 5323 3078 5362 non
3107 5316 3222 5371 est,
3257 5323 3351 5362 ne-

147 5370 386 5462 fyuehroni
411 5387 500 5433 aut
536 5382 698 5435 etiam
737 5384 1061 5453 subaequalis
1093 5388 1483 5453 testimonimn,
1526 5391 1670 5459 quod
1772 5370 1896 5450 dum
1941 5370 2146 5452 divitiis
2194 5399 2389 5451 ibidem
2420 5397 2633 5461 lloruit,
2668 5400 2743 5450 uti
2777 5413 3004 5467 pronum
3041 5408 3127 5450 est
3155 5412 3351 5453 eruere

148 5453 184 5508 in
206 5474 503 5525 contrarium
534 5484 829 5545 utcumque
877 5476 1067 5540 faciat,
1100 5488 1276 5547 potest
1318 5481 1520 5536 alierri.
1575 5483 1670 5537 At-
1773 5489 1965 5555 partim
2013 5504 2081 5543 ex
2134 5505 2295 5559 supra
2331 5490 2532 5553 dictis,
2579 5490 2775 5558 partim
2819 5505 2884 5543 ex
2969 5487 3215 5559 Gregorii
3266 5489 3353 5544 νυ

149 5562 299 5612 ‘Illeea
325 5562 530 5629 quidem
562 5565 827 5622 Manassis
864 5570 1125 5637 expulsio,
1169 5580 1351 5641 utpote
1383 5575 1629 5644 epistolis
1652 5618 1666 5640 ,
1770 5596 1921 5650 papa:
1967 5580 2226 5651 epistola,
2274 5597 2422 5634 num.
2456 5580 2557 5635 MS
2593 5589 2647 5634 et
2678 5595 2792 5648 seq.
2844 5580 2949 5633 huc
2980 5580 3300 5648 transcripta
3331 5620 3346 5643 ,

152 5652 172 5686 ³
209 5641 431 5706 Pontiﬁce
476 5655 581 5725 (adi
632 5673 780 5711 nnin.
820 5659 942 5730 151)
988 5660 1245 5731 vigesima
1292 5641 1519 5731 septima
1570 5667 1666 5722 de-
1771 5641 2019 5740 annoque
2073 5686 2138 5724 ex
2191 5641 2385 5726 ibidem
2442 5671 2600 5726 dictis
2649 5641 2789 5725 1080
2838 5673 2995 5735 data,
3055 5670 3108 5724 in
3156 5641 3260 5739 qua
3307 5641 3349 5724 is

151 5734 335 5792 (ﬂabris
359 5757 489 5801 anno
524 5748 654 5805 1080
682 5751 847 5818 datis,
876 5751 1178 5823 aliquanto,
1221 5764 1277 5808 ut
1309 5755 1542 5812 dubitari
1578 5760 1664 5813 vix
1770 5761 2033 5816 Manassae
2068 5761 2517 5832 archiepiscopo,
2552 5761 2605 5815 in
2649 5761 2881 5819 concilio
2908 5760 3253 5833 Lugduncnsi
3283 5778 3345 5814 cx

149 3734 253 3787 rimo
293 3743 635 3797 anathemate
681 3745 957 3814 feriretur,
1013 3760 1065 3804 et
1116 3751 1202 3806 ille
1256 3769 1418 3807 manu
1470 3756 1686 3810 militari

150 3824 380 3886 thesauros
394 3834 647 3890 ecclesiae
667 3837 965 3907 dilapidare
988 3842 1271 3904 niteretur,
1298 3860 1325 3897 a
1351 3848 1494 3913 sede,
1524 3865 1686 3916 quam

150 3919 253 3971 male
293 3921 613 3988 obsederat,
664 3930 1024 3998 pepulerunt,
1098 3943 1151 4002 et
1204 3936 1366 3989 exilio
1422 3938 1688 4008 relegatus

148 4018 322 4080 :rterno,
346 4032 464 4071 cum
510 4034 571 4073 se
602 4021 669 4074 ad
712 4023 1239 4080 exeommunicatum
1270 4037 1393 4082 tunc
1431 4031 1687 4097 temporis

150 4096 385 4161 llcnricum
422 4111 808 4180 imperatorem
841 4115 953 4184 ipse
979 4118 1140 4170 etiam
1187 4121 1686 4176 excommunicatus

148 4196 431 4262 mutulisset,
468 4206 571 4257 hac
599 4204 830 4274 illacque
856 4209 1118 4263 oberrans
1158 4210 1273 4265 sine
1300 4214 1685 4269 communione
