4016 6310
502 359 563 417 9|
1304 354 1357 409 S.
1403 352 1747 410 BRUNONIS
1787 353 2427 410 CARTllUSIANORUM
2464 352 2945 408 INSTITUTORIS
3702 351 3781 409 9?.

502 470 665 527 dictis
707 470 822 539 jam
879 478 1234 527 exnuctorato
1282 466 1558 534 prtecipit,
1612 474 1671 520 ut
1724 466 1986 520 Manassae
2031 473 2085 518 et
2115 470 2159 523 Α
2187 465 2274 519 Sic
2304 476 2594 533 contempta
2628 460 2792 533 jacet,
2838 464 3044 529 Bruno,
3078 467 3171 520 tibi
3205 467 3376 537 gloria
3400 467 3617 530 mundi,

501 562 741 616 Brunoni
775 578 864 615 res
893 578 1019 616 suas
1048 561 1099 613 in
1129 561 1397 626 integrum
1429 556 1711 619 restituat,
1744 555 2083 622 clericisque,

508 673 525 703 ι
570 662 721 706 tanto
746 660 991 716 tempore
1014 664 1109 717 pro
1132 645 1340 716 justitia
1372 646 1628 701 exsilium
1667 646 1862 716 passis,
1902 664 1919 696 ι
1953 658 2091 712 quo-

501 756 619 795 rum
660 754 799 793 unus
829 750 945 793 erat
973 746 1191 793 sanctus
1238 747 1452 803 noster,
1504 738 1590 790 «in
1638 736 1866 791 ecclesia
1897 749 2088 788 secure

500 830 611 883 Deo
640 829 846 883 servire
880 828 1175 897 permittat.
1214 844 1231 877 ι
1275 827 1461 880 Bcstat
1496 841 1626 893 ergo
1651 834 1735 887 nt,
1778 810 2085 877 Brunonem

507 919 747 975 secunda
782 919 1027 989 gavisam
1053 931 1173 971 esse
1207 916 1393 970 Remis
1425 917 1671 980 fortuna,
1705 926 1941 984 tuncque
1965 914 2089 968 inde

502 1014 559 1063 in
614 1009 961 1064 solitudinem
1008 1008 1335 1071 secessisse,
1372 1006 1560 1069 unice,
1618 1013 1674 1059 ut
1720 1006 2086 1059 consideranti

504 1102 736 1172 patebit,
770 1107 1038 1169 congruat
1078 1099 1338 1168 tempori,
1373 1098 1514 1167 quod
1546 1096 1810 1151 Manassis
1850 1110 1879 1150 e
1910 1096 2090 1152 cathe-

503 1196 600 1248 dra
634 1192 886 1247 Remensi
924 1191 1227 1261 expulsioni
1260 1190 1549 1245 successit.

576 1282 699 1337 156.
741 1281 922 1348 Quare
950 1280 1209 1336 Sanctum
1243 1289 1367 1334 tunc
1408 1280 1461 1333 in
1490 1278 1780 1348 pristinum
1827 1285 1921 1331 aut
1949 1275 2090 1331 forte

502 1398 533 1436 c
562 1381 666 1449 ia,n
717 1379 998 1435 meliorem
1048 1388 1251 1433 statum
1299 1376 1485 1431 Remis
1527 1375 1836 1429 restitutum
1887 1373 2087 1438 fuisse,

506 1473 865 1529 indubitatum
896 1481 1000 1527 est.
1036 1471 1233 1526 Verum
1262 1469 1387 1523 idne
1412 1468 1601 1521 statim
1635 1482 1666 1519 a
1703 1465 1970 1519 Manassis
1996 1480 2090 1518 ex-

510 1569 761 1638 pulsione
815 1583 957 1621 anno
985 1581 1049 1623 ex
1082 1566 1242 1621 dictis
1288 1551 1419 1620 1081
1472 1563 1651 1630 facta,
1692 1562 1905 1617 evenit?
1952 1562 2091 1616 Sunt

506 1663 598 1731 qui
654 1676 768 1716 rem
824 1661 876 1713 in
930 1671 1186 1729 tempus,
1239 1674 1345 1728 quo
1390 1658 1715 1713 liemensem
1771 1654 2087 1709 cathedram

506 1747 808 1803 li.inaldus
838 1748 907 1802 du
941 1747 1145 1812 Bellai,
1183 1747 1252 1801 ad
1292 1746 1434 1800 banc
1479 1760 1623 1799 anno
1673 1743 1810 1799 1085
1855 1742 2088 1812 primum

504 1848 767 1905 evectus,
810 1837 922 1906 jam
957 1846 1284 1907 occuparat,
1330 1834 1685 1891 ditl‘erendam
1735 1834 2089 1888 contendunt.
2129 1812 2167 1867 Β

507 1931 709 1987 Verum
740 1932 934 1985 horum
963 1930 1146 1999 opinio
1183 1927 1518 1984 admittenda
1556 1926 1943 1982 verosimiliter
1986 1940 2094 1980 non

502 2034 606 2079 est.
638 2022 872 2078 Sanctus
899 2023 1078 2089 enim,
1108 2039 1233 2077 cum
1267 2024 1320 2077 in
1366 2032 1565 2077 statum
1606 2022 1897 2090 pristinum
1948 2028 2097 2074 esset

504 2115 825 2178 restitutus,
859 2114 925 2167 ad
969 2112 1283 2167 cathedram
1330 2112 1493 2166 etiam
1543 2112 1865 2166 llemensem
1892 2151 1906 2175 ,
1950 2114 2095 2179 quod

507 2205 607 2259 sub
635 2203 899 2259 ltainaldo
924 2204 1040 2259 tieri
1077 2220 1141 2258 ex
1188 2204 1433 2259 dicendis
1457 2219 1563 2258 non
1593 2203 1795 2272 potuit,
1824 2202 2097 2272 expetitus

515 2308 612 2347 seu
663 2293 981 2361 postulatus,
1033 2303 1321 2362 antequam
1371 2293 1423 2346 in
1474 2308 1718 2347 eremum
1767 2294 2092 2357 secederet,

508 2383 897 2438 verosimiliter
949 2383 1089 2448 fuit,
1145 2384 1219 2437 uti
1272 2383 1383 2452 jam
1436 2398 1577 2436 nunc
1624 2382 1891 2436 ostendo:
1948 2380 2097 2451 llugo

510 2474 724 2529 Diensis
745 2514 759 2536 ,
794 2473 936 2527 sedis
961 2474 1270 2542 apostolica:
1298 2473 1526 2542 legatus,
1560 2471 1615 2525 in
1644 2471 1876 2541 epistola
1902 2488 1998 2525 sua
2030 2472 2096 2523 ad

511 2578 782 2619 summum
813 2563 1132 2618 Pontiﬁcem
1159 2572 1283 2633 post
1305 2562 1592 2617 concilium
1607 2562 2096 2629 Augusmdnnense

511 2669 655 2707 anno
703 2653 836 2708 1077
884 2663 977 2708 aut
1026 2668 1141 2722 seq.
1196 2658 1319 2707 t'ata
1368 2666 1671 2723 supraque,
1722 2668 1849 2705 num
1899 2652 2000 2705 110
2045 2660 2099 2704 et

513 2746 688 2802 tribus
714 2762 867 2817 seqq.
904 2748 1011 2802 huc
1042 2748 1365 2817 transeripta
1385 2789 1398 2811 ,
1430 2748 1530 2802 sub
1558 2746 1719 2800 linem
1752 2747 1817 2801 de
1845 2746 2096 2801 ManaSse

512 2838 805 2907 przeposito
836 2847 889 2892 et
916 2838 1165 2893 Brunone
1191 2839 1303 2893 ait:
1341 2859 1357 2889 ι
1393 2839 1525 2904 llos,
1555 2855 1826 2909 rogamus,
1854 2839 2097 2893 ecclesia:

511 2926 772 2983 Remensi
811 2930 1111 2994 destinate;
1145 2950 1161 2982 ι
1203 2930 1408 2997 Quibus
1441 2932 1623 2985 verbis
1666 2930 1984 2985 Pontilicem
2014 2948 2098 2985 r0—

511 3036 668 3090 gasse
696 3021 927 3087 videtur,
981 3032 1038 3076 ut
1084 3022 1436 3087 alterutrum,
1488 3023 1796 3078 Brunonem
1842 3023 2099 3079 videlicet

519 3113 601 3168 vel
630 3112 932 3170 Manassem
966 3117 1312 3185 pra‘positum
1341 3117 1392 3170 in
1423 3117 1597 3172 locum
1625 3117 1888 3172 Manassis
1915 3117 2097 3171 archi-
2126 3155 2168 3215 (.
2204 3117 2349 3154 ¹¹¹ι¹¹¹¹
2380 3112 2659 3166 secedens:
2706 3112 2947 3159 εῑυαίοδθ
2987 3112 3206 3158 ("Nam
3229 3145 3243 3170 ι
3290 3112 3628 3161 κότοδίηιηῖιῖ

519 3208 941 3263 eniscoui.ouem
964 3210 1425 3263 exauctorandum
1452 3210 1835 3263 verosimiliter
1853 3211 2096 3263 nutabat.
2155 3197 2170 3215 ⁸
2205 3192 2350 3246 Circo
2381 3201 2512 3261 Ρυῑο
2539 3192 2702 3245 num“
2724 3232 2739 3256 ι
2770 3195 2913 3263 (ἰυοά
2945 3194 2995 3247 in
3027 3196 3269 3250 Γθυίωιίε
3301 3199 3588 3253 νοτείουιίε
3622 3201 3636 3252 ι

2205 3209 2350 3246 Cll'CO
2382 3209 2512 3256 pnto
2539 3209 2702 3245 auuot
2724 3232 2739 3256 ,
2770 3209 2913 3256 QUOU
2945 3210 2995 3247 ιη
3027 3209 3269 3250 I'CCllllllS
3301 3209 3588 3253 \‘CI‘SICUIIS
3622 3209 3806 3255 hom)-

511 3208 941 3279 episc0pi,quem
964 3210 1425 3263 exauctorandum
1452 3210 1835 3264 verosimiliter
1851 3211 2096 3280 putabat,

513 3280 892 3351 subiciendum
972 3308 1210 3353 curaret.
1268 3298 1448 3365 Quare
1501 3300 1806 3355 verosimile
1882 3310 2102 3370 apparet

515 3387 765 3441 cutndem
795 3388 1065 3456 legatum,
1100 3388 1257 3458 pulso
1277 3389 1387 3458 jam
1422 3388 1691 3454 Manasse,
1724 3393 1863 3459 apud
1891 3392 2097 3445 clerum

511 3491 564 3534 et
596 3481 845 3551 pupulum
872 3481 1219 3549 Remensem,
1251 3484 1337 3538 cui
1372 3484 1647 3552 pontifex,
1683 3495 1741 3539 ut
1774 3504 1791 3536 ι
1823 3488 2096 3541 communi

513 3575 738 3629 consilio
793 3576 1019 3645 parique
1071 3586 1196 3631 voto
1222 3618 1236 3640 ,
1302 3578 1633 3632 assentiente
1665 3598 1682 3630 ι
1721 3578 1851 3647 ipsis
1876 3577 2099 3649 Hugone

512 3666 694 3721 Diensi
721 3665 899 3736 legato
925 3682 1055 3731 suo,
1085 3682 1281 3720 novum
1312 3666 1574 3722 Manassa:
1598 3676 1954 3722 exauctorato
1985 3667 2098 3737 epi-

515 3773 737 3826 scopum
768 3759 1160 3813 substituerent
1182 3799 1197 3823 ,
1226 3758 1353 3812 data
1379 3759 1479 3813 sub
1505 3759 1630 3812 anni
1652 3759 1761 3828 (adi
1793 3776 1942 3813 num.
1969 3760 2093 3829 151)

514 3849 650 3905 1080
688 3849 849 3904 linem
897 3849 1123 3919 epistola
1174 3850 1619 3917 commendarat,
1654 3866 1867 3905 summo
1916 3852 2097 3906 studio

511 3939 709 4007 egisse,
741 3952 801 3994 ut
836 3940 921 3995 vel
952 3941 1258 3994 Brunonem
1290 3940 1373 3995 vel
1411 3938 1713 3995 Manassem
1745 3942 2095 4012 praepositum

513 4035 612 4089 sibi
641 4034 904 4105 eligerent
940 4036 1280 4105 cpiscOpum.

583 4125 709 4180 157.
749 4125 887 4181 Hinc
930 4142 1093 4195 porro
1138 4127 1192 4180 in
1236 4140 1390 4192 eam,
1437 4142 1558 4196 qua:
1604 4136 1658 4182 et
1706 4128 1992 4183 Tractatus
2031 4128 2097 4183 de

513 4214 576 4272 S.
605 4214 880 4280 Brunone,
914 4233 943 4268 a
980 4215 1322 4270 Cartusianis
1366 4215 1642 4284 hujatibus
1688 4232 1899 4272 mecum
1951 4234 2097 4272 com-

513 4306 805 4372 municati,
838 4307 1048 4361 auctori
1092 4306 1307 4377 placet,
1354 4309 1665 4379 Opinionem
1708 4310 1960 4375 inducor,
1989 4326 2093 4378 qua

510 4398 821 4453 verosimile
852 4408 1005 4468 puto,
1034 4399 1177 4469 apud
1215 4400 1412 4455 multos
1440 4416 1469 4454 e
1500 4401 1701 4469 populo
1732 4410 1788 4454 et
1814 4401 1958 4455 clero
1990 4402 2094 4455 Re-

510 4490 721 4555 mensi,
760 4490 948 4545 habito
976 4504 1099 4545 sese
1124 4490 1266 4544 inter
1294 4491 1359 4544 de
1389 4490 1510 4544 novi
1545 4490 1783 4557 episcopi
1818 4489 2087 4544 electione
2128 4498 2170 4551 Ι)

512 4588 743 4634 tractatu
767 4621 781 4645 ,
815 4593 989 4634 ratum
1019 4595 1082 4635 ac
1113 4580 1277 4633 ﬁxum
1313 4580 1477 4634 fuisse
1523 4578 1782 4634 Sanctum
1817 4590 2089 4641 nostrum,

509 4687 632 4725 cum
663 4671 715 4725 in
749 4686 994 4724 eremum
1032 4671 1293 4733 secessit,
1321 4670 1638 4738 episcopum
1666 4669 1869 4736 eligere
1894 4710 1908 4734 ,
1933 4670 2094 4737 idque

511 4762 564 4815 in
592 4762 740 4815 .icari
775 4770 888 4815 tum
924 4761 1093 4825 hisce,
1130 4761 1326 4831 quibus
1358 4761 1601 4815 funebris
1634 4760 1876 4815 ecclesia:
1908 4761 2094 4813 cathe—

510 4853 683 4908 dralis
721 4852 1007 4908 Remensis
1045 4854 1288 4919 Titulus,
1320 4854 1566 4924 proxime
1598 4853 1703 4907 huc
1736 4852 2094 4920 transcriptns

510 4952 727 4998 constat
752 4984 767 5010 ,
807 4944 1090 5000 versiculis
1120 4964 1133 4997 :

581 5032 811 5103 Canaque
832 5036 1023 5102 [atteret
1046 5036 1092 5089 ei
1118 5035 1331 5104 fortuna
1363 5050 1455 5103 per
1477 5032 1684 5098 omnia,
1726 5034 1949 5103 jamque

656 5123 812 5179 Hunc
837 5127 1208 5195 pra’ferremus
1243 5126 1512 5186 omnibus,
1542 5135 1589 5179 et
1630 5127 1846 5190 merito;

580 5214 773 5270 Omnia
803 5218 1091 5288 postposuit
1131 5216 1363 5280 Christo,
1398 5216 1697 5284 nudumque
1723 5226 1932 5267 secutus

685 5308 951 5363 Christum
982 5325 1101 5361 cum
1129 5307 1302 5360 multis
1327 5306 1541 5373 suscipit
1571 5307 1708 5359 hunc
1738 5323 1939 5359 eremus
1964 5322 1981 5368 ,'

513 5408 626 5453 tum
654 5399 822 5453 etiam
851 5398 973 5453 aliis
1010 5398 1162 5452 hisce
1183 5436 1198 5462 ,
1236 5412 1373 5465 quos
1408 5396 1547 5449 alter
1572 5396 1817 5451 ecclesia:
1864 5397 2092 5453 Reinen-

510 5490 586 5542 sis
615 5487 947 5542 cathedralis
993 5486 1199 5552 titulus,
1249 5486 1393 5541 inter
1434 5487 1769 5543 recudendos
1797 5488 1889 5553 55,
1928 5504 2077 5543 com-

508 5577 783 5647 plectitur,

513 5669 581 5721 L’t
615 5668 805 5722 servire
829 5668 1021 5735 Ioseph
1051 5668 1275 5724 domina:
1305 5671 1607 5738 contempsit
1638 5672 1804 5724 amori
1828 5713 1840 5735 ,

510 5760 580 5814 Et
613 5762 743 5832 fugit
771 5762 1046 5833 amplexas
1077 5764 1294 5820 incestos
1321 5775 1489 5820 mente
1520 5764 1687 5829 t‘irili,

2191 554 2443 624 Amplecti
2478 554 2602 607 dum
2636 564 2685 607 te
2724 566 2930 623 cuperet
2954 597 2967 617 ,
3003 556 3096 609 tibi
3136 556 3351 609 brachia
3379 556 3626 619 tendens,

2193 643 2392 697 Multas
2428 645 2659 697 mundus
2701 660 2842 713 opes,
2875 644 3065 700 multos
3097 649 3319 701 ostendit
3348 648 3597 712 honores,

2193 732 2369 804 Tuque
2401 735 2528 804 fuga
2564 733 2766 804 lapsus,
2796 736 3031 805 pompali
3065 750 3200 793 reste
3225 740 3447 806 reiecta,

2191 824 2515 894 Antplectens
2543 842 2774 879 eremum
2803 828 3002 881 vestitis
3033 841 3172 885 sorte
3207 831 3377 885 beata.

2261 916 2385 971 158.
2409 918 2489 972 Ad
2512 918 2627 973 hrec
2664 926 2724 972 ut
2754 919 2806 973 in
2840 920 2982 975 dicta
3012 922 3266 992 Opinione
3296 922 3470 993 magis
3494 922 3785 991 magisque

2191 1007 2504 1072 conﬁrmer,
2536 1008 2701 1063 etiam
2737 1008 2868 1065 facit
2905 1010 3151 1067 funebris
3183 1013 3397 1069 Titulus
3430 1013 3553 1075 146,
3585 1017 3640 1066 in
3671 1027 3786 1081 quo

2192 1099 2433 1154 ecclesia:
2470 1098 2529 1154 S.
2570 1099 2755 1154 Mariae
2801 1102 3136 1157 cathedralis
3184 1103 3641 1175 Rothomagensis
3689 1118 3787 1156 ca-

2192 1190 2373 1245 nonici
2405 1190 2712 1246 Brunonem
2737 1192 3018 1248 celebrant
3046 1194 3190 1249 hunc
3217 1195 3269 1248 in
3300 1196 3516 1250 modum
3544 1213 3559 1248 ;

2340 1281 2593 1337 Ecclesiw
2614 1294 2811 1339 sancta:
2839 1285 2997 1340 totius
3027 1285 3199 1357 lugeat
3223 1287 3350 1340 ordo
3376 1326 3392 1352 ,

2266 1368 2505 1423 Humani
2537 1373 2741 1441 generis
2767 1373 2897 1442 ﬂens
2937 1374 3281 1443 irreparabile
3315 1376 3600 1440 damnant,
3628 1382 3631 1383 ⁷

2264 1464 2467 1519 Mundo
2504 1467 2724 1520 decessit
2756 1470 3012 1522 mundani
3043 1470 3208 1523 victor
3233 1472 3470 1535 honoris,

2261 1557 2442 1611 Bruno
2467 1570 2637 1628 pater,
2667 1569 2866 1615 sancta:
2895 1560 3155 1630 fundator
3194 1561 3505 1632 relligionis,

2263 1646 2428 1715 Cujus
2455 1650 2766 1720 tanta-piant
2796 1650 2954 1705 vitant
2984 1652 3315 1705 commendat
3351 1648 3636 1713 lienestas,

2268 1736 2335 1792 Ut
2367 1740 2434 1793 sit
2464 1756 2582 1793 eum
2616 1742 2863 1811 cuiquam
2901 1758 3005 1794 non
3035 1741 3365 1812 wquiparare
3390 1752 3645 1812 potestas.

2268 1827 2391 1898 Ipse
2428 1830 2525 1899 fuit
2559 1832 2791 1900 sapiens,
2829 1832 2911 1885 vir
2941 1831 3159 1898 nobilis,
3193 1832 3371 1888 indole
3412 1834 3644 1903 fulgens,

2270 1918 2507 1973 Imbutus
2533 1919 2674 1989 {ante
2697 1922 2856 1974 totius
2887 1918 3283 1991 Philosophiae;

2274 2008 2341 2062 In
2371 2027 2473 2079 quo
2510 2028 2628 2064 cum
2663 2011 2828 2064 virtus
2862 2011 3136 2080 probitatis
3170 2013 3278 2065 viva
3307 2013 3519 2074 niteret,

2269 2098 2550 2169 Gloriﬁcos
2580 2101 2771 2169 fasces,
2800 2118 2904 2171 qua
2929 2102 3279 2170 promeruisse
3306 2103 3493 2157 valeret
3520 2143 3535 2166 ,

2272 2188 2625 2244 Proculcator
2654 2208 2809 2260 opunt
2830 2232 2845 2258 ,
2877 2199 3183 2244 cunctorum
3216 2204 3417 2262 spretor
3445 2194 3712 2246 honorum
3738 2232 3754 2257 ,

2272 2282 2341 2335 Et
2370 2283 2553 2336 mundi
2580 2283 2796 2337 stultam
2824 2286 2954 2354 pede
2978 2287 3213 2340 contudit
3244 2286 3581 2339 ambitionem
3609 2326 3625 2349 ,

2272 2370 2339 2423 Et
2366 2372 2541 2424 studio
2575 2383 2814 2425 sanctam
2845 2373 3084 2442 {undavit
3131 2373 3475 2444 relligionem.

2274 2460 2535 2515 Mundam
2562 2464 2856 2531 declinans,
2893 2467 3082 2519 mundi
3109 2466 3354 2521 sublimia
3384 2470 3552 2522 vitans

2268 2552 2442 2623 Elegit
2480 2556 2652 2624 potius
2677 2558 2887 2625 privata
2914 2559 3099 2628 degere
3131 2560 3255 2613 vita.

2201 2644 2312 2698 Etsi
2345 2644 2489 2699 enim
2526 2646 2594 2700 ad
2635 2645 3000 2716 Ithegiensem
3034 2649 3425 2719 episcopatum,
3452 2666 3616 2720 quem
3658 2653 3806 2710 San—

2200 2746 2341 2800 ctus,
2376 2736 2519 2803 quod
2559 2737 2626 2791 ad
2674 2753 2828 2805 eum,
2863 2739 2941 2793 uti
2988 2740 3129 2796 infra
3164 2743 3405 2808 docebo,
3459 2743 3671 2799 electus
3704 2764 3803 2802 seu

2201 2827 2505 2897 postulatus
2535 2827 2763 2896 fuisset,
2812 2833 3118 2897 recusavit,
3164 2835 3450 2890 versiculis
3496 2837 3652 2890 hisee
3689 2839 3806 2890 t'nr-

2205 2916 2366 2970 sitam
2418 2917 2708 2983 alludatur,
2745 2920 2810 2973 ad
2857 2919 3095 2974 futuram
3141 2933 3318 2976 tamen
3366 2924 3418 2977 in
3459 2925 3804 2980 Remensth

2201 3010 2667 3079 archiepiscopum
2698 3011 3041 3076 electionem,
3084 3031 3246 3084 quant
3281 3014 3549 3079 Sanctus,
3589 3019 3645 3071 in
3681 3034 3805 3072 CIC-

2204 3117 2349 3154 mum
2380 3102 2659 3166 secedens,
2706 3104 2947 3159 studiose
2987 3105 3243 3170 evitarit,
3290 3109 3666 3163 verosimilius
3719 3111 3803 3163 id-

2204 3299 2322 3336 rnm
2355 3298 2629 3352 opumque
2673 3285 3042 3356 contemptui,
3074 3299 3103 3338 ιι
3136 3301 3244 3355 quo
3273 3286 3457 3342 Bruno
3495 3289 3548 3341 in
3577 3289 3648 3342 iis
3680 3290 3805 3343 lan-

2203 3371 2387 3437 datur,
2420 3387 2543 3425 mox
2576 3372 2861 3439 subdatur,
2886 3390 2915 3427 a
2941 3389 3046 3443 qua
3074 3378 3284 3446 pariter
3307 3376 3581 3444 laudatur,
3610 3382 3808 3435 mundi

2202 3463 2351 3533 fuga,
2386 3465 2606 3534 haecque
2634 3463 2819 3520 Sancti
2849 3465 2915 3519 ad
2951 3467 3477 3539 archiepiscopatum
3513 3470 3809 3542 Rhegion-

2202 3571 2317 3611 sem
2344 3556 2668 3613 electionem
2695 3559 2990 3613 subsecuta
3016 3576 3122 3614 non
3162 3562 3266 3628 sit,
3302 3564 3395 3618 sed
3423 3568 3806 3634 praeesserit.

2273 3647 2397 3703 159.
2439 3647 2701 3703 Sanctum
2733 3649 2947 3718 itaque,
2981 3664 3104 3704 cum
3148 3651 3202 3706 in
3240 3668 3483 3709 eremum
3509 3659 3753 3713 secessit
3779 3699 3797 3723 ,

2202 3752 2265 3791 ac
2295 3736 2449 3805 proin
2487 3737 2539 3790 in
2582 3738 2875 3807 pristinum
2906 3747 3110 3794 statqu
3143 3750 3239 3795 aut
3282 3740 3423 3798 forte
3459 3744 3628 3798 etiam
3680 3763 3807 3802 me-

2201 3829 2394 3882 liorem
2434 3828 2623 3883 llemis
2646 3828 2761 3898 jam
2790 3829 2971 3884 fuerat
2999 3832 3305 3898 restitutus,
3337 3834 3506 3890 fuisse
3536 3852 3566 3889 a
3604 3839 3810 3894 multis

2203 3930 2315 3973 tum
2348 3919 2514 3986 cleri,
2546 3929 2658 3974 tum
2700 3921 2883 3991 populi
2925 3922 2979 3976 in
3012 3923 3251 3980 civitatis
3286 3927 3447 3994 hujus
3483 3928 3804 3987 antistitem

2201 4010 2606 4076 desideratum,
2660 4012 2770 4066 imo
2818 4012 2984 4066 etiam
3035 4013 3250 4084 rcipsa,
3292 4015 3346 4071 ni
3395 4018 3448 4071 id
3495 4022 3810 4087 pt‘zesciens

2201 4101 2459 4164 abiisset,
2507 4101 2852 4172 eligendum,
2891 4120 2956 4158 ex
2995 4107 3248 4161 ontnibus
3272 4105 3387 4174 jam
3436 4110 3701 4167 adductis
3749 4116 3805 4167 in

2202 4193 2440 4247 medium
2482 4202 2566 4247 sat
2598 4193 2910 4248 verosimile
2942 4205 3187 4265 apparet.
3237 4197 3356 4251 iam
3392 4214 3544 4264 vero,
3578 4218 3712 4256 cum
3753 4205 3805 4257 id

2202 4282 2273 4335 ita
2306 4283 2409 4346 sit,
2448 4298 2549 4337 nec
2586 4294 2764 4338 tamen
2800 4284 2911 4350 (adi
2958 4284 3148 4339 Galliae
3190 4284 3395 4342 Christ.
3445 4298 3628 4343 aucta:
3661 4294 3807 4345 seri—

2200 4382 2401 4442 ptores,
2451 4381 2583 4427 tom.
2634 4372 2736 4439 ιιι,
2769 4374 2876 4428 col.
2913 4374 3002 4446 77)
3048 4386 3174 4431 ante
3212 4393 3415 4432 annum
3471 4380 3638 4445 1096,
3688 4399 3805 4452 quo

2202 4467 2381 4521 Brnno
2410 4467 2461 4519 in
2488 4481 2729 4520 eremum
2752 4465 2863 4535 jam
2898 4468 3096 4522 dudum
3121 4485 3185 4525 ex
3218 4470 3463 4525 dicendis
3485 4487 3611 4527 sese
3645 4491 3807 4529 recc-

2199 4568 2376 4628 perat,
2405 4558 2719 4626 Rainaldus,
2752 4560 2862 4631 jam
2896 4562 3018 4617 inde
3042 4563 3109 4617 ab
3136 4579 3278 4619 anno
3326 4565 3497 4630 1085,
3534 4575 3591 4619 ιιι
3622 4583 3805 4639 supra

2200 4654 2460 4720 docni,ad
2475 4656 2788 4709 cathedram
2804 4654 3127 4710 Remensem
3158 4668 3398 4724 evectus,
3417 4659 3634 4724 obierit,
3658 4677 3804 4719 eon-

2198 4746 2488 4799 scctarium
2527 4744 2585 4799 tit
2613 4785 2629 4811 ,
2685 4755 2783 4813 ut,
2836 4747 2939 4801 hoc
2975 4746 3089 4815 jam
3136 4749 3404 4814 antistite,
3456 4761 3692 4808 sanctus
3737 4756 3806 4808 ad

2200 4842 2522 4896 ltetnensem
2553 4843 2871 4897 cathedram
2900 4843 3083 4912 expeti
3117 4859 3210 4897 seu
3256 4842 3521 4913 postulari
3558 4845 3806 4915 nequie-

2200 4932 2304 4994 rit,
2338 4947 2402 4987 ac
2431 4932 2620 5002 proin,
2654 4940 2714 4987 ut
2744 4933 2909 4988 citius
2939 4943 3051 4988 tum
3084 4933 3169 4999 id,
3203 4942 3315 4988 tum
3356 4933 3473 5002 ejus
3501 4936 3556 4989 in
3604 4937 3806 5005 pristi-

2197 5042 2328 5079 nnm
2354 5065 2370 5090 ,
2412 5036 2508 5081 aut
2538 5026 2681 5081 forte
2722 5027 2886 5081 etiam
2919 5027 3202 5083 meliorem
3252 5037 3455 5083 statum
3503 5030 3806 5086 restitutio

2196 5122 2474 5177 acciderit.
2521 5121 2721 5175 Verum
2774 5131 2980 5191 quanto
3027 5124 3249 5193 quidem
3296 5124 3560 5193 temporis
3606 5128 3805 5194 spatio

2198 5225 2308 5269 tum
2361 5215 2516 5279 haec,
2577 5215 2686 5269 tuin
2739 5216 2914 5268 sancti
2975 5216 3041 5268 ad
3088 5216 3404 5270 cathedram
3457 5216 3803 5272 Remensem

2193 5303 2501 5370 postulatio,
2538 5302 2736 5358 factam
2781 5303 3028 5357 llainaldi
3072 5307 3138 5357 ad
3181 5304 3428 5359 eamdem
3482 5307 3805 5374 promotio-

2197 5412 2319 5449 nem
2365 5395 2689 5449 antecessit?
2736 5395 2925 5451 Galliae
2963 5395 3288 5451 Christiana:
3334 5406 3510 5450 auctae
3551 5399 3804 5467 scripto—

2198 5502 2304 5549 res,
2337 5496 2466 5540 tom.
2504 5485 2591 5551 IX,
2638 5486 2741 5541 col.
2770 5487 2862 5553 75,
2907 5487 2986 5541 sic
3030 5488 3306 5542 scribunt:
3346 5508 3363 5539 ι
3400 5487 3655 5565 Manasse
3683 5490 3804 5561 (Si—

2196 5578 2446 5633 moniaco
2478 5577 2714 5639 scilicet,
2758 5578 2825 5632 de
2866 5594 2975 5647 quo
3032 5594 3218 5647 supra,
3247 5576 3597 5633 Remcnsium
3644 5582 3802 5636 anti-

2202 5670 2353 5741 stite)
2388 5678 2759 5732 exauctorato,
2809 5670 2950 5722 lania
2980 5679 3063 5724 est
3098 5667 3438 5733 Brunonem,
3482 5683 3652 5738 quem
3700 5672 3800 5726 ille

2208 5764 2486 5821 beneﬁciis
2519 5762 2875 5834 spoliaverat,
2907 5778 2935 5815 a
2983 5760 3165 5817 multis
3214 5762 3300 5831 (in
3336 5761 3656 5831 episcopum
3712 5764 3803 5819 uiv
