4016 6310
300 354 349 409 95
1757 362 1834 415 Αἴξ

302 458 470 525 mirum)
498 458 791 525 expetitum
816 501 831 526 ,
859 468 1000 532 quod
1038 468 1282 523 doctrina
1330 484 1646 539 morumque
1675 491 1795 543 gra-
1824 482 1868 534 Α

302 546 495 603 vitateiu
525 545 753 600 ecclesia
785 550 1015 605 ltemeus
1076 556 1279 623 pridem
1328 558 1632 613 enituisset.
1689 563 1796 617 Sed

301 632 537 692 Elinandus
566 630 948 692 Lauduuensis
984 654 1268 710 episc0pus
1297 654 1402 698 tam
1452 648 1606 702 donis
1632 664 1795 716 quam

301 726 534 781 amicorum
577 724 761 778 studio
796 728 1313 800 archiepiscopatum
1360 751 1389 789 a
1437 751 1578 807 rege.
1606 737 1798 809 (Fran-

302 830 446 869 corum
474 810 729 882 Philippo)
761 830 1043 885 acceptum
1080 821 1218 877 duos
1258 824 1481 879 circiter
1509 842 1682 882 annos
1728 839 1800 882 te-

302 908 416 967 nuit,
452 902 509 955 ab
549 916 689 955 anno
742 904 870 959 1081
909 908 1115 965 scilicet
1166 911 1233 965 ad
1261 928 1461 969 annum
1511 917 1668 972 1085.
1700 916 1799 973 llic

299 1009 439 1050 tamen
454 1002 552 1063 post
584 992 809 1048 multam
830 999 1070 1064 pecuniae
1096 1001 1203 1056 vim
1227 1016 1603 1074 consumptam
1628 1008 1800 1062 moui-

297 1100 362 1140 lus
376 1093 697 1139 estasumnto
728 1088 1003 1154 poutilrce,
1028 1100 1085 1143 ut
1107 1090 1333 1147 alterum
1361 1096 1677 1150 beneﬁcium
1704 1099 1798 1150 ab-

295 1177 479 1235 dicaret,
506 1185 562 1224 co
588 1173 729 1240 quod
760 1189 980 1231 uxorem
1020 1178 1143 1247 quis
1171 1179 1373 1235 habens
1403 1181 1563 1236 aliain
1607 1199 1799 1254 super-

294 1264 497 1317 iuducere
527 1276 863 1332 nequaquam
909 1278 1109 1334 posset.
1144 1268 1312 1324 Tanta
1363 1272 1455 1326 ille
1502 1275 1798 1343 cupiditate

293 1352 536 1423 ﬂagrabat,
564 1350 736 1419 inquit
760 1352 1037 1421 Illarlotus,
1069 1368 1126 1412 ut
1155 1359 1357 1415 dixisse
1390 1363 1650 1429 tradatur,
1693 1380 1796 1421 non

291 1461 335 1497 se
360 1441 650 1510 parciturum
680 1440 889 1509 labori,
913 1444 959 1498 si
983 1462 1252 1503 summum
1274 1452 1645 1520 pontiﬁcatum
1669 1470 1799 1525 quo-

291 1529 509 1600 quoniodo
533 1531 742 1599 assequi
771 1541 973 1599 posset.
1008 1552 1027 1585 ι

346 1617 441 1671 160.
475 1616 611 1683 Quod
657 1619 702 1672 si
749 1635 879 1692 ergo
917 1620 1059 1678 fama
1081 1664 1097 1690 ,
1125 1640 1288 1697 quam
1316 1628 1404 1683 hic
1428 1629 1611 1686 Gallia:
1637 1632 1794 1688 Chri-

289 1712 440 1765 stiana:
462 1720 616 1765 aucta:
645 1712 942 1781 scriptores
972 1715 1226 1785 laudant,
1261 1722 1475 1776 veritati
1498 1735 1758 1780 consonet
1782 1767 1797 1790 ,

288 1812 462 1857 sanctus
491 1810 664 1856 noster
700 1805 884 1859 statim
914 1822 944 1859 a
990 1806 1253 1865 Mauassis
1274 1809 1567 1868 Simoniaci
1597 1815 1788 1885 expul-
1819 1807 1864 1864 Β

288 1895 406 1949 sione
429 1903 476 1948 et
499 1893 545 1947 iu
574 1904 770 1949 statum
800 1897 1088 1967 pristinum
1117 1910 1209 1954 aut
1234 1918 1298 1956 eo
1326 1904 1486 1957 etiam
1514 1905 1787 1961 meliorem

289 1988 534 2050 restitutus,
556 1997 610 2040 et
637 1987 703 2040 ad
732 1989 1045 2044 cathedram
1070 1991 1390 2049 Remensem
1421 1995 1581 2050 fuerit
1608 2011 1789 2067 posta-

285 2077 395 2131 latus
420 2091 497 2131 seu
530 2078 815 2146 expetitus.
864 2079 929 2133 Et
980 2096 1141 2147 sane,
1174 2100 1296 2137 cum
1336 2084 1661 2157 Gregorius,
1697 2089 1785 2157 qui

286 2178 384 2221 tunc
420 2166 693 2220 Romanam
737 2168 1049 2223 cathedram
1093 2174 1423 2242 occupabat,
1454 2175 1649 2245 populo
1678 2177 1786 2231 cle-

284 2271 415 2325 roque
439 2255 700 2323 Remensi,
726 2266 782 2310 ιιι
812 2257 1075 2314 Manassae
1106 2262 1329 2331 expulso
1356 2280 1551 2317 novum
1579 2266 1785 2320 antisti-

284 2358 364 2399 tetn
387 2347 780 2412 substituerent,
812 2348 1043 2418 epistola
1076 2352 1176 2406 sub
1222 2354 1349 2407 anni
1400 2354 1536 2408 1080
1566 2354 1786 2423 (videsis

281 2451 394 2488 num.
422 2436 527 2506 151)
570 2436 729 2490 linem
767 2440 1158 2493 connueudarit
1187 2482 1201 2504 ,
1233 2442 1411 2495 statim
1446 2460 1471 2496 τι
1522 2443 1786 2499 Manassis

280 2526 536 2596 expulsione
556 2528 619 2581 de
643 2543 783 2583 novo
811 2530 1056 2600 eligendo
1084 2532 1352 2599 antistite,
1377 2551 1439 2589 ac
1470 2536 1784 2590 nominatim

280 2616 329 2669 tle
352 2617 521 2671 Sancto
555 2627 740 2673 nostro
787 2622 1110 2677 assumendo
1160 2624 1449 2693 cogitatum
1503 2636 1786 2695 actumque

278 2704 423 2771 fuisse,
465 2717 539 2762 sat
578 2709 888 2763 verosimile
932 2723 1196 2780 apparet,
1227 2715 1463 2769 maxime
1505 2732 1626 2770 cum
1662 2727 1785 2772 tunc

278 2794 318 2848 id
358 2795 530 2851 factum
559 2837 573 2862 ,
624 2798 837 2866 publica
892 2800 1081 2861 etiam,
1136 2812 1192 2853 ut
1232 2801 1418 2857 Galliae
1464 2804 1786 2861 Christiana:

278 2895 409 2939 aucta:
427 2886 705 2956 scriptores
728 2886 842 2941 loco
859 2890 1099 2958 proxime
1122 2891 1210 2944 cit.
1230 2893 1478 2960 produnt,
1504 2894 1641 2947 fama
1655 2895 1786 2949 fera-

278 2986 357 3031 tur.
382 2974 607 3033 Attamen
634 2994 720 3033 res
736 2990 881 3033 certa
911 2996 1014 3034 nou
1037 2993 1116 3035 est
1138 3000 1149 3035 :
1172 2999 1291 3036 cum
1319 2984 1462 3037 enim
1488 2986 1784 3041 Elinandus

277 3064 505 3121 lletnensis
556 3069 1044 3139 archiepiscopatus
1118 3074 1389 3127 obtinendi
1439 3075 1785 3129 avidiSsimus

277 3160 525 3225 exstiterit,
556 3160 671 3215 ﬁeri
699 3170 904 3229 potest,
933 3171 989 3214 ut
1015 3163 1198 3216 statim
1225 3180 1255 3217 a
1284 3163 1547 3219 Manassis
1594 3167 1783 3234 expul-
1811 3139 1854 3198 (ἶ

275 3250 389 3307 sione
404 3254 907 3322 archiepiscopatum
940 3255 1084 3307 illum
1113 3255 1213 3310 sibi
1251 3256 1518 3321 conferri,
1545 3275 1571 3309 a
1612 3258 1785 3311 Fran-

276 3359 418 3399 corum
459 3361 574 3415 rege
612 3345 860 3415 Philippo
903 3345 1204 3400 amicorum
1234 3362 1333 3416 ope
1363 3358 1415 3401 et
1441 3350 1665 3416 pecunia
1694 3350 1787 3402 ob-

277 3433 479 3501 tinuerit,
524 3436 813 3504 locumque
862 3452 924 3489 ac
974 3445 1185 3505 tempus
1233 3446 1359 3491 tunc
1408 3440 1671 3492 tractandi
1721 3439 1787 3491 de

275 3526 365 3578 novi
406 3528 652 3581 antistitis
696 3527 961 3581 electione
1006 3528 1151 3582 clero
1196 3539 1249 3583 et
1298 3531 1493 3598 populo
1533 3528 1785 3583 Reineitsi

276 3614 384 3681 regio
408 3616 637 3670 subsidio
666 3614 912 3671 suffultus
941 3617 1155 3683 penitus
1193 3615 1477 3669 ademerit.

322 3702 417 3758 161.
452 3706 616 3771 Audi,
648 3706 739 3775 qui
776 3707 843 3760 de
878 3706 1137 3759 Elinando
1169 3720 1261 3761 seu
1292 3707 1608 3772 llelinando,
1648 3708 1787 3765 unde

272 3792 437 3859 etiam,
492 3798 633 3850 hunc
693 3812 814 3850 vere
877 3796 1198 3852 Remeusetn
1260 3799 1785 3869 archiepiscopatum

270 3879 439 3938 biennio
476 3888 733 3951 tenuisse,
766 3887 1040 3952 docemur,
1086 3888 1396 3951 Guibertus,
1430 3901 1618 3943 auctor
1660 3906 1785 3960 syn-

270 3970 468 4040 ciironus,
498 3976 587 4029 lib.
617 3992 676 4029 ιιι
702 3981 766 4031 de
802 3977 914 4030 Vita
944 3994 1039 4031 sna
1058 4018 1071 4041 ,
1103 3994 1220 4047 cap.
1246 3979 1298 4042 2,
1327 3978 1616 4048 loquatur;
1641 4000 1658 4031 ι
1685 3980 1784 4035 lle-

270 4058 485 4132 linandus,
521 4069 731 4135 inquit,
770 4067 851 4119 vir
889 4068 1175 4122 admodum
1209 4071 1458 4137 pauperis
1504 4072 1693 4124 domus
1733 4082 1783 4124 et

270 4151 445 4210 obscure
472 4157 810 4226 progenitus,
841 4156 1120 4211 literatnra
1156 4159 1450 4227 perteuuis,
1476 4169 1529 4213 et
1557 4177 1781 4229 persona

270 4245 365 4299 satis
385 4248 546 4311 exilis,
586 4264 712 4301 eum
742 4264 838 4316 per
868 4249 1109 4301 notitiam
1158 4247 1429 4315 Gualteri,
1460 4251 1670 4305 comitis
1701 4267 1784 4305 se-

268 4337 391 4391 nioris
409 4338 821 4402 Pontisareusis,
852 4340 916 4393 de
946 4340 1100 4409 cujus
1130 4342 1384 4395 comitatu
1423 4344 1643 4412 gerebat
1673 4344 1783 4397 ori-

269 4426 429 4494 ginem,
461 4432 525 4485 ad
555 4431 786 4502 gratiam
821 4432 1089 4485 liaduardi
1118 4431 1413 4502 Anglorum
1446 4434 1587 4504 regis
1613 4435 1782 4504 perti-

267 4516 389 4583 gisset
432 4523 590 4592 (uxor
646 4523 791 4577 enim
829 4540 926 4576 sua
973 4540 1096 4579 cum
1139 4525 1396 4594 praadieto
1434 4525 1632 4581 comite
1676 4526 1777 4581 sibi

267 4612 696 4678 necessitudinem,
749 4613 927 4666 nescio
957 4628 1140 4682 quam,
1191 4617 1446 4684 crearat),
1473 4614 1781 4685 capellanus

266 4696 348 4765 ejus
392 4701 512 4769 luit;
565 4712 626 4758 et
678 4704 804 4771 quia
850 4703 1165 4759 Francicam
1216 4706 1534 4774 elegantiam
1581 4717 1778 4774 norat,

264 4787 464 4859 Anglicus
504 4793 592 4847 ille
622 4794 690 4847 ad
739 4793 1069 4848 Francorum
1110 4811 1288 4866 regem
1332 4796 1622 4851 llenricum
1655 4812 1779 4850 eum

266 4881 408 4948 Sirpius
434 4884 757 4940 destinabat.
787 4884 919 4939 Cum
947 4902 1054 4954 quo
1086 4904 1227 4956 rege,
1257 4889 1381 4957 quia
1413 4888 1639 4942 multum
1665 4898 1781 4941 erat

268 4972 441 5038 cupidus
493 4985 548 5029 et
593 4977 999 5044 episc0patuum
1053 4978 1450 5032 venditionibus
1493 4990 1778 5044 assuetus,

267 5059 528 5132 largissimis
573 5066 1006 5122 lenocinantibus
1043 5069 1216 5123 xeniis
1257 5070 1385 5138 egit,
1430 5079 1516 5131 ut,
1550 5071 1592 5123 si
1622 5071 1778 5139 quis-

265 5154 366 5218 piam
413 5160 788 5229 episcOportnn
834 5158 1077 5213 Francia:
1122 5161 1434 5223 decederet,
1464 5162 1782 5230 pontilieali-

266 5239 523 5304 liusiufulis
559 5251 675 5318 ipse
721 5250 1051 5304 succederet.
1108 5249 1156 5304 ls
1203 5252 1345 5304 enim
1392 5254 1443 5305 in
1483 5252 1779 5321 capellania

266 5336 367 5403 regis
387 5356 444 5394 ac
471 5340 669 5409 regium
695 5340 921 5409 positus,
952 5355 1205 5408 quoniam
1240 5340 1431 5407 Anglia
1469 5341 1689 5395 inlinitis
1717 5356 1782 5394 eo

266 5430 450 5495 1tmpore
485 5431 714 5485 ﬂorebat
738 5430 960 5498 Opibus,
996 5429 1194 5483 multos
1230 5430 1587 5499 pecuniarum
1624 5445 1780 5483 mon-

267 5520 664 5591 tcsaggesseratf,
713 5521 855 5585 ideo,
890 5521 1163 5575 arridente
1192 5521 1239 5574 ei
1279 5521 1499 5588 praafata
1534 5521 1780 5591 largitio-

266 5618 522 5665 uumcausa
553 5627 652 5665 vox
676 5610 794 5680 ejus
814 5611 952 5680 apud
976 5610 1266 5665 llenrieum
1293 5628 1471 5681 regem
1502 5611 1780 5665 exaudibi-

267 5689 311 5746 iis
331 5701 605 5769 eratutth
628 5711 681 5757 et
709 5700 909 5755 factum
933 5713 1042 5756 est:
1071 5701 1325 5757 Lauduno
1348 5704 1488 5757 enim
1517 5703 1777 5768 invectus,

1844 364 1881 415 Τ
1890 365 1948 419 ,1.

1819 4476 1859 4528 Ι)

3400 407 3468 459 91

1895 483 2017 549 quia
2078 502 2183 541 non
2241 493 2605 551 mstinratione
2646 512 2933 566 parentum
2970 545 2983 567 ,
3062 524 3166 562 nou
3232 514 3459 570 scientia

1902 571 2203 631 litterarum
2230 595 2289 635 se
2314 583 2602 641 valiturum
2649 594 2904 661 putabat,
2938 596 2986 649 in
3016 600 3320 668 opulentia,
3346 621 3465 673 qua:

1901 663 2127 733 plurima
2157 675 2506 743 suppetebat,
2538 690 2593 732 et
2618 695 2778 748 quam
2806 663 3119 740 cautissime
3147 663 3463 760 dispensare

1900 758 2195 828 didicerat,
2240 773 2297 819 et
2340 767 2647 837 dapsilitate
2676 787 2800 839 spes
2843 775 3039 831 fuerat.
3081 780 3161 834 Ad
3191 758 3463 839 ornandas

1900 846 2065 918 igitur
2102 862 2157 906 et
2177 859 2528 913 exstruendas
2555 877 2614 915 se
2643 865 2803 918 vertit
2842 866 3100 921 ecclesias
3126 910 3141 936 ,
3186 880 3239 924 et
3267 912 3282 937 ,
3338 888 3461 927 cum

1900 939 2064 993 multa
2101 957 2199 1012 pro
2230 945 2339 1001 Deo
2369 949 2641 1005 videretur
2685 954 2899 1023 facere,
2932 960 3336 1016 evidentissima
3383 975 3462 1019 ta-

1900 1042 2021 1082 men
2076 1032 2237 1088 dabat
2283 1035 2504 1107 iudicia,
2555 1058 2614 1097 se
2662 1044 2806 1101 solos
2843 1048 2969 1104 inde
3000 1052 3240 1119 favores,
3290 1056 3461 1109 solam

1899 1119 2132 1174 nominis
2165 1124 2538 1183 dilatationem
2581 1132 2635 1185 in
2686 1135 2824 1190 bene
2853 1140 3021 1207 gestis
3057 1157 3316 1209 quaerere.
3367 1144 3461 1198 llis

1897 1206 2061 1262 etiam
2096 1210 2209 1279 ipse
2248 1217 2455 1273 artibus
2481 1218 2802 1278 Remensem
2829 1228 3351 1300 archiepiscopatum
3381 1236 3460 1287 in-

1898 1298 2258 1393 sedit,gquem
2292 1320 2414 1360 eum
2434 1349 2451 1375 ,
2496 1309 2808 1380 dilapidatis
2837 1298 3025 1384 penes
3050 1298 3233 1389 regem
3262 1322 3461 1393 Philip-

1899 1401 2053 1455 pum,
2079 1391 2349 1448 hominem
2386 1396 2439 1451 in
2480 1399 2571 1454 Dei
2605 1402 2763 1459 rebus
2786 1408 3220 1479 venalissimum,
3252 1416 3461 1484 magnis

1899 1478 2182 1545 eensibus,
2227 1482 2444 1540 biennio
2480 1488 2835 1559 obtinuisset,
2872 1511 2902 1549 a
2945 1500 3161 1554 domino
3192 1517 3328 1572 papa
3344 1478 3461 1556 Vau-

1898 1568 2061 1636 divit,
2095 1573 2220 1640 quia
2253 1589 2476 1631 uxorem
2513 1581 2636 1648 quis
2665 1584 2866 1641 habens
2889 1589 3109 1644 alteram
3143 1596 3459 1663 superindu-

1899 1672 2023 1712 cere
2067 1677 2410 1731 nequaquam
2450 1670 2639 1735 possit.
2687 1674 3001 1733 Consulenti
3042 1681 3199 1749 plane
3244 1685 3460 1737 cuidam

1899 1764 1957 1804 se
1988 1767 2085 1805 cur
2107 1766 2172 1806 eo
2201 1757 2473 1825 tenderet,
2507 1760 2672 1828 dixit,
2706 1766 2863 1833 quia,
2890 1770 2934 1821 si
2962 1772 3124 1826 etiam
3168 1789 3302 1843 papa
3345 1776 3460 1829 fieri

1894 1841 2093 1909 possit,
2131 1844 2272 1899 haud
2300 1863 2568 1918 quaquam
2595 1853 2977 1913 dissimularet.
3016 1880 3033 1912 ι

1896 1923 1905 1930 ’
1962 1932 2081 1985 162.
2141 1935 2275 1989 (ium
2327 1937 2491 2006 igitur
2544 1942 2874 2010 Elinandus,
2939 1952 3013 2003 uti
3072 1968 3138 2007 ex
3209 1956 3291 2010 his
3335 1956 3460 2013 Gui-

1888 2022 2024 2078 berti
2054 2027 2229 2083 verbis
2262 2030 2592 2101 intelligitur.
2624 2037 2705 2090 vir
2738 2036 2902 2094 fuerit
2939 2045 3186 2098 maximae
3214 2026 3463 2104 ambitio-

1889 2121 1992 2185 nis,
2022 2138 2127 2193 qua
2161 2127 2342 2194 (iebat,
2374 2140 2427 2184 ut
2458 2136 2720 2202 pecuariis,
2750 2153 2778 2191 a
2809 2140 3003 2208 quibus
3032 2144 3079 2198 ei
3111 2146 3314 2214 optime
3342 2164 3465 2216 pro-

1888 2226 2130 2282 spectum
2176 2232 2313 2284 erat,
2359 2239 2598 2282 summas
2634 2246 2873 2301 quasque
2902 2236 3145 2291 ecclesia:
3173 2238 3463 2310 dignitates

1887 2306 2257 2378 beneﬁciaque
2306 2312 2408 2368 sibi
2462 2332 2778 2387 comparare
2825 2324 3045 2380 minime
3100 2306 3461 2396 formidaret,

1888 2395 2257 2467 largitionibus
2285 2420 2412 2459 sane
2454 2423 2596 2473 eum,
2633 2426 2700 2463 ne
2739 2411 2875 2467 ullus
2911 2426 3090 2484 posset
3116 2433 3146 2472 a
3189 2418 3333 2474 clero
3368 2395 3466 2490 po?-

1887 2490 2116 2561 puloque
2140 2493 2394 2551 Remensi
2421 2498 2487 2554 de
2517 2515 2827 2559 successore
2852 2507 2902 2559 in
2926 2507 3187 2565 Manassae
3209 2526 3464 2568 exaucto-

1888 2584 1988 2637 rati
2048 2584 2221 2639 locum
2266 2588 2581 2648 sntlicieudo
2618 2603 2880 2651 tractatus
2923 2599 3135 2667 haberi,
3184 2606 3367 2658 statim
3397 2606 3465 2659 ab

1887 2673 2045 2743 hujus
2065 2678 2377 2745 expulsione
2398 2684 2536 2751 apud
2561 2682 2884 2755 Philippum,
2905 2688 3229 2748 Francorum
3257 2712 3465 2767 regem,

1886 2768 2146 2833 elIecisse,
2180 2787 2308 2828 vero
2342 2776 2648 2844 neutiquam
2672 2770 2908 2848 ~apparet
2936 2783 3200 2851 absimile,
3231 2790 3464 2845 maxime

1886 2874 2005 2912 cum
2053 2877 2198 2928 eum,
2250 2880 2356 2933 quo
2397 2867 2573 2922 minus
2618 2880 2740 2939 post
2788 2872 3048 2929 Manassae
3094 2879 3461 2948 expulsiouem

1888 2959 2007 3012 novi
2055 2959 2335 3016 liemensis
2379 2964 2763 3037 archiepisc0pi
2809 2969 2999 3024 electio
3053 2970 3203 3028 ﬁeret
3230 3015 3243 3038 ,
3288 2977 3463 3044 reipsa

1887 3061 1982 3114 per
2012 3049 2285 3105 biennium
2312 3053 2575 3125 integrum
2602 3057 2894 3125 obstitisse,
2932 3064 3072 3130 apud
3117 3079 3303 3120 omnes
3326 3107 3340 3131 ,
3371 3071 3462 3137 qui

1887 3140 2039 3196 dere
2083 3141 2183 3196 hac
2213 3143 2501 3213 scripsere,
2534 3148 2586 3200 iu
2632 3150 2881 3206 confesso
2926 3153 3018 3206 sit.
3068 3154 3353 3212 Tractatus
3398 3160 3463 3213 de

1890 3234 1945 3288 S.
1989 3234 2257 3300 llrunoue,
2291 3254 2320 3292 a
2359 3238 2693 3296 Cartusianis
2736 3243 3008 3311 hujatihus
3054 3263 3262 3302 mecum
3315 3265 3464 3304 com-

1888 3325 2141 3378 municati
2167 3367 2179 3388 ,
2222 3338 2411 3383 auctor
2450 3330 2608 3399 lmjus
2649 3331 3035 3391 lucubrationis
3066 3353 3175 3392 sua:
3210 3354 3357 3393 num.
3393 3341 3467 3395 20

1888 3416 1964 3470 sic
2014 3417 2202 3471 scribit
2250 3437 2261 3472 :
2300 3438 2318 3471 ι
2367 3420 2598 3476 Praefato
2645 3423 2906 3480 Elinaudo
2948 3427 3312 3496 (Laudunensi
3358 3432 3463 3499 epi-

1888 3508 2071 3574 seopo)
2110 3506 2259 3574 jure,
2297 3510 2437 3579 quod
2489 3510 2541 3563 in
2576 3513 3094 3583 archiepiscopatum
3142 3515 3462 3571 Remensem

1888 3597 1989 3650 sibi
2019 3597 2358 3665 vindicabat,
2404 3601 2651 3667 cedente,
2693 3616 2796 3670 pax
2830 3603 2954 3659 huic
2998 3606 3242 3661 ecclesiae
3281 3608 3463 3663 reddi-

1891 3695 1991 3751 tur,
2047 3692 2384 3761 reversisque
2410 3694 2511 3746 sub
2549 3695 2676 3746 anni
2718 3695 2853 3751 1085
2888 3696 3047 3750 linem
3078 3699 3160 3754 vel
3205 3700 3305 3753 sub
3358 3701 3463 3755 ini-

1891 3779 2019 3831 tium
2051 3782 2326 3849 sequentis
2375 3798 2438 3837 ex
2486 3799 2581 3837 suo
2608 3785 2769 3841 exilio
2800 3789 3099 3853 canonicis,
3157 3805 3186 3843 a
3220 3788 3463 3843 Manasse

1888 3873 2153 3940 quondam
2184 3874 2442 3943 expulsis,
2481 3876 2547 3929 de
2586 3889 2803 3943 pastore
2843 3880 3184 3945 praeﬁciendo
3209 3882 3385 3934 clerus
3410 3891 3466 3934 et

1888 3983 1975 4035 po,
1995 3967 2113 4022 ulns
2143 3968 2285 4022 serio
2316 3984 2475 4037 agere
2502 3982 2803 4039 ceperunt.
2830 3972 3132 4029 Brunonent
3165 3986 3219 4029 et
3255 3977 3463 4033 Manas-

1886 4078 1996 4114 sem
2027 4062 2364 4129 pra'pusitnm
2403 4079 2432 4116 a
2466 4062 2638 4133 legato
2676 4065 2840 4133 (sedis
2865 4067 3191 4136 apostolicae)
3243 4068 3464 4138 llugone

1886 4152 2211 4205 electoribus
2253 4153 2558 4221 propositos
2608 4152 2793 4219 fuisse,
2821 4171 2918 4223 par
2948 4166 3031 4209 est
3058 4158 3301 4218 credere,
3340 4176 3461 4212 cum

1886 4242 1998 4310 ipse
2049 4240 2291 4311 legatus,
2339 4254 2398 4296 ιιι
2436 4244 2659 4297 vidimus
2711 4260 2894 4313 supra,
2946 4261 3155 4301 summo
3215 4246 3459 4302 Pontitici

1886 4344 2173 4402 utrumque
2217 4335 2328 4403 jam
2359 4334 2607 4387 eumdem
2658 4335 2709 4387 in
2747 4335 2904 4389 linem
2949 4338 3461 4390 commendaverat:

1891 4443 1908 4475 ι
1958 4424 2065 4479 llos
2096 4466 2111 4488 ,
2174 4444 2192 4477 ι
2231 4425 2450 4494 inquit,
2502 4445 2519 4475 ι
2568 4441 2859 4495 regamus,
2915 4426 3156 4482 ecclesia:
3209 4427 3462 4484 [letnensi

1889 4535 1906 4566 ι
1951 4516 2274 4570 destinate.)
2321 4516 2521 4570 Deinde
2546 4524 2788 4571 nostrum
2822 4517 3219 4586 patriarcham,
3258 4519 3310 4572 in
3341 4536 3465 4587 pos-

1883 4606 2178 4659 sessionem
2225 4614 2335 4658 lum
2380 4604 2666 4669 bonorum,
2725 4613 2834 4658 tum
2879 4606 3199 4676 dignitatum
3241 4624 3459 4662 suarum

1878 4697 1987 4765 jam
2016 4698 2344 4764 restitutum,
2369 4714 2396 4749 a
2421 4697 2603 4753 multis
2629 4699 2923 4767 expetitum
2954 4698 3140 4765 fuisse,
3164 4701 3464 4770 colligimus

1883 4803 1948 4841 ex
2008 4785 2179 4856 elogio
2224 4787 2293 4841 ab
2346 4788 2459 4856 ipsa
2521 4787 2819 4860 (Remeusi)
2863 4790 3158 4845 cathedrali
3204 4793 3460 4857 ecclesia,

1884 4882 1967 4935 cui
2024 4891 2168 4946 tunc,
2220 4886 2433 4952 quando
2465 4884 2750 4940 defunctus
2800 4898 2885 4941 est
2932 4885 3144 4949 Bruno,
3205 4888 3463 4956 pra-fatus

1884 4973 2159 5029 Mauasses
2191 4976 2509 5046 praepositus
2540 4979 2881 5047 praesidebat,
2932 4980 3149 5034 condito
3192 4980 3246 5034 in
3276 4982 3410 5047 haec,
3438 5001 3456 5032 ι

1883 5081 2031 5118 num.
2062 5066 2269 5120 scilicet
2294 5066 2392 5121 151
2423 5069 2527 5123 huc
2560 5072 2883 5140 transcripta
2920 5072 3166 5126 «verban

1955 5153 2078 5208 165.
2117 5155 2193 5209 Ila
2221 5157 2335 5221 ille;
2381 5158 2493 5226 qui,
2529 5159 2631 5212 etsi
2659 5175 2800 5211 anno
2831 5162 3063 5228 primum
3094 5160 3249 5225 1085,
3274 5171 3460 5215 contra

1884 5259 1947 5297 ac
1997 5245 2157 5301 adita:
2210 5263 2239 5299 a
2291 5246 2551 5303 Rainaln'o
2580 5249 2725 5303 sedis
2771 5249 3056 5304 Remeusis
3102 5259 3310 5318 tempus
3355 5254 3462 5319 pati

1883 5335 2149 5399 videatur,
2192 5337 2257 5391 de
2287 5353 2600 5392 successore
2632 5337 2890 5393 Manassae
2920 5338 3231 5393 sulliciendo
3260 5354 3290 5391 a
3321 5339 3464 5394 clero

1884 5438 1936 5482 et
1977 5430 2173 5498 populo
2219 5430 2471 5485 Remensi
2519 5440 2695 5483 actuui
2730 5431 2868 5484 forte
2922 5429 3107 5491 fuisse,
3154 5429 3363 5492 innuat,
3410 5432 3465 5485 in

1885 5520 2195 5589 episcopum
2227 5529 2426 5584 tamen,
2451 5531 2508 5574 ut
2537 5520 2720 5584 tradit,
2756 5528 2880 5572 tunc
2918 5518 3175 5586 primum,
3203 5534 3325 5571 cum
3359 5519 3465 5573 Eli~

1887 5611 2115 5677 nandns,
2170 5612 2313 5681 quod
2342 5628 2483 5667 anno
2529 5611 2664 5666 1085
2710 5610 2930 5673 factum,
2981 5618 3236 5677 arrogato
3277 5625 3375 5664 suo
3414 5612 3465 5663 in

1887 5705 2404 5772 archicpiswpatum
2439 5704 2754 5758 Remeusem
2788 5700 2906 5768 jure
2938 5703 3125 5766 cessit,
3162 5716 3189 5753 a
3224 5702 3469 5770 pluribus
