4016 6310
493 396 562 451 93
1274 391 1328 446 S.
1368 386 1730 446 BRUNONIS'
1752 382 2396 443 CARTllUSlANORUM
2436 381 2923 440 INSTITUTORIS
3674 384 3746 440 96

493 507 790 578 expetitum
829 507 995 563 fuisse
1039 506 1096 561 S.
1137 505 1464 564 Brunonem.
1513 519 1640 558 vero
1695 517 1800 556 nou
1849 506 2069 569 apparet
2098 501 2140 555 A
2170 498 2438 562 evenerit,
2464 498 2711 552 docuisse
2737 499 3088 553 contendunt.
3122 497 3188 552 Et
3219 512 3338 551 mox
3367 495 3586 567 quidem
3623 510 3749 550 san-

496 598 762 653 absimile.
817 597 896 650 Ita
949 607 1170 650 autumo
1225 597 1367 662 quod
1402 594 1648 654 Sanetus,
1699 606 1818 645 cum
1849 591 1914 643 ad
1957 589 2072 656 epi-

498 697 778 758 scopatum
811 687 1134 741 Remensem
1165 683 1465 752 postulatus
1515 698 1610 737 seu
1641 681 1912 750 expetitus
1943 676 2072 745 fuit,

499 780 778 846 aliquanto
805 776 914 843 jam
948 776 1203 844 temporis
1239 775 1434 842 spatio,
1484 775 1559 828 uti
1606 771 1879 835 versiculi,
1913 785 1943 823 e
1993 767 2073 822 fu-

501 870 652 922 nebri
703 869 948 924 ecclesia:
1004 866 1328 921 catbedralis
1378 865 1660 920 Remensis
1704 863 1882 917 Titulo
1926 879 2072 916 num.

501 960 604 1013 154
634 961 739 1014 buc
764 959 1096 1026 transcripti,
1128 958 1352 1010 innuere
1385 958 1650 1020 viden'ur,
1686 956 1737 1009 in
1767 956 2073 1024 pristinum,

499 1060 592 1104 aut
619 1049 760 1105 forte
784 1049 946 1102 etiam
991 1047 1266 1100 meliorem
1312 1047 1493 1100 statim
1528 1045 1808 1098 restitutus
1837 1086 1851 1108 ,
1894 1045 2078 1102 Remis

499 1140 752 1210 d‘gisset,
787 1139 996 1206 hocque
1025 1139 1237 1192 veritati
1286 1153 1390 1191 non
1430 1144 1512 1192 sat
1551 1145 1674 1205 apte
1713 1143 1874 1205 queat
1923 1137 2078 1192 intel-

499 1228 590 1298 ligi
645 1245 961 1294 consonum,
1009 1229 1054 1282 si
1101 1237 1298 1282 statqu
1352 1244 1381 1280 a
1421 1227 1688 1282 Manassis
1736 1242 1766 1281 e
1815 1229 1940 1282 sede
1977 1228 2077 1284 Re.

503 1322 676 1376 mensi
726 1321 1042 1391 expulsione
1095 1320 1258 1374 fuerit
1309 1320 1377 1374 ad
1431 1320 1570 1374 banc
1615 1319 1727 1388 ipse
1781 1320 2079 1389 postulatus

503 1428 596 1466 seu
625 1413 910 1480 expetitus.
958 1411 1124 1466 Porro
1170 1411 1272 1464 etsi
1322 1409 1461 1464 forte
1507 1411 1607 1464 hoc
1652 1425 1716 1465 ex
1756 1411 1866 1480 jam
1921 1411 2079 1467 dictis

503 1520 645 1559 anno
670 1504 807 1560 1085
843 1505 1072 1573 primum
1096 1502 1374 1564 acciderit,
1401 1501 1634 1556 Sanctus
1665 1512 1864 1566 tamen,
1895 1511 2080 1570 utpote

503 1595 594 1662 qui
641 1593 913 1662 aliquanto
944 1593 1200 1660 temporis
1238 1592 1411 1660 spatio
1459 1601 1610 1656 ante,
1642 1592 1872 1661 pristino
1914 1593 2074 1647 statui

504 1684 843 1753 fortunzeque
875 1683 1136 1746 redditus,
1161 1682 1344 1737 Remis
1371 1680 1482 1749 jam
1515 1683 1739 1753 degerit,
1770 1693 1826 1736 et
1854 1682 1991 1736 forte
2013 1698 2078 1738 ex

503 1776 662 1830 dictis
686 1774 798 1844 jam
836 1777 959 1830 inde
986 1776 1149 1829 etiam
1196 1775 1262 1828 ab
1291 1789 1433 1829 anno
1463 1773 1593 1829 1081
1626 1775 1692 1828 ad
1719 1775 2078 1845 archiepisco-

505 1876 687 1935 pttum
742 1866 1065 1920 Remensem
1111 1865 1410 1936 postulatus
1458 1863 1656 1931 fuerit,
1696 1865 1778 1919 vel
1831 1867 2010 1920 statim
2046 1880 2076 1919 a

503 1957 765 2012 Manassis
801 1956 1134 2025 expulsione,
1179 1955 1232 2010 id
1275 1964 1373 2017 est,
1408 1955 1489 2010 vel
1535 1956 1601 2010 ab
1651 1973 1794 2012 anno
1836 1956 1962 2011 1081
1997 1956 2078 2010 vel

503 2062 608 2104 nOn
645 2048 810 2103 multo
846 2057 966 2118 post
1007 2047 1204 2102 Remos
1252 2047 1321 2101 ab
1369 2048 1559 2103 exsilio
1595 2063 1842 2103 reversus
1893 2049 2078 2117 pristi-

505 2154 631 2191 num
661 2138 882 2194 honoris
909 2137 1331 2207 facultatmnque
1363 2148 1560 2194 statum
1580 2179 1595 2204 ,
1620 2140 1762 2208 quod
1793 2141 1881 2194 bic
1901 2150 2080 2194 osten-

505 2229 738 2282 dendum
769 2239 888 2283 erat
929 2231 1308 2284 verosimiliter
1336 2232 1686 2300 recuperarit.
1717 2231 1829 2287 Nec
1854 2243 1958 2298 est,
1983 2250 2082 2288 cur

503 2333 742 2386 opponas
789 2320 1110 2374 Elinandmn
1178 2336 1243 2375 eo
1299 2322 1556 2390 temporis
1602 2323 1802 2391 spatio,
1854 2323 1998 2392 quod
2049 2339 2080 2378 a

505 2409 772 2464 Manassis
786 2411 1098 2480 expulsione
1113 2412 1176 2466 ad
1204 2412 1444 2466 Rainaldi
1472 2414 1788 2468 electionem
1816 2417 2076 2480 excurrit,

507 2501 648 2568 regis
680 2501 918 2554 subsidio
954 2501 1226 2554 suffultam
1247 2541 1262 2564 ,
1291 2501 1536 2556 ecclesia:
1569 2502 1854 2557 Bernensis
1895 2506 2079 2560 catbe-

507 2589 662 2644 dram
697 2591 953 2654 tenuisse,
987 2592 1398 2661 verosimileque
1447 2609 1550 2646 non
1601 2593 1788 2656 videri,
1839 2597 1938 2650 sub
1983 2597 2081 2651 lm-

503 2678 736 2746 jusmodi
776 2682 1014 2735 antistite
1050 2681 1350 2736 Brunonem
1411 2682 1608 2737 Remos
1657 2685 1854 2738 reverti
1901 2686 2080 2751 iLique

506 2770 828 2822 cmnmorari
864 2758 1122 2832 voluisSe;
1149 2769 1418 2824 etsi'enim
1464 2771 1752 2827 Elinandus
1773 2790 1800 2826 a
1828 2774 2082 2830 Simouiae

517 2856 636 2910 labe
662 2857 914 2912 immunis
944 2873 1047 2913 non
1079 2859 1260 2922 fuerit,
1312 2859 1362 2913 in
1397 2859 1652 2916 ecclesias
1689 2872 1866 2917 tamen
1913 2865 2082 2919 exsti-

508 2947 572 3000 tit
601 2948 900 3014 munilicus,
932 2963 1028 3002 nec
1052 2949 1102 3002 in
1120 2949 1344 3005 cleriros
1367 2949 1580 3020 iniquus
1603 2951 1767 3008 fuisse
1784 2954 2079 3011 invenitur.

581 3039 702 3094 164.
733 3059 750 3091 ι
785 3040 833 3095 ls
861 3041 1025 3110 igitur
1050 3041 1251 3111 (subdit
1283 3043 1458 3095 verbis
1507 3042 1574 3096 de
1616 3042 1882 3099 Elinando
1930 3063 2078 3101 num.

2175 597 2340 650 ctum,
2369 589 2458 656 qui
2485 595 2661 640 tamen
2691 603 2754 642 ex
2788 588 2947 642 dictis
2977 589 3046 641 ab
3073 603 3216 642 anno
3253 587 3472 642 circiter
3504 584 3641 640 1076
3679 586 3750 640 ad

2175 693 2376 730 annum
2405 676 2538 731 1078
2562 686 2656 731 aut
2677 677 2839 732 etiam
2867 678 3146 747 sequentis
3177 677 3385 731 initium
3419 677 3563 745 apud
3608 675 3752 731 Eba-

2175 770 2284 823 lum
2307 771 2556 824 comitem
2577 780 2942 824 commoratus
2959 778 3061 834 est,
3087 787 3114 822 τι
3133 784 3230 824 suo
3251 783 3316 823 ex
3339 768 3470 822 urbe
3493 767 3751 823 Remensi

2174 863 2243 916 ob
2299 863 2568 930 improbos
2607 861 2870 916 Manassis
2914 877 3091 916 mores
3139 875 3362 915 excessu
3405 859 3645 914 Parisios
3691 873 3754 913 se

2176 955 2486 1017 contulisse,
2516 954 2697 1021 ibique
2739 953 2969 1007 docendi
3021 967 3236 1016 nmnus,
3271 951 3414 1020 quod
3446 963 3624 1006 tamen
3680 965 3750 1003 an

2177 1053 2335 1098 antea
2376 1061 2612 1114 unquam
2647 1045 2842 1098 ibidem
2887 1045 3116 1098 obiisset
3165 1043 3454 1098 admodum
3491 1057 3555 1096 ex
3588 1041 3757 1096 dictis

2177 1142 2262 1189 est
2297 1135 2535 1200 dubium,
2587 1134 2938 1204 resumpsisse
2964 1174 2978 1197 ,
3033 1133 3241 1188 Bulaeus
3285 1133 3337 1186 in
3369 1132 3756 1186 Universitatis

2178 1226 2500 1281 Parisiensis
2527 1225 2758 1279 Historia
2785 1234 2914 1278 tom.
2945 1225 2985 1289 l,
3019 1239 3150 1294 page
3171 1222 3274 1276 468
3308 1221 3604 1275 existimat.
3649 1220 3760 1274 Ve-

2181 1333 2297 1370 rum
2321 1315 2643 1384 conjecturae
2671 1315 2894 1384 aliquot,
2923 1321 3366 1384 argumentaque,
3388 1312 3584 1382 quibus
3611 1311 3757 1364 bane
3785 1357 3789 1362 .

2178 1410 2484 1480 Opinionem
2527 1425 2678 1465 suam
2725 1418 3017 1477 utcumque
3074 1406 3292 1461 firmare
3341 1405 3555 1468 nititur,
3615 1401 3758 1456 nihil

2182 1501 2356 1571 plane,
2407 1513 2464 1556 ut
2495 1517 2561 1555 ex
2611 1517 2773 1570 supra
2821 1500 2980 1554 dictis
3033 1499 3222 1567 liquet,
3271 1497 3563 1554 evincunt;
3608 1508 3761 1548 nunc

2179 1603 2356 1648 autem
2387 1593 2808 1656 discutiendum,
2841 1607 2908 1645 an
2940 1589 3158 1656 majoris
3197 1587 3449 1658 ponderis
3493 1586 3603 1640 sint
3649 1585 3759 1638 alia

2180 1700 2300 1755 qua:
2343 1695 2453 1740 ttnn
2501 1686 2569 1738 ab
2597 1684 2718 1748 hoc,
2753 1692 2862 1737 tum
2907 1683 2974 1736 ab
3011 1682 3152 1745 aliis,
3179 1679 3438 1735 Sanctum
3481 1687 3760 1742 nostrum,

2184 1778 2229 1832 si
2267 1793 2374 1832 non
2408 1777 2594 1832 statim
2624 1776 2691 1830 ab
2719 1791 2862 1830 anno
2903 1773 3124 1830 circiter
3149 1771 3284 1826 1076
3325 1786 3418 1826 seu
3470 1786 3500 1825 a
3541 1785 3640 1824 suo
3689 1783 3763 1823 ex

2183 1870 2315 1924 urbe
2342 1870 2600 1925 Rcmensi
2632 1884 2880 1933 excessu,
2911 1867 2979 1922 ab
3006 1881 3149 1921 anno
3173 1865 3365 1921 saltem
3389 1864 3471 1920 vel
3501 1863 3639 1919 1079
3670 1861 3764 1917 vel

2180 1961 2248 2013 ab
2305 1959 2477 2012 altero
2517 1974 2548 2014 e
2602 1957 2744 2012 binis
2787 1955 3140 2026 sequentibus
3189 1954 3413 2009 Parisiis
3460 1953 3760 2018 docuisse,

2181 2053 2533 2121 volentibus,
2597 2053 2936 2108 adducuntur
2978 2052 3029 2106 in
3073 2053 3332 2106 medium.
3388 2049 3716 2105 Verosimile
3745 2090 3762 2114 ,

2180 2145 2348 2208 aiunt,
2373 2159 2477 2198 non
2495 2153 2598 2205 est,
2620 2141 2948 2205 Brnnonem,
2975 2149 3179 2196 tantum
3209 2141 3404 2204 virum,
3430 2141 3602 2196 tribus
3622 2157 3764 2210 qua-

2183 2242 2368 2288 tuorve
2397 2243 2488 2287 aut
2521 2233 2684 2288 etiam
2717 2232 2958 2301 pluribus
2986 2232 3142 2286 anuis
3165 2229 3412 2300 proxime
3439 2240 3566 2286 ante
3594 2247 3760 2286 suum

2183 2321 2234 2374 in
2261 2321 2604 2377 solitudinem
2633 2335 2901 2376 recessum
2927 2321 3086 2374 vitam
3112 2320 3267 2392 plane
3292 2320 3523 2375 otiosam
3553 2322 3760 2391 egisse.

2186 2412 2500 2467 Verosimile
2538 2428 2666 2467 sane
2704 2412 2755 2466 id
2799 2428 2903 2467 non
2940 2414 3043 2474 sit;
3088 2427 3182 2483 per
3221 2428 3307 2467 me
3351 2411 3498 2466 licet.
3551 2411 3761 2466 Verum

2182 2523 2302 2560 cum
2349 2506 2601 2571 Sanctus,
2630 2515 2686 2559 ιιι
2726 2521 2886 2574 supra
2920 2505 3099 2570 docui,
3133 2521 3274 2558 anno
3312 2504 3442 2560 1081
3482 2505 3533 2558 in
3565 2505 3760 2576 pristi-

2183 2611 2307 2648 num
2351 2604 2549 2650 statum
2593 2594 2774 2650 Remis
2808 2595 3087 2650 restitutus
3129 2593 3309 2660 fuerit,
3346 2593 3473 2664 quid
3506 2595 3549 2648 si
3589 2595 3762 2650 etiam

2182 2675 2901 2756 scholarum'prmfecturam
2941 2695 3068 2740 tunc
3106 2685 3461 2755 recuperarit,
3507 2683 3766 2754 hancque

2183 2779 2376 2834 deinde
2403 2780 2466 2833 ad
2490 2794 2644 2833 suum
2676 2792 2845 2846 usque
2884 2777 2936 2831 in
2975 2793 3214 2832 eremum
3247 2777 3544 2831 discessum
3576 2792 3764 2846 gesse-

2185 2873 2288 2926 rit?
2348 2872 2422 2926 lta
2482 2886 2611 2925 sane
2655 2871 2838 2932 vitam,
2889 2871 3060 2925 donec
3103 2870 3189 2924 hic
3243 2869 3466 2932 accidit,
3524 2884 3553 2922 a
3608 2869 3766 2922 dicto
3819 2899 3822 2903 -

2183 2979 2322 3019 anno
2353 2964 2480 3020 1081
2511 2963 2742 3016 otiosam
2773 2977 2876 3015 non
2902 2962 3148 3024 duxerit,
3175 2961 3275 3016 etsi
3300 2962 3464 3014 etiam
3490 2970 3616 3014 tunc
3651 2960 3764 3014 Pa-

2185 3055 2326 3110 risiis
2362 3071 2467 3109 non
2495 3055 2741 3110 docuisse
2773 3063 3062 3108 statuatur.
3107 3053 3212 3108 Nec
3241 3070 3382 3107 anno
3418 3053 3551 3109 1079
3579 3063 3635 3110 et
3671 3071 3765 3110 se-

508 3129 598 3185 161
635 3132 876 3186 recitatis
903 3133 1212 3200 Guibertus)
1235 3133 2078 3204 qualiscumqueautambitione,
2110 3164 2154 3227 ο
2185 3145 2394 3214 quenti,
2433 3161 2540 3215 quo
2577 3159 2806 3213 utroque
2832 3143 3068 3199 Colonia:
3096 3144 3401 3214 Agrippina:
3423 3145 3565 3198 inter
3586 3145 3767 3201 eccle-

505 3233 596 3275 aut
624 3239 960 3294 quazumque
988 3225 1089 3278 alia
1137 3226 1470 3282 humanitate
1517 3228 1656 3298 apud
1693 3245 1751 3284 se
1787 3232 2080 3298 exstiterit,

507 3313 558 3366 in
593 3315 692 3368 hoc
719 3317 765 3368 ei
800 3317 970 3370 honor
1017 3318 1236 3372 omnino
1283 3319 1642 3374 asservandus
1693 3327 1794 3384 est,
1843 3322 1984 3391 quod
2030 3334 2083 3378 et

508 3404 812 3460 libertatem
862 3408 1114 3463 Ecclesiae
1162 3409 1446 3478 magnifice
1498 3411 1663 3464 tuitus
1712 3411 1823 3477 sit,
1867 3421 1921 3466 et
1973 3421 2080 3466 tam

509 3496 680 3564 ipsam
711 3500 1143 3566 (Laudunensem
1203 3501 1482 3571 nimirum)
1532 3504 1735 3567 sedem,
1785 3520 1946 3572 quam
1985 3521 2080 3574 ap-

515 3589 765 3654 pendices
792 3586 908 3655 ejus
927 3590 1186 3643 ecclesias
1212 3592 1480 3644 uberrima
1511 3592 1794 3662 largitione
1817 3597 2081 3663 provexit.

512 3679 574 3730 Et
603 3678 818 3748 dignum
867 3690 982 3733 erat
1014 3690 1070 3733 ut
1095 3690 1318 3735 externa
1343 3683 1389 3736 ei
1425 3685 1562 3738 bona
1588 3695 2083 3756 suppeterent,qu:e

512 3765 561 3818 in
579 3766 968 3823 DominiCarutn
993 3771 1245 3825 domuum
1269 3774 1462 3829 decore
1480 3775 1920 3844 projicerenturn
1949 3778 2081 3831 Cum

509 3872 638 3922 ergo
679 3858 800 3911 talis
827 3861 1096 3915 exstiterit
1142 3862 1473 3930 Elinandns,
1509 3883 1612 3918 non
1645 3865 1800 3919 video
1852 3882 1968 3932 cur,
2019 3883 2083 3921 eo

513 3945 832 4003 llcmensem
867 3952 1180 4007 cathedram
1216 3964 1452 4019 tenente,
1501 3955 1700 4010 Remos
1745 3957 1922 4012 Bruno
1979 3975 2082 4014 ton

513 4040 734 4096 rediisse
760 4083 775 4108 ,
832 4042 1013 4114 ibique
1051 4057 1292 4102 versatus
1333 4063 1439 4101 non
1471 4062 1592 4103 esse
1640 4049 1711 4102 sit
1757 4049 2081 4118 credendus,

512 4134 744 4190 maxime
789 4151 910 4190 cum
968 4136 1333 4192 Simoniacam
1381 4139 1615 4195 hominis
1649 4140 1821 4194 labem
1859 4139 2082 4196 forsitan

509 4225 791 4294 ignorarit.
821 4229 958 4295 Quid
985 4230 1028 4284 si
1055 4231 1216 4283 etiam
1243 4241 1483 4293 sanctus,
1517 4240 1575 4284 ut
1606 4231 1804 4286 Remos
1836 4232 2035 4286 rediret
2066 4273 2080 4296 ,

510 4318 576 4372 ab
603 4319 828 4388 ipsomet
861 4320 1121 4376 Elinando
1144 4322 1402 4377 invitatus
1428 4321 1627 4376 fuerit?
1674 4322 1814 4377 Sane
1862 4339 1982 4376 cum
2017 4341 2085 4378 ex

515 4409 691 4478 dictis,
747 4413 878 4467 utin
925 4430 1012 4469 res
1049 4431 1175 4470 suas
1229 4415 1638 4478 restitueretur,
1673 4415 1936 4486 Gregorio
1975 4418 2082 4479 Vll,

2184 3236 2277 3288 sia:
2299 3234 2660 3289 Cunibertime
2685 3233 2974 3288 canonicos
2999 3234 3357 3288 vetosimilius
3380 3248 3442 3287 ex
3477 3250 3637 3304 supra
3680 3235 3767 3289 di-

2185 3325 2286 3379 ctis
2325 3324 2455 3394 egit,
2485 3324 2714 3377 otiosam
2755 3331 2881 3377 tunc
2925 3324 3144 3378 duxisse
3175 3309 3336 3378 vitam
3361 3333 3442 3379 est
3467 3325 3766 3395 putandus,

2185 3429 2304 3469 cum
2339 3413 2454 3465 lieri
2492 3421 2676 3480 queat,
2706 3422 2761 3466 ut
2802 3423 2926 3467 tunc
2961 3422 3067 3465 tam
3111 3414 3160 3466 in
3202 3413 3464 3478 Psalmos,
3501 3431 3663 3484 quam
3708 3419 3764 3471 in

2186 3505 2254 3560 S.
2283 3502 2430 3556 Pauli
2461 3503 2702 3572 Apostoli
2739 3503 3021 3571 Epistolas,
3046 3520 3182 3572 quas
3209 3505 3396 3560 ambas
3416 3520 3586 3560 sacra:
3614 3508 3770 3562 Scri-

2186 3604 2355 3666 pturuc
2385 3605 2563 3664 partes
2595 3595 2999 3659 eruditissimis,
3035 3597 3108 3649 uti
3143 3597 3284 3650 infra
3321 3599 3545 3664 docebo,
3597 3601 3768 3658 editis

2184 3684 2596 3740 Commentariis
2612 3683 2922 3747 illustravit,
2939 3701 3162 3754 gnavam
3181 3701 3399 3755 operam
3414 3687 3763 3755 impenderit.

2259 3776 2376 3830 166.
2413 3775 2563 3842 Quod
2595 3776 2637 3830 si
2676 3776 2726 3829 id
2778 3775 3082 3846 displiceat,
3139 3777 3507 3847 Sanctumque
3549 3781 3766 3840 duobus

2187 3865 2290 3920 illis
2327 3865 2484 3918 annis
2514 3864 2746 3918 Coloniae
2779 3877 3170 3920 commoratum
3209 3884 3312 3920 non
3372 3867 3557 3934 fuisse,
3606 3873 3764 3936 velis,

2185 3970 2285 4008 nec
2315 3955 2415 4020 sic,
2443 3954 2603 4008 etiam
2635 3955 2736 4010 hoc
2758 3955 2897 4015 dato.
2930 3957 2986 4009 Iit
3014 3972 3368 4026 consequens,
3395 3971 3449 4013 ut
3477 3961 3679 4024 Βιιιιιο,
3713 3965 3766 4018 ιιί

2189 4054 2298 4099 ιιιιιι
2324 4046 2548 4101 Parisiis
2586 4047 2850 4112 docuerit,
2901 4047 2952 4101 in
2988 4049 3099 4102 otio
3125 4050 3288 4102 vitam
3327 4053 3587 4120 exegerit.
3625 4054 3768 4121 Quid

2187 4136 2228 4189 si
2259 4136 2400 4189 enim
2433 4146 2560 4191 tunc
2592 4137 2656 4190 ad
2691 4135 2916 4191 Dolense
2949 4137 3006 4192 S.
3051 4137 3230 4191 Marica
3265 4143 3650 4196 monasterium
3683 4161 3769 4200 se-

2185 4225 2436 4289 cessisse,
2475 4225 2780 4294 ibidemque
2818 4227 3093 4292 docuisse,
3122 4231 3429 4284 asseratur?
3458 4231 3600 4287 Sane
3630 4233 3770 4288 San-
3859 4277 3864 4282 .

2186 4326 2330 4370 ctmn
2375 4317 2456 4371 vel
2495 4327 2618 4370 tunc
2656 4317 2737 4372 vel
2777 4318 2909 4373 alias
2940 4319 2990 4372 in
3035 4323 3362 4374 monasterio
3401 4323 3490 4376 illo
3533 4325 3769 4382 docendi

2191 4421 2415 4460 munere
2457 4407 2700 4460 functum
2749 4422 2889 4472 esse,
2921 4418 3014 4462 aut
3056 4419 3228 4474 certe,
3259 4426 3381 4465 eum
3433 4414 3533 4469 hoc
3585 4415 3772 4474 Remis

514 4511 636 4556 tunc
667 4519 879 4558 summo
906 4503 1162 4574 pontifici.
1196 4505 1428 4558 maxime
1474 4505 1526 4558 in
1556 4506 1692 4559 votis
1743 4504 1927 4569 fuerit,
1978 4522 2082 4560 non
2119 4502 2160 4558 υ
2187 4497 2383 4562 οὺὶιέῐο
2427 4496 2688 4567 Plurimos
2715 4497 2857 4552 Ῐηῖυδ
2886 4500 3132 4554 alumnos
3161 4501 3355 4556 ibidem
3379 4503 3636 4561 habuisse
3661 4509 3772 4564 dis-

512 4593 693 4664 inepte
718 4613 781 4650 ac
815 4608 1016 4651 temere
1048 4596 1363 4664 conjeceris,
1398 4597 1593 4652 litteris
1626 4598 1799 4654 aliove
1819 4601 2000 4664 modo,
2029 4609 2086 4653 ut

513 4683 644 4750 pulsi
670 4701 700 4738 a
733 4686 976 4740 Manasse
1009 4685 1288 4740 Remensis
1321 4687 1566 4743 ecclesia:
1601 4688 1804 4752 clerici,
1836 4705 1899 4743 ac
1934 4690 2084 4757 proin

513 4773 677 4827 etiam
704 4787 921 4829 sanctus
945 4785 1149 4840 noster,
1175 4777 1370 4830 Remos
1393 4777 1444 4829 in
1473 4777 1610 4831 bona
1641 4792 1734 4832 sua
1768 4778 2085 4832 restituendi

517 4864 778 4930 redirent,
813 4867 1099 4936 ipsunnnet
1133 4868 1449 4923 Elinandum
1479 4870 1677 4939 egisse,
1711 4869 1776 4922 ad
1809 4869 1860 4923 id
1885 4870 2090 4925 scilicet

516 4955 828 5024 impulsum,
852 4947 952 5020 ne,
975 4957 1019 5011 si
1051 4973 1208 5012 secus
1231 4958 1452 5028 faceret,
1491 4960 1810 5015 ltemensem
1839 4962 1940 5017 sibi
1972 4979 2086 5017 ma-

521 5047 662 5102 xime
683 5048 923 5116 cupitum
957 5049 1477 5120 archiepiscopatum
1496 5091 1511 5114 ,
1539 5066 1698 5120 quem
1732 5051 1879 5122 regio
1907 5051 2091 5108 favore

516 5153 621 5191 non
650 5147 733 5193 sat
764 5149 908 5193 recte
937 5139 1276 5207 obtinuerat,
1321 5123 1592 5210 pontiﬁcia
1639 5142 1990 5208 auctoritate,
2033 5151 2092 5198 ut

515 5241 695 5298 postea
723 5230 925 5283 factum
947 5271 960 5293 ,
987 5233 1282 5286 amitteret.

593 5318 710 5374 165.
744 5319 937 5374 Verum
963 5330 1110 5383 sm.t,
1143 5323 1231 5392 qui
1266 5323 1555 5389 Sanctum,
1587 5335 1873 5394 antequam
1927 5326 2092 5380 statui

517 5410 746 5479 pristino
777 5413 1108 5478 redderetur,
1142 5416 1208 5468 ab
1256 5430 1396 5469 anno
1451 5417 1606 5480 1081,
1653 5417 1758 5470 imo
1805 5417 1968 5470 etiam
2025 5417 2093 5469 ab

519 5517 662 5556 anno
692 5501 825 5556 1076
847 5503 1083 5571 circiter,
1107 5522 1212 5577 quo
1234 5507 1414 5562 Remis
1437 5508 1505 5561 ob
1539 5507 1810 5578 improbos
1831 5506 2094 5560 .‘llanassis

522 5606 700 5646 mores
724 5595 976 5658 excessit,
1006 5595 1246 5652 Parisios
1271 5599 1626 5662 concessisse,
1673 5597 1852 5666 ibique
1887 5596 1951 5650 ad
1995 5614 2094 5652 an-

525 5697 655 5736 num
687 5699 855 5753 usque
889 5687 1044 5752 1082,
1074 5705 1180 5758 quo
1211 5690 1449 5744 doctoris
1485 5692 1549 5743 ad
1584 5701 1794 5758 tempus
1845 5691 2092 5755 redivivi,

523 5777 611 5844 qui
638 5791 750 5831 sese
781 5779 1086 5835 damnatum
1121 5800 1148 5835 e
1173 5781 1370 5834 feretro
1399 5780 1762 5847 proclamavit,
1793 5782 2094 5852 prodigium

2191 4588 2414 4658 cipnlos,
2450 4589 2735 4643 dicendum
2766 4603 3021 4660 apparet;
3060 4592 3298 4662 religiosi
3339 4595 3484 4648 enim
3529 4601 3773 4655 ρωποι)Ῑί

2193 4679 2332 4734 illius
2367 4679 2554 4734 incola:
2599 4679 2650 4732 in
2691 4679 2868 4734 Titulo
2905 4680 3149 4747 funebri,
3203 4683 3343 4737 inter
3369 4684 3606 4740 edendos
3645 4689 3773 4752 169,

2192 4769 2586 4838 quem-Sancto
2623 4769 2970 4840 inscripsere,
3013 4770 3128 4840 ejus
3159 4788 3277 4827 sese
3313 4774 3606 4843 discipulos
3641 4793 3774 4846 pro-

2195 4861 2330 4915 titeri
2357 4862 2608 4916 videntur
2633 4861 2780 4916 hisce
2812 4863 2876 4916 ad
2913 4861 3267 4919 Cartusianos
3295 4863 3614 4920 Calabrinos
3653 4883 3776 4922 ver-

2193 4951 2304 5005 bis:
2339 4970 2357 5002 ι
2411 4951 2579 5007 Prout
2609 4961 2785 5007 vestra
2827 4952 3077 5022 dignatur
3101 4962 3352 5023 expetere
3387 4955 3689 5021 sanctitas;
3719 4965 3777 5011 et

2195 5059 2291 5098 nos
2319 5043 2564 5099 Dolensis
2590 5043 2820 5099 C(Bnobii
2846 5043 3058 5107 fratres,
3079 5042 3441 5099 fraternitatis
3462 5053 3660 5101 vestra:
3686 5047 3780 5102 de-

2195 5135 2443 5190 solationi
2487 5135 2787 5204 compassi,
2828 5149 2926 5204 pro
2969 5135 3108 5188 beati
3141 5135 3308 5203 patris
3348 5137 3516 5190 mrstri
3559 5151 3625 5190 ac
3661 5155 3777 5191 ma-

2196 5228 2349 5298 gistri
2397 5227 2662 5280 Brunonis
2712 5227 2889 5279 anima
2937 5225 3404 5279 devotissimartnn
3463 5225 3775 5279 orationum

2197 5320 2448 5388 suifragia
2483 5333 2628 5382 mox,
2665 5326 2724 5370 ut
2754 5315 2870 5385 ejus
2915 5317 3216 5370 audivimus
3245 5317 3482 5380 obitum,
3524 5316 3779 5386 omnipo-

2200 5410 2331 5464 tenti
2391 5410 2499 5463 Deo
2549 5407 2860 5476 persolvere
2906 5407 3231 5460 curavimus.
3269 5425 3285 5457 ι
3322 5405 3361 5459 Β
3408 5405 3514 5458 vita
3569 5406 3776 5475 itaque,

2198 5517 2358 5572 quam
2393 5501 2640 5565 Sanctus,
2671 5498 2724 5552 ni
2748 5513 2892 5552 anno
2925 5497 3060 5552 1079
3095 5508 3148 5551 et
3187 5497 3391 5565 aliquot
3421 5497 3782 5567 sequentibus

2199 5592 2422 5647 Parisiis
2447 5589 2690 5644 docuisse
2719 5587 3058 5652 admittatur,
3092 5587 3142 5640 in
3175 5587 3283 5642 otio
3311 5588 3548 5649 duxerit,
3576 5587 3781 5642 ibidem

2200 5697 2320 5736 eum
2353 5690 2476 5735 tunc
2501 5679 2772 5742 docuisse,
2801 5677 3046 5732 concludi
3085 5676 3231 5730 nullo
3262 5677 3418 5730 modo
3444 5685 3638 5746 potest.
3667 5677 3784 5730 lmo

2209 5789 2334 5828 vero
2363 5773 2622 5828 Sanctum
2663 5785 2770 5825 non
2814 5777 3016 5823 tantum
3059 5785 3163 5824 non
3203 5778 3352 5833 tunc,
3379 5768 3486 5822 'sed
3528 5782 3627 5821 nec
3664 5783 3783 5821 um-
