3862 6310
182 304 234 358 97

185 431 313 485 quam
341 412 463 466 alias
484 409 706 464 Parisiis
733 408 998 468 docuisse,
1034 402 1497 457 verosimillimum
1530 415 1694 468 appa-
1731 409 1771 459 Λ

187 516 265 559 ret.
311 502 433 555 Tres
479 502 618 555 enim
674 500 965 568 scriptores
1018 493 1304 565 svuchroni
1337 532 1351 555 ,
1411 500 1502 544 aut
1557 498 1704 543 certe

182 596 348 658 comi,
392 594 433 647 is
468 593 695 652 scilicet,
727 590 818 659 qui
854 596 1083 657 quatuor
1121 586 1416 655 primorum
1444 579 1704 635 Cartusize

180 688 378 754 priorum
420 683 723 736 Chronicon
761 680 1069 742 contexuit,
1096 677 1387 732 Guibcrtus
1426 675 1491 728 de
1540 672 1702 725 Nevi-

180 787 323 846 gento,
350 782 400 827 et
427 772 587 826 Tituli
615 772 877 834 funebris,
911 771 1055 823 inter
1086 767 1417 821 recudendos
1447 764 1567 829 175,
1599 777 1705 831 quo

180 864 430 932 Regulares
475 860 740 914 Noliensis
768 858 823 913 S.
858 857 1126 913 Vincentii
1174 855 1415 909 ecclesiae
1460 852 1703 908 canonici

178 955 337 1007 Sancto
364 959 711 1020 parentarunt
738 989 752 1013 ,
778 956 964 1001 auctor
990 988 1003 1011 ,
1042 946 1210 999 fuisse
1242 942 1391 997 illum
1421 942 1531 1013 (adi
1556 957 1701 995 num.

177 1041 220 1100 7,
246 1039 349 1101 ιη,
374 1048 424 1091 et
452 1037 541 1107 45)
570 1037 813 1091 ecclesiae
844 1036 1131 1089 Remensis
1170 1033 1474 1087 scholarum
1533 1032 1705 1101 magi-

176 1140 312 1183 stmm
333 1136 419 1180 aut
468 1129 699 1181 iunuunt
725 1168 741 1192 ,
794 1136 885 1179 aut
914 1127 1015 1179 hoc
1042 1124 1260 1179 nomine
1290 1124 1491 1179 diserte
1518 1124 1707 1177 distiu-

175 1226 328 1287 guunt,
346 1219 707 1273 «scholarum:
734 1219 895 1272 etiam
914 1217 1324 1271 «Parisiensium
1346 1215 1616 1286 magistri:
1644 1216 1708 1269 ti-

176 1313 262 1366 tulo
275 1311 502 1366 eumdem
520 1310 923 1365 verosimillime
937 1310 1188 1365 distinctu
1198 1310 1239 1362 ri
1250 1350 1263 1372 ,
1280 1308 1321 1361 si
1341 1308 1438 1362 has
1454 1323 1705 1376 umquam

177 1403 275 1465 ille,
302 1412 354 1455 ut
377 1402 675 1456 Remenses
710 1441 725 1465 ,
780 1401 1072 1455 docuisset.
1121 1399 1342 1453 Accedit
1395 1397 1526 1452 nihil
1555 1398 1710 1467 plane

174 1493 282 1561 apud
325 1492 598 1558 antiquum
653 1492 819 1545 ullum
871 1492 1018 1561 paris
1079 1489 1417 1545 auctoritatis
1470 1503 1533 1541 ac
1585 1488 1707 1542 fidei

173 1581 443 1649 scriptorem
476 1580 690 1648 uspiam
724 1580 975 1644 inveniri,
1007 1582 1146 1633 unde
1179 1577 1439 1633 Sanctum
1489 1576 1710 1631 Parisiis

174 1683 381 1737 umquam
403 1668 675 1733 docuisse,
707 1684 926 1737 quoquo
958 1669 1118 1722 modo
1146 1668 1219 1721 sit
1241 1680 1599 1735 consequens.

225 1760 327 1812 167.
357 1761 421 1811 At
448 1774 581 1813 vero
612 1759 904 1812 Annalium
923 1758 1352 1814 Cartusiensinm
1376 1757 1496 1811 libri
1528 1756 1704 1826 quarti
1739 1738 1784 1797 Β

174 1847 393 1901 hactenus
420 1864 528 1902 non
554 1848 757 1918 vulgati
792 1858 978 1902 auctor
1006 1863 1309 1918 anouymus
1334 1889 1346 1908 ,
1388 1845 1710 1914 conjecturis

173 1938 307 1992 tribus
332 1939 572 2002 diversis,
608 1940 826 2008 quibus,
856 1938 1161 1991 Brunonem
1193 1937 1415 1991 Parisiis
1440 1938 1708 2001 docuisse,

172 2030 377 2100 ligassius
396 2030 607 2085 Bulaeus
634 2031 763 2101 (adi,
794 2047 911 2101 qua:
937 2030 1042 2085 huc
1079 2031 1377 2099 spectantia
1409 2047 1559 2084 num.
1585 2032 1706 2096 11?,

170 2134 289 2188 seqq.
320 2129 368 2173 et
414 2120 540 2176 alibi
588 2122 733 2174 dicta
781 2124 925 2189 sunt)
980 2135 1262 2190 perperam
1313 2121 1626 2185 contendit,
1656 2123 1708 2175 in

174 2211 364 2263 aedium
400 2213 673 2276 adductis,
705 2211 775 2264 ita
802 2213 1155 2265 ratiocinatur
1182 2228 1194 2263 :
1243 2228 1261 2261 ι
1301 2212 1560 2279 Quartam
1588 2228 1711 2281 pos-

172 2315 320 2353 sumus
350 2302 543 2357 addere
572 2302 940 2370 conjecturam
971 2343 986 2367 ,
1018 2312 1286 2371 sumptam
1318 2318 1383 2356 ex
1412 2302 1605 2356 'l‘itulis
1632 2303 1711 2355 fu-

171 2389 400 2457 nebribus,
428 2394 634 2461 quibus
659 2393 761 2463 pia:
798 2394 967 2447 sancti
1016 2393 1281 2448 lirunonis
1319 2394 1592 2448 memoria:
1620 2410 1711 2461 pa-

174 2492 397 2537 rentatum
426 2495 510 2538 est
540 2486 613 2538 ab
639 2484 889 2539 omnibus
930 2484 1045 2539 fere
1076 2485 1322 2539 ecclesiis
1360 2493 1412 2538 et
1445 2494 1711 2537 monaste-

170 2573 240 2624 riis
260 2571 559 2628 Galliarum.
597 2575 700 2640 Qui
727 2576 868 2629 enim
896 2577 1008 2629 fieri
1040 2585 1215 2645 potest
1240 2586 1299 2629 ut
1322 2574 1417 2629 Vir
1457 2590 1555 2644 per
1591 2576 1713 2628 uni-

174 2676 346 2717 versum
394 2663 644 2719 Francite
682 2680 905 2734 regnum
935 2667 1366 2734 spectatissimus
1391 2676 1445 2720 et
1468 2666 1712 2720 nomina-

171 2754 384 2822 tissimus,
430 2772 494 2812 ac
556 2757 615 2810 in
662 2756 905 2811 ecclesiis
942 2758 1182 2827 ejusdem
1228 2758 1375 2828 regni
1448 2759 1531 2828 (ut
1583 2757 1713 2812 dicit

169 2843 431 2918 Guibertus)
489 2848 903 2918 opinatissimus
952 2849 1222 2913 evaserit,
1274 2850 1710 2919 quandoquidem

170 2934 279 2989 istud
300 2939 379 2992 vix
404 2939 577 2995 asseri
628 2937 771 2992 valet
806 2940 872 2992 de
920 2939 1171 2993 Remensi
1212 2940 1490 2994 academia
1527 2978 1541 3004 ,
1575 2939 1708 3007 quin

170 3029 310 3093 potius
340 3031 403 3084 de
450 3030 752 3084 Parisiensi
798 3029 1128 3101 intelligatur
1153 3072 1167 3095 ,
1203 3030 1269 3084 ad
1319 3047 1479 3100 quam
1509 3070 1524 3095 ,
1562 3030 1711 3084 velut

170 3123 284 3189 regni
311 3125 485 3177 sedem
540 3133 602 3177 et
650 3122 895 3177 Francia:
942 3123 1295 3177 meditullimn
1330 3132 1383 3177 et
1420 3122 1705 3177 celeberri-
1735 3119 1776 3180 C

171 3224 282 3264 mum
310 3216 610 3283 emporium
652 3223 706 3267 et
754 3214 1153 3268 academiarum
1211 3213 1449 3283 reginam
1478 3253 1493 3278 ,
1536 3212 1707 3279 magis

169 3314 418 3372 congruum
449 3306 764 3370 videbatur,
819 3313 876 3358 ut
921 3313 1000 3359 tot
1028 3304 1185 3358 amici
1208 3313 1263 3358 et
1289 3303 1561 3373 discipuli,
1616 3305 1706 3375 qui

170 3389 260 3457 ejus
289 3393 526 3450 funebria
565 3395 933 3461 celebrarunt,
962 3394 1322 3450 confluerent?
1358 3395 1431 3448 De
1462 3395 1729 3451 ecclesiis-

170 3495 359 3551 namque
378 3485 745 3555 suffraganeis
793 3495 849 3540 et
880 3486 1220 3541 monasteriis
1273 3486 1564 3555 provincia:
1605 3487 1708 3541 Rc-

171 3575 333 3629 rnensis
361 3593 462 3631 non
505 3586 595 3631 est
621 3576 863 3643 dubium,
894 3592 1080 3631 eorum
1111 3577 1356 3631 alumnos
1391 3577 1578 3631 Remis
1608 3578 1707 3632 sub

172 3658 379 3719 Brunoue
427 3665 633 3720 studiis
687 3666 986 3721 litterarum
1031 3667 1362 3721 incubuisse.
1414 3667 1546 3723 Cum
1581 3683 1708 3722 vero

171 3746 438 3808 lectitantur
482 3764 714 3810 remotas
769 3771 995 3826 quaeque
1042 3756 1287 3811 ecclesiae
1333 3756 1448 3825 ejus
1503 3758 1706 3813 obitum

172 3837 382 3898 lamentis
410 3855 465 3900 et
493 3844 719 3901 fletibus
749 3856 1070 3916 prosecutae,
1101 3848 1290 3917 quales
1348 3848 1495 3904 fuere
1526 3850 1711 3919 Angli-

172 3944 305 3995 caute,
332 3934 681 4002 Britannicze,
726 3936 1085 4003 Normanicae,
1116 3939 1425 4005 Pictonicae,
1480 3941 1709 3996 Turoni-

171 4034 247 4086 ea,
271 4024 559 4095 Sequaneze
591 4037 645 4082 et
689 4028 807 4083 alia:
846 4030 1111 4098 plurimm,
1140 4032 1431 4087 absurdum
1459 4044 1708 4103 putamus

172 4110 318 4169 dicere
364 4133 555 4173 omnes
600 4118 791 4173 harum
833 4120 1181 4175 ecclesiarum
1232 4123 1477 4178 alumnos
1523 4125 1709 4179 Remis

174 4203 370 4263 eruditos
400 4208 588 4275 fuisse,
623 4223 745 4264 cum
776 4210 879 4266 hoc
908 4213 1245 4282 magisjuxta
1283 4222 1515 4269 mentem
1545 4215 1708 4271 Bultci

174 4290 377 4349 videatur
417 4314 720 4371 congruere
766 4301 1024 4357 Parisinae
1070 4306 1391 4373 academize,
1424 4309 1489 4361 ad
1546 4323 1705 4376 quam

171 4378 417 4449 aliquando
445 4390 738 4446 translatus
769 4390 963 4447 fuerat.
1016 4415 1033 4445 ι

225 4470 330 4526 168.
354 4495 371 4525 ι
388 4475 494 4532 Sed
525 4480 656 4548 quid
681 4481 922 4536 dicemus
948 4484 1013 4537 de
1033 4483 1276 4539 ecclesiis
1289 4485 1719 4556 Parisiensibus,‘
1737 4478 1783 4536 ῐ)

172 4570 263 4623 (tua:
286 4566 486 4621 obitum
512 4571 686 4624 sancti
717 4571 987 4629 Brunonis
1016 4617 1029 4641 ,
1060 4578 1213 4645 quasi
1249 4578 1349 4630 viri
1395 4580 1659 4635 notissimi
1686 4624 1700 4646 ,

171 4651 433 4714 relebribus
503 4662 829 4729 planxerunt
878 4665 1067 4734 elogiis
1098 4708 1113 4731 ,
1173 4667 1421 4722 videlicet
1474 4670 1700 4725 ecclesia

172 4743 458 4803 cathedralis
490 4763 691 4807 sanctae
717 4754 928 4820 Mariae,
970 4756 1185 4811 abbatia
1218 4758 1389 4813 sancti
1420 4757 1657 4830 Maglorii
1687 4804 1699 4827 ,

170 4832 342 4891 abhatia
363 4844 534 4897 sancti
585 4844 839 4901 Germani
886 4848 954 4903 de
989 4847 1190 4914 Pratis,
1255 4850 1471 4905 abbatia
1531 4856 1700 4907 sancti

173 4918 390 4997 Dionysii,
423 4934 636 4989 abbatia
665 4938 841 4993 sancti
872 4938 1041 4993 Mauri
1090 4939 1429 4996 Fossatensis
1455 4952 1509 4996 et
1539 4942 1705 4996 abba-

171 5014 226 5066 tia
263 5024 423 5077 sancti
455 5024 597 5080 Petri
643 5027 1076 5085 Latiniacensis?
1128 5029 1321 5085 Nonne
1350 5032 1699 5102 incongruum

168 5114 251 5170 est,
276 5120 330 5163 ut
378 5123 455 5168 tot
476 5115 656 5173 clerici
684 5159 700 5186 ,
732 5128 912 5189 totque
952 5121 1247 5187 monachi,
1299 5121 1441 5175 intra
1498 5123 1697 5176 fontem

168 5199 486 5259 scientiarum
526 5206 787 5264 Parisinre
837 5212 1124 5266 academiaa
1167 5212 1486 5277 constituti,
1511 5212 1576 5265 ad
1606 5227 1700 5266 ex-

168 5289 307 5373 teram
334 5294 606 5353 dicecesim
654 5316 755 5369 pro
794 5304 1140 5372 capessendis
1188 5304 1436 5359 scientiis
1473 5303 1699 5373 profec1i

168 5370 370 5435 fuerint?
390 5384 459 5439 Et
481 5390 620 5457 quod
644 5392 710 5445 de
733 5370 1132 5449 Parisiensibus
1157 5394 1417 5462 dicimus,
1448 5370 1499 5449 id
1528 5395 1700 5464 ipsum

169 5471 394 5561 testamur
436 5481 500 5531 de
534 5482 743 5537 caneris
797 5486 1146 5540 remotiorum
1185 5488 1557 5542 coenobiorum
1581 5487 1702 5542 reli-

166 5558 298 5618 giosis
323 5605 336 5627 ,
368 5581 500 5635 quos
542 5569 768 5627 Parisiis
818 5575 996 5642 potius
1022 5617 1036 5642 ,
1073 5592 1234 5646 quam
1285 5577 1470 5632 Remis
1497 5578 1698 5632 erudiri

168 5656 439 5709 pmstabat.
487 5679 505 5709 ι
538 5662 611 5715 lta
664 5664 786 5730 ille,
835 5664 1095 5719 Sanctum
1144 5665 1367 5722 Parisiis
1421 5666 1696 5732 docuisse,

168 5742 394 5813 PfICipue
448 5757 551 5806 tum
600 5769 665 5808 ex
713 5756 952 5826 insigni,
1016 5771 1175 5825 quam
1227 5772 1325 5825 per
1385 5758 1696 5813 universum

1650 283 1850 339 ACTA.

3317 284 3384 337 98

1804 396 2048 449 Francize
2089 410 2315 464 regnum
2364 394 2573 458 habuit,
2607 409 2896 463 quamque,
2940 396 2995 457 ni
3025 395 3244 451 Parisiis
3284 397 3383 452 do-

1806 487 2031 550 cuisset,
2066 486 2374 539 habiturum
2400 500 2522 540 eum
2558 502 2661 539 non
2695 485 2878 551 fuisse,
2914 496 3180 553 autumat,
3211 491 3385 541 nomi-

1806 576 1889 629 nis
1924 576 2237 629 eelebritate
2263 617 2276 639 ,
2313 585 2421 628 tum
2453 592 2515 629 ex
2557 576 2753 646 ingenti
2784 618 2797 640 ,
2831 592 2950 645 qua:
3003 578 3175 631 eidem
3231 578 3383 632 fune-

1805 667 1981 721 brium
2014 666 2315 719 Titulorum
2349 668 2700 736 inscriptione
2746 678 3128 736 parcntarunt,
3160 686 3385 739 qna-que

1808 758 1977 821 illum,
2007 757 2059 810 ni
2091 758 2309 811 Parisiis
2336 744 2627 825 docuisset,
2653 760 2872 828 speciali
2904 761 3062 813 modo
3092 763 3386 829 cognitum:

1806 850 2192 918 magistrumve
2223 849 2484 902 habiturae
2528 849 2715 915 fuisse,
2747 868 2850 906 non
2900 853 3173 913 videntur.
3214 855 3386 906 eccle-

1808 940 2012 993 siarum
2060 940 2623 1009 monasteriorurnque
2671 942 3015 996 multitudine
3065 942 3382 1011 conjic?ens,

1807 1039 1898 1083 aut
1921 1030 2080 1084 etiam
2105 1030 2453 1084 contendens.
2514 1028 2710 1085 Verum
2756 1048 2861 1086 non
2894 1033 3049 1086 video
3079 1048 3175 1087 cur
3219 1032 3387 1086 Sanc-

1810 1130 1916 1185 tus,
1944 1120 2154 1174 etiamsi
2187 1136 2474 1189 numquam
2510 1122 2732 1177 Parisiis
2754 1165 2768 1189 ,
2802 1124 3093 1194 Remisque
3150 1134 3388 1177 tantum-

1808 1211 1966 1265 modo
1998 1211 2289 1278 docuisset,
2319 1211 2579 1281 insignem
2605 1213 2750 1265 illam
2770 1255 2784 1280 ,
2809 1230 2912 1283 qua
2946 1230 3041 1283 per
3070 1216 3383 1267 universum

1809 1303 2051 1357 Francia1
2083 1318 2329 1371 regnum,
2366 1304 2473 1357 imo
2503 1317 2598 1372 per
2632 1303 2817 1371 plures
2874 1307 3038 1359 etiam
3091 1317 3247 1358 extra
3280 1306 3387 1357 hoc

1809 1399 1943 1451 sitas
1966 1395 2272 1464 provincias
2304 1395 2408 1449 late
2442 1395 2715 1460 inclaruit,
2765 1397 2999 1451 nominis
3019 1397 3385 1450 celebritatem

1811 1483 2093 1552 acquirere
2121 1481 2437 1549 nequiisset.
2469 1481 2739 1547 Numquid
2790 1498 2893 1534 non
2938 1499 2965 1533 a
2997 1482 3193 1536 coaevis
3223 1481 3389 1535 Chro-

1811 1574 2335 1639 niciMalleacensis,
2369 1572 2787 1643 Fragmentique
2835 1574 3113 1638 historici,
3167 1590 3194 1625 a
3255 1580 3391 1625 tem-

1811 1678 1941 1734 pore
2000 1661 2221 1717 Roberti
2253 1662 2319 1714 ad
2368 1661 2601 1730 Philippi
2651 1663 2793 1731 regis
2840 1672 3066 1715 mortem
3130 1661 3385 1723 deducti,

1811 1755 2163 1823 scriptoribus
2193 1754 2297 1824 (adi
2324 1753 2549 1806 num.“
2585 1762 2638 1806 et
2668 1752 2806 1822 seq.)
2826 1753 3172 1806 «Remensisn
3205 1752 3386 1819 appel-

1810 1844 1971 1911 latur,
2003 1846 2143 1913 quod
2173 1845 2240 1897 iis
2268 1859 2335 1897 ex
2364 1844 2599 1897 nominis
2632 1843 2798 1907 fama,
2845 1858 3007 1911 quam
3059 1841 3242 1894 Remis
3272 1849 3386 1893 tutu

1811 1935 2087 1999 discendo,
2131 1944 2244 1988 tum
2292 1935 2535 1988 docendo
2589 1949 2652 1988 ac
2706 1932 2855 1985 varia
2906 1932 3088 1984 munia
3141 1931 3388 1984 obeundo

1811 2028 2173 2097 acquisiisset,
2199 2027 2354 2079 unice
2392 2025 2501 2078 fere
2530 2037 2687 2079 notus
2718 2024 2903 2079 esset?

1881 2121 2005 2174 169.
2047 2119 2292 2173 Similine
2322 2119 2483 2173 etiam
2508 2118 2646 2173 forte
2673 2119 2738 2172 de
2764 2133 2924 2172 causa
2949 2158 2962 2181 ,
2995 2116 3156 2172 veluti
3190 2137 3206 2166 ε
3242 2117 3391 2170 Pari-
3446 2184 3459 2191 νγ

1810 2217 2023 2279 siensis,
2048 2235 2065 2266 ι
2103 2224 2262 2269 notus
2298 2214 2497 2268 fuerit?
2524 2215 2579 2268 Si
2624 2214 2857 2268 afﬁrmes
2889 2214 3206 2283 scriptorem
3256 2214 3390 2266 anti-

1809 2321 1973 2375 quum
1988 2307 2331 2374 probaturque
2365 2306 2483 2358 fidei
2510 2305 2589 2357 vel
2626 2320 2813 2369 unum,
2839 2303 3385 2373 aqtthat‘isiettSiSr

1810 2406 2053 2462 vocetur,
2077 2397 2339 2467 assignari
2373 2397 2605 2465 postulo;
2632 2395 2772 2464 quod
2815 2397 2858 2449 si
2916 2395 2988 2457 id,
3022 2405 3078 2449 ut
3107 2405 3255 2448 certe
3281 2410 3385 2447 non

1813 2490 2057 2558 poteris,
2111 2490 2290 2545 facere
2346 2506 2451 2542 non
2508 2487 2720 2556 possis,
2772 2487 2911 2540 unde
2963 2485 3219 2549 tandem,
3288 2500 3388 2553 qua

1814 2580 2043 2636 Sanctus
2096 2583 2368 2647 inclaruit,
2420 2581 2652 2635 nominis
2707 2579 3075 2635 celebritatem
3126 2579 3390 2641 Parisiis,

1814 2689 1916 2727 non
1950 2683 2126 2727 autem
2172 2673 2371 2738 Remis,
2404 2673 2649 2727 docendo
2688 2687 2807 2726 eum
2834 2672 3116 2741 acquirere
3138 2670 3391 2725 debuisse

1812 2764 2103 2833 probabis?
2152 2764 2349 2818 Adiuec
2416 2764 2594 2819 Bruuo
2655 2782 2718 2821 ex
2789 2763 3025 2816 unanimi
3064 2764 3173 2816 fere
3204 2777 3389 2816 eorum

1812 2855 2051 2908 omnium
2076 2869 2367 2916 consensu,
2413 2870 2441 2907 a
2498 2855 2691 2923 quibus
2719 2854 2941 2908 Parisiis
2971 2853 3218 2907 docuisse
3249 2869 3392 2906 assc-

1812 2944 1967 3007 ritur,
2001 2943 2051 2996 id
2084 2943 2153 2995 ibi
2185 2958 2378 2995 munus
2411 2958 2514 2995 non
2546 2951 2671 2997 ante
2708 2958 2905 2995 annum
2950 2942 3171 2996 circiter
3227 2941 3388 3001 1076,

1811 3051 1917 3103 quo
1968 3050 2032 3087 ex
2083 3034 2239 3087 dictis
2285 3034 2353 3086 ob
2412 3034 2681 3100 improbos
2718 3032 2979 3085 Manassis
3013 3046 3190 3085 mores
3250 3032 3383 3083 urbe

1810 3123 2065 3177 Reinensi
2114 3123 2346 3176 excessit
2377 3162 2391 3184 ,
2444 3121 2857 3191 obireincepit;
2915 3130 2969 3175 et
3011 3130 3186 3174 tamen
3244 3120 3388 3173 celi-—

1811 3212 2032 3267 bcrrimi
2063 3212 2259 3277 etiam,
2310 3222 2600 3280 antequam
2644 3211 2776 3265 urbe
2823 3211 3113 3276 Remcusi,
3166 3218 3392 3280 cogente

1810 3303 2100 3366 Manasse,
2150 3308 2425 3369 excessit,
2483 3302 2827 3372 nondumque
2891 3301 3115 3371 proinde
3167 3301 3392 3356 Parisiis

1810 3397 2110 3460 docuerat,
2154 3396 2386 3450 nominis
2420 3396 2692 3451 exstitisse
2717 3436 2730 3461 ,
2771 3411 2799 3449 a
2850 3396 3109 3450 Guiberto
3140 3397 3202 3451 de
3234 3397 3392 3449 Novi-

1808 3496 1994 3557 gcuto,
2046 3496 2267 3540 auctore
2295 3501 2495 3551 coaevo,
2529 3486 2883 3541 disertissime
2913 3487 3162 3541 traditur.
3206 3506 3223 3537 ‹
3250 3485 3388 3538 Bru-

1810 3595 1900 3641 no,
1949 3578 2121 3647 inquit
2172 3578 2224 3631 in
2256 3578 2374 3632 Vita
2406 3594 2501 3632 sua
2533 3577 2626 3632 lib.
2658 3593 2698 3641 ι,
2728 3592 2844 3648 cap.
2874 3579 2933 3633 ll
2964 3619 2978 3640 ,
3009 3597 3026 3629 ‹
3063 3578 3116 3631 in
3146 3576 3389 3631 ccclesiis

1808 3669 1995 3725 Gallia:
2026 3679 2152 3725 tunc
2185 3670 2329 3742 (cum
2357 3669 2632 3726 Manasses
2668 3672 2871 3726 scilicet
2903 3670 3226 3725 Remensem
3256 3670 3389 3724 civi-

1812 3769 1977 3815 tatem
2003 3769 2127 3815 ante
2175 3761 2361 3815 Sancti
2390 3776 2456 3816 ex
2504 3763 2605 3816 hac
2646 3762 2942 3817 discessum
2989 3760 3239 3816 nefandis
3272 3760 3387 3814 suis

1811 3854 2050 3909 moribus
2097 3854 2292 3909 misere
2324 3852 2604 3924 aflligeret)
2650 3854 3055 3924 Opinatissimus
3095 3869 3216 3908 cum
3266 3852 3385 3906 aliis

1809 3944 2126 4014 quibusdam
2154 3944 2499 4000 Remensium
2522 3944 2842 3998 clericorum
2874 3944 3140 3999 nobilibus
3169 3942 3386 3997 infamis

1811 4034 1951 4088 illius
1992 4032 2275 4103 (Manassis
2325 4033 2598 4103 nimirum)
2627 4033 2749 4088 odio
2778 4034 3011 4088 excessit
3055 4034 3122 4088 ab
3158 4033 3293 4087 urbe
3317 4072 3332 4095 ,
3360 4051 3378 4083 ι

1812 4122 2063 4176 llemensi
2094 4138 2303 4191 nempe.
2340 4123 2595 4177 Sanctum
2644 4124 2824 4192 itaque
2857 4166 2872 4188 ,
2925 4124 3173 4193 quamvis
3219 4122 3382 4177 etiam

1810 4212 2030 4266 Parisiis
2073 4229 2365 4282 numquam
2394 4214 2686 4279 docuisset,
2720 4214 2987 4285 ingentem
3026 4255 3040 4279 ,
3089 4227 3251 4283 quam
3280 4213 3383 4266 sihi

1813 4304 2055 4372 peperit,
2090 4305 2321 4358 nominis
2351 4304 2721 4358 celebritatem
2776 4304 3057 4372 acquirere
3104 4301 3340 4370 potuisse
3367 4340 3380 4365 ,

1812 4393 1884 4446 illi
1926 4394 2026 4462 ipsi
2067 4395 2229 4448 etiam
2287 4393 2398 4447 fere
2447 4408 2666 4457 omnes,
2716 4393 2807 4462 qui
2862 4406 2983 4445 eum
3024 4390 3246 4446 Parisiis
3289 4393 3385 4445 du~

1810 4488 1965 4542 cendi
2018 4500 2240 4539 munere
2286 4485 2526 4539 functum
2577 4484 2791 4546 volunt,
2835 4485 3030 4538 debent
3074 4483 3379 4537 admittere.

1805 4578 2021 4632 Accedit
2071 4575 2212 4644 quod
2262 4585 2315 4629 et
2368 4575 2470 4639 iis,
2532 4575 2623 4643 qui
2681 4574 2984 4639 Sanctum,
3066 4575 3381 4645 priusquam

1808 4668 1989 4722 Remis
2041 4669 2139 4723 sub
2188 4667 2431 4721 Manasse
2487 4667 2815 4729 excederet,
2868 4666 3089 4721 Parisiis
3134 4667 3384 4720 docuisse

1805 4759 2158 4825 contendunt,
2197 4762 2506 4830 responderi
2560 4769 2759 4831 potest,
2813 4758 3118 4815 Brununem
3160 4775 3190 4814 e
3229 4759 3381 4817 solis,

1804 4863 1939 4917 quos
2002 4850 2344 4916 composuit,
2409 4850 2789 4905 eruditissimis
2831 4850 2882 4902 in
2935 4847 3177 4902 Psalmos
3220 4858 3275 4901 et
3322 4850 3378 4899 S.

1806 4937 1950 4989 Pauli
1996 4937 2258 5005 Epistolas
2311 4938 2728 4994 Commentariis
2757 4980 2771 5004 ,
2833 4939 3095 4993 latissime
3152 4938 3334 4993 forsan
3363 4978 3379 5002 ,

1804 5044 1924 5082 cum
1954 5029 2110 5093 obiit,
2136 5029 2246 5097 jam
2269 5030 2517 5099 vulgatis,
2547 5030 2884 5084 celeberrimi
2909 5030 3379 5096 nominisvsscpo-

1805 5120 1994 5185 tuisse,
2053 5122 2154 5174 etsi
2189 5121 2403 5176 interim
2430 5137 2532 5176 non
2556 5121 2797 5185 Parisiis,
2826 5122 2931 5176 imo
2953 5138 3050 5177 nec
3074 5122 3256 5175 Remis
3285 5138 3381 5173 un~

1802 5225 1963 5280 quam
1994 5211 2282 5267 docuisset.

1873 5303 1994 5358 170.
2021 5302 2173 5369 Quod
2201 5304 2359 5358 modo
2388 5305 2453 5359 ad
2486 5305 2778 5374 ingentem,
2822 5318 2941 5372 qua‘
2972 5302 3233 5357 Sanctum
3293 5299 3377 5353 fu-

1803 5395 2049 5449 nebrium
2084 5396 2122 5447 Τ
2130 5395 2384 5449 itulorum
2413 5396 2766 5465 inscriptione
2787 5394 3154 5456 celebrarunt,
3206 5390 3381 5445 ecclo-

1802 5485 2006 5540 siarum
2043 5483 2525 5553 coenobiorumque
2563 5485 2959 5539 multitudinem
2992 5489 3220 5549 spectat,
3243 5497 3379 5535 con-

1802 5588 2034 5643 sequens
2094 5589 2161 5628 ex
2197 5577 2299 5630 hac
2354 5591 2459 5630 non
2500 5584 2578 5631 est
2611 5585 2669 5630 ut
2703 5590 2807 5627 non
2855 5583 3062 5628 tantum
3092 5571 3257 5640 fama,
3283 5576 3379 5629 sed

1801 5676 1855 5721 et
1882 5666 2099 5736 speciali
2147 5669 2380 5735 quodam
2426 5670 2616 5732 modo,
2648 5677 2708 5722 ut
2749 5668 2996 5723 laudatus
3028 5666 3381 5723 Cartusianus

1803 5774 2101 5830 anonymus
2125 5759 2259 5815 velle
2289 5760 2517 5827 videtur,
2546 5761 2775 5815 Sanetus
2822 5769 3000 5817 t.o.ter
3020 5760 3087 5815 iis
3128 5760 3377 5817 omnibus
