4016 6310
476 314 542 367 99
1260 301 1298 355 s
1359 257 1705 354 naua'oa'ts
1746 282 2393 346 cau'ruusnuonun
2428 274 2919 334 msm'uroms

3642 270 3743 323 100

475 434 639 478 notus
694 421 882 487 fuerit,
949 418 1273 488 magistcrt'c
1321 409 1612 467 exstiterit.
1670 407 1882 461 Etenim
1951 422 2054 459 non

2198 394 2440 448 xtraneis
2505 390 2921 462 alienigenisqne
2978 385 3494 457 frequentabantur;
3554 402 3745 456 quare.

479 515 634 579 solis,
664 514 863 587 quibus
895 511 983 564 tali
1022 508 1179 561 modo
1223 511 1383 557 notus
1412 510 1575 563 esset,
1610 498 1933 567 magisterve
1961 513 2057 551 ex-

481 608 734 668 stitisset,
760 601 1007 657 ecclesiis
1048 594 1501 660 monasteriisqne
1531 599 1759 644 mortem
1787 590 1903 659 ejus
1939 588 2061 642 reli-

481 697 616 768 giosi
650 692 949 747 Calabrintn
972 686 1258 742 carthusia:
1309 698 1404 736 seu
1430 681 1599 736 eremi
1631 679 1837 738 incolae.
1876 693 2064 746 preces

478 801 579 853 pro
594 782 828 837 defuncti
857 779 1035 833 anima
1081 775 1401 844 flagitantes,
1429 770 1838 825 annuntiavere.
1869 768 2065 836 Liquet

480 876 536 937 id
569 888 635 927 ex
667 863 977 942 encyclicae,
1017 883 1123 936 qua
1166 866 1272 918 hoc
1327 862 1593 925 fecerunt,
1621 858 1859 929 epistola:
1890 859 2062 924 initio,

483 982 615 1035 quo,
646 965 843 1034 quibus
868 963 982 1015 haec
1021 959 1319 1015 destinetur
1347 965 1440 1009 aut
1485 954 1550 1008 ad
1595 968 1732 1022 quos
1777 951 2063 1006 deferenda

487 1056 576 1117 sit,
601 1054 781 1108 verbis
807 1051 1160 1122 sequentibus
1178 1046 1419 1101 innuitur
1448 1063 1460 1096 :
1492 1062 1509 1094 ι
1533 1044 1711 1097 Prima
1736 1041 1877 1107 loco,
1906 1057 2063 1112 quem

487 1146 772 1214 primatem
796 1153 851 1197 et
877 1150 1041 1211 caput
1071 1142 1123 1194 in
1174 1137 1399 1193 ecclesia
1434 1135 1726 1199 credimus,
1766 1142 1821 1188 et
1846 1122 2068 1188 confitc-

491 1252 631 1298 mur,
682 1234 992 1306 apostolica:
1032 1232 1177 1286 sedis
1227 1228 1534 1299 przesulem,
1587 1237 1861 1296 totamque
1921 1226 2066 1279 illam

490 1329 840 1399 principalem
857 1328 1067 1382 curiam
1109 1324 1337 1379 humiles
1384 1321 1622 1376 eremitte
1647 1318 1906 1374 Calabrire
1956 1334 2069 1373 mo-

395 1447 405 1463 ο
494 1409 715 1472 11118ιέ1⁵11
747 1429 949 1472 sancta:
970 1416 1059 1469 Dei
1089 1413 1367 1484 genitricis
1419 1409 1796 1478 Marite,eujus
1822 1410 2072 1463 fundator

486 1518 649 1577 pater
672 1510 850 1563 Bruno
881 1508 979 1561 fuit
1013 1517 1063 1561 et
1094 1506 1371 1575 prazlatus,
1402 1504 1528 1557 dum
1562 1504 1614 1557 in
1646 1519 1811 1556 carne
1843 1502 2067 1561 viveret,

492 1603 670 1656 debita
704 1601 1036 1670 sulijectione
1064 1613 1387 1653 venerantur
1417 1605 1471 1650 et
1511 1595 1830 1657 salutamus,
1864 1594 2070 1648 sancti-

493 1708 597 1762 que
620 1693 794 1745 Patris
820 1692 988 1745 nostri
1023 1691 1228 1744 obitmn
1260 1689 1433 1759 pridie
1466 1687 1647 1745 Nonas
1677 1686 1930 1741 Octobris
1972 1686 2068 1737 dc.-

2163 500 2285 540 eum
2314 483 2567 544 Sanetus,
2597 483 2721 535 dum
2754 494 3023 534 smnmum
3059 477 3408 533 Rcmensinm
3437 473 3746 534 scholarum

2164 572 2495 629 didascalmn
2551 581 2755 642 ageret,
2818 570 3078 624 doctrina:
3136 568 3416 633 fama,,uti
3456 583 3526 625 cx
3582 584 3749 639 supra

2165 666 2324 721 dictis
2355 664 2690 732 satisliqnet,
2717 678 2820 715 non
2854 662 3027 716 solum
3048 676 3145 731 per
3167 662 3472 717 universam
3491 662 3749 725 Galliam,

2165 775 2351 814 rerum
2383 759 2546 812 etiam
2580 771 2676 827 per
2701 756 2883 825 plures
2914 764 3148 809 remotas
3175 755 3424 824 regiones
3447 755 3581 808 alias
3603 754 3753 809 cele-

2164 848 2436 905 berrimus
2474 846 2766 910 exstiterit,
2826 846 3176 900 dubitandum
3226 861 3333 902 non
3380 856 3462 901 cst
3496 847 3625 917 quin
3683 847 3755 899 ad

2168 954 2287 994 sese
2330 938 2525 992 Remos
2556 936 2843 991 attraxerit
2874 936 3274 991 multitudinem
3323 938 3599 1007 ingentem
3643 952 3758 992 non

2170 1029 2327 1084 modo
2354 1028 2751 1099 indigenarum,
2778 1042 2966 1081 verum
3006 1029 3170 1081 etiam
3205 1038 3594 1083 extraneorum
3624 1028 3762 1083 alic-

2171 1123 2623 1190 nigeuarumque,
2650 1134 2755 1189 quo
2778 1120 2879 1174 sub
2917 1120 3203 1174 clarissimi
3232 1121 3467 1174 nominis
3491 1119 3763 1190 magistro

2172 1209 2366 1265 litteris
2383 1225 2604 1279 operam
2636 1210 2851 1265 darent.

2243 1300 2567 1368 172.Atque
2603 1316 2668 1354 cx
2726 1301 2811 1355 his
2862 1301 3130 1371 imprimis
3160 1300 3407 1358 Odonem
3455 1318 3549 1358 seu
3599 1302 3765 1359 Otto-

2172 1411 2319 1459 nem,
2345 1410 2613 1449 summum
2644 1404 2829 1465 postea
2887 1397 2985 1451 sub
3028 1396 3232 1451 Urbani
3256 1397 3297 1451 ll
3338 1398 3555 1452 nomine
3581 1399 3767 1466 ponti-

2175 1482 2349 1548 ficem,
2380 1483 2675 1537 Robertum
2700 1498 2730 1537 a
2769 1483 3099 1554 Burgundia,
3130 1484 3527 1555 Lingoaensem
3548 1488 3766 1556 episco-

2174 1589 2321 1643 pum.
2383 1574 2627 1644 aliosque
2671 1585 2781 1629 tres
2824 1576 2972 1630 viros
2996 1576 3262 1640 illustres,
3313 1576 3405 1649 §v
3434 1580 3769 1640 recensitos.

2175 1665 2448 1721 exstitisse
2472 1666 2726 1720 existimo
2761 1675 2871 1721 tum
2891 1667 3089 1736 objatn
3123 1669 3287 1731 dicta,
3314 1677 3425 1722 tum
3455 1672 3600 1739 quod
3628 1671 3771 1724 nihil

488 1757 823 1850 nuntiantus,
858 1793 916 1836 ut
946 1783 1154 1837 meritis
1184 1757 1369 1835 eorum
1418 1788 1473 1834 et
1516 1780 1764 1849 precibus
1790 1777 2073 1844 adjuvetur
2107 1763 2148 1821 Β
2181 1757 2357 1850 Planci
2396 1768 2455 1812 ιιι
2485 1758 2606 1850 alibi
2645 1759 2846 1850 Ρρῑῖυξν
2870 1774 3032 1850 (illam
3094 1759 3278 1814 neniis
3323 1762 3597 1850 Sllldllisse
3646 1777 3773 1816 crc-

493 1878 633 1945 apud
663 1877 851 1930 Deum.
882 1876 1193 1930 Salutatnus
1222 1888 1435 1943 quoque
1487 1872 1793 1924 universam
1832 1878 2070 1922 sanctam

489 1966 793 2021 Ecclesiam
829 1967 880 2019 in
906 1965 1190 2019 ordinibus
1213 1974 1267 2017 et
1295 1960 1717 2031 professionibus
1745 1958 1875 2021 suis,
1912 1972 2076 2011 cauo-

497 2058 684 2120 nicos,
747 2057 1061 2119 monachos,
1114 2054 1390 2115 eremitas.
1442 2053 1551 2106 Deo
1589 2051 1797 2105 dicatas
1861 2057 2076 2103 sanctas

496 2150 772 2218 virgines;
827 2148 1023 2218 quibus
1071 2154 1126 2201 et
1165 2146 1416 2199 onmibus
1467 2142 1731 2213 Spirituali
1790 2141 2076 2211 praesentia

494 2240 920 2309 prosternimur,
974 2247 1032 2292 ut
1080 2237 1317 2293 defuncti
1359 2236 1539 2291 Patris
1601 2234 1769 2288 nostri
1810 2248 2077 2286 memores

497 2346 617 2385 esse
641 2331 905 2393 velint,ut
930 2330 1136 2382 dilectre
1157 2328 1229 2382 illi
1253 2328 1466 2391 animte,
1498 2326 1542 2379 si
1576 2325 1802 2379 adhaesit
1846 2312 2075 2387 macula,

498 2436 623 2475 cum
659 2436 763 2475 nou
817 2421 889 2474 sit
944 2418 1141 2487 justus,
1176 2418 1266 2488 qui
1308 2432 1412 2471 non
1458 2423 1665 2485 peccet,
1710 2413 2081 2483 multiplicatis

499 2509 953 2566 intercessoribus
979 2516 1033 2561 et
1084 2522 1306 2578 precum
1356 2505 1611 2558 instantia
1664 2503 1977 2573 detergatur
2028 2510 2082 2555 et

503 2612 745 2658 transeat
781 2602 848 2657 ad
872 2602 1133 2669 requiem.
1175 2619 1193 2651 ι
1234 2599 1314 2653 Ad
1363 2611 1718 2667 quazcumque
1769 2595 1972 2663 itaque,
2006 2595 2083 2647 uti

500 2710 565 2749 cx
610 2695 712 2749 hoc
765 2703 911 2748 textu
942 2693 1275 2761 intelligitur,
1322 2689 1651 2745 monasteria
1693 2686 2083 2755 ecelesiasqne,

504 2789 618 2841 sive
645 2795 888 2840 sanctum
920 2792 1159 2849 nossent,
1211 2784 1324 2839 sive
1356 2798 1486 2844 non.
1514 2778 1742 2852 epistola
1787 2779 2084 2850 encyclica,

502 2872 695 2925 mortis
721 2870 836 2939 ejus
865 2858 1083 2933 nuhcia,
1106 2870 1270 2924 missa
1300 2868 1419 2935 fuit,
1454 2879 1593 2922 utex
1620 2868 2087 2939 responsoriarum

503 2963 569 3016 ad
622 2963 760 3017 hanc
811 2978 904 3017 seu
950 2962 1225 3015 titulorum
1278 2959 1580 3015 funebrimn
1648 2961 1845 3031 quibus
1890 2958 2089 3014 Sancto

2177 1848 2397 1913 (lantur,
2428 1849 2596 1917 possit
2637 1847 2840 1902 afferri.
2894 1849 3004 1902 lmo
3034 1865 3182 1913 vero,
3209 1850 3349 1919 quod
3386 1851 3451 1904 ad
3481 1849 3773 1906 Urbanum

2179 1936 2499 1992 nominatim
2533 1947 2763 2007 spectat,
2806 1938 2988 1992 Remis
3017 1940 3199 2008 potius
3248 1941 3357 2004 hic,
3403 1957 3567 2010 quam
3610 1941 3774 2005 alibi,
3812 1976 3817 1981 -

2178 2030 2447 2083 studuisse
2480 2031 2679 2083 idcirco
2716 2038 2799 2084 est
2826 2028 3105 2093 dicendus,
3133 2032 3276 2099 quod
3328 2040 3384 2086 et
3430 2031 3620 2087 Remis
3672 2031 3777 2085 ali-

2179 2122 2433 2191 quamdiu
2468 2122 2634 2176 fuisse
2673 2130 3038 2185 versatum,et
3061 2122 3305 2177 ecclesia:
3334 2124 3779 2194 metrOpolitante

2181 2215 2501 2269 canonicum
2537 2216 2731 2269 ibidem
2769 2216 2963 2285 egisse,
2986 2216 3203 2270 aliunde
3226 2216 3493 2271 habeatur
3541 2232 3778 2287 perspe-

2182 2308 2591 2376 etum,utiapud
2618 2308 2956 2361 Ruinartium
2989 2316 3117 2362 tom.
3144 2308 3205 2362 Ill
3225 2308 3458 2377 Operum
3488 2309 3777 2380 scriptoris

2185 2401 2344 2470 hujus
2368 2410 2421 2453 et
2445 2399 2738 2453 Mabillonii
2771 2401 3180 2469 posthumorum
3208 2401 3390 2455 videre
3420 2400 3566 2456 licet.
3596 2402 3779 2470 Atque

2186 2492 2257 2545 ita
2316 2490 2552 2545 futurum
2594 2491 2753 2545 modo
2785 2505 2967 2559 spero.
3017 2500 3078 2545 ut
3136 2492 3227 2560 qui
3276 2494 3456 2545 omnia
3507 2493 3782 2547 hactenus

2187 2585 2413 2639 adducta
2438 2586 2543 2640 rite
2563 2585 2896 2654 expenderit.
2926 2599 3147 2640 necesse
3178 2600 3283 2638 non
3315 2599 3437 2640 esse
3470 2586 3780 2651 existimet,

2187 2684 2240 2727 ut
2280 2674 2512 2728 Sanctus
2535 2673 2617 2727 vel
2655 2673 2724 2727 ob
2752 2674 3019 2737 nominis,
3049 2688 3155 2742 qua
3185 2674 3458 2740 inclaruit,
3488 2675 3783 2731 celebrita-

2194 2765 2422 2824 tem.vel
2446 2765 2514 2817 ob
2554 2764 2965 2832 discipulorum,
3010 2779 3287 2830 eorumve,
3314 2766 3514 2835 quibus
3547 2766 3782 2835 speciali

2192 2857 2350 2911 modo
2382 2864 2539 2910 notus
2571 2855 2751 2917 fuerit,
2779 2855 3180 2910 multitudinem
3232 2855 3457 2911 Parisiis
3481 2857 3785 2927 aliquando

2190 2947 2442 3001 docuisse
2482 2945 2820 3005 admittatur,
2855 2946 3298 3014 repugnantibus,
3352 2962 3473 3018 qua:
3524 2962 3694 3016 supra
3727 2949 3785 3003 in

502 3062 844 3122 parentatum
891 3053 1030 3117 fuit,
1069 3052 1414 3107 multitudine
1476 3053 1678 3122 ingenti
1711 3092 1726 3117 ,
1791 3060 1976 3119 utpote
2021 3052 2087 3105 ab

2193 3037 2522 3090 contrarium
2581 3034 2796 3095 adduxi,
2838 3036 3195 3104 argumentis.
3239 3037 3306 3090 At
3350 3052 3496 3101 vero,
3543 3039 3781 3107 inquies.

506 3144 694 3199 iisdem
735 3144 1080 3199 monasteriis
1106 3143 1463 3213 ccclesiisque
1494 3142 1755 3211 profecta,
1798 3142 1952 3211 argui
1983 3157 2087 3196 non

2196 3128 2428 3194 Sanetus
2474 3126 2664 3180 saltem
2715 3135 2860 3191 tnue,
2915 3143 3037 3180 cum
3080 3127 3133 3181 in
3199 3130 3572 3196 solitudinem,
3618 3134 3789 3187 sociis

502 3237 696 3306 possit,
729 3238 876 3291 hisce
907 3237 1054 3291 illum
1086 3235 1337 3290 omnibus
1383 3234 1601 3305 speciali
1659 3234 1891 3305 quodam
1933 3235 2092 3288 modo

508 3336 716 3391 notum,
775 3328 1163 3397 magistrumve
1228 3327 1411 3380 fuisse.
1466 3326 1684 3392 Quare,
1745 3325 1859 3394 etsi
1884 3325 2090 3389 darem,

504 3417 765 3473 Sanctum
816 3430 1079 3483 nostrum,
1106 3420 1157 3472 ni
1188 3419 1410 3472 Parisiis
1436 3418 1700 3485 docuerit,
1750 3418 2093 3471 monasteriis

506 3510 614 3565 illis
634 3511 885 3565 omnibus
901 3510 1254 3578 ecclesiisque
1297 3524 1396 3564 nec
1435 3509 1656 3577 speciali
1690 3509 1849 3563 modo
1881 3516 2090 3571 uotum,

507 3623 611 3661 nec
646 3606 961 3676 magistrum
997 3606 1232 3661 existere
1257 3604 1517 3674 potuisse,
1551 3604 1787 3657 nondum
1811 3612 2092 3673 propterea

506 3700 906 3755 consectarium
937 3698 1122 3763 fuerit,
1152 3707 1211 3752 ut
1258 3698 1435 3768 reipsa
1461 3696 1550 3753 ille
1599 3711 1851 3766 umquam
1873 3696 2095 3751 Parisiis

509 3793 776 3848 docuerh.

586 3886 703 3940 171.
737 3884 844 3940 Nec
866 3886 1158 3956 quidquam
1210 3885 1277 3937 ad
1325 3897 1437 3937 rem
1502 3882 1652 3945 facit,
1703 3884 1887 3953 plures
1944 3886 2095 3942 Pari-

511 3976 721 4029 sienses
746 3976 1005 4031 ecclesias
1035 3974 1092 4027 S.
1124 3974 1412 4037 Brnnonis,
1443 3973 1604 4027 veluti
1648 3975 1749 4027 viri
1795 3975 1896 4029 sibi
1925 3978 2094 4031 notis-

513 4067 660 4132 simi,
682 4067 886 4121 obitmn
916 4066 1224 4121 celebribus
1246 4066 1520 4136 planxisse
1554 4066 1769 4135 elogiis;
1799 4068 1912 4122 fieri
1952 4071 2095 4123 enim

514 4169 692 4228 potest
741 4169 799 4213 ιιι
836 4160 937 4212 hoc
965 4158 1066 4212 ill-.e
1107 4158 1537 4227 fecerint,quod,
1575 4159 1674 4211 etsi
1712 4159 1797 4222 iis,
1828 4175 1932 4214 non
1962 4160 2098 4217 facie

512 4250 705 4314 aliove,
737 4266 844 4319 quo
869 4249 1109 4317 magistri
1136 4248 1308 4303 solent
1336 4248 1632 4318 discipulis,
1662 4250 1883 4319 speciali
1912 4253 2094 4317 modo,

514 4342 655 4396 fama
703 4351 907 4403 tamen,
953 4349 1138 4410 utpote
1188 4342 1277 4408 qui
1328 4342 1562 4415 maxima
1594 4357 1658 4395 ex
1686 4342 1844 4397 dictis
1866 4344 2101 4400 nominis

513 4432 832 4486 celebritate
859 4429 1198 4493 inclaruerit,
1254 4430 1568 4485 notissimus
1617 4432 1903 4487 exstiterit.
1954 4433 2097 4489 Idem
2133 4450 2178 4509 υ

515 4524 681 4577 etiam
737 4522 804 4576 de
837 4522 1108 4576 nonnullis
1156 4523 1278 4577 aliis
1327 4522 1594 4586 ecclesiis,
1626 4526 2098 4595 monasteriisqne,

514 4633 637 4689 qute
673 4616 881 4683 Sancti,
904 4616 1069 4671 veluti
1092 4616 1191 4670 viri
1223 4616 1323 4670 sibi
1356 4615 1645 4678 notissimi,
1667 4616 1868 4672 obitum
1897 4618 2099 4686 luxere,

516 4720 636 4766 esto
657 4709 947 4781 judicium;
978 4710 1079 4764 etsi
1103 4717 1281 4762 autem
1306 4710 1468 4764 etiam
1499 4718 1554 4764 et
1579 4710 1747 4765 titulis
1764 4709 2100 4777 funebribus,

519 4802 715 4871 quibus
743 4799 946 4854 Sancto
994 4808 1336 4869 parentatum
1387 4798 1507 4862 fuit,
1569 4799 1757 4855 saltem
1798 4801 2034 4854 nonmilli
2072 4813 2104 4853 a

520 4893 788 4962 personis,
842 4892 1038 4961 quibus
1076 4892 1243 4945 etiam
1297 4889 1431 4945 facie
1467 4890 1638 4946 aliove
1687 4890 1905 4961 speciali
1945 4893 2105 4946 modo

521 4995 681 5044 notus
706 4984 888 5047 fuerit,
916 4984 1241 5055 magisterre
1270 4983 1563 5047 exstiterit,
1606 4984 1654 5039 ei
1697 4984 1806 5037 sint
1836 4983 2102 5052 inscripti,

521 5082 655 5135 nihil
694 5090 877 5135 tamen
907 5076 1053 5147 cogit
1083 5091 1117 5128 ιι
1169 5070 1331 5129 hosce
1375 5075 1475 5129 sub
1508 5074 1618 5135 illo,
1655 5090 1759 5127 tton
1778 5073 1985 5135 Remis,
2012 5072 2105 5127 sed

518 5173 746 5228 Parisiis
777 5170 1052 5228 studuisse
1072 5168 1441 5222 adntittamus.
1475 5166 1675 5236 thuid
1700 5165 1842 5220 enim
1872 5166 2105 5218 Sanetus

520 5266 703 5335 plures
758 5265 922 5318 etiam
966 5268 1260 5318 extraneos
1315 5259 1517 5312 habere
1565 5255 1750 5309 Remis
1812 5253 2107 5323 discipulos

522 5356 821 5427 nequierit?
845 5356 985 5412 Sane
1010 5350 1214 5411 szecuio
1244 5366 1321 5416 χι,
1342 5365 1449 5419 quo
1465 5349 1644 5402 Bruno
1658 5344 1858 5408 floruit,
1883 5346 2108 5398 diversae

522 5451 862 5505 diversarum
945 5450 1161 5505 urbium
1218 5442 1685 5509 ecclesiarumqne
1747 5437 1980 5502 schola},
2030 5437 2104 5490 uti

525 5540 773 5596 Historia:
799 5540 1076 5595 litterarizc
1110 5537 1353 5592 Francia:
1392 5530 1686 5598 scriptores
1719 5536 1849 5579 tom.
1870 5524 1959 5589 IX,
1986 5541 2105 5595 pag.

522 5632 593 5687 30
644 5644 696 5687 et
747 5647 861 5701 seq.
912 5632 1129 5694 docent,
1184 5643 1282 5698 pro
1332 5621 1568 5682 nomtﬂis
1623 5617 1958 5683 celebritate,
2002 5633 2105 5689 qua

522 5737 708 5778 earum
748 5721 995 5793 magistri
1028 5719 1351 5791 gaudebant,
1412 5718 1490 5773 vel
1529 5712 1702 5781 magis
1726 5709 1808 5765 vel
1836 5710 2010 5765 minus
2042 5711 2108 5765 ab

2194 3220 2467 3275 nonnullis
2520 3219 2620 3273 sibi
2670 3219 2957 3287 adjunctis,
2991 3222 3236 3286 secessit,
3294 3222 3514 3279 Parisiis
3567 3225 3783 3280 docuit.

2194 3310 2268 3363 lla
2305 3310 2447 3362 enim
2475 3325 2503 3362 a
2543 3309 2900 3377 scriptoribus
2946 3327 3051 3364 non
3107 3300 3295 3382 paucis
3333 3316 3612 3370 memoria:
3654 3332 3788 3385 pro-

2195 3402 2364 3455 ditum
2400 3400 2875 3470 cxistimalumqne
2902 3400 3065 3457 fuisse
3107 3404 3396 3458 invenitur.
3450 3404 3526 3459 lla
3557 3409 3790 3461 omnino

2196 3491 2396 3546 habet:
2430 3506 2614 3545 verum
2660 3491 2711 3545 hi
2773 3491 2975 3548 Sancto
3019 3495 3183 3548 coaevi
3213 3496 3434 3551 minime
3488 3507 3636 3564 sunt,
3685 3515 3790 3555 nec

2198 3583 2334 3642 hrec,
2365 3597 2525 3651 quam
2558 3590 2763 3645 tenent,
2784 3582 2956 3651 placet
2981 3584 3181 3652 opinio,
3203 3594 3329 3639 tunc
3359 3589 3500 3655 quod
3523 3603 3590 3643 ex
3621 3590 3792 3644 dictis

2198 3671 2431 3726 Sanctus
2490 3672 2636 3727 nullo
2666 3688 2921 3742 umquam
2958 3681 3198 3743 tempore
3244 3674 3467 3731 Parisiis
3505 3677 3790 3746 docuisse,

2196 3761 2460 3824 videatur,
2507 3771 2617 3815 tum
2667 3762 2855 3826 ctiam,
2888 3778 2952 3817 ac
3013 3764 3248 3819 maxime
3295 3767 3535 3835 quidem,
3583 3785 3651 3824 ex
3692 3787 3790 3834 eo,

2197 3860 2339 3929 quod
2363 3860 2564 3923 Bruno,
2594 3877 2715 3915 eum
2745 3861 2798 3916 in
2829 3877 3072 3918 eremum
3114 3864 3359 3927 secessit,
3385 3879 3489 3917 non
3527 3862 3791 3931 Parisiis,

2198 3954 2293 4007 sed
2320 3953 2524 4014 Remis,
2558 3954 2609 4007 in
2638 3954 2945 4024 pristinum,
2996 3972 3059 4010 ac
3110 3958 3249 4012 forte
3280 3957 3444 4011 etiam
3497 3956 3792 4011 meliorem

2199 4048 2402 4094 statum
2453 4041 2781 4111 aliquamdiu
2827 4040 2940 4111 jam
2994 4046 3298 4106 restitutus.
3349 4060 3590 4101 smnmos
3639 4046 3795 4101 inter

2202 4131 2430 4185 fortuna:
2458 4131 2707 4185 secunda:
2730 4130 2945 4187 favores
2981 4144 3348 4188 commoratus
3379 4133 3560 4200 fuerit,
3592 4135 3671 4188 uti
3717 4151 3793 4189 ex

2200 4228 2268 4281 iis
2292 4227 2583 4297 praecipue,
2611 4242 2730 4296 qua:
2761 4243 2916 4283 num.
2968 4228 3069 4282 154
3101 4237 3157 4281 et
3206 4228 3348 4283 binis
3391 4245 3543 4299 seqq.
3576 4231 3628 4284 in
3672 4246 3793 4284 me-

2202 4319 2348 4372 dium
2380 4319 2600 4383 adduxi,
2633 4317 2909 4374 studiosus
2944 4318 3116 4375 lector
3141 4320 3295 4375 facile
3328 4322 3637 4391 perspiciet.

2277 4412 2398 4465 175.
2454 4410 2590 4465 llinc
2641 4425 2845 4481 porro,
2900 4413 3003 4467 etsi
3062 4415 3228 4467 etiam
3274 4415 3604 4471 horrendum
3656 4417 3793 4473 illud

2205 4502 2527 4572 prodigium,
2568 4517 2675 4571 quo
2723 4503 2915 4557 doctor
2958 4504 3296 4571 Parisiensis,
3340 4508 3517 4575 primo
3545 4523 3604 4562 se
3625 4524 3795 4564 accu—

2205 4602 2402 4655 satmn,
2445 4595 2682 4648 secundo
2730 4595 3033 4663 iudicatum
3080 4611 3142 4651 ae
3194 4599 3353 4652 tertio
3405 4600 3625 4655 tandem
3655 4617 3796 4657 con-

2206 4689 2539 4752 demnatum,
2593 4703 2623 4742 e
2675 4688 2873 4744 feretro
2922 4690 3289 4759 proclamarit,
3340 4692 3585 4759 Parisiis,
3639 4696 3795 4763 quod

2209 4780 2345 4835 infra
2370 4781 2677 4841 discutiam,
2703 4780 2881 4849 reipsa
2915 4782 3223 4845 accidisset,
3248 4795 3502 4852 veraque,
3532 4782 3602 4837 ob
3621 4800 3792 4853 quam

2208 4874 2388 4928 Bruno
2427 4874 2479 4927 in
2536 4873 2879 4929 solitudinem
2905 4873 3212 4938 secesserit,
3258 4889 3419 4927 causa
3462 4874 3789 4940 exstitisset,

2208 4967 2349 5022 hunc
2372 4976 2548 5020 tamen
2580 4975 2717 5029 tum,
2748 4981 2870 5021 cum
2901 4965 3029 5019 illud
3053 4965 3270 5029 accidit,
3290 4967 3487 5020 ibidem
3513 4967 3791 5032 docuisse,

2209 5059 2418 5113 admitti
2443 5058 2644 5113 ideirco
2670 5058 2906 5112 nondum
2947 5066 3149 5128 posset.
3190 5058 3322 5112 Cum
3354 5061 3497 5113 enim
3526 5056 3792 5122 Sanctus,

2209 5147 2393 5203 Remis
2425 5155 2546 5217 post
2585 5146 2850 5201 Manassis
2892 5148 3285 5217 archiepiscopi
3317 5147 3691 5218 expulsionem
3736 5150 3793 5204 in

2210 5255 2298 5294 res
2329 5255 2454 5295 suas
2498 5253 2592 5294 seu
2633 5238 2917 5294 facultates
2967 5240 3224 5309 pristinas
3262 5240 3562 5302 restitutus,
3586 5240 3790 5294 civita-

2211 5341 2318 5389 tem
2359 5332 2506 5387 illam
2545 5348 2650 5387 non
2692 5331 2938 5403 amplius,
3003 5332 3332 5387 domicilium
3384 5331 3509 5385 alibi
3554 5331 3791 5396 fixurus,

2211 5434 2336 5481 ante
2374 5441 2530 5481 suum
2573 5427 2624 5481 in
2649 5425 2989 5481 solitudinem
3051 5425 3345 5479 distesvum
3386 5422 3673 5492 reliquisse
3713 5425 3795 5476 vi-

2210 5516 2424 5583 deatur,
2485 5516 2878 5573 consectarium
2916 5524 2999 5570 est
3039 5523 3119 5578 ut,
3160 5516 3203 5569 si
3261 5529 3327 5568 eo
3374 5523 3641 5583 tempore,
3684 5528 3794 5581 quo

2210 5612 2410 5667 dictum
2439 5610 2741 5681 prodigium
2772 5608 3064 5671 acciderit,
3097 5624 3189 5661 seu
3220 5622 3363 5661 anno
3386 5605 3613 5661 circiter
3650 5604 3793 5660 108?.

2211 5703 2431 5759 Parisiis
2456 5702 2660 5769 docuit,
2693 5702 2743 5755 in
2789 5700 3046 5769 pristinas
3096 5716 3223 5755 suas
3275 5697 3558 5754 facultates
3602 5696 3793 5752 Remis

2214 5814 2251 5834 ’ᾗ
