  <div class='ocr_page' id='page_1' title='image "/cluster/home/n/w/nwhite01/storage/ocr_20150623/152/hvd.32044015473804/056.png"; bbox 0 0 4016 6310; ppageno 0'>
   <div class='ocr_carea' id='block_1_1' title="bbox 268 291 1931 372">
    <p class='ocr_par' dir='ltr' id='par_1_1' title="bbox 268 291 1931 372">
     <span class='ocr_line' id='line_1_1' title="bbox 268 291 1931 372; baseline -0.017 0"><span class='ocrx_word' id='word_1_1' title='bbox 268 317 345 372; x_wconf 80' lang='grc'><strong>101</strong></span> <span class='ocrx_word' id='word_1_2' title='bbox 1734 291 1931 346; x_wconf 72' lang='lat' dir='ltr'><strong>ACTA.</strong></span> 
     </span>
    </p>
   </div>
   <div class='ocr_carea' id='block_1_2' title="bbox 3390 302 3488 357">
    <p class='ocr_par' dir='ltr' id='par_1_2' title="bbox 3390 302 3488 357">
     <span class='ocr_line' id='line_1_2' title="bbox 3390 302 3488 357; baseline 0.02 -2"><span class='ocrx_word' id='word_1_3' title='bbox 3390 302 3488 357; x_wconf 68' lang='lat'><strong>103</strong></span> 
     </span>
    </p>
   </div>
   <div class='ocr_carea' id='block_1_3' title="bbox 269 406 3480 485">
    <p class='ocr_par' dir='ltr' id='par_1_3' title="bbox 269 406 3480 485">
     <span class='ocr_line' id='line_1_3' title="bbox 269 406 3480 485; baseline -0.001 -12"><span class='ocrx_word' id='word_1_4' title='bbox 269 430 499 485; x_wconf 65' lang='lat' dir='ltr'><strong>munitus</strong></span> <span class='ocrx_word' id='word_1_5' title='bbox 536 430 645 473; x_wconf 90' lang='lat' dir='ltr'><strong>tum</strong></span> <span class='ocrx_word' id='word_1_6' title='bbox 688 418 921 473; x_wconf 79' lang='lat' dir='ltr'><strong>nomium</strong></span> <span class='ocrx_word' id='word_1_7' title='bbox 978 413 1167 472; x_wconf 71' lang='lat' dir='ltr'><strong>fuerit,</strong></span> <span class='ocrx_word' id='word_1_8' title='bbox 1210 426 1271 464; x_wconf 84' lang='lat' dir='ltr'><strong>ac</strong></span> <span class='ocrx_word' id='word_1_9' title='bbox 1326 408 1571 479; x_wconf 57' lang='lat' dir='ltr'><strong>proinde,</strong></span> <span class='ocrx_word' id='word_1_10' title='bbox 1637 416 1695 460; x_wconf 85' lang='grc' dir='ltr'><strong>ιιι</strong></span> <span class='ocrx_word' id='word_1_11' title='bbox 1728 406 1780 460; x_wconf 90' lang='lat' dir='ltr'><strong>in</strong></span> <span class='ocrx_word' id='word_1_12' title='bbox 1815 425 1858 483; x_wconf 69' lang='grc' dir='ltr'><strong>Δ</strong></span> <span class='ocrx_word' id='word_1_13' title='bbox 1888 406 2470 478; x_wconf 85' lang='lat' dir='ltr'><strong>docuissejudicariut,</strong></span> <span class='ocrx_word' id='word_1_14' title='bbox 2501 407 2603 461; x_wconf 78' lang='lat' dir='ltr'><strong>etsi</strong></span> <span class='ocrx_word' id='word_1_15' title='bbox 2646 407 2860 463; x_wconf 89' lang='lat' dir='ltr'><strong>interim</strong></span> <span class='ocrx_word' id='word_1_16' title='bbox 2900 409 2950 463; x_wconf 88' lang='lat' dir='ltr'><strong>id</strong></span> <span class='ocrx_word' id='word_1_17' title='bbox 2982 412 3119 481; x_wconf 89' lang='lat' dir='ltr'><strong>apud</strong></span> <span class='ocrx_word' id='word_1_18' title='bbox 3150 414 3480 483; x_wconf 73' lang='lat' dir='ltr'><strong>sc-iptorcs,</strong></span> 
     </span>
    </p>
   </div>
   <div class='ocr_carea' id='block_1_4' title="bbox 265 498 1776 577">
    <p class='ocr_par' dir='ltr' id='par_1_4' title="bbox 265 498 1776 577">
     <span class='ocr_line' id='line_1_4' title="bbox 265 498 1776 577; baseline -0.017 -1"><span class='ocrx_word' id='word_1_19' title='bbox 265 523 395 576; x_wconf 84' lang='lat' dir='ltr'><strong>hasce</strong></span> <span class='ocrx_word' id='word_1_20' title='bbox 416 516 558 571; x_wconf 91' lang='lat' dir='ltr'><strong>illum,</strong></span> <span class='ocrx_word' id='word_1_21' title='bbox 600 526 725 564; x_wconf 88' lang='lat' dir='ltr'><strong>cum</strong></span> <span class='ocrx_word' id='word_1_22' title='bbox 769 508 819 562; x_wconf 87' lang='lat' dir='ltr'><strong>id</strong></span> <span class='ocrx_word' id='word_1_23' title='bbox 852 508 1093 577; x_wconf 85' lang='lat' dir='ltr'><strong>equidem</strong></span> <span class='ocrx_word' id='word_1_24' title='bbox 1118 544 1133 567; x_wconf 91' lang='lat'><strong>,</strong></span> <span class='ocrx_word' id='word_1_25' title='bbox 1171 511 1460 570; x_wconf 87' lang='lat' dir='ltr'><strong>antequam</strong></span> <span class='ocrx_word' id='word_1_26' title='bbox 1499 500 1550 552; x_wconf 92' lang='lat' dir='ltr'><strong>in</strong></span> <span class='ocrx_word' id='word_1_27' title='bbox 1590 498 1776 553; x_wconf 90' lang='lat' dir='ltr'><strong>solitu-</strong></span> 
     </span>
    </p>
   </div>
   <div class='ocr_carea' id='block_1_5' title="bbox 263 591 1781 671">
    <p class='ocr_par' dir='ltr' id='par_1_5' title="bbox 263 591 1781 671">
     <span class='ocr_line' id='line_1_5' title="bbox 263 591 1781 671; baseline -0.018 0"><span class='ocrx_word' id='word_1_28' title='bbox 263 618 406 671; x_wconf 85' lang='lat' dir='ltr'><strong>dinem</strong></span> <span class='ocrx_word' id='word_1_29' title='bbox 440 605 729 667; x_wconf 90' lang='lat' dir='ltr'><strong>secederet,</strong></span> <span class='ocrx_word' id='word_1_30' title='bbox 758 618 824 657; x_wconf 78' lang='lat' dir='ltr'><strong>ex</strong></span> <span class='ocrx_word' id='word_1_31' title='bbox 855 600 1010 653; x_wconf 83' lang='lat' dir='ltr'><strong>dictis</strong></span> <span class='ocrx_word' id='word_1_32' title='bbox 1050 599 1117 651; x_wconf 89' lang='lat' dir='ltr'><strong>sit</strong></span> <span class='ocrx_word' id='word_1_33' title='bbox 1173 597 1394 655; x_wconf 88' lang='lat' dir='ltr'><strong>factum,</strong></span> <span class='ocrx_word' id='word_1_34' title='bbox 1423 591 1635 646; x_wconf 89' lang='lat' dir='ltr'><strong>restitui</strong></span> <span class='ocrx_word' id='word_1_35' title='bbox 1661 600 1781 644; x_wconf 90' lang='lat' dir='ltr'><strong>tan-</strong></span> 
     </span>
    </p>
   </div>
   <div class='ocr_carea' id='block_1_6' title="bbox 260 680 1782 769">
    <p class='ocr_par' dir='ltr' id='par_1_6' title="bbox 260 680 1782 769">
     <span class='ocr_line' id='line_1_6' title="bbox 260 680 1782 769; baseline -0.017 -10"><span class='ocrx_word' id='word_1_36' title='bbox 260 706 355 759; x_wconf 87' lang='lat' dir='ltr'><strong>dem</strong></span> <span class='ocrx_word' id='word_1_37' title='bbox 386 708 491 769; x_wconf 86' lang='lat' dir='ltr'><strong>post</strong></span> <span class='ocrx_word' id='word_1_38' title='bbox 534 694 815 765; x_wconf 74' lang='lat' dir='ltr'><strong>prmfatum</strong></span> <span class='ocrx_word' id='word_1_39' title='bbox 868 688 1165 761; x_wconf 80' lang='lat' dir='ltr'><strong>prodigium</strong></span> <span class='ocrx_word' id='word_1_40' title='bbox 1224 683 1529 754; x_wconf 76' lang='lat' dir='ltr'><strong>contigerit.</strong></span> <span class='ocrx_word' id='word_1_41' title='bbox 1582 680 1782 735; x_wconf 82' lang='lat' dir='ltr'><strong>Verum</strong></span> 
     </span>
    </p>
   </div>
   <div class='ocr_carea' id='block_1_7' title="bbox 257 771 1785 863">
    <p class='ocr_par' dir='ltr' id='par_1_7' title="bbox 257 771 1785 863">
     <span class='ocr_line' id='line_1_7' title="bbox 257 771 1785 863; baseline -0.016 -14"><span class='ocrx_word' id='word_1_42' title='bbox 257 803 564 863; x_wconf 68' lang='lat' dir='ltr'><strong>praeterquam</strong></span> <span class='ocrx_word' id='word_1_43' title='bbox 589 785 734 854; x_wconf 89' lang='lat' dir='ltr'><strong>quod</strong></span> <span class='ocrx_word' id='word_1_44' title='bbox 775 791 996 837; x_wconf 89' lang='lat' dir='ltr'><strong>sanctus</strong></span> <span class='ocrx_word' id='word_1_45' title='bbox 1029 779 1211 834; x_wconf 82' lang='lat' dir='ltr'><strong>Remis</strong></span> <span class='ocrx_word' id='word_1_46' title='bbox 1259 784 1385 830; x_wconf 83' lang='lat' dir='ltr'><strong>ante</strong></span> <span class='ocrx_word' id='word_1_47' title='bbox 1416 789 1618 828; x_wconf 90' lang='lat' dir='ltr'><strong>annum</strong></span> <span class='ocrx_word' id='word_1_48' title='bbox 1650 771 1785 825; x_wconf 72' lang='lat' dir='ltr'><strong>l082</strong></span> 
     </span>
    </p>
   </div>
   <div class='ocr_carea' id='block_1_8' title="bbox 255 865 1787 957">
    <p class='ocr_par' dir='ltr' id='par_1_8' title="bbox 255 865 1787 957">
     <span class='ocr_line' id='line_1_8' title="bbox 255 865 1787 957; baseline -0.016 -19"><span class='ocrx_word' id='word_1_49' title='bbox 255 885 441 957; x_wconf 87' lang='lat' dir='ltr'><strong>pristino</strong></span> <span class='ocrx_word' id='word_1_50' title='bbox 464 878 616 934; x_wconf 76' lang='lat' dir='ltr'><strong>statui</strong></span> <span class='ocrx_word' id='word_1_51' title='bbox 654 892 717 930; x_wconf 90' lang='lat' dir='ltr'><strong>ac</strong></span> <span class='ocrx_word' id='word_1_52' title='bbox 746 875 886 929; x_wconf 88' lang='lat' dir='ltr'><strong>forte</strong></span> <span class='ocrx_word' id='word_1_53' title='bbox 912 874 1073 926; x_wconf 86' lang='lat' dir='ltr'><strong>etiam</strong></span> <span class='ocrx_word' id='word_1_54' title='bbox 1108 867 1316 924; x_wconf 83' lang='lat' dir='ltr'><strong>meliori</strong></span> <span class='ocrx_word' id='word_1_55' title='bbox 1361 865 1602 921; x_wconf 88' lang='lat' dir='ltr'><strong>redditus</strong></span> 
     </span>
    </p>
   </div>
   <div class='ocr_carea' id='block_1_9' title="bbox 252 951 1782 1031">
    <p class='ocr_par' dir='ltr' id='par_1_9' title="bbox 252 951 1782 1031">
     <span class='ocr_line' id='line_1_9' title="bbox 252 951 1782 1031; baseline -0.017 0"><span class='ocrx_word' id='word_1_56' title='bbox 252 951 442 1031; x_wconf 67' lang='lat' dir='ltr'><strong>timilius</strong></span> <span class='ocrx_word' id='word_1_57' title='bbox 473 984 532 1022; x_wconf 76' lang='lat' dir='ltr'><strong>ex</strong></span> <span class='ocrx_word' id='word_1_58' title='bbox 563 967 726 1021; x_wconf 89' lang='lat' dir='ltr'><strong>dictis</strong></span> <span class='ocrx_word' id='word_1_59' title='bbox 785 964 970 1024; x_wconf 91' lang='lat' dir='ltr'><strong>fuerit,</strong></span> <span class='ocrx_word' id='word_1_60' title='bbox 1028 961 1079 1015; x_wconf 89' lang='lat' dir='ltr'><strong>id</strong></span> <span class='ocrx_word' id='word_1_61' title='bbox 1125 967 1246 1029; x_wconf 91' lang='lat' dir='ltr'><strong>post</strong></span> <span class='ocrx_word' id='word_1_62' title='bbox 1298 955 1601 1027; x_wconf 84' lang='lat' dir='ltr'><strong>prodigium</strong></span> <span class='ocrx_word' id='word_1_63' title='bbox 1654 951 1782 1006; x_wconf 92' lang='lat' dir='ltr'><strong>illud</strong></span> 
     </span>
    </p>
   </div>
   <div class='ocr_carea' id='block_1_10' title="bbox 253 1045 1781 1125">
    <p class='ocr_par' dir='ltr' id='par_1_10' title="bbox 253 1045 1781 1125">
     <span class='ocr_line' id='line_1_10' title="bbox 253 1045 1781 1125; baseline -0.016 -6"><span class='ocrx_word' id='word_1_64' title='bbox 253 1062 491 1123; x_wconf 83' lang='lat' dir='ltr'><strong>accidisse,</strong></span> <span class='ocrx_word' id='word_1_65' title='bbox 517 1058 719 1112; x_wconf 88' lang='lat' dir='ltr'><strong>idcirco</strong></span> <span class='ocrx_word' id='word_1_66' title='bbox 751 1064 1012 1125; x_wconf 70' lang='lat' dir='ltr'><strong>prreterea</strong></span> <span class='ocrx_word' id='word_1_67' title='bbox 1041 1068 1145 1105; x_wconf 89' lang='lat' dir='ltr'><strong>non</strong></span> <span class='ocrx_word' id='word_1_68' title='bbox 1180 1049 1414 1109; x_wconf 86' lang='lat' dir='ltr'><strong>videtur,</strong></span> <span class='ocrx_word' id='word_1_69' title='bbox 1453 1045 1616 1114; x_wconf 85' lang='lat' dir='ltr'><strong>quod,</strong></span> <span class='ocrx_word' id='word_1_70' title='bbox 1658 1058 1781 1097; x_wconf 89' lang='lat' dir='ltr'><strong>cum</strong></span> 
     </span>
    </p>
   </div>
   <div class='ocr_carea' id='block_1_11' title="bbox 250 1137 1783 1219">
    <p class='ocr_par' dir='ltr' id='par_1_11' title="bbox 250 1137 1783 1219">
     <span class='ocr_line' id='line_1_11' title="bbox 250 1137 1783 1219; baseline -0.016 -10"><span class='ocrx_word' id='word_1_71' title='bbox 250 1158 395 1210; x_wconf 90' lang='lat' dir='ltr'><strong>Bruno</strong></span> <span class='ocrx_word' id='word_1_72' title='bbox 440 1152 488 1205; x_wconf 91' lang='lat' dir='ltr'><strong>in</strong></span> <span class='ocrx_word' id='word_1_73' title='bbox 524 1148 779 1219; x_wconf 84' lang='lat' dir='ltr'><strong>opinione</strong></span> <span class='ocrx_word' id='word_1_74' title='bbox 805 1161 1014 1208; x_wconf 89' lang='lat' dir='ltr'><strong>eorum,</strong></span> <span class='ocrx_word' id='word_1_75' title='bbox 1067 1142 1155 1211; x_wconf 91' lang='lat' dir='ltr'><strong>qui</strong></span> <span class='ocrx_word' id='word_1_76' title='bbox 1227 1137 1530 1210; x_wconf 83' lang='lat' dir='ltr'><strong>prodigium</strong></span> <span class='ocrx_word' id='word_1_77' title='bbox 1585 1150 1783 1204; x_wconf 90' lang='lat' dir='ltr'><strong>propu-</strong></span> 
     </span>
    </p>
   </div>
   <div class='ocr_carea' id='block_1_12' title="bbox 250 1228 1778 1319">
    <p class='ocr_par' dir='ltr' id='par_1_12' title="bbox 250 1228 1778 1319">
     <span class='ocr_line' id='line_1_12' title="bbox 250 1228 1778 1319; baseline -0.013 -19"><span class='ocrx_word' id='word_1_78' title='bbox 250 1241 598 1319; x_wconf 78' lang='lat' dir='ltr'><strong>gnant,s:ecnlo</strong></span> <span class='ocrx_word' id='word_1_79' title='bbox 629 1239 928 1294; x_wconf 70' lang='lat' dir='ltr'><strong>valedicere</strong></span> <span class='ocrx_word' id='word_1_80' title='bbox 955 1234 1259 1289; x_wconf 85' lang='lat' dir='ltr'><strong>firmissime</strong></span> <span class='ocrx_word' id='word_1_81' title='bbox 1288 1248 1351 1286; x_wconf 80' lang='lat' dir='ltr'><strong>ex</strong></span> <span class='ocrx_word' id='word_1_82' title='bbox 1377 1232 1475 1284; x_wconf 89' lang='lat' dir='ltr'><strong>hoc</strong></span> <span class='ocrx_word' id='word_1_83' title='bbox 1501 1228 1778 1289; x_wconf 86' lang='lat' dir='ltr'><strong>statuerit,</strong></span> 
     </span>
    </p>
   </div>
   <div class='ocr_carea' id='block_1_13' title="bbox 248 1320 1781 1410">
    <p class='ocr_par' dir='ltr' id='par_1_13' title="bbox 248 1320 1781 1410">
     <span class='ocr_line' id='line_1_13' title="bbox 248 1320 1781 1410; baseline -0.012 -18"><span class='ocrx_word' id='word_1_84' title='bbox 248 1336 665 1410; x_wconf 87' lang='lat' dir='ltr'><strong>propositumque.</strong></span> <span class='ocrx_word' id='word_1_85' title='bbox 706 1330 868 1385; x_wconf 82' lang='lat' dir='ltr'><strong>rebus</strong></span> <span class='ocrx_word' id='word_1_86' title='bbox 918 1339 1209 1395; x_wconf 79' lang='lat' dir='ltr'><strong>utcumque</strong></span> <span class='ocrx_word' id='word_1_87' title='bbox 1260 1320 1597 1391; x_wconf 90' lang='lat' dir='ltr'><strong>compositis,</strong></span> <span class='ocrx_word' id='word_1_88' title='bbox 1632 1334 1781 1373; x_wconf 77' lang='lat' dir='ltr'><strong>exse-</strong></span> 
     </span>
    </p>
   </div>
   <div class='ocr_carea' id='block_1_14' title="bbox 249 1411 1778 1493">
    <p class='ocr_par' dir='ltr' id='par_1_14' title="bbox 249 1411 1778 1493">
     <span class='ocr_line' id='line_1_14' title="bbox 249 1411 1778 1493; baseline -0.016 -6"><span class='ocrx_word' id='word_1_89' title='bbox 249 1439 377 1487; x_wconf 89' lang='lat' dir='ltr'><strong>cutus</strong></span> <span class='ocrx_word' id='word_1_90' title='bbox 397 1426 564 1483; x_wconf 86' lang='lat' dir='ltr'><strong>fuerit.</strong></span> <span class='ocrx_word' id='word_1_91' title='bbox 586 1437 780 1493; x_wconf 89' lang='lat' dir='ltr'><strong>parum</strong></span> <span class='ocrx_word' id='word_1_92' title='bbox 803 1416 1109 1474; x_wconf 85' lang='lat' dir='ltr'><strong>verosimile</strong></span> <span class='ocrx_word' id='word_1_93' title='bbox 1130 1424 1407 1486; x_wconf 89' lang='lat' dir='ltr'><strong>appareat,</strong></span> <span class='ocrx_word' id='word_1_94' title='bbox 1428 1413 1591 1466; x_wconf 85' lang='lat' dir='ltr'><strong>fuisse</strong></span> <span class='ocrx_word' id='word_1_95' title='bbox 1607 1411 1778 1473; x_wconf 91' lang='lat' dir='ltr'><strong>illum,</strong></span> 
     </span>
    </p>
   </div>
   <div class='ocr_carea' id='block_1_15' title="bbox 250 1507 1782 1587">
    <p class='ocr_par' dir='ltr' id='par_1_15' title="bbox 250 1507 1782 1587">
     <span class='ocr_line' id='line_1_15' title="bbox 250 1507 1782 1587; baseline -0.012 -13"><span class='ocrx_word' id='word_1_96' title='bbox 250 1521 342 1574; x_wconf 75' lang='lat' dir='ltr'><strong>viso</strong></span> <span class='ocrx_word' id='word_1_97' title='bbox 385 1514 617 1587; x_wconf 86' lang='lat' dir='ltr'><strong>prodigio</strong></span> <span class='ocrx_word' id='word_1_98' title='bbox 698 1525 1017 1581; x_wconf 86' lang='lat' dir='ltr'><strong>passurum,</strong></span> <span class='ocrx_word' id='word_1_99' title='bbox 1070 1507 1266 1561; x_wconf 89' lang='lat' dir='ltr'><strong>nedum</strong></span> <span class='ocrx_word' id='word_1_100' title='bbox 1314 1513 1629 1559; x_wconf 90' lang='lat' dir='ltr'><strong>curaturum</strong></span> <span class='ocrx_word' id='word_1_101' title='bbox 1691 1511 1782 1556; x_wconf 92' lang='lat' dir='ltr'><strong>aut</strong></span> 
     </span>
    </p>
   </div>
   <div class='ocr_carea' id='block_1_16' title="bbox 250 1595 1782 1669">
    <p class='ocr_par' dir='ltr' id='par_1_16' title="bbox 250 1595 1782 1669">
     <span class='ocr_line' id='line_1_16' title="bbox 250 1595 1782 1669; baseline -0.01 -5"><span class='ocrx_word' id='word_1_102' title='bbox 250 1611 380 1666; x_wconf 84' lang='lat' dir='ltr'><strong>etiam</strong></span> <span class='ocrx_word' id='word_1_103' title='bbox 415 1606 602 1660; x_wconf 88' lang='lat' dir='ltr'><strong>Remos</strong></span> <span class='ocrx_word' id='word_1_104' title='bbox 660 1605 957 1663; x_wconf 86' lang='lat' dir='ltr'><strong>aditurum,</strong></span> <span class='ocrx_word' id='word_1_105' title='bbox 993 1609 1073 1660; x_wconf 89' lang='lat' dir='ltr'><strong>ut,</strong></span> <span class='ocrx_word' id='word_1_106' title='bbox 1129 1614 1265 1669; x_wconf 88' lang='lat' dir='ltr'><strong>quas</strong></span> <span class='ocrx_word' id='word_1_107' title='bbox 1308 1598 1503 1651; x_wconf 80' lang='lat' dir='ltr'><strong>ibidem</strong></span> <span class='ocrx_word' id='word_1_108' title='bbox 1555 1596 1653 1650; x_wconf 91' lang='lat' dir='ltr'><strong>sub</strong></span> <span class='ocrx_word' id='word_1_109' title='bbox 1680 1595 1782 1649; x_wconf 74' lang='lat' dir='ltr'><strong>Ma-</strong></span> 
     </span>
    </p>
   </div>
   <div class='ocr_carea' id='block_1_17' title="bbox 249 1690 1782 1761">
    <p class='ocr_par' dir='ltr' id='par_1_17' title="bbox 249 1690 1782 1761">
     <span class='ocr_line' id='line_1_17' title="bbox 249 1690 1782 1761; baseline -0.009 -8"><span class='ocrx_word' id='word_1_110' title='bbox 249 1715 376 1754; x_wconf 89' lang='lat' dir='ltr'><strong>nasse</strong></span> <span class='ocrx_word' id='word_1_111' title='bbox 410 1696 679 1759; x_wconf 88' lang='lat' dir='ltr'><strong>amiserat,</strong></span> <span class='ocrx_word' id='word_1_112' title='bbox 734 1692 1020 1747; x_wconf 77' lang='lat' dir='ltr'><strong>facultates</strong></span> <span class='ocrx_word' id='word_1_113' title='bbox 1051 1690 1446 1761; x_wconf 80' lang='lat' dir='ltr'><strong>dignitatesque</strong></span> <span class='ocrx_word' id='word_1_114' title='bbox 1496 1703 1782 1756; x_wconf 85' lang='lat' dir='ltr'><strong>recupera-</strong></span> 
     </span>
    </p>
   </div>
   <div class='ocr_carea' id='block_1_18' title="bbox 1888 499 3485 576">
    <p class='ocr_par' dir='ltr' id='par_1_18' title="bbox 1888 499 3485 576">
     <span class='ocr_line' id='line_1_18' title="bbox 1888 499 3485 576; baseline 0.006 -24"><span class='ocrx_word' id='word_1_115' title='bbox 1888 508 2077 553; x_wconf 86' lang='lat' dir='ltr'><strong>sancto</strong></span> <span class='ocrx_word' id='word_1_116' title='bbox 2110 499 2191 554; x_wconf 89' lang='lat' dir='ltr'><strong>vel</strong></span> <span class='ocrx_word' id='word_1_117' title='bbox 2228 500 2563 570; x_wconf 83' lang='lat' dir='ltr'><strong>synchronos</strong></span> <span class='ocrx_word' id='word_1_118' title='bbox 2597 499 2679 555; x_wconf 88' lang='lat' dir='ltr'><strong>vel</strong></span> <span class='ocrx_word' id='word_1_119' title='bbox 2699 501 2859 554; x_wconf 81' lang='lat' dir='ltr'><strong>etiam</strong></span> <span class='ocrx_word' id='word_1_120' title='bbox 2878 501 3161 556; x_wconf 77' lang='lat' dir='ltr'><strong>dumtaxat</strong></span> <span class='ocrx_word' id='word_1_121' title='bbox 3193 507 3485 576; x_wconf 74' lang='lat' dir='ltr'><strong>submqua-</strong></span> 
     </span>
    </p>
   </div>
   <div class='ocr_carea' id='block_1_19' title="bbox 1887 589 3084 662">
    <p class='ocr_par' dir='ltr' id='par_1_19' title="bbox 1887 589 3084 662">
     <span class='ocr_line' id='line_1_19' title="bbox 1887 589 3084 662; baseline 0.005 -20"><span class='ocrx_word' id='word_1_122' title='bbox 1887 589 1966 643; x_wconf 82' lang='lat' dir='ltr'><strong>les</strong></span> <span class='ocrx_word' id='word_1_123' title='bbox 1993 591 2192 645; x_wconf 88' lang='lat' dir='ltr'><strong>litteris</strong></span> <span class='ocrx_word' id='word_1_124' title='bbox 2221 592 2598 659; x_wconf 69' lang='lat' dir='ltr'><strong>consignatum</strong></span> <span class='ocrx_word' id='word_1_125' title='bbox 2624 607 2729 645; x_wconf 91' lang='lat' dir='ltr'><strong>non</strong></span> <span class='ocrx_word' id='word_1_126' title='bbox 2760 594 3084 662; x_wconf 85' lang='lat' dir='ltr'><strong>reperirent.</strong></span> 
     </span>
    </p>
   </div>
   <div class='ocr_carea' id='block_1_20' title="bbox 1889 677 3484 748">
    <p class='ocr_par' dir='ltr' id='par_1_20' title="bbox 1889 677 3484 748">
     <span class='ocr_line' id='line_1_20' title="bbox 1889 677 3484 748; baseline 0.004 -17"><span class='ocrx_word' id='word_1_127' title='bbox 1889 677 1915 748; x_wconf 71' lang='grc' dir='ltr'><strong>ς</strong></span> <span class='ocrx_word' id='word_1_128' title='bbox 1950 679 2035 733; x_wconf 74' lang='lat' dir='ltr'><strong>lx.</strong></span> <span class='ocrx_word' id='word_1_129' title='bbox 2074 680 2153 732; x_wconf 77' lang='lat' dir='ltr'><strong>An</strong></span> <span class='ocrx_word' id='word_1_130' title='bbox 2188 698 2217 732; x_wconf 82' lang='grc' dir='ltr'>η</span> <span class='ocrx_word' id='word_1_131' title='bbox 2249 677 2499 732; x_wconf 80' lang='lat' dir='ltr'><strong>Guiberto</strong></span> <span class='ocrx_word' id='word_1_132' title='bbox 2526 680 2590 733; x_wconf 83' lang='lat' dir='ltr'><strong>de</strong></span> <span class='ocrx_word' id='word_1_133' title='bbox 2635 677 2929 747; x_wconf 72' lang='lat' dir='ltr'><strong>Navigenro</strong></span> <span class='ocrx_word' id='word_1_134' title='bbox 2958 698 3075 735; x_wconf 81' lang='lat' dir='ltr'><strong>vera</strong></span> <span class='ocrx_word' id='word_1_135' title='bbox 3115 681 3171 735; x_wconf 88' lang='lat' dir='ltr'><strong>S.</strong></span> <span class='ocrx_word' id='word_1_136' title='bbox 3212 683 3484 739; x_wconf 69' lang='lat' dir='ltr'><strong>Brunonis</strong></span> 
     </span>
    </p>
   </div>
   <div class='ocr_carea' id='block_1_21' title="bbox 1956 749 3482 819">
    <p class='ocr_par' dir='ltr' id='par_1_21' title="bbox 1956 749 3482 819">
     <span class='ocr_line' id='line_1_21' title="bbox 1956 749 3482 819; baseline 0.005 -18"><span class='ocrx_word' id='word_1_137' title='bbox 1956 752 2009 801; x_wconf 82' lang='lat' dir='ltr'><strong>in</strong></span> <span class='ocrx_word' id='word_1_138' title='bbox 2040 749 2371 802; x_wconf 71' lang='lat' dir='ltr'><strong>solitudinem</strong></span> <span class='ocrx_word' id='word_1_139' title='bbox 2400 766 2631 803; x_wconf 72' lang='lat' dir='ltr'><strong>secessus</strong></span> <span class='ocrx_word' id='word_1_140' title='bbox 2671 767 2832 803; x_wconf 79' lang='lat' dir='ltr'><strong>causa</strong></span> <span class='ocrx_word' id='word_1_141' title='bbox 2886 753 3202 819; x_wconf 75' lang='lat' dir='ltr'><strong>assignetur,</strong></span> <span class='ocrx_word' id='word_1_142' title='bbox 3232 766 3279 806; x_wconf 79' lang='lat' dir='ltr'><strong>et</strong></span> <span class='ocrx_word' id='word_1_143' title='bbox 3307 771 3375 806; x_wconf 81' lang='lat' dir='ltr'><strong>an</strong></span> <span class='ocrx_word' id='word_1_144' title='bbox 3412 758 3482 808; x_wconf 84' lang='lat' dir='ltr'><strong>ad</strong></span> 
     </span>
    </p>
   </div>
   <div class='ocr_carea' id='block_1_22' title="bbox 1954 820 3482 888">
    <p class='ocr_par' dir='ltr' id='par_1_22' title="bbox 1954 820 3482 888">
     <span class='ocr_line' id='line_1_22' title="bbox 1954 820 3482 888; baseline 0.004 -17"><span class='ocrx_word' id='word_1_145' title='bbox 1954 820 2094 871; x_wconf 81' lang='lat' dir='ltr'><strong>hunc</strong></span> <span class='ocrx_word' id='word_1_146' title='bbox 2131 830 2320 888; x_wconf 67' lang='lat' dir='ltr'><strong>prwter</strong></span> <span class='ocrx_word' id='word_1_147' title='bbox 2340 822 2586 872; x_wconf 80' lang='lat' dir='ltr'><strong>emissum</strong></span> <span class='ocrx_word' id='word_1_148' title='bbox 2634 821 2928 873; x_wconf 81' lang='lat' dir='ltr'><strong>monachici</strong></span> <span class='ocrx_word' id='word_1_149' title='bbox 2977 823 3187 875; x_wconf 73' lang='lat' dir='ltr'><strong>habitus</strong></span> <span class='ocrx_word' id='word_1_150' title='bbox 3228 825 3482 878; x_wconf 81' lang='lat' dir='ltr'><strong>induendi</strong></span> 
     </span>
    </p>
   </div>
   <div class='ocr_carea' id='block_1_23' title="bbox 1957 889 3285 960">
    <p class='ocr_par' dir='ltr' id='par_1_23' title="bbox 1957 889 3285 960">
     <span class='ocr_line' id='line_1_23' title="bbox 1957 889 3285 960; baseline 0.004 -20"><span class='ocrx_word' id='word_1_151' title='bbox 1957 900 2131 942; x_wconf 78' lang='lat' dir='ltr'><strong>notum</strong></span> <span class='ocrx_word' id='word_1_152' title='bbox 2166 892 2366 942; x_wconf 80' lang='lat' dir='ltr'><strong>ratione</strong></span> <span class='ocrx_word' id='word_1_153' title='bbox 2394 889 2500 942; x_wconf 82' lang='lat' dir='ltr'><strong>alia</strong></span> <span class='ocrx_word' id='word_1_154' title='bbox 2524 891 2752 958; x_wconf 73' lang='lat' dir='ltr'><strong>graviori</strong></span> <span class='ocrx_word' id='word_1_155' title='bbox 2777 889 2956 944; x_wconf 74' lang='lat' dir='ltr'><strong>Brimo</strong></span> <span class='ocrx_word' id='word_1_156' title='bbox 2980 893 3285 960; x_wconf 82' lang='lat' dir='ltr'><strong>indiguerit.</strong></span> 
     </span>
    </p>
   </div>
   <div class='ocr_carea' id='block_1_24' title="bbox 1954 978 3480 1046">
    <p class='ocr_par' dir='ltr' id='par_1_24' title="bbox 1954 978 3480 1046">
     <span class='ocr_line' id='line_1_24' title="bbox 1954 978 3480 1046; baseline 0 -14"><span class='ocrx_word' id='word_1_157' title='bbox 1954 979 2267 1043; x_wconf 86' lang='lat' dir='ltr'><strong>Launoius,</strong></span> <span class='ocrx_word' id='word_1_158' title='bbox 2322 978 2415 1046; x_wconf 90' lang='lat' dir='ltr'><strong>qui</strong></span> <span class='ocrx_word' id='word_1_159' title='bbox 2469 980 2610 1033; x_wconf 90' lang='lat' dir='ltr'><strong>edita</strong></span> <span class='ocrx_word' id='word_1_160' title='bbox 2678 980 2743 1033; x_wconf 86' lang='lat' dir='ltr'><strong>de</strong></span> <span class='ocrx_word' id='word_1_161' title='bbox 2808 995 2933 1032; x_wconf 86' lang='lat' dir='ltr'><strong>vera</strong></span> <span class='ocrx_word' id='word_1_162' title='bbox 2999 996 3162 1033; x_wconf 89' lang='lat' dir='ltr'><strong>causa</strong></span> <span class='ocrx_word' id='word_1_163' title='bbox 3232 996 3480 1035; x_wconf 67' lang='lat' dir='ltr'><strong>secessus</strong></span> 
     </span>
    </p>
   </div>
   <div class='ocr_carea' id='block_1_25' title="bbox 1887 1070 3478 1142">
    <p class='ocr_par' dir='ltr' id='par_1_25' title="bbox 1887 1070 3478 1142">
     <span class='ocr_line' id='line_1_25' title="bbox 1887 1070 3478 1142; baseline -0.001 -17"><span class='ocrx_word' id='word_1_164' title='bbox 1887 1070 1943 1125; x_wconf 94' lang='grc'>8.</span> <span class='ocrx_word' id='word_1_165' title='bbox 1971 1071 2244 1125; x_wconf 80' lang='lat' dir='ltr'><strong>Brunonis</strong></span> <span class='ocrx_word' id='word_1_166' title='bbox 2290 1071 2342 1126; x_wconf 90' lang='lat' dir='ltr'><strong>in</strong></span> <span class='ocrx_word' id='word_1_167' title='bbox 2382 1086 2622 1126; x_wconf 67' lang='lat' dir='ltr'><strong>er-emum</strong></span> <span class='ocrx_word' id='word_1_168' title='bbox 2680 1072 2955 1127; x_wconf 90' lang='lat' dir='ltr'><strong>dissertai</strong></span> <span class='ocrx_word' id='word_1_169' title='bbox 2998 1088 3063 1126; x_wconf 89' lang='lat' dir='ltr'><strong>ne</strong></span> <span class='ocrx_word' id='word_1_170' title='bbox 3114 1072 3478 1142; x_wconf 71' lang='lat' dir='ltr'><strong>prodigiOsam</strong></span> 
     </span>
    </p>
   </div>
   <div class='ocr_carea' id='block_1_26' title="bbox 1884 1162 3476 1229">
    <p class='ocr_par' dir='ltr' id='par_1_26' title="bbox 1884 1162 3476 1229">
     <span class='ocr_line' id='line_1_26' title="bbox 1884 1162 3476 1229; baseline 0.001 -14"><span class='ocrx_word' id='word_1_171' title='bbox 1884 1163 2123 1217; x_wconf 90' lang='lat' dir='ltr'><strong>doctoris</strong></span> <span class='ocrx_word' id='word_1_172' title='bbox 2146 1162 2467 1217; x_wconf 87' lang='lat' dir='ltr'><strong>Parisiensis</strong></span> <span class='ocrx_word' id='word_1_173' title='bbox 2498 1166 2795 1219; x_wconf 89' lang='lat' dir='ltr'><strong>anastasim</strong></span> <span class='ocrx_word' id='word_1_174' title='bbox 2838 1166 3162 1220; x_wconf 86' lang='lat' dir='ltr'><strong>commentis</strong></span> <span class='ocrx_word' id='word_1_175' title='bbox 3198 1176 3476 1229; x_wconf 81' lang='lat' dir='ltr'><strong>acccnsct,</strong></span> 
     </span>
    </p>
   </div>
   <div class='ocr_carea' id='block_1_27' title="bbox 1888 1256 3474 1312">
    <p class='ocr_par' dir='ltr' id='par_1_27' title="bbox 1888 1256 3474 1312">
     <span class='ocr_line' id='line_1_27' title="bbox 1888 1256 3474 1312; baseline 0.002 -4"><span class='ocrx_word' id='word_1_176' title='bbox 1888 1272 2073 1310; x_wconf 76' lang='lat' dir='ltr'><strong>veram</strong></span> <span class='ocrx_word' id='word_1_177' title='bbox 2108 1256 2484 1310; x_wconf 59' lang='lat' dir='ltr'><strong>conversionis</strong></span> <span class='ocrx_word' id='word_1_178' title='bbox 2536 1273 2630 1311; x_wconf 88' lang='lat' dir='ltr'><strong>seu</strong></span> <span class='ocrx_word' id='word_1_179' title='bbox 2685 1273 2928 1312; x_wconf 89' lang='lat' dir='ltr'><strong>secessus</strong></span> <span class='ocrx_word' id='word_1_180' title='bbox 2984 1258 3038 1312; x_wconf 90' lang='lat' dir='ltr'><strong>S.</strong></span> <span class='ocrx_word' id='word_1_181' title='bbox 3092 1259 3362 1312; x_wconf 76' lang='lat' dir='ltr'><strong>Brttunuis</strong></span> <span class='ocrx_word' id='word_1_182' title='bbox 3422 1259 3474 1312; x_wconf 76' lang='lat' dir='ltr'><strong>in</strong></span> 
     </span>
    </p>
   </div>
   <div class='ocr_carea' id='block_1_28' title="bbox 1883 1346 3473 1418">
    <p class='ocr_par' dir='ltr' id='par_1_28' title="bbox 1883 1346 3473 1418">
     <span class='ocr_line' id='line_1_28' title="bbox 1883 1346 3473 1418; baseline 0.002 -18"><span class='ocrx_word' id='word_1_183' title='bbox 1883 1363 2121 1401; x_wconf 89' lang='lat' dir='ltr'><strong>cremnm</strong></span> <span class='ocrx_word' id='word_1_184' title='bbox 2162 1361 2381 1399; x_wconf 87' lang='lat' dir='ltr'><strong>causam</strong></span> <span class='ocrx_word' id='word_1_185' title='bbox 2434 1362 2462 1399; x_wconf 89' lang='lat' dir='ltr'><strong>a</strong></span> <span class='ocrx_word' id='word_1_186' title='bbox 2494 1346 2753 1402; x_wconf 85' lang='lat' dir='ltr'><strong>Guiberto</strong></span> <span class='ocrx_word' id='word_1_187' title='bbox 2778 1349 2842 1402; x_wconf 90' lang='lat' dir='ltr'><strong>de</strong></span> <span class='ocrx_word' id='word_1_188' title='bbox 2884 1348 3210 1418; x_wconf 85' lang='lat' dir='ltr'><strong>Novigento,</strong></span> <span class='ocrx_word' id='word_1_189' title='bbox 3248 1360 3473 1403; x_wconf 80' lang='lat' dir='ltr'><strong>auctore</strong></span> 
     </span>
    </p>
   </div>
   <div class='ocr_carea' id='block_1_29' title="bbox 1883 1437 3458 1508">
    <p class='ocr_par' dir='ltr' id='par_1_29' title="bbox 1883 1437 3458 1508">
     <span class='ocr_line' id='line_1_29' title="bbox 1883 1437 3458 1508; baseline -0.001 -15"><span class='ocrx_word' id='word_1_190' title='bbox 1883 1454 2084 1499; x_wconf 71' lang='lat' dir='ltr'><strong>eumve,</strong></span> <span class='ocrx_word' id='word_1_191' title='bbox 2132 1438 2228 1491; x_wconf 89' lang='lat' dir='ltr'><strong>lib.</strong></span> <span class='ocrx_word' id='word_1_192' title='bbox 2263 1437 2367 1491; x_wconf 88' lang='lat' dir='ltr'><strong>tde</strong></span> <span class='ocrx_word' id='word_1_193' title='bbox 2409 1438 2528 1491; x_wconf 80' lang='lat' dir='ltr'><strong>Vita</strong></span> <span class='ocrx_word' id='word_1_194' title='bbox 2580 1455 2699 1499; x_wconf 88' lang='lat' dir='ltr'><strong>sua,</strong></span> <span class='ocrx_word' id='word_1_195' title='bbox 2749 1455 2870 1508; x_wconf 86' lang='lat' dir='ltr'><strong>cap.</strong></span> <span class='ocrx_word' id='word_1_196' title='bbox 2924 1441 2981 1492; x_wconf 85' lang='lat' dir='ltr'><strong>ll</strong></span> <span class='ocrx_word' id='word_1_197' title='bbox 3044 1440 3179 1492; x_wconf 86' lang='lat' dir='ltr'><strong>tradi</strong></span> <span class='ocrx_word' id='word_1_198' title='bbox 3226 1440 3458 1493; x_wconf 86' lang='lat' dir='ltr'><strong>allirmat</strong></span> 
     </span>
    </p>
   </div>
   <div class='ocr_carea' id='block_1_30' title="bbox 1884 1525 3472 1599">
    <p class='ocr_par' dir='ltr' id='par_1_30' title="bbox 1884 1525 3472 1599">
     <span class='ocr_line' id='line_1_30' title="bbox 1884 1525 3472 1599; baseline -0.002 -16"><span class='ocrx_word' id='word_1_199' title='bbox 1884 1530 2150 1599; x_wconf 88' lang='lat' dir='ltr'><strong>lntegrum</strong></span> <span class='ocrx_word' id='word_1_200' title='bbox 2199 1525 2440 1582; x_wconf 87' lang='lat' dir='ltr'><strong>Guiberti</strong></span> <span class='ocrx_word' id='word_1_201' title='bbox 2499 1536 2723 1590; x_wconf 76' lang='lat' dir='ltr'><strong>textum,</strong></span> <span class='ocrx_word' id='word_1_202' title='bbox 2751 1543 2911 1597; x_wconf 84' lang='lat' dir='ltr'><strong>quem</strong></span> <span class='ocrx_word' id='word_1_203' title='bbox 2937 1528 3210 1581; x_wconf 86' lang='lat' dir='ltr'><strong>Launoius</strong></span> <span class='ocrx_word' id='word_1_204' title='bbox 3244 1529 3385 1582; x_wconf 81' lang='lat' dir='ltr'><strong>hunc</strong></span> <span class='ocrx_word' id='word_1_205' title='bbox 3421 1528 3472 1580; x_wconf 83' lang='lat' dir='ltr'><strong>in</strong></span> 
     </span>
    </p>
   </div>
   <div class='ocr_carea' id='block_1_31' title="bbox 1885 1615 3475 1690">
    <p class='ocr_par' dir='ltr' id='par_1_31' title="bbox 1885 1615 3475 1690">
     <span class='ocr_line' id='line_1_31' title="bbox 1885 1615 3475 1690; baseline -0.002 -18"><span class='ocrx_word' id='word_1_206' title='bbox 1885 1619 2044 1672; x_wconf 86' lang='lat' dir='ltr'><strong>linem</strong></span> <span class='ocrx_word' id='word_1_207' title='bbox 2101 1616 2499 1671; x_wconf 85' lang='lat' dir='ltr'><strong>dissertationis</strong></span> <span class='ocrx_word' id='word_1_208' title='bbox 2531 1615 2759 1671; x_wconf 64' lang='lat' dir='ltr'><strong>laudatre</strong></span> <span class='ocrx_word' id='word_1_209' title='bbox 2812 1634 2930 1687; x_wconf 86' lang='lat' dir='ltr'><strong>cap.</strong></span> <span class='ocrx_word' id='word_1_210' title='bbox 2974 1618 3083 1690; x_wconf 84' lang='lat' dir='ltr'><strong>-l,§</strong></span> <span class='ocrx_word' id='word_1_211' title='bbox 3136 1619 3169 1671; x_wconf 73' lang='grc'><strong>4</strong></span> <span class='ocrx_word' id='word_1_212' title='bbox 3197 1629 3475 1680; x_wconf 75' lang='lat' dir='ltr'><strong>recenset,</strong></span> 
     </span>
    </p>
   </div>
   <div class='ocr_carea' id='block_1_32' title="bbox 1884 1707 3474 1773">
    <p class='ocr_par' dir='ltr' id='par_1_32' title="bbox 1884 1707 3474 1773">
     <span class='ocr_line' id='line_1_32' title="bbox 1884 1707 3474 1773; baseline -0.003 -9"><span class='ocrx_word' id='word_1_213' title='bbox 1884 1712 1991 1764; x_wconf 91' lang='lat' dir='ltr'><strong>huc</strong></span> <span class='ocrx_word' id='word_1_214' title='bbox 2031 1723 2137 1763; x_wconf 90' lang='lat' dir='ltr'><strong>non</strong></span> <span class='ocrx_word' id='word_1_215' title='bbox 2171 1708 2499 1773; x_wconf 84' lang='lat' dir='ltr'><strong>transcribo,</strong></span> <span class='ocrx_word' id='word_1_216' title='bbox 2547 1707 2638 1762; x_wconf 90' lang='lat' dir='ltr'><strong>sed</strong></span> <span class='ocrx_word' id='word_1_217' title='bbox 2668 1724 2729 1761; x_wconf 87' lang='lat' dir='ltr'><strong>ea</strong></span> <span class='ocrx_word' id='word_1_218' title='bbox 2756 1708 3036 1763; x_wconf 79' lang='lat' dir='ltr'><strong>dumtaxat</strong></span> <span class='ocrx_word' id='word_1_219' title='bbox 3095 1709 3239 1764; x_wconf 90' lang='lat' dir='ltr'><strong>illius</strong></span> <span class='ocrx_word' id='word_1_220' title='bbox 3289 1710 3474 1771; x_wconf 85' lang='lat' dir='ltr'><strong>verba,</strong></span> 
     </span>
    </p>
   </div>
   <div class='ocr_carea' id='block_1_33' title="bbox 252 1764 1783 1871">
    <p class='ocr_par' dir='ltr' id='par_1_33' title="bbox 252 1777 1781 1852">
     <span class='ocr_line' id='line_1_33' title="bbox 252 1777 1781 1852; baseline -0.008 -9"><span class='ocrx_word' id='word_1_221' title='bbox 252 1798 329 1843; x_wconf 84' lang='lat' dir='ltr'><strong>ret.</strong></span> <span class='ocrx_word' id='word_1_222' title='bbox 354 1785 513 1852; x_wconf 85' lang='lat' dir='ltr'><strong>Quare</strong></span> <span class='ocrx_word' id='word_1_223' title='bbox 552 1784 596 1838; x_wconf 93' lang='lat' dir='ltr'><strong>si</strong></span> <span class='ocrx_word' id='word_1_224' title='bbox 628 1798 727 1852; x_wconf 86' lang='lat' dir='ltr'><strong>pro</strong></span> <span class='ocrx_word' id='word_1_225' title='bbox 749 1797 896 1846; x_wconf 91' lang='lat' dir='ltr'><strong>vero,</strong></span> <span class='ocrx_word' id='word_1_226' title='bbox 939 1781 1081 1852; x_wconf 88' lang='lat' dir='ltr'><strong>quod</strong></span> <span class='ocrx_word' id='word_1_227' title='bbox 1128 1778 1289 1841; x_wconf 90' lang='lat' dir='ltr'><strong>infra,</strong></span> <span class='ocrx_word' id='word_1_228' title='bbox 1323 1788 1383 1833; x_wconf 94' lang='lat' dir='ltr'><strong>ut</strong></span> <span class='ocrx_word' id='word_1_229' title='bbox 1415 1778 1545 1842; x_wconf 79' lang='lat' dir='ltr'><strong>dixi,</strong></span> <span class='ocrx_word' id='word_1_230' title='bbox 1579 1777 1781 1832; x_wconf 80' lang='lat' dir='ltr'><strong>exarui-</strong></span> 
     </span>
    </p>
   </div>
   <div class='ocr_carea' id='block_1_34' title="bbox 1890 1764 3480 1871">
    <p class='ocr_par' dir='ltr' id='par_1_34' title="bbox 1890 1800 3480 1871">
     <span class='ocr_line' id='line_1_34' title="bbox 1890 1800 3480 1871; baseline 0 -16"><span class='ocrx_word' id='word_1_231' title='bbox 1890 1818 2006 1871; x_wconf 70' lang='lat' dir='ltr'><strong>qure</strong></span> <span class='ocrx_word' id='word_1_232' title='bbox 2045 1801 2112 1855; x_wconf 90' lang='lat' dir='ltr'><strong>ad</strong></span> <span class='ocrx_word' id='word_1_233' title='bbox 2154 1800 2572 1863; x_wconf 82' lang='lat' dir='ltr'><strong>conficiendum,</strong></span> <span class='ocrx_word' id='word_1_234' title='bbox 2631 1800 2773 1871; x_wconf 89' lang='lat' dir='ltr'><strong>quod</strong></span> <span class='ocrx_word' id='word_1_235' title='bbox 2828 1800 3100 1856; x_wconf 87' lang='lat' dir='ltr'><strong>Lauuoius</strong></span> <span class='ocrx_word' id='word_1_236' title='bbox 3131 1801 3264 1866; x_wconf 90' lang='lat' dir='ltr'><strong>vult,</strong></span> <span class='ocrx_word' id='word_1_237' title='bbox 3297 1800 3480 1858; x_wconf 85' lang='lat' dir='ltr'><strong>facere</strong></span> 
     </span>
    </p>
   </div>
   <div class='ocr_carea' id='block_1_35' title="bbox 250 1869 1779 1944">
    <p class='ocr_par' dir='ltr' id='par_1_35' title="bbox 250 1869 1779 1944">
     <span class='ocr_line' id='line_1_35' title="bbox 250 1869 1779 1944; baseline -0.008 -12"><span class='ocrx_word' id='word_1_238' title='bbox 250 1881 378 1941; x_wconf 83' lang='lat' dir='ltr'><strong>nabo,</strong></span> <span class='ocrx_word' id='word_1_239' title='bbox 429 1875 634 1930; x_wconf 89' lang='lat' dir='ltr'><strong>admitti</strong></span> <span class='ocrx_word' id='word_1_240' title='bbox 667 1876 865 1928; x_wconf 87' lang='lat' dir='ltr'><strong>debeat</strong></span> <span class='ocrx_word' id='word_1_241' title='bbox 922 1880 1399 1944; x_wconf 67' lang='lat' dir='ltr'><strong>prtcmemoratum</strong></span> <span class='ocrx_word' id='word_1_242' title='bbox 1445 1869 1779 1939; x_wconf 72' lang='lat' dir='ltr'><strong>prodigium,</strong></span> 
     </span>
    </p>
   </div>
   <div class='ocr_carea' id='block_1_36' title="bbox 249 1958 1780 2035">
    <p class='ocr_par' dir='ltr' id='par_1_36' title="bbox 249 1958 1780 2035">
     <span class='ocr_line' id='line_1_36' title="bbox 249 1958 1780 2035; baseline -0.008 -12"><span class='ocrx_word' id='word_1_243' title='bbox 249 1967 563 2023; x_wconf 80' lang='lat' dir='ltr'><strong>verosimilius</strong></span> <span class='ocrx_word' id='word_1_244' title='bbox 588 1965 807 2035; x_wconf 83' lang='lat' dir='ltr'><strong>quidem</strong></span> <span class='ocrx_word' id='word_1_245' title='bbox 837 1964 887 2018; x_wconf 91' lang='lat' dir='ltr'><strong>id</strong></span> <span class='ocrx_word' id='word_1_246' title='bbox 927 1963 995 2017; x_wconf 91' lang='lat' dir='ltr'><strong>ob</strong></span> <span class='ocrx_word' id='word_1_247' title='bbox 1045 1963 1155 2030; x_wconf 87' lang='lat' dir='ltr'><strong>jam</strong></span> <span class='ocrx_word' id='word_1_248' title='bbox 1187 1961 1356 2021; x_wconf 89' lang='lat' dir='ltr'><strong>dicta,</strong></span> <span class='ocrx_word' id='word_1_249' title='bbox 1401 1958 1459 2013; x_wconf 90' lang='grc'>8.</span> <span class='ocrx_word' id='word_1_250' title='bbox 1508 1958 1780 2019; x_wconf 86' lang='lat' dir='ltr'><strong>Brunone,</strong></span> 
     </span>
    </p>
   </div>
   <div class='ocr_carea' id='block_1_37' title="bbox 252 2045 1784 2113">
    <p class='ocr_par' dir='ltr' id='par_1_37' title="bbox 252 2045 1784 2113">
     <span class='ocr_line' id='line_1_37' title="bbox 252 2045 1784 2113; baseline -0.005 -6"><span class='ocrx_word' id='word_1_251' title='bbox 252 2054 431 2108; x_wconf 73' lang='lat' dir='ltr'><strong>Parisiis</strong></span> <span class='ocrx_word' id='word_1_252' title='bbox 458 2068 556 2106; x_wconf 91' lang='lat' dir='ltr'><strong>non</strong></span> <span class='ocrx_word' id='word_1_253' title='bbox 586 2052 835 2113; x_wconf 85' lang='lat' dir='ltr'><strong>docente,</strong></span> <span class='ocrx_word' id='word_1_254' title='bbox 878 2050 971 2104; x_wconf 90' lang='lat' dir='ltr'><strong>sed</strong></span> <span class='ocrx_word' id='word_1_255' title='bbox 1028 2056 1239 2101; x_wconf 82' lang='lat' dir='ltr'><strong>tantum</strong></span> <span class='ocrx_word' id='word_1_256' title='bbox 1270 2086 1283 2107; x_wconf 89' lang='lat'><strong>,</strong></span> <span class='ocrx_word' id='word_1_257' title='bbox 1331 2045 1442 2099; x_wconf 85' lang='lat' dir='ltr'><strong>sive</strong></span> <span class='ocrx_word' id='word_1_258' title='bbox 1471 2053 1529 2096; x_wconf 94' lang='lat' dir='ltr'><strong>ut</strong></span> <span class='ocrx_word' id='word_1_259' title='bbox 1580 2045 1784 2099; x_wconf 86' lang='lat' dir='ltr'><strong>amicus</strong></span> 
     </span>
    </p>
   </div>
   <div class='ocr_carea' id='block_1_38' title="bbox 250 2137 1782 2210">
    <p class='ocr_par' dir='ltr' id='par_1_38' title="bbox 250 2137 1782 2210">
     <span class='ocr_line' id='line_1_38' title="bbox 250 2137 1782 2210; baseline -0.006 -11"><span class='ocrx_word' id='word_1_260' title='bbox 250 2144 484 2204; x_wconf 77' lang='lat' dir='ltr'><strong>inviseret,</strong></span> <span class='ocrx_word' id='word_1_261' title='bbox 511 2142 622 2195; x_wconf 83' lang='lat' dir='ltr'><strong>sive</strong></span> <span class='ocrx_word' id='word_1_262' title='bbox 647 2140 808 2194; x_wconf 89' lang='lat' dir='ltr'><strong>aliam</strong></span> <span class='ocrx_word' id='word_1_263' title='bbox 836 2154 1231 2210; x_wconf 86' lang='lat' dir='ltr'><strong>quamcumque</strong></span> <span class='ocrx_word' id='word_1_264' title='bbox 1254 2138 1322 2192; x_wconf 94' lang='lat' dir='ltr'><strong>ob</strong></span> <span class='ocrx_word' id='word_1_265' title='bbox 1338 2152 1554 2193; x_wconf 80' lang='lat' dir='ltr'><strong>causam</strong></span> <span class='ocrx_word' id='word_1_266' title='bbox 1582 2137 1782 2191; x_wconf 90' lang='lat' dir='ltr'><strong>ibidem</strong></span> 
     </span>
    </p>
   </div>
   <div class='ocr_carea' id='block_1_39' title="bbox 247 2233 810 2304">
    <p class='ocr_par' dir='ltr' id='par_1_39' title="bbox 247 2233 810 2304">
     <span class='ocr_line' id='line_1_39' title="bbox 247 2233 810 2304; baseline -0.007 -15"><span class='ocrx_word' id='word_1_267' title='bbox 247 2245 489 2304; x_wconf 64' lang='lat' dir='ltr'><strong>prasente,</strong></span> <span class='ocrx_word' id='word_1_268' title='bbox 526 2233 810 2288; x_wconf 85' lang='lat' dir='ltr'><strong>acciderit.</strong></span> 
     </span>
    </p>
   </div>
   <div class='ocr_carea' id='block_1_40' title="bbox 306 2340 1785 2411">
    <p class='ocr_par' dir='ltr' id='par_1_40' title="bbox 306 2340 1785 2411">
     <span class='ocr_line' id='line_1_40' title="bbox 306 2340 1785 2411; baseline -0.001 -14"><span class='ocrx_word' id='word_1_269' title='bbox 306 2344 408 2398; x_wconf 67' lang='grc'><strong>171.</strong></span> <span class='ocrx_word' id='word_1_270' title='bbox 438 2342 540 2398; x_wconf 74' lang='lat' dir='ltr'><strong>Nec</strong></span> <span class='ocrx_word' id='word_1_271' title='bbox 569 2353 674 2405; x_wconf 85' lang='lat' dir='ltr'><strong>est,</strong></span> <span class='ocrx_word' id='word_1_272' title='bbox 732 2359 829 2398; x_wconf 91' lang='lat' dir='ltr'><strong>cur</strong></span> <span class='ocrx_word' id='word_1_273' title='bbox 870 2342 921 2396; x_wconf 90' lang='lat' dir='ltr'><strong>id</strong></span> <span class='ocrx_word' id='word_1_274' title='bbox 952 2342 1204 2411; x_wconf 87' lang='lat' dir='ltr'><strong>cuiquam</strong></span> <span class='ocrx_word' id='word_1_275' title='bbox 1258 2341 1455 2395; x_wconf 90' lang='lat' dir='ltr'><strong>mirum</strong></span> <span class='ocrx_word' id='word_1_276' title='bbox 1508 2340 1785 2395; x_wconf 78' lang='lat' dir='ltr'><strong>naviterve</strong></span> 
     </span>
    </p>
   </div>
   <div class='ocr_carea' id='block_1_41' title="bbox 248 2434 1784 2505">
    <p class='ocr_par' dir='ltr' id='par_1_41' title="bbox 248 2434 1784 2505">
     <span class='ocr_line' id='line_1_41' title="bbox 248 2434 1784 2505; baseline -0.003 -12"><span class='ocrx_word' id='word_1_277' title='bbox 248 2440 491 2493; x_wconf 79' lang='lat' dir='ltr'><strong>ronlictum</strong></span> <span class='ocrx_word' id='word_1_278' title='bbox 545 2439 841 2501; x_wconf 87' lang='lat' dir='ltr'><strong>videatur;</strong></span> <span class='ocrx_word' id='word_1_279' title='bbox 907 2436 1108 2492; x_wconf 92' lang='lat' dir='ltr'><strong>etenim</strong></span> <span class='ocrx_word' id='word_1_280' title='bbox 1162 2450 1228 2489; x_wconf 85' lang='lat' dir='ltr'><strong>ex</strong></span> <span class='ocrx_word' id='word_1_281' title='bbox 1267 2436 1500 2505; x_wconf 91' lang='lat' dir='ltr'><strong>ipsomct</strong></span> <span class='ocrx_word' id='word_1_282' title='bbox 1547 2434 1784 2503; x_wconf 82' lang='lat' dir='ltr'><strong>q‘uinqnc</strong></span> 
     </span>
    </p>
   </div>
   <div class='ocr_carea' id='block_1_42' title="bbox 250 2524 1782 2600">
    <p class='ocr_par' dir='ltr' id='par_1_42' title="bbox 250 2524 1782 2600">
     <span class='ocr_line' id='line_1_42' title="bbox 250 2524 1782 2600; baseline -0.005 -17"><span class='ocrx_word' id='word_1_283' title='bbox 250 2531 500 2600; x_wconf 82' lang='lat' dir='ltr'><strong>primorum</strong></span> <span class='ocrx_word' id='word_1_284' title='bbox 529 2528 795 2583; x_wconf 71' lang='lat' dir='ltr'><strong>Cartusim</strong></span> <span class='ocrx_word' id='word_1_285' title='bbox 836 2526 1057 2596; x_wconf 82' lang='lat' dir='ltr'><strong>majoris</strong></span> <span class='ocrx_word' id='word_1_286' title='bbox 1078 2526 1317 2595; x_wconf 85' lang='lat' dir='ltr'><strong>priorum</strong></span> <span class='ocrx_word' id='word_1_287' title='bbox 1352 2524 1645 2589; x_wconf 90' lang='lat' dir='ltr'><strong>Chronico,</strong></span> <span class='ocrx_word' id='word_1_288' title='bbox 1689 2539 1782 2578; x_wconf 87' lang='lat' dir='ltr'><strong>seu</strong></span> 
     </span>
    </p>
   </div>
   <div class='ocr_carea' id='block_1_43' title="bbox 248 2616 1782 2689">
    <p class='ocr_par' dir='ltr' id='par_1_43' title="bbox 248 2616 1782 2689">
     <span class='ocr_line' id='line_1_43' title="bbox 248 2616 1782 2689; baseline -0.003 -14"><span class='ocrx_word' id='word_1_289' title='bbox 248 2639 298 2675; x_wconf 69' lang='lat' dir='ltr'><strong>et</strong></span> <span class='ocrx_word' id='word_1_290' title='bbox 321 2622 524 2685; x_wconf 86' lang='lat' dir='ltr'><strong>edendo,</strong></span> <span class='ocrx_word' id='word_1_291' title='bbox 556 2620 780 2689; x_wconf 88' lang='lat' dir='ltr'><strong>quodin</strong></span> <span class='ocrx_word' id='word_1_292' title='bbox 831 2620 930 2674; x_wconf 79' lang='lat' dir='ltr'><strong>hoc</strong></span> <span class='ocrx_word' id='word_1_293' title='bbox 974 2618 1311 2681; x_wconf 88' lang='lat' dir='ltr'><strong>continetur,</strong></span> <span class='ocrx_word' id='word_1_294' title='bbox 1363 2616 1549 2673; x_wconf 91' lang='lat' dir='ltr'><strong>Sancti</strong></span> <span class='ocrx_word' id='word_1_295' title='bbox 1613 2616 1782 2671; x_wconf 83' lang='lat' dir='ltr'><strong>nostri</strong></span> 
     </span>
    </p>
   </div>
   <div class='ocr_carea' id='block_1_44' title="bbox 249 2708 1781 2783">
    <p class='ocr_par' dir='ltr' id='par_1_44' title="bbox 249 2708 1781 2783">
     <span class='ocr_line' id='line_1_44' title="bbox 249 2708 1781 2783; baseline -0.003 -18"><span class='ocrx_word' id='word_1_296' title='bbox 249 2715 331 2777; x_wconf 79' lang='lat' dir='ltr'><strong>(adi</strong></span> <span class='ocrx_word' id='word_1_297' title='bbox 357 2712 381 2783; x_wconf 84' lang='lat'>§</span> <span class='ocrx_word' id='word_1_298' title='bbox 406 2714 441 2781; x_wconf 84' lang='lat' dir='ltr'><strong>l)</strong></span> <span class='ocrx_word' id='word_1_299' title='bbox 463 2713 557 2766; x_wconf 88' lang='lat' dir='ltr'><strong>sub</strong></span> <span class='ocrx_word' id='word_1_300' title='bbox 584 2711 720 2765; x_wconf 69' lang='lat' dir='ltr'><strong>Vita:</strong></span> <span class='ocrx_word' id='word_1_301' title='bbox 751 2709 1177 2780; x_wconf 81' lang='lat' dir='ltr'><strong>nomircelogio,</strong></span> <span class='ocrx_word' id='word_1_302' title='bbox 1193 2718 1317 2763; x_wconf 91' lang='lat' dir='ltr'><strong>ante</strong></span> <span class='ocrx_word' id='word_1_303' title='bbox 1337 2708 1489 2777; x_wconf 82' lang='lat' dir='ltr'><strong>cujus</strong></span> <span class='ocrx_word' id='word_1_304' title='bbox 1510 2719 1781 2765; x_wconf 87' lang='lat' dir='ltr'><strong>auctorem</strong></span> 
     </span>
    </p>
   </div>
   <div class='ocr_carea' id='block_1_45' title="bbox 247 2797 1782 2870">
    <p class='ocr_par' dir='ltr' id='par_1_45' title="bbox 247 2797 1782 2870">
     <span class='ocr_line' id='line_1_45' title="bbox 247 2797 1782 2870; baseline -0.003 -15"><span class='ocrx_word' id='word_1_305' title='bbox 247 2803 443 2858; x_wconf 90' lang='lat' dir='ltr'><strong>doctoris</strong></span> <span class='ocrx_word' id='word_1_306' title='bbox 468 2801 708 2863; x_wconf 86' lang='lat' dir='ltr'><strong>redivivi,</strong></span> <span class='ocrx_word' id='word_1_307' title='bbox 734 2800 874 2869; x_wconf 88' lang='lat' dir='ltr'><strong>quod</strong></span> <span class='ocrx_word' id='word_1_308' title='bbox 899 2799 1121 2854; x_wconf 82' lang='lat' dir='ltr'><strong>Parisiis</strong></span> <span class='ocrx_word' id='word_1_309' title='bbox 1142 2800 1451 2870; x_wconf 80' lang='lat' dir='ltr'><strong>contigerit,</strong></span> <span class='ocrx_word' id='word_1_310' title='bbox 1477 2797 1782 2868; x_wconf 81' lang='lat' dir='ltr'><strong>prodigium</strong></span> 
     </span>
    </p>
   </div>
   <div class='ocr_carea' id='block_1_46' title="bbox 247 2888 1783 2960">
    <p class='ocr_par' dir='ltr' id='par_1_46' title="bbox 247 2888 1783 2960">
     <span class='ocr_line' id='line_1_46' title="bbox 247 2888 1783 2960; baseline -0.005 -13"><span class='ocrx_word' id='word_1_311' title='bbox 247 2910 373 2948; x_wconf 88' lang='lat' dir='ltr'><strong>nemo</strong></span> <span class='ocrx_word' id='word_1_312' title='bbox 398 2894 585 2948; x_wconf 81' lang='lat' dir='ltr'><strong>litteris</strong></span> <span class='ocrx_word' id='word_1_313' title='bbox 615 2891 968 2959; x_wconf 81' lang='lat' dir='ltr'><strong>consignasse</strong></span> <span class='ocrx_word' id='word_1_314' title='bbox 1022 2898 1264 2960; x_wconf 86' lang='lat' dir='ltr'><strong>putatur,</strong></span> <span class='ocrx_word' id='word_1_315' title='bbox 1314 2888 1675 2959; x_wconf 89' lang='lat' dir='ltr'><strong>colligendum</strong></span> <span class='ocrx_word' id='word_1_316' title='bbox 1705 2888 1783 2940; x_wconf 84' lang='lat' dir='ltr'><strong>vi-</strong></span> 
     </span>
    </p>
   </div>
   <div class='ocr_carea' id='block_1_47' title="bbox 245 2979 1785 3048">
    <p class='ocr_par' dir='ltr' id='par_1_47' title="bbox 245 2979 1785 3048">
     <span class='ocr_line' id='line_1_47' title="bbox 245 2979 1785 3048; baseline -0.005 -9"><span class='ocrx_word' id='word_1_317' title='bbox 245 2987 388 3048; x_wconf 84' lang='lat' dir='ltr'><strong>detur,</strong></span> <span class='ocrx_word' id='word_1_318' title='bbox 421 2986 477 3040; x_wconf 91' lang='lat' dir='ltr'><strong>S.</strong></span> <span class='ocrx_word' id='word_1_319' title='bbox 505 2984 814 3038; x_wconf 88' lang='lat' dir='ltr'><strong>Brunonem</strong></span> <span class='ocrx_word' id='word_1_320' title='bbox 853 2983 923 3044; x_wconf 92' lang='lat' dir='ltr'><strong>ei,</strong></span> <span class='ocrx_word' id='word_1_321' title='bbox 951 2997 1072 3036; x_wconf 91' lang='lat' dir='ltr'><strong>cum</strong></span> <span class='ocrx_word' id='word_1_322' title='bbox 1094 2996 1224 3035; x_wconf 85' lang='lat' dir='ltr'><strong>casu</strong></span> <span class='ocrx_word' id='word_1_323' title='bbox 1251 2981 1532 3034; x_wconf 79' lang='lat' dir='ltr'><strong>dumtaxat</strong></span> <span class='ocrx_word' id='word_1_324' title='bbox 1562 2979 1785 3033; x_wconf 85' lang='lat' dir='ltr'><strong>Parisiis</strong></span> 
     </span>
    </p>
   </div>
   <div class='ocr_carea' id='block_1_48' title="bbox 1886 1890 3477 1961">
    <p class='ocr_par' dir='ltr' id='par_1_48' title="bbox 1886 1890 3477 1961">
     <span class='ocr_line' id='line_1_48' title="bbox 1886 1890 3477 1961; baseline 0 -16"><span class='ocrx_word' id='word_1_325' title='bbox 1886 1901 2180 1961; x_wconf 90' lang='lat' dir='ltr'><strong>utcumque</strong></span> <span class='ocrx_word' id='word_1_326' title='bbox 2236 1901 2460 1961; x_wconf 88' lang='lat' dir='ltr'><strong>queunt.</strong></span> <span class='ocrx_word' id='word_1_327' title='bbox 2527 1890 2664 1946; x_wconf 89' lang='lat' dir='ltr'><strong>Sunt</strong></span> <span class='ocrx_word' id='word_1_328' title='bbox 2700 1900 2881 1944; x_wconf 90' lang='lat' dir='ltr'><strong>autem</strong></span> <span class='ocrx_word' id='word_1_329' title='bbox 2933 1891 3093 1947; x_wconf 66' lang='lat' dir='ltr'><strong>haec:</strong></span> <span class='ocrx_word' id='word_1_330' title='bbox 3134 1910 3152 1942; x_wconf 75' lang='grc' dir='ltr'>ι</span> <span class='ocrx_word' id='word_1_331' title='bbox 3199 1890 3322 1946; x_wconf 87' lang='lat' dir='ltr'><strong>Fuit</strong></span> <span class='ocrx_word' id='word_1_332' title='bbox 3368 1906 3477 1947; x_wconf 88' lang='lat' dir='ltr'><strong>non</strong></span> 
     </span>
    </p>
   </div>
   <div class='ocr_carea' id='block_1_49' title="bbox 1886 1981 3478 2055">
    <p class='ocr_par' dir='ltr' id='par_1_49' title="bbox 1886 1981 3478 2055">
     <span class='ocr_line' id='line_1_49' title="bbox 1886 1981 3478 2055; baseline -0.002 -17"><span class='ocrx_word' id='word_1_333' title='bbox 1886 1983 2043 2055; x_wconf 89' lang='lat' dir='ltr'><strong>longe</strong></span> <span class='ocrx_word' id='word_1_334' title='bbox 2068 1983 2135 2037; x_wconf 90' lang='lat' dir='ltr'><strong>ab</strong></span> <span class='ocrx_word' id='word_1_335' title='bbox 2157 1984 2240 2037; x_wconf 89' lang='lat' dir='ltr'><strong>his</strong></span> <span class='ocrx_word' id='word_1_336' title='bbox 2271 1982 2459 2037; x_wconf 88' lang='lat' dir='ltr'><strong>diebus</strong></span> <span class='ocrx_word' id='word_1_337' title='bbox 2482 1981 2664 2037; x_wconf 87' lang='lat' dir='ltr'><strong>Bruuo</strong></span> <span class='ocrx_word' id='word_1_338' title='bbox 2686 1983 2906 2053; x_wconf 90' lang='lat' dir='ltr'><strong>quidam</strong></span> <span class='ocrx_word' id='word_1_339' title='bbox 2945 1983 2996 2036; x_wconf 94' lang='lat' dir='ltr'><strong>iu</strong></span> <span class='ocrx_word' id='word_1_340' title='bbox 3036 1984 3168 2036; x_wconf 85' lang='lat' dir='ltr'><strong>urbe</strong></span> <span class='ocrx_word' id='word_1_341' title='bbox 3219 1983 3478 2037; x_wconf 86' lang='lat' dir='ltr'><strong>Remensi</strong></span> 
     </span>
    </p>
   </div>
   <div class='ocr_carea' id='block_1_50' title="bbox 1886 2076 3471 2146">
    <p class='ocr_par' dir='ltr' id='par_1_50' title="bbox 1886 2076 3471 2146">
     <span class='ocr_line' id='line_1_50' title="bbox 1886 2076 3471 2146; baseline 0.001 -18"><span class='ocrx_word' id='word_1_342' title='bbox 1886 2076 1969 2129; x_wconf 89' lang='lat' dir='ltr'><strong>vir</strong></span> <span class='ocrx_word' id='word_1_343' title='bbox 1990 2085 2045 2130; x_wconf 90' lang='lat' dir='ltr'><strong>et</strong></span> <span class='ocrx_word' id='word_1_344' title='bbox 2071 2076 2383 2131; x_wconf 89' lang='lat' dir='ltr'><strong>liberalibus</strong></span> <span class='ocrx_word' id='word_1_345' title='bbox 2438 2076 2733 2129; x_wconf 89' lang='lat' dir='ltr'><strong>instructus</strong></span> <span class='ocrx_word' id='word_1_346' title='bbox 2784 2076 2992 2129; x_wconf 87' lang='lat' dir='ltr'><strong>artibus</strong></span> <span class='ocrx_word' id='word_1_347' title='bbox 3043 2086 3097 2129; x_wconf 91' lang='lat' dir='ltr'><strong>et</strong></span> <span class='ocrx_word' id='word_1_348' title='bbox 3144 2090 3471 2146; x_wconf 90' lang='lat' dir='ltr'><strong>magnorum</strong></span> 
     </span>
    </p>
   </div>
   <div class='ocr_carea' id='block_1_51' title="bbox 1886 2165 3478 2236">
    <p class='ocr_par' dir='ltr' id='par_1_51' title="bbox 1886 2165 3478 2236">
     <span class='ocr_line' id='line_1_51' title="bbox 1886 2165 3478 2236; baseline -0.003 -14"><span class='ocrx_word' id='word_1_349' title='bbox 1886 2168 2191 2222; x_wconf 85' lang='lat' dir='ltr'><strong>studiorum</strong></span> <span class='ocrx_word' id='word_1_350' title='bbox 2248 2178 2447 2231; x_wconf 81' lang='lat' dir='ltr'><strong>rector,</strong></span> <span class='ocrx_word' id='word_1_351' title='bbox 2503 2166 2594 2236; x_wconf 92' lang='lat' dir='ltr'><strong>qui</strong></span> <span class='ocrx_word' id='word_1_352' title='bbox 2642 2167 3016 2221; x_wconf 83' lang='lat' dir='ltr'><strong>conversionis</strong></span> <span class='ocrx_word' id='word_1_353' title='bbox 3070 2166 3222 2220; x_wconf 90' lang='lat' dir='ltr'><strong>initia</strong></span> <span class='ocrx_word' id='word_1_354' title='bbox 3254 2182 3322 2220; x_wconf 82' lang='lat' dir='ltr'><strong>ex</strong></span> <span class='ocrx_word' id='word_1_355' title='bbox 3353 2165 3478 2219; x_wconf 89' lang='lat' dir='ltr'><strong>sub-</strong></span> 
     </span>
    </p>
   </div>
   <div class='ocr_carea' id='block_1_52' title="bbox 1881 2257 3481 2330">
    <p class='ocr_par' dir='ltr' id='par_1_52' title="bbox 1881 2257 3481 2330">
     <span class='ocr_line' id='line_1_52' title="bbox 1881 2257 3481 2330; baseline -0.002 -19"><span class='ocrx_word' id='word_1_356' title='bbox 1881 2258 2023 2330; x_wconf 76' lang='lat' dir='ltr'><strong>jecla</strong></span> <span class='ocrx_word' id='word_1_357' title='bbox 2049 2269 2243 2313; x_wconf 88' lang='lat' dir='ltr'><strong>nactus</strong></span> <span class='ocrx_word' id='word_1_358' title='bbox 2264 2259 2550 2313; x_wconf 81' lang='lat' dir='ltr'><strong>occasione</strong></span> <span class='ocrx_word' id='word_1_359' title='bbox 2572 2258 2926 2328; x_wconf 79' lang='lat' dir='ltr'><strong>dignoscitur.</strong></span> <span class='ocrx_word' id='word_1_360' title='bbox 2962 2257 3241 2312; x_wconf 81' lang='lat' dir='ltr'><strong>Manasses</strong></span> <span class='ocrx_word' id='word_1_361' title='bbox 3264 2257 3481 2326; x_wconf 90' lang='lat' dir='ltr'><strong>quidam</strong></span> 
     </span>
    </p>
   </div>
   <div class='ocr_carea' id='block_1_53' title="bbox 1884 2350 3481 2421">
    <p class='ocr_par' dir='ltr' id='par_1_53' title="bbox 1884 2350 3481 2421">
     <span class='ocr_line' id='line_1_53' title="bbox 1884 2350 3481 2421; baseline -0.004 -15"><span class='ocrx_word' id='word_1_362' title='bbox 1884 2361 2009 2421; x_wconf 91' lang='lat' dir='ltr'><strong>post</strong></span> <span class='ocrx_word' id='word_1_363' title='bbox 2057 2351 2303 2408; x_wconf 88' lang='lat' dir='ltr'><strong>Gervasii</strong></span> <span class='ocrx_word' id='word_1_364' title='bbox 2358 2350 2704 2404; x_wconf 89' lang='lat' dir='ltr'><strong>famosissimi</strong></span> <span class='ocrx_word' id='word_1_365' title='bbox 2760 2350 3158 2420; x_wconf 89' lang='lat' dir='ltr'><strong>archiepiscopi</strong></span> <span class='ocrx_word' id='word_1_366' title='bbox 3201 2350 3481 2403; x_wconf 83' lang='lat' dir='ltr'><strong>decessum</strong></span> 
     </span>
    </p>
   </div>
   <div class='ocr_carea' id='block_1_54' title="bbox 1886 2439 3483 2511">
    <p class='ocr_par' dir='ltr' id='par_1_54' title="bbox 1886 2439 3483 2511">
     <span class='ocr_line' id='line_1_54' title="bbox 1886 2439 3483 2511; baseline -0.001 -17"><span class='ocrx_word' id='word_1_367' title='bbox 1886 2443 2154 2511; x_wconf 71' lang='lat' dir='ltr'><strong>prazdiclze</strong></span> <span class='ocrx_word' id='word_1_368' title='bbox 2189 2443 2339 2496; x_wconf 79' lang='lat' dir='ltr'><strong>urbis</strong></span> <span class='ocrx_word' id='word_1_369' title='bbox 2369 2442 2614 2511; x_wconf 85' lang='lat' dir='ltr'><strong>regimini</strong></span> <span class='ocrx_word' id='word_1_370' title='bbox 2683 2439 2991 2495; x_wconf 90' lang='lat' dir='ltr'><strong>Simoniace</strong></span> <span class='ocrx_word' id='word_1_371' title='bbox 3039 2457 3095 2496; x_wconf 90' lang='lat' dir='ltr'><strong>se</strong></span> <span class='ocrx_word' id='word_1_372' title='bbox 3133 2441 3370 2504; x_wconf 91' lang='lat' dir='ltr'><strong>intrusit,</strong></span> <span class='ocrx_word' id='word_1_373' title='bbox 3401 2441 3483 2493; x_wconf 88' lang='lat' dir='ltr'><strong>vir</strong></span> 
     </span>
    </p>
   </div>
   <div class='ocr_carea' id='block_1_55' title="bbox 1886 2531 3483 2602">
    <p class='ocr_par' dir='ltr' id='par_1_55' title="bbox 1886 2531 3483 2602">
     <span class='ocr_line' id='line_1_55' title="bbox 1886 2531 3483 2602; baseline -0.002 -17"><span class='ocrx_word' id='word_1_374' title='bbox 1886 2532 2103 2602; x_wconf 85' lang='lat' dir='ltr'><strong>quidem</strong></span> <span class='ocrx_word' id='word_1_375' title='bbox 2160 2533 2378 2595; x_wconf 90' lang='lat' dir='ltr'><strong>nobilis,</strong></span> <span class='ocrx_word' id='word_1_376' title='bbox 2436 2532 2531 2587; x_wconf 87' lang='lat' dir='ltr'><strong>sed</strong></span> <span class='ocrx_word' id='word_1_377' title='bbox 2562 2532 2693 2585; x_wconf 88' lang='lat' dir='ltr'><strong>nihil</strong></span> <span class='ocrx_word' id='word_1_378' title='bbox 2732 2547 2955 2601; x_wconf 89' lang='lat' dir='ltr'><strong>prorsus</strong></span> <span class='ocrx_word' id='word_1_379' title='bbox 2986 2531 3322 2595; x_wconf 84' lang='lat' dir='ltr'><strong>serenitatis,</strong></span> <span class='ocrx_word' id='word_1_380' title='bbox 3363 2546 3483 2599; x_wconf 64' lang='lat' dir='ltr'><strong>qua;</strong></span> 
     </span>
    </p>
   </div>
   <div class='ocr_carea' id='block_1_56' title="bbox 1887 2622 3478 2692">
    <p class='ocr_par' dir='ltr' id='par_1_56' title="bbox 1887 2622 3478 2692">
     <span class='ocr_line' id='line_1_56' title="bbox 1887 2622 3478 2692; baseline 0 -17"><span class='ocrx_word' id='word_1_381' title='bbox 1887 2624 2064 2692; x_wconf 91' lang='lat' dir='ltr'><strong>prima</strong></span> <span class='ocrx_word' id='word_1_382' title='bbox 2114 2623 2501 2691; x_wconf 83' lang='lat' dir='ltr'><strong>ingenuitatem</strong></span> <span class='ocrx_word' id='word_1_383' title='bbox 2549 2624 2743 2688; x_wconf 86' lang='lat' dir='ltr'><strong>decet,</strong></span> <span class='ocrx_word' id='word_1_384' title='bbox 2790 2623 3021 2677; x_wconf 88' lang='lat' dir='ltr'><strong>habens.</strong></span> <span class='ocrx_word' id='word_1_385' title='bbox 3071 2623 3275 2678; x_wconf 83' lang='lat' dir='ltr'><strong>Tantos</strong></span> <span class='ocrx_word' id='word_1_386' title='bbox 3334 2622 3478 2677; x_wconf 90' lang='lat' dir='ltr'><strong>enim</strong></span> 
     </span>
    </p>
   </div>
   <div class='ocr_carea' id='block_1_57' title="bbox 1889 2714 3480 2788">
    <p class='ocr_par' dir='ltr' id='par_1_57' title="bbox 1889 2714 3480 2788">
     <span class='ocr_line' id='line_1_57' title="bbox 1889 2714 3480 2788; baseline 0.002 -20"><span class='ocrx_word' id='word_1_387' title='bbox 1889 2714 2058 2771; x_wconf 88' lang='lat' dir='ltr'><strong>fastus</strong></span> <span class='ocrx_word' id='word_1_388' title='bbox 2086 2732 2152 2770; x_wconf 66' lang='lat' dir='ltr'><strong>ex</strong></span> <span class='ocrx_word' id='word_1_389' title='bbox 2197 2717 2285 2771; x_wconf 84' lang='lat' dir='ltr'><strong>illa</strong></span> <span class='ocrx_word' id='word_1_390' title='bbox 2343 2717 2583 2771; x_wconf 68' lang='lat' dir='ltr'><strong>novitate</strong></span> <span class='ocrx_word' id='word_1_391' title='bbox 2628 2727 2971 2786; x_wconf 81' lang='lat' dir='ltr'><strong>conceperat,</strong></span> <span class='ocrx_word' id='word_1_392' title='bbox 3001 2725 3060 2772; x_wconf 91' lang='lat' dir='ltr'><strong>ut</strong></span> <span class='ocrx_word' id='word_1_393' title='bbox 3099 2717 3275 2785; x_wconf 83' lang='lat' dir='ltr'><strong>regias</strong></span> <span class='ocrx_word' id='word_1_394' title='bbox 3316 2731 3480 2788; x_wconf 80' lang='lat' dir='ltr'><strong>pcre-</strong></span> 
     </span>
    </p>
   </div>
   <div class='ocr_carea' id='block_1_58' title="bbox 1887 2806 3481 2879">
    <p class='ocr_par' dir='ltr' id='par_1_58' title="bbox 1887 2806 3481 2879">
     <span class='ocr_line' id='line_1_58' title="bbox 1887 2806 3481 2879; baseline -0.001 -18"><span class='ocrx_word' id='word_1_395' title='bbox 1887 2809 2162 2879; x_wconf 72' lang='lat' dir='ltr'><strong>grinarum</strong></span> <span class='ocrx_word' id='word_1_396' title='bbox 2191 2808 2430 2878; x_wconf 91' lang='lat' dir='ltr'><strong>gentium</strong></span> <span class='ocrx_word' id='word_1_397' title='bbox 2459 2806 2796 2877; x_wconf 80' lang='lat' dir='ltr'><strong>majestates,</strong></span> <span class='ocrx_word' id='word_1_398' title='bbox 2834 2808 2941 2861; x_wconf 89' lang='lat' dir='ltr'><strong>imo</strong></span> <span class='ocrx_word' id='word_1_399' title='bbox 2966 2807 3185 2877; x_wconf 84' lang='lat' dir='ltr'><strong>majesta</strong></span> <span class='ocrx_word' id='word_1_400' title='bbox 3199 2815 3307 2860; x_wconf 91' lang='lat' dir='ltr'><strong>tum</strong></span> <span class='ocrx_word' id='word_1_401' title='bbox 3335 2806 3481 2859; x_wconf 83' lang='lat' dir='ltr'><strong>fero-</strong></span> 
     </span>
    </p>
   </div>
   <div class='ocr_carea' id='block_1_59' title="bbox 1888 2898 3482 2967">
    <p class='ocr_par' dir='ltr' id='par_1_59' title="bbox 1888 2898 3482 2967">
     <span class='ocr_line' id='line_1_59' title="bbox 1888 2898 3482 2967; baseline -0.001 -16"><span class='ocrx_word' id='word_1_402' title='bbox 1888 2900 2082 2953; x_wconf 72' lang='lat' dir='ltr'><strong>citares</strong></span> <span class='ocrx_word' id='word_1_403' title='bbox 2111 2899 2313 2953; x_wconf 86' lang='lat' dir='ltr'><strong>imitari</strong></span> <span class='ocrx_word' id='word_1_404' title='bbox 2341 2899 2637 2953; x_wconf 82' lang='lat' dir='ltr'><strong>videretur.</strong></span> <span class='ocrx_word' id='word_1_405' title='bbox 2667 2938 2681 2953; x_wconf 96' lang='lat'><strong>.</strong></span> <span class='ocrx_word' id='word_1_406' title='bbox 2718 2939 2731 2952; x_wconf 96' lang='lat'><strong>.</strong></span> <span class='ocrx_word' id='word_1_407' title='bbox 2769 2940 2781 2953; x_wconf 91' lang='lat'><strong>.</strong></span> <span class='ocrx_word' id='word_1_408' title='bbox 2818 2898 2865 2953; x_wconf 92' lang='lat' dir='ltr'><strong>ls</strong></span> <span class='ocrx_word' id='word_1_409' title='bbox 2903 2898 3070 2967; x_wconf 87' lang='lat' dir='ltr'><strong>igitur</strong></span> <span class='ocrx_word' id='word_1_410' title='bbox 3113 2915 3236 2952; x_wconf 91' lang='lat' dir='ltr'><strong>cum</strong></span> <span class='ocrx_word' id='word_1_411' title='bbox 3278 2898 3482 2951; x_wconf 87' lang='lat' dir='ltr'><strong>milites</strong></span> 
     </span>
    </p>
   </div>
   <div class='ocr_carea' id='block_1_60' title="bbox 1887 2990 3483 3061">
    <p class='ocr_par' dir='ltr' id='par_1_60' title="bbox 1887 2990 3483 3061">
     <span class='ocr_line' id='line_1_60' title="bbox 1887 2990 3483 3061; baseline -0.003 -17"><span class='ocrx_word' id='word_1_412' title='bbox 1887 3006 2230 3061; x_wconf 79' lang='lat' dir='ltr'><strong>summOpere</strong></span> <span class='ocrx_word' id='word_1_413' title='bbox 2278 2992 2557 3047; x_wconf 69' lang='lat' dir='ltr'><strong>affectaret</strong></span> <span class='ocrx_word' id='word_1_414' title='bbox 2590 3033 2605 3055; x_wconf 96' lang='lat'><strong>,</strong></span> <span class='ocrx_word' id='word_1_415' title='bbox 2661 2993 2866 3045; x_wconf 82' lang='lat' dir='ltr'><strong>clertun</strong></span> <span class='ocrx_word' id='word_1_416' title='bbox 2921 2991 3236 3060; x_wconf 76' lang='lat' dir='ltr'><strong>negligeret,</strong></span> <span class='ocrx_word' id='word_1_417' title='bbox 3280 2990 3483 3044; x_wconf 79' lang='lat' dir='ltr'><strong>dixisse</strong></span> 
     </span>
    </p>
   </div>
   <div class='ocr_carea' id='block_1_61' title="bbox 244 3073 3482 3167">
    <p class='ocr_par' dir='ltr' id='par_1_61' title="bbox 244 3073 3482 3167">
     <span class='ocr_line' id='line_1_61' title="bbox 244 3073 3482 3167; baseline 0.001 -38"><span class='ocrx_word' id='word_1_418' title='bbox 244 3086 527 3144; x_wconf 82' lang='lat' dir='ltr'><strong>versaretur,</strong></span> <span class='ocrx_word' id='word_1_419' title='bbox 569 3076 864 3130; x_wconf 88' lang='lat' dir='ltr'><strong>adstitisse.</strong></span> <span class='ocrx_word' id='word_1_420' title='bbox 900 3075 1063 3142; x_wconf 83' lang='lat' dir='ltr'><strong>Audi,</strong></span> <span class='ocrx_word' id='word_1_421' title='bbox 1110 3075 1225 3145; x_wconf 60' lang='lat' dir='ltr'><strong>(illi.</strong></span> <span class='ocrx_word' id='word_1_422' title='bbox 1252 3074 1499 3144; x_wconf 73' lang='lat' dir='ltr'><strong>DFOdigiO</strong></span> <span class='ocrx_word' id='word_1_423' title='bbox 1546 3073 1635 3126; x_wconf 73' lang='grc' dir='ltr'><strong>ῖηο</strong></span> <span class='ocrx_word' id='word_1_424' title='bbox 1662 3089 1785 3126; x_wconf 64' lang='grc' dir='ltr'><strong>ηειν-</strong></span> <span class='ocrx_word' id='word_1_425' title='bbox 1815 3111 1855 3167; x_wconf 72' lang='lat' dir='ltr'><strong><em>C</em></strong></span> <span class='ocrx_word' id='word_1_426' title='bbox 1890 3083 2176 3151; x_wconf 83' lang='lat' dir='ltr'><strong>aliquando</strong></span> <span class='ocrx_word' id='word_1_427' title='bbox 2228 3082 2489 3147; x_wconf 80' lang='lat' dir='ltr'><strong>refertur;</strong></span> <span class='ocrx_word' id='word_1_428' title='bbox 2563 3101 2580 3133; x_wconf 75' lang='grc' dir='ltr'>ι</span> <span class='ocrx_word' id='word_1_429' title='bbox 2613 3084 2805 3143; x_wconf 86' lang='lat' dir='ltr'><strong>bonus,</strong></span> <span class='ocrx_word' id='word_1_430' title='bbox 2863 3082 2958 3143; x_wconf 88' lang='lat' dir='ltr'><strong>ait,</strong></span> <span class='ocrx_word' id='word_1_431' title='bbox 2991 3091 3135 3135; x_wconf 89' lang='lat' dir='ltr'><strong>esset</strong></span> <span class='ocrx_word' id='word_1_432' title='bbox 3194 3080 3482 3135; x_wconf 74' lang='lat' dir='ltr'><strong>Remensis</strong></span> 
     </span>
    </p>
   </div>
   <div class='ocr_carea' id='block_1_62' title="bbox 246 3164 1786 3237">
    <p class='ocr_par' dir='ltr' id='par_1_62' title="bbox 246 3164 1786 3237">
     <span class='ocr_line' id='line_1_62' title="bbox 246 3164 1786 3237; baseline -0.002 -17"><span class='ocrx_word' id='word_1_433' title='bbox 246 3179 358 3232; x_wconf 84' lang='lat' dir='ltr'><strong>rato,</strong></span> <span class='ocrx_word' id='word_1_434' title='bbox 390 3168 603 3230; x_wconf 83' lang='lat' dir='ltr'><strong>num.5,</strong></span> <span class='ocrx_word' id='word_1_435' title='bbox 630 3166 919 3237; x_wconf 89' lang='lat' dir='ltr'><strong>loquatur:</strong></span> <span class='ocrx_word' id='word_1_436' title='bbox 950 3167 1050 3221; x_wconf 70' lang='lat' dir='ltr'><strong>«Ea</strong></span> <span class='ocrx_word' id='word_1_437' title='bbox 1076 3174 1421 3236; x_wconf 85' lang='lat' dir='ltr'><strong>tempestate.</strong></span> <span class='ocrx_word' id='word_1_438' title='bbox 1446 3164 1637 3233; x_wconf 90' lang='lat' dir='ltr'><strong>inquit,</strong></span> <span class='ocrx_word' id='word_1_439' title='bbox 1668 3176 1786 3217; x_wconf 44' lang='lat' dir='ltr'><strong>erit</strong></span> 
     </span>
    </p>
   </div>
   <div class='ocr_carea' id='block_1_63' title="bbox 244 3253 1781 3327">
    <p class='ocr_par' dir='ltr' id='par_1_63' title="bbox 244 3253 1781 3327">
     <span class='ocr_line' id='line_1_63' title="bbox 244 3253 1781 3327; baseline -0.005 -16"><span class='ocrx_word' id='word_1_440' title='bbox 244 3259 298 3311; x_wconf 84' lang='lat' dir='ltr'><strong>ibi</strong></span> <span class='ocrx_word' id='word_1_441' title='bbox 331 3258 555 3327; x_wconf 88' lang='lat' dir='ltr'><strong>(Parisiis</strong></span> <span class='ocrx_word' id='word_1_442' title='bbox 579 3274 769 3326; x_wconf 88' lang='lat' dir='ltr'><strong>nempe</strong></span> <span class='ocrx_word' id='word_1_443' title='bbox 797 3273 882 3319; x_wconf 89' lang='lat' dir='ltr'><strong>eo,</strong></span> <span class='ocrx_word' id='word_1_444' title='bbox 914 3273 1020 3326; x_wconf 91' lang='lat' dir='ltr'><strong>quo</strong></span> <span class='ocrx_word' id='word_1_445' title='bbox 1051 3256 1356 3326; x_wconf 85' lang='lat' dir='ltr'><strong>prodigium</strong></span> <span class='ocrx_word' id='word_1_446' title='bbox 1384 3254 1605 3317; x_wconf 89' lang='lat' dir='ltr'><strong>accidit,</strong></span> <span class='ocrx_word' id='word_1_447' title='bbox 1642 3253 1781 3323; x_wconf 82' lang='lat' dir='ltr'><strong>loco)</strong></span> 
     </span>
    </p>
   </div>
   <div class='ocr_carea' id='block_1_64' title="bbox 242 3345 1785 3418">
    <p class='ocr_par' dir='ltr' id='par_1_64' title="bbox 242 3345 1785 3418">
     <span class='ocr_line' id='line_1_64' title="bbox 242 3345 1785 3418; baseline -0.001 -18"><span class='ocrx_word' id='word_1_448' title='bbox 242 3352 458 3418; x_wconf 84' lang='lat' dir='ltr'><strong>magister</strong></span> <span class='ocrx_word' id='word_1_449' title='bbox 492 3351 692 3412; x_wconf 86' lang='lat' dir='ltr'><strong>Bruno,</strong></span> <span class='ocrx_word' id='word_1_450' title='bbox 748 3350 965 3403; x_wconf 84' lang='lat' dir='ltr'><strong>natione</strong></span> <span class='ocrx_word' id='word_1_451' title='bbox 997 3347 1365 3402; x_wconf 87' lang='lat' dir='ltr'><strong>Theutonicus</strong></span> <span class='ocrx_word' id='word_1_452' title='bbox 1396 3387 1411 3407; x_wconf 86' lang='lat'><strong>,</strong></span> <span class='ocrx_word' id='word_1_453' title='bbox 1462 3346 1528 3401; x_wconf 88' lang='lat' dir='ltr'><strong>dc</strong></span> <span class='ocrx_word' id='word_1_454' title='bbox 1567 3345 1785 3400; x_wconf 86' lang='lat' dir='ltr'><strong>civitate</strong></span> 
     </span>
    </p>
   </div>
   <div class='ocr_carea' id='block_1_65' title="bbox 242 3435 1783 3508">
    <p class='ocr_par' dir='ltr' id='par_1_65' title="bbox 242 3435 1783 3508">
     <span class='ocr_line' id='line_1_65' title="bbox 242 3435 1783 3508; baseline -0.003 -15"><span class='ocrx_word' id='word_1_455' title='bbox 242 3439 425 3493; x_wconf 77' lang='lat' dir='ltr'><strong>Colonia</strong></span> <span class='ocrx_word' id='word_1_456' title='bbox 475 3456 581 3495; x_wconf 93' lang='lat' dir='ltr'><strong>non</strong></span> <span class='ocrx_word' id='word_1_457' title='bbox 626 3439 877 3494; x_wconf 86' lang='lat' dir='ltr'><strong>obscuris</strong></span> <span class='ocrx_word' id='word_1_458' title='bbox 923 3438 1242 3508; x_wconf 85' lang='lat' dir='ltr'><strong>parentibus</strong></span> <span class='ocrx_word' id='word_1_459' title='bbox 1312 3445 1496 3498; x_wconf 89' lang='lat' dir='ltr'><strong>natus,</strong></span> <span class='ocrx_word' id='word_1_460' title='bbox 1542 3435 1783 3490; x_wconf 69' lang='lat' dir='ltr'><strong>ecclesire</strong></span> 
     </span>
    </p>
   </div>
   <div class='ocr_carea' id='block_1_66' title="bbox 238 3529 1784 3597">
    <p class='ocr_par' dir='ltr' id='par_1_66' title="bbox 238 3529 1784 3597">
     <span class='ocr_line' id='line_1_66' title="bbox 238 3529 1784 3597; baseline -0.002 -12"><span class='ocrx_word' id='word_1_461' title='bbox 238 3530 481 3587; x_wconf 76' lang='lat' dir='ltr'><strong>Remensis</strong></span> <span class='ocrx_word' id='word_1_462' title='bbox 500 3533 799 3587; x_wconf 89' lang='lat' dir='ltr'><strong>canonicus</strong></span> <span class='ocrx_word' id='word_1_463' title='bbox 842 3541 895 3585; x_wconf 90' lang='lat' dir='ltr'><strong>et</strong></span> <span class='ocrx_word' id='word_1_464' title='bbox 928 3532 1123 3585; x_wconf 86' lang='lat' dir='ltr'><strong>ibidem</strong></span> <span class='ocrx_word' id='word_1_465' title='bbox 1168 3529 1479 3586; x_wconf 87' lang='lat' dir='ltr'><strong>scholarum</strong></span> <span class='ocrx_word' id='word_1_466' title='bbox 1523 3529 1784 3597; x_wconf 86' lang='lat' dir='ltr'><strong>magister</strong></span> 
     </span>
    </p>
   </div>
   <div class='ocr_carea' id='block_1_67' title="bbox 238 3619 1784 3692">
    <p class='ocr_par' dir='ltr' id='par_1_67' title="bbox 238 3619 1784 3692">
     <span class='ocr_line' id='line_1_67' title="bbox 238 3619 1784 3692; baseline 0.002 -20"><span class='ocrx_word' id='word_1_467' title='bbox 238 3621 279 3673; x_wconf 89' lang='lat' dir='ltr'><strong>in</strong></span> <span class='ocrx_word' id='word_1_468' title='bbox 305 3623 575 3692; x_wconf 86' lang='lat' dir='ltr'><strong>theologia,</strong></span> <span class='ocrx_word' id='word_1_469' title='bbox 608 3623 725 3692; x_wconf 90' lang='lat' dir='ltr'><strong>qui,</strong></span> <span class='ocrx_word' id='word_1_470' title='bbox 775 3637 937 3692; x_wconf 88' lang='lat' dir='ltr'><strong>supra</strong></span> <span class='ocrx_word' id='word_1_471' title='bbox 987 3621 1207 3689; x_wconf 85' lang='lat' dir='ltr'><strong>scriptis</strong></span> <span class='ocrx_word' id='word_1_472' title='bbox 1261 3620 1485 3674; x_wconf 83' lang='lat' dir='ltr'><strong>vocibus</strong></span> <span class='ocrx_word' id='word_1_473' title='bbox 1521 3619 1784 3689; x_wconf 86' lang='lat' dir='ltr'><strong>(doctoris</strong></span> 
     </span>
    </p>
   </div>
   <div class='ocr_carea' id='block_1_68' title="bbox 236 3709 1779 3784">
    <p class='ocr_par' dir='ltr' id='par_1_68' title="bbox 236 3709 1779 3784">
     <span class='ocr_line' id='line_1_68' title="bbox 236 3709 1779 3784; baseline -0.001 -18"><span class='ocrx_word' id='word_1_474' title='bbox 236 3729 414 3784; x_wconf 87' lang='lat' dir='ltr'><strong>nempe,</strong></span> <span class='ocrx_word' id='word_1_475' title='bbox 453 3730 570 3769; x_wconf 90' lang='lat' dir='ltr'><strong>sese</strong></span> <span class='ocrx_word' id='word_1_476' title='bbox 606 3715 946 3779; x_wconf 74' lang='lat' dir='ltr'><strong>damnatura,</strong></span> <span class='ocrx_word' id='word_1_477' title='bbox 998 3729 1029 3767; x_wconf 90' lang='lat' dir='ltr'><strong>e</strong></span> <span class='ocrx_word' id='word_1_478' title='bbox 1081 3713 1281 3767; x_wconf 78' lang='lat' dir='ltr'><strong>feretro</strong></span> <span class='ocrx_word' id='word_1_479' title='bbox 1304 3709 1611 3781; x_wconf 79' lang='lat' dir='ltr'><strong>vociferati)</strong></span> <span class='ocrx_word' id='word_1_480' title='bbox 1636 3711 1779 3766; x_wconf 77' lang='lat' dir='ltr'><strong>salu-</strong></span> 
     </span>
    </p>
   </div>
   <div class='ocr_carea' id='block_1_69' title="bbox 234 3803 1783 3876">
    <p class='ocr_par' dir='ltr' id='par_1_69' title="bbox 234 3803 1783 3876">
     <span class='ocr_line' id='line_1_69' title="bbox 234 3803 1783 3876; baseline 0 -19"><span class='ocrx_word' id='word_1_481' title='bbox 234 3803 372 3861; x_wconf 85' lang='lat' dir='ltr'><strong>briter</strong></span> <span class='ocrx_word' id='word_1_482' title='bbox 420 3807 644 3861; x_wconf 89' lang='lat' dir='ltr'><strong>territus</strong></span> <span class='ocrx_word' id='word_1_483' title='bbox 702 3816 866 3876; x_wconf 89' lang='lat' dir='ltr'><strong>atque</strong></span> <span class='ocrx_word' id='word_1_484' title='bbox 930 3815 1287 3874; x_wconf 89' lang='lat' dir='ltr'><strong>compunctus</strong></span> <span class='ocrx_word' id='word_1_485' title='bbox 1362 3804 1628 3859; x_wconf 89' lang='lat' dir='ltr'><strong>allocutus</strong></span> <span class='ocrx_word' id='word_1_486' title='bbox 1698 3814 1783 3858; x_wconf 87' lang='lat' dir='ltr'><strong>est</strong></span> 
     </span>
    </p>
   </div>
   <div class='ocr_carea' id='block_1_70' title="bbox 232 3895 1781 3967">
    <p class='ocr_par' dir='ltr' id='par_1_70' title="bbox 232 3895 1781 3967">
     <span class='ocr_line' id='line_1_70' title="bbox 232 3895 1781 3967; baseline -0.001 -16"><span class='ocrx_word' id='word_1_487' title='bbox 232 3898 453 3965; x_wconf 86' lang='lat' dir='ltr'><strong>quosdam</strong></span> <span class='ocrx_word' id='word_1_488' title='bbox 475 3898 653 3953; x_wconf 87' lang='lat' dir='ltr'><strong>socios</strong></span> <span class='ocrx_word' id='word_1_489' title='bbox 677 3899 748 3952; x_wconf 90' lang='lat' dir='ltr'><strong>ibi</strong></span> <span class='ocrx_word' id='word_1_490' title='bbox 781 3906 1098 3967; x_wconf 74' lang='lat' dir='ltr'><strong>prmsentcs,</strong></span> <span class='ocrx_word' id='word_1_491' title='bbox 1122 3918 1139 3948; x_wconf 69' lang='grc' dir='ltr'>ι</span> <span class='ocrx_word' id='word_1_492' title='bbox 1164 3905 1267 3950; x_wconf 91' lang='lat' dir='ltr'><strong>etc.</strong></span> <span class='ocrx_word' id='word_1_493' title='bbox 1288 3895 1365 3949; x_wconf 90' lang='lat' dir='ltr'><strong>lta</strong></span> <span class='ocrx_word' id='word_1_494' title='bbox 1390 3895 1664 3964; x_wconf 88' lang='lat' dir='ltr'><strong>antiquior</strong></span> <span class='ocrx_word' id='word_1_495' title='bbox 1690 3895 1781 3949; x_wconf 92' lang='lat' dir='ltr'><strong>illa</strong></span> 
     </span>
    </p>
   </div>
   <div class='ocr_carea' id='block_1_71' title="bbox 232 3986 1777 4059">
    <p class='ocr_par' dir='ltr' id='par_1_71' title="bbox 232 3986 1777 4059">
     <span class='ocr_line' id='line_1_71' title="bbox 232 3986 1777 4059; baseline 0 -17"><span class='ocrx_word' id='word_1_496' title='bbox 232 3987 382 4044; x_wconf 83' lang='lat' dir='ltr'><strong>Sancti</strong></span> <span class='ocrx_word' id='word_1_497' title='bbox 411 3990 546 4052; x_wconf 76' lang='lat' dir='ltr'><strong>Vita,</strong></span> <span class='ocrx_word' id='word_1_498' title='bbox 578 3987 732 4057; x_wconf 85' lang='lat' dir='ltr'><strong>cujus</strong></span> <span class='ocrx_word' id='word_1_499' title='bbox 786 3997 979 4044; x_wconf 92' lang='lat' dir='ltr'><strong>auctor</strong></span> <span class='ocrx_word' id='word_1_500' title='bbox 1019 4003 1319 4059; x_wconf 81' lang='lat' dir='ltr'><strong>anonymus</strong></span> <span class='ocrx_word' id='word_1_501' title='bbox 1350 3986 1409 4042; x_wconf 90' lang='grc'>8.</span> <span class='ocrx_word' id='word_1_502' title='bbox 1461 3987 1777 4043; x_wconf 88' lang='lat' dir='ltr'><strong>Brunonem</strong></span> 
     </span>
    </p>
   </div>
   <div class='ocr_carea' id='block_1_72' title="bbox 231 4080 1781 4151">
    <p class='ocr_par' dir='ltr' id='par_1_72' title="bbox 231 4080 1781 4151">
     <span class='ocr_line' id='line_1_72' title="bbox 231 4080 1781 4151; baseline 0.001 -19"><span class='ocrx_word' id='word_1_503' title='bbox 231 4082 404 4150; x_wconf 82' lang='lat' dir='ltr'><strong>utique,</strong></span> <span class='ocrx_word' id='word_1_504' title='bbox 427 4082 469 4137; x_wconf 88' lang='lat' dir='ltr'><strong>si</strong></span> <span class='ocrx_word' id='word_1_505' title='bbox 497 4097 647 4142; x_wconf 89' lang='lat' dir='ltr'><strong>eum,</strong></span> <span class='ocrx_word' id='word_1_506' title='bbox 670 4097 791 4136; x_wconf 94' lang='lat' dir='ltr'><strong>cum</strong></span> <span class='ocrx_word' id='word_1_507' title='bbox 818 4080 1144 4151; x_wconf 78' lang='lat' dir='ltr'><strong>prodigium,</strong></span> <span class='ocrx_word' id='word_1_508' title='bbox 1176 4080 1319 4150; x_wconf 87' lang='lat' dir='ltr'><strong>quod</strong></span> <span class='ocrx_word' id='word_1_509' title='bbox 1337 4089 1564 4150; x_wconf 83' lang='lat' dir='ltr'><strong>narrat,</strong></span> <span class='ocrx_word' id='word_1_510' title='bbox 1627 4080 1781 4134; x_wconf 85' lang='lat' dir='ltr'><strong>Pari-</strong></span> 
     </span>
    </p>
   </div>
   <div class='ocr_carea' id='block_1_73' title="bbox 231 4171 1781 4238">
    <p class='ocr_par' dir='ltr' id='par_1_73' title="bbox 231 4171 1781 4238">
     <span class='ocr_line' id='line_1_73' title="bbox 231 4171 1781 4238; baseline 0.001 -15"><span class='ocrx_word' id='word_1_511' title='bbox 231 4172 304 4226; x_wconf 83' lang='lat' dir='ltr'><strong>siis</strong></span> <span class='ocrx_word' id='word_1_512' title='bbox 349 4173 586 4228; x_wconf 88' lang='lat' dir='ltr'><strong>docuisse</strong></span> <span class='ocrx_word' id='word_1_513' title='bbox 608 4173 997 4238; x_wconf 79' lang='lat' dir='ltr'><strong>existimasset,</strong></span> <span class='ocrx_word' id='word_1_514' title='bbox 1028 4171 1339 4227; x_wconf 90' lang='lat' dir='ltr'><strong>scholarum</strong></span> <span class='ocrx_word' id='word_1_515' title='bbox 1394 4188 1502 4227; x_wconf 92' lang='lat' dir='ltr'><strong>non</strong></span> <span class='ocrx_word' id='word_1_516' title='bbox 1552 4172 1781 4226; x_wconf 64' lang='lat' dir='ltr'><strong>Remen«</strong></span> 
     </span>
    </p>
   </div>
   <div class='ocr_carea' id='block_1_74' title="bbox 228 4262 1778 4327">
    <p class='ocr_par' dir='ltr' id='par_1_74' title="bbox 228 4262 1778 4327">
     <span class='ocr_line' id='line_1_74' title="bbox 228 4262 1778 4327; baseline 0.001 -12"><span class='ocrx_word' id='word_1_517' title='bbox 228 4263 362 4325; x_wconf 86' lang='lat' dir='ltr'><strong>sium,</strong></span> <span class='ocrx_word' id='word_1_518' title='bbox 388 4265 462 4319; x_wconf 89' lang='lat' dir='ltr'><strong>uti</strong></span> <span class='ocrx_word' id='word_1_519' title='bbox 510 4264 695 4319; x_wconf 84' lang='lat' dir='ltr'><strong>verbis</strong></span> <span class='ocrx_word' id='word_1_520' title='bbox 745 4263 991 4318; x_wconf 89' lang='lat' dir='ltr'><strong>recitatis</strong></span> <span class='ocrx_word' id='word_1_521' title='bbox 1034 4262 1194 4327; x_wconf 83' lang='lat' dir='ltr'><strong>facit,</strong></span> <span class='ocrx_word' id='word_1_522' title='bbox 1239 4262 1333 4318; x_wconf 83' lang='lat' dir='ltr'><strong>sed</strong></span> <span class='ocrx_word' id='word_1_523' title='bbox 1384 4262 1778 4320; x_wconf 82' lang='lat' dir='ltr'><strong>Parisieusiuut</strong></span> 
     </span>
    </p>
   </div>
   <div class='ocr_carea' id='block_1_75' title="bbox 229 4353 1780 4424">
    <p class='ocr_par' dir='ltr' id='par_1_75' title="bbox 229 4353 1780 4424">
     <span class='ocr_line' id='line_1_75' title="bbox 229 4353 1780 4424; baseline 0.003 -20"><span class='ocrx_word' id='word_1_524' title='bbox 229 4355 507 4423; x_wconf 83' lang='lat' dir='ltr'><strong>magistrum</strong></span> <span class='ocrx_word' id='word_1_525' title='bbox 536 4363 829 4409; x_wconf 87' lang='lat' dir='ltr'><strong>vocaturus</strong></span> <span class='ocrx_word' id='word_1_526' title='bbox 858 4353 1023 4409; x_wconf 88' lang='lat' dir='ltr'><strong>fuisse</strong></span> <span class='ocrx_word' id='word_1_527' title='bbox 1050 4354 1281 4419; x_wconf 87' lang='lat' dir='ltr'><strong>videtur,</strong></span> <span class='ocrx_word' id='word_1_528' title='bbox 1311 4370 1433 4409; x_wconf 90' lang='lat' dir='ltr'><strong>cum</strong></span> <span class='ocrx_word' id='word_1_529' title='bbox 1457 4355 1523 4409; x_wconf 88' lang='lat' dir='ltr'><strong>de</strong></span> <span class='ocrx_word' id='word_1_530' title='bbox 1550 4369 1608 4408; x_wconf 90' lang='lat' dir='ltr'><strong>rc</strong></span> <span class='ocrx_word' id='word_1_531' title='bbox 1659 4370 1780 4424; x_wconf 78' lang='lat' dir='ltr'><strong>qua:</strong></span> 
     </span>
    </p>
   </div>
   <div class='ocr_carea' id='block_1_76' title="bbox 1898 3171 3481 3242">
    <p class='ocr_par' dir='ltr' id='par_1_76' title="bbox 1898 3171 3481 3242">
     <span class='ocr_line' id='line_1_76' title="bbox 1898 3171 3481 3242; baseline 0 -19"><span class='ocrx_word' id='word_1_532' title='bbox 1898 3189 1915 3223; x_wconf 77' lang='grc' dir='ltr'><strong><em>ι</em></strong></span> <span class='ocrx_word' id='word_1_533' title='bbox 1953 3171 2489 3242; x_wconf 77' lang='lat' dir='ltr'><strong>archiepiscopatus,</strong></span> <span class='ocrx_word' id='word_1_534' title='bbox 2545 3172 2587 3224; x_wconf 89' lang='lat' dir='ltr'><strong>si</strong></span> <span class='ocrx_word' id='word_1_535' title='bbox 2643 3188 2747 3225; x_wconf 90' lang='lat' dir='ltr'><strong>non</strong></span> <span class='ocrx_word' id='word_1_536' title='bbox 2818 3174 3014 3224; x_wconf 84' lang='lat' dir='ltr'><strong>missas</strong></span> <span class='ocrx_word' id='word_1_537' title='bbox 3088 3171 3208 3223; x_wconf 90' lang='lat' dir='ltr'><strong>inde</strong></span> <span class='ocrx_word' id='word_1_538' title='bbox 3268 3171 3481 3225; x_wconf 77' lang='lat' dir='ltr'><strong>cantari</strong></span> 
     </span>
    </p>
   </div>
   <div class='ocr_carea' id='block_1_77' title="bbox 1896 3258 3479 3331">
    <p class='ocr_par' dir='ltr' id='par_1_77' title="bbox 1896 3258 3479 3331">
     <span class='ocr_line' id='line_1_77' title="bbox 1896 3258 3479 3331; baseline 0.003 -23"><span class='ocrx_word' id='word_1_539' title='bbox 1896 3280 1911 3308; x_wconf 76' lang='grc' dir='ltr'><strong>ι</strong></span> <span class='ocrx_word' id='word_1_540' title='bbox 1938 3271 2157 3330; x_wconf 89' lang='lat' dir='ltr'><strong>oportcr</strong></span> <span class='ocrx_word' id='word_1_541' title='bbox 2180 3271 2230 3313; x_wconf 27' lang='lat' dir='ltr'><strong>tt.</strong></span> <span class='ocrx_word' id='word_1_542' title='bbox 2270 3280 2287 3311; x_wconf 74' lang='grc' dir='ltr'><strong><em>ι</em></strong></span> <span class='ocrx_word' id='word_1_543' title='bbox 2321 3260 2488 3328; x_wconf 84' lang='lat' dir='ltr'><strong>llnjus</strong></span> <span class='ocrx_word' id='word_1_544' title='bbox 2514 3275 2644 3331; x_wconf 85' lang='lat' dir='ltr'><strong>ergo</strong></span> <span class='ocrx_word' id='word_1_545' title='bbox 2701 3276 2882 3314; x_wconf 88' lang='lat' dir='ltr'><strong>mores</strong></span> <span class='ocrx_word' id='word_1_546' title='bbox 2932 3274 3155 3329; x_wconf 88' lang='lat' dir='ltr'><strong>prorsus</strong></span> <span class='ocrx_word' id='word_1_547' title='bbox 3183 3258 3479 3327; x_wconf 79' lang='lat' dir='ltr'><strong>improbos,</strong></span> 
     </span>
    </p>
   </div>
   <div class='ocr_carea' id='block_1_78' title="bbox 1885 3350 3483 3419">
    <p class='ocr_par' dir='ltr' id='par_1_78' title="bbox 1885 3350 3483 3419">
     <span class='ocr_line' id='line_1_78' title="bbox 1885 3350 3483 3419; baseline 0 -15"><span class='ocrx_word' id='word_1_548' title='bbox 1885 3360 1940 3404; x_wconf 93' lang='lat' dir='ltr'><strong>ct</strong></span> <span class='ocrx_word' id='word_1_549' title='bbox 1977 3351 2375 3419; x_wconf 76' lang='lat' dir='ltr'><strong>stnpidissimos</strong></span> <span class='ocrx_word' id='word_1_550' title='bbox 2409 3350 2622 3405; x_wconf 83' lang='lat' dir='ltr'><strong>habitus</strong></span> <span class='ocrx_word' id='word_1_551' title='bbox 2669 3366 2792 3405; x_wconf 93' lang='lat' dir='ltr'><strong>cum</strong></span> <span class='ocrx_word' id='word_1_552' title='bbox 2853 3352 3033 3406; x_wconf 91' lang='lat' dir='ltr'><strong>omnis</strong></span> <span class='ocrx_word' id='word_1_553' title='bbox 3064 3351 3327 3405; x_wconf 89' lang='lat' dir='ltr'><strong>honestus</strong></span> <span class='ocrx_word' id='word_1_554' title='bbox 3353 3351 3483 3405; x_wconf 82' lang='lat' dir='ltr'><strong>hor-</strong></span> 
     </span>
    </p>
   </div>
   <div class='ocr_carea' id='block_1_79' title="bbox 1890 3439 3481 3509">
    <p class='ocr_par' dir='ltr' id='par_1_79' title="bbox 1890 3439 3481 3509">
     <span class='ocr_line' id='line_1_79' title="bbox 1890 3439 3481 3509; baseline 0.002 -16"><span class='ocrx_word' id='word_1_555' title='bbox 1890 3449 2061 3503; x_wconf 86' lang='lat' dir='ltr'><strong>reret,</strong></span> <span class='ocrx_word' id='word_1_556' title='bbox 2097 3439 2277 3495; x_wconf 88' lang='lat' dir='ltr'><strong>Bruuo</strong></span> <span class='ocrx_word' id='word_1_557' title='bbox 2330 3450 2454 3495; x_wconf 93' lang='lat' dir='ltr'><strong>tunc</strong></span> <span class='ocrx_word' id='word_1_558' title='bbox 2480 3443 2530 3495; x_wconf 91' lang='lat' dir='ltr'><strong>in</strong></span> <span class='ocrx_word' id='word_1_559' title='bbox 2567 3441 2813 3496; x_wconf 80' lang='lat' dir='ltr'><strong>ccclesiis</strong></span> <span class='ocrx_word' id='word_1_560' title='bbox 2838 3441 3029 3496; x_wconf 74' lang='lat' dir='ltr'><strong>Gallia:</strong></span> <span class='ocrx_word' id='word_1_561' title='bbox 3072 3442 3481 3509; x_wconf 59' lang='lat' dir='ltr'><strong>opinatiesimus</strong></span> 
     </span>
    </p>
   </div>
   <div class='ocr_carea' id='block_1_80' title="bbox 1885 3530 3483 3600">
    <p class='ocr_par' dir='ltr' id='par_1_80' title="bbox 1885 3530 3483 3600">
     <span class='ocr_line' id='line_1_80' title="bbox 1885 3530 3483 3600; baseline 0.002 -17"><span class='ocrx_word' id='word_1_562' title='bbox 1885 3544 2005 3583; x_wconf 91' lang='lat' dir='ltr'><strong>cum</strong></span> <span class='ocrx_word' id='word_1_563' title='bbox 2034 3530 2153 3583; x_wconf 85' lang='lat' dir='ltr'><strong>aliis</strong></span> <span class='ocrx_word' id='word_1_564' title='bbox 2178 3530 2499 3600; x_wconf 87' lang='lat' dir='ltr'><strong>quibusdam</strong></span> <span class='ocrx_word' id='word_1_565' title='bbox 2559 3531 2907 3586; x_wconf 87' lang='lat' dir='ltr'><strong>Remensium</strong></span> <span class='ocrx_word' id='word_1_566' title='bbox 2955 3532 3277 3587; x_wconf 88' lang='lat' dir='ltr'><strong>clericorurn</strong></span> <span class='ocrx_word' id='word_1_567' title='bbox 3327 3534 3483 3586; x_wconf 38' lang='lat' dir='ltr'><strong>nobis</strong></span> 
     </span>
    </p>
   </div>
   <div class='ocr_carea' id='block_1_81' title="bbox 1888 3621 3480 3690">
    <p class='ocr_par' dir='ltr' id='par_1_81' title="bbox 1888 3621 3480 3690">
     <span class='ocr_line' id='line_1_81' title="bbox 1888 3621 3480 3690; baseline 0.004 -17"><span class='ocrx_word' id='word_1_568' title='bbox 1888 3621 2025 3675; x_wconf 88' lang='lat' dir='ltr'><strong>libus</strong></span> <span class='ocrx_word' id='word_1_569' title='bbox 2056 3622 2273 3677; x_wconf 87' lang='lat' dir='ltr'><strong>infamis</strong></span> <span class='ocrx_word' id='word_1_570' title='bbox 2305 3624 2445 3676; x_wconf 89' lang='lat' dir='ltr'><strong>illius</strong></span> <span class='ocrx_word' id='word_1_571' title='bbox 2479 3623 2602 3678; x_wconf 89' lang='lat' dir='ltr'><strong>odio</strong></span> <span class='ocrx_word' id='word_1_572' title='bbox 2630 3624 2865 3678; x_wconf 75' lang='lat' dir='ltr'><strong>excessit</strong></span> <span class='ocrx_word' id='word_1_573' title='bbox 2895 3627 2962 3677; x_wconf 93' lang='lat' dir='ltr'><strong>ab</strong></span> <span class='ocrx_word' id='word_1_574' title='bbox 2991 3626 3149 3690; x_wconf 86' lang='lat' dir='ltr'><strong>urbe,</strong></span> <span class='ocrx_word' id='word_1_575' title='bbox 3178 3644 3194 3675; x_wconf 77' lang='grc' dir='ltr'><strong><em>ι</em></strong></span> <span class='ocrx_word' id='word_1_576' title='bbox 3227 3623 3480 3679; x_wconf 79' lang='lat' dir='ltr'><strong>Remensi</strong></span> 
     </span>
    </p>
   </div>
   <div class='ocr_carea' id='block_1_82' title="bbox 1885 3716 2165 3770">
    <p class='ocr_par' dir='ltr' id='par_1_82' title="bbox 1885 3716 2165 3770">
     <span class='ocr_line' id='line_1_82' title="bbox 1885 3716 2165 3770; baseline 0.004 -1"><span class='ocrx_word' id='word_1_577' title='bbox 1885 3716 2165 3770; x_wconf 89' lang='lat' dir='ltr'><strong>nimirum.</strong></span> 
     </span>
    </p>
   </div>
   <div class='ocr_carea' id='block_1_83' title="bbox 1961 3806 3480 3877">
    <p class='ocr_par' dir='ltr' id='par_1_83' title="bbox 1961 3806 3480 3877">
     <span class='ocr_line' id='line_1_83' title="bbox 1961 3806 3480 3877; baseline 0.003 -17"><span class='ocrx_word' id='word_1_578' title='bbox 1961 3806 2077 3860; x_wconf 81' lang='grc'><strong>176.</strong></span> <span class='ocrx_word' id='word_1_579' title='bbox 2111 3807 2379 3862; x_wconf 81' lang='lat' dir='ltr'><strong>Hactenus</strong></span> <span class='ocrx_word' id='word_1_580' title='bbox 2409 3808 2728 3874; x_wconf 89' lang='lat' dir='ltr'><strong>Guibertus;</strong></span> <span class='ocrx_word' id='word_1_581' title='bbox 2760 3824 2946 3865; x_wconf 86' lang='lat' dir='ltr'><strong>verum</strong></span> <span class='ocrx_word' id='word_1_582' title='bbox 2976 3826 3117 3865; x_wconf 85' lang='lat' dir='ltr'><strong>anne</strong></span> <span class='ocrx_word' id='word_1_583' title='bbox 3148 3812 3217 3865; x_wconf 87' lang='lat' dir='ltr'><strong>ita</strong></span> <span class='ocrx_word' id='word_1_584' title='bbox 3271 3826 3480 3877; x_wconf 73' lang='lat' dir='ltr'><strong>veram,</strong></span> 
     </span>
    </p>
   </div>
   <div class='ocr_carea' id='block_1_84' title="bbox 1885 3898 3481 3971">
    <p class='ocr_par' dir='ltr' id='par_1_84' title="bbox 1885 3898 3481 3971">
     <span class='ocr_line' id='line_1_84' title="bbox 1885 3898 3481 3971; baseline 0.005 -21"><span class='ocrx_word' id='word_1_585' title='bbox 1885 3914 1988 3968; x_wconf 87' lang='lat' dir='ltr'><strong>qua</strong></span> <span class='ocrx_word' id='word_1_586' title='bbox 2047 3898 2103 3953; x_wconf 91' lang='lat' dir='ltr'><strong>S.</strong></span> <span class='ocrx_word' id='word_1_587' title='bbox 2162 3898 2344 3954; x_wconf 88' lang='lat' dir='ltr'><strong>Bruno</strong></span> <span class='ocrx_word' id='word_1_588' title='bbox 2385 3902 2437 3954; x_wconf 93' lang='lat' dir='ltr'><strong>in</strong></span> <span class='ocrx_word' id='word_1_589' title='bbox 2470 3917 2710 3955; x_wconf 87' lang='lat' dir='ltr'><strong>eremum</strong></span> <span class='ocrx_word' id='word_1_590' title='bbox 2773 3902 2966 3971; x_wconf 89' lang='lat' dir='ltr'><strong>pulsus</strong></span> <span class='ocrx_word' id='word_1_591' title='bbox 3018 3901 3201 3964; x_wconf 91' lang='lat' dir='ltr'><strong>fuerit.</strong></span> <span class='ocrx_word' id='word_1_592' title='bbox 3262 3920 3481 3959; x_wconf 86' lang='lat' dir='ltr'><strong>causam</strong></span> 
     </span>
    </p>
   </div>
   <div class='ocr_carea' id='block_1_85' title="bbox 1884 3990 3480 4055">
    <p class='ocr_par' dir='ltr' id='par_1_85' title="bbox 1884 3990 3480 4055">
     <span class='ocr_line' id='line_1_85' title="bbox 1884 3990 3480 4055; baseline 0.003 -12"><span class='ocrx_word' id='word_1_593' title='bbox 1884 3990 2304 4043; x_wconf 87' lang='lat' dir='ltr'><strong>commemorat?</strong></span> <span class='ocrx_word' id='word_1_594' title='bbox 2335 3990 2406 4044; x_wconf 90' lang='lat' dir='ltr'><strong>lta</strong></span> <span class='ocrx_word' id='word_1_595' title='bbox 2426 3990 2668 4055; x_wconf 89' lang='lat' dir='ltr'><strong>omnino,</strong></span> <span class='ocrx_word' id='word_1_596' title='bbox 2695 4001 2755 4045; x_wconf 94' lang='lat' dir='ltr'><strong>ut</strong></span> <span class='ocrx_word' id='word_1_597' title='bbox 2779 3992 2912 4053; x_wconf 77' lang='lat' dir='ltr'><strong>dixi,</strong></span> <span class='ocrx_word' id='word_1_598' title='bbox 2950 4002 3198 4047; x_wconf 88' lang='lat' dir='ltr'><strong>autumat</strong></span> <span class='ocrx_word' id='word_1_599' title='bbox 3228 3993 3480 4048; x_wconf 86' lang='lat' dir='ltr'><strong>laudatus</strong></span> 
     </span>
    </p>
   </div>
   <div class='ocr_carea' id='block_1_86' title="bbox 1884 4081 3478 4157">
    <p class='ocr_par' dir='ltr' id='par_1_86' title="bbox 1884 4081 3478 4157">
     <span class='ocr_line' id='line_1_86' title="bbox 1884 4081 3478 4157; baseline 0.003 -23"><span class='ocrx_word' id='word_1_600' title='bbox 1884 4081 2177 4147; x_wconf 86' lang='lat' dir='ltr'><strong>Launoius,</strong></span> <span class='ocrx_word' id='word_1_601' title='bbox 2226 4097 2289 4136; x_wconf 91' lang='lat' dir='ltr'><strong>ac</strong></span> <span class='ocrx_word' id='word_1_602' title='bbox 2312 4084 2583 4153; x_wconf 81' lang='lat' dir='ltr'><strong>praecipue</strong></span> <span class='ocrx_word' id='word_1_603' title='bbox 2616 4084 2837 4153; x_wconf 88' lang='lat' dir='ltr'><strong>quidem</strong></span> <span class='ocrx_word' id='word_1_604' title='bbox 2889 4094 3021 4149; x_wconf 92' lang='lat' dir='ltr'><strong>tum,</strong></span> <span class='ocrx_word' id='word_1_605' title='bbox 3060 4085 3204 4155; x_wconf 89' lang='lat' dir='ltr'><strong>quod</strong></span> <span class='ocrx_word' id='word_1_606' title='bbox 3244 4100 3311 4140; x_wconf 78' lang='lat' dir='ltr'><strong>ex</strong></span> <span class='ocrx_word' id='word_1_607' title='bbox 3361 4085 3478 4157; x_wconf 85' lang='lat' dir='ltr'><strong>ejus</strong></span> 
     </span>
    </p>
   </div>
   <div class='ocr_carea' id='block_1_87' title="bbox 1882 4173 3475 4247">
    <p class='ocr_par' dir='ltr' id='par_1_87' title="bbox 1882 4173 3475 4247">
     <span class='ocr_line' id='line_1_87' title="bbox 1882 4173 3475 4247; baseline 0.003 -20"><span class='ocrx_word' id='word_1_608' title='bbox 1882 4174 2137 4243; x_wconf 88' lang='lat' dir='ltr'><strong>opinione</strong></span> <span class='ocrx_word' id='word_1_609' title='bbox 2164 4173 2398 4229; x_wconf 89' lang='lat' dir='ltr'><strong>Sanctus</strong></span> <span class='ocrx_word' id='word_1_610' title='bbox 2420 4186 2623 4237; x_wconf 79' lang='lat' dir='ltr'><strong>noster,</strong></span> <span class='ocrx_word' id='word_1_611' title='bbox 2658 4192 2780 4231; x_wconf 91' lang='lat' dir='ltr'><strong>cum</strong></span> <span class='ocrx_word' id='word_1_612' title='bbox 2804 4178 2874 4232; x_wconf 91' lang='lat' dir='ltr'><strong>ob</strong></span> <span class='ocrx_word' id='word_1_613' title='bbox 2906 4178 3180 4247; x_wconf 89' lang='lat' dir='ltr'><strong>improbos</strong></span> <span class='ocrx_word' id='word_1_614' title='bbox 3206 4176 3475 4232; x_wconf 81' lang='lat' dir='ltr'><strong>Manassis</strong></span> 
     </span>
    </p>
   </div>
   <div class='ocr_carea' id='block_1_88' title="bbox 1882 4264 3475 4329">
    <p class='ocr_par' dir='ltr' id='par_1_88' title="bbox 1882 4264 3475 4329">
     <span class='ocr_line' id='line_1_88' title="bbox 1882 4264 3475 4329; baseline 0.004 -11"><span class='ocrx_word' id='word_1_615' title='bbox 1882 4280 2063 4319; x_wconf 89' lang='lat' dir='ltr'><strong>mores</strong></span> <span class='ocrx_word' id='word_1_616' title='bbox 2091 4264 2273 4320; x_wconf 86' lang='lat' dir='ltr'><strong>Remis</strong></span> <span class='ocrx_word' id='word_1_617' title='bbox 2306 4267 2565 4329; x_wconf 81' lang='lat' dir='ltr'><strong>excessit,</strong></span> <span class='ocrx_word' id='word_1_618' title='bbox 2598 4268 2784 4321; x_wconf 82' lang='lat' dir='ltr'><strong>statim</strong></span> <span class='ocrx_word' id='word_1_619' title='bbox 2817 4283 2939 4323; x_wconf 89' lang='lat' dir='ltr'><strong>sese</strong></span> <span class='ocrx_word' id='word_1_620' title='bbox 2973 4269 3024 4322; x_wconf 91' lang='lat' dir='ltr'><strong>in</strong></span> <span class='ocrx_word' id='word_1_621' title='bbox 3052 4283 3295 4323; x_wconf 89' lang='lat' dir='ltr'><strong>cremnm</strong></span> <span class='ocrx_word' id='word_1_622' title='bbox 3321 4284 3475 4324; x_wconf 85' lang='lat' dir='ltr'><strong>rece-</strong></span> 
     </span>
    </p>
   </div>
   <div class='ocr_carea' id='block_1_89' title="bbox 1883 4355 3473 4426">
    <p class='ocr_par' dir='ltr' id='par_1_89' title="bbox 1883 4355 3473 4426">
     <span class='ocr_line' id='line_1_89' title="bbox 1883 4355 3473 4426; baseline 0.005 -19"><span class='ocrx_word' id='word_1_623' title='bbox 1883 4355 2058 4424; x_wconf 89' lang='lat' dir='ltr'><strong>perit;</strong></span> <span class='ocrx_word' id='word_1_624' title='bbox 2093 4363 2204 4409; x_wconf 91' lang='lat' dir='ltr'><strong>tum</strong></span> <span class='ocrx_word' id='word_1_625' title='bbox 2238 4357 2404 4424; x_wconf 90' lang='lat' dir='ltr'><strong>quod,</strong></span> <span class='ocrx_word' id='word_1_626' title='bbox 2444 4366 2496 4409; x_wconf 93' lang='lat' dir='ltr'><strong>ut</strong></span> <span class='ocrx_word' id='word_1_627' title='bbox 2523 4366 2698 4426; x_wconf 91' lang='lat' dir='ltr'><strong>putat,</strong></span> <span class='ocrx_word' id='word_1_628' title='bbox 2733 4358 2906 4411; x_wconf 77' lang='lat' dir='ltr'><strong>sancti</strong></span> <span class='ocrx_word' id='word_1_629' title='bbox 2939 4373 3004 4413; x_wconf 79' lang='lat' dir='ltr'><strong>ex</strong></span> <span class='ocrx_word' id='word_1_630' title='bbox 3059 4359 3189 4414; x_wconf 87' lang='lat' dir='ltr'><strong>urbe</strong></span> <span class='ocrx_word' id='word_1_631' title='bbox 3214 4358 3473 4415; x_wconf 88' lang='lat' dir='ltr'><strong>Remensi</strong></span> 
     </span>
    </p>
   </div>
   <div class='ocr_carea' id='block_1_90' title="bbox 227 4445 3469 4520">
    <p class='ocr_par' dir='ltr' id='par_1_90' title="bbox 227 4445 3469 4520">
     <span class='ocr_line' id='line_1_90' title="bbox 227 4445 3469 4520; baseline 0.002 -23"><span class='ocrx_word' id='word_1_632' title='bbox 227 4456 268 4498; x_wconf 87' lang='lat' dir='ltr'><strong>et</strong></span> <span class='ocrx_word' id='word_1_633' title='bbox 283 4446 485 4502; x_wconf 83' lang='lat' dir='ltr'><strong>Parisiis</strong></span> <span class='ocrx_word' id='word_1_634' title='bbox 504 4455 656 4518; x_wconf 84' lang='lat' dir='ltr'><strong>gesta</strong></span> <span class='ocrx_word' id='word_1_635' title='bbox 696 4447 767 4501; x_wconf 92' lang='lat' dir='ltr'><strong>sit</strong></span> <span class='ocrx_word' id='word_1_636' title='bbox 806 4454 858 4499; x_wconf 88' lang='lat' dir='ltr'><strong>et</strong></span> <span class='ocrx_word' id='word_1_637' title='bbox 886 4462 1006 4515; x_wconf 69' lang='lat' dir='ltr'><strong>qua:</strong></span> <span class='ocrx_word' id='word_1_638' title='bbox 1034 4445 1234 4501; x_wconf 89' lang='lat' dir='ltr'><strong>ibidem</strong></span> <span class='ocrx_word' id='word_1_639' title='bbox 1268 4461 1298 4500; x_wconf 90' lang='lat' dir='ltr'><strong>a</strong></span> <span class='ocrx_word' id='word_1_640' title='bbox 1338 4455 1528 4502; x_wconf 90' lang='lat' dir='ltr'><strong>sancto</strong></span> <span class='ocrx_word' id='word_1_641' title='bbox 1552 4447 1782 4502; x_wconf 90' lang='lat' dir='ltr'><strong>docente</strong></span> <span class='ocrx_word' id='word_1_642' title='bbox 1815 4453 1860 4511; x_wconf 82' lang='grc' dir='ltr'><strong>ι)</strong></span> <span class='ocrx_word' id='word_1_643' title='bbox 1888 4448 2188 4503; x_wconf 89' lang='lat' dir='ltr'><strong>discessum</strong></span> <span class='ocrx_word' id='word_1_644' title='bbox 2220 4448 2402 4502; x_wconf 88' lang='lat' dir='ltr'><strong>habita</strong></span> <span class='ocrx_word' id='word_1_645' title='bbox 2428 4450 2495 4502; x_wconf 91' lang='lat' dir='ltr'><strong>ab</strong></span> <span class='ocrx_word' id='word_1_646' title='bbox 2520 4464 2605 4515; x_wconf 88' lang='lat' dir='ltr'><strong>co,</strong></span> <span class='ocrx_word' id='word_1_647' title='bbox 2635 4464 2797 4517; x_wconf 87' lang='lat' dir='ltr'><strong>quam</strong></span> <span class='ocrx_word' id='word_1_648' title='bbox 2826 4464 2985 4520; x_wconf 87' lang='lat' dir='ltr'><strong>supra</strong></span> <span class='ocrx_word' id='word_1_649' title='bbox 3005 4449 3117 4518; x_wconf 89' lang='lat' dir='ltr'><strong>jam</strong></span> <span class='ocrx_word' id='word_1_650' title='bbox 3152 4452 3469 4516; x_wconf 89' lang='lat' dir='ltr'><strong>memoravi,</strong></span> 
     </span>
    </p>
   </div>
   <div class='ocr_carea' id='block_1_91' title="bbox 229 4533 1777 4607">
    <p class='ocr_par' dir='ltr' id='par_1_91' title="bbox 229 4533 1777 4607">
     <span class='ocr_line' id='line_1_91' title="bbox 229 4533 1777 4607; baseline 0.003 -21"><span class='ocrx_word' id='word_1_651' title='bbox 229 4533 388 4591; x_wconf 86' lang='lat' dir='ltr'><strong>fuisset</strong></span> <span class='ocrx_word' id='word_1_652' title='bbox 413 4546 714 4607; x_wconf 88' lang='lat' dir='ltr'><strong>conspecta.</strong></span> <span class='ocrx_word' id='word_1_653' title='bbox 743 4551 1051 4591; x_wconf 85' lang='lat' dir='ltr'><strong>sermonem</strong></span> <span class='ocrx_word' id='word_1_654' title='bbox 1108 4537 1375 4593; x_wconf 91' lang='lat' dir='ltr'><strong>instituat.</strong></span> <span class='ocrx_word' id='word_1_655' title='bbox 1416 4538 1569 4604; x_wconf 81' lang='lat' dir='ltr'><strong>Quod</strong></span> <span class='ocrx_word' id='word_1_656' title='bbox 1600 4546 1777 4591; x_wconf 91' lang='lat' dir='ltr'><strong>autem</strong></span> 
     </span>
    </p>
   </div>
   <div class='ocr_carea' id='block_1_92' title="bbox 228 4629 1780 4698">
    <p class='ocr_par' dir='ltr' id='par_1_92' title="bbox 228 4629 1780 4698">
     <span class='ocr_line' id='line_1_92' title="bbox 228 4629 1780 4698; baseline 0.003 -19"><span class='ocrx_word' id='word_1_657' title='bbox 228 4644 310 4683; x_wconf 89' lang='lat' dir='ltr'><strong>non</strong></span> <span class='ocrx_word' id='word_1_658' title='bbox 339 4639 536 4685; x_wconf 86' lang='lat' dir='ltr'><strong>tantum</strong></span> <span class='ocrx_word' id='word_1_659' title='bbox 568 4629 862 4694; x_wconf 85' lang='lat' dir='ltr'><strong>Puteanus,</strong></span> <span class='ocrx_word' id='word_1_660' title='bbox 914 4629 1134 4697; x_wconf 89' lang='lat' dir='ltr'><strong>aliique,</strong></span> <span class='ocrx_word' id='word_1_661' title='bbox 1161 4630 1252 4698; x_wconf 87' lang='lat' dir='ltr'><strong>qui</strong></span> <span class='ocrx_word' id='word_1_662' title='bbox 1290 4630 1470 4685; x_wconf 70' lang='lat' dir='ltr'><strong>smculi</strong></span> <span class='ocrx_word' id='word_1_663' title='bbox 1497 4646 1584 4685; x_wconf 81' lang='lat' dir='ltr'><strong>xvt</strong></span> <span class='ocrx_word' id='word_1_664' title='bbox 1626 4629 1780 4683; x_wconf 93' lang='lat' dir='ltr'><strong>initio</strong></span> 
     </span>
    </p>
   </div>
   <div class='ocr_carea' id='block_1_93' title="bbox 226 4720 1776 4792">
    <p class='ocr_par' dir='ltr' id='par_1_93' title="bbox 226 4720 1776 4792">
     <span class='ocr_line' id='line_1_93' title="bbox 226 4720 1776 4792; baseline 0.002 -20"><span class='ocrx_word' id='word_1_665' title='bbox 226 4720 507 4786; x_wconf 78' lang='lat' dir='ltr'><strong>floruerunt,</strong></span> <span class='ocrx_word' id='word_1_666' title='bbox 565 4721 625 4777; x_wconf 90' lang='lat' dir='ltr'><strong>S.</strong></span> <span class='ocrx_word' id='word_1_667' title='bbox 668 4720 940 4775; x_wconf 88' lang='lat' dir='ltr'><strong>Brunonis</strong></span> <span class='ocrx_word' id='word_1_668' title='bbox 987 4721 1293 4792; x_wconf 82' lang='lat' dir='ltr'><strong>biographi,</strong></span> <span class='ocrx_word' id='word_1_669' title='bbox 1351 4737 1540 4776; x_wconf 89' lang='lat' dir='ltr'><strong>verum</strong></span> <span class='ocrx_word' id='word_1_670' title='bbox 1608 4724 1776 4776; x_wconf 87' lang='lat' dir='ltr'><strong>etiam</strong></span> 
     </span>
    </p>
   </div>
   <div class='ocr_carea' id='block_1_94' title="bbox 226 4813 1779 4883">
    <p class='ocr_par' dir='ltr' id='par_1_94' title="bbox 226 4813 1779 4883">
     <span class='ocr_line' id='line_1_94' title="bbox 226 4813 1779 4883; baseline 0 -17"><span class='ocrx_word' id='word_1_671' title='bbox 226 4815 363 4868; x_wconf 81' lang='lat' dir='ltr'><strong>seculi</strong></span> <span class='ocrx_word' id='word_1_672' title='bbox 390 4831 473 4869; x_wconf 81' lang='lat' dir='ltr'><strong>xw</strong></span> <span class='ocrx_word' id='word_1_673' title='bbox 502 4824 559 4870; x_wconf 89' lang='lat' dir='ltr'><strong>et</strong></span> <span class='ocrx_word' id='word_1_674' title='bbox 587 4831 656 4868; x_wconf 75' lang='lat' dir='ltr'><strong>xv</strong></span> <span class='ocrx_word' id='word_1_675' title='bbox 681 4815 1003 4883; x_wconf 87' lang='lat' dir='ltr'><strong>scriptores,</strong></span> <span class='ocrx_word' id='word_1_676' title='bbox 1038 4814 1175 4868; x_wconf 88' lang='lat' dir='ltr'><strong>infra</strong></span> <span class='ocrx_word' id='word_1_677' title='bbox 1208 4813 1461 4868; x_wconf 86' lang='lat' dir='ltr'><strong>laudandi</strong></span> <span class='ocrx_word' id='word_1_678' title='bbox 1499 4814 1779 4868; x_wconf 86' lang='lat' dir='ltr'><strong>invenian-</strong></span> 
     </span>
    </p>
   </div>
   <div class='ocr_carea' id='block_1_95' title="bbox 228 4907 1778 4978">
    <p class='ocr_par' dir='ltr' id='par_1_95' title="bbox 228 4907 1778 4978">
     <span class='ocr_line' id='line_1_95' title="bbox 228 4907 1778 4978; baseline 0.005 -23"><span class='ocrx_word' id='word_1_679' title='bbox 228 4912 311 4969; x_wconf 90' lang='lat' dir='ltr'><strong>tur,</strong></span> <span class='ocrx_word' id='word_1_680' title='bbox 331 4909 413 4978; x_wconf 84' lang='lat' dir='ltr'><strong>qui</strong></span> <span class='ocrx_word' id='word_1_681' title='bbox 437 4908 695 4962; x_wconf 90' lang='lat' dir='ltr'><strong>Sanctum</strong></span> <span class='ocrx_word' id='word_1_682' title='bbox 731 4916 974 4962; x_wconf 88' lang='lat' dir='ltr'><strong>nostrum</strong></span> <span class='ocrx_word' id='word_1_683' title='bbox 1026 4922 1093 4962; x_wconf 89' lang='lat' dir='ltr'><strong>eo</strong></span> <span class='ocrx_word' id='word_1_684' title='bbox 1175 4907 1293 4977; x_wconf 89' lang='lat' dir='ltr'><strong>ipso</strong></span> <span class='ocrx_word' id='word_1_685' title='bbox 1356 4916 1619 4978; x_wconf 86' lang='lat' dir='ltr'><strong>tempore,</strong></span> <span class='ocrx_word' id='word_1_686' title='bbox 1672 4924 1778 4978; x_wconf 86' lang='lat' dir='ltr'><strong>quo</strong></span> 
     </span>
    </p>
   </div>
   <div class='ocr_carea' id='block_1_96' title="bbox 226 4997 1778 5068">
    <p class='ocr_par' dir='ltr' id='par_1_96' title="bbox 226 4997 1778 5068">
     <span class='ocr_line' id='line_1_96' title="bbox 226 4997 1778 5068; baseline 0.001 -18"><span class='ocrx_word' id='word_1_687' title='bbox 226 4998 506 5061; x_wconf 70' lang='lat' dir='ltr'><strong>praedictum</strong></span> <span class='ocrx_word' id='word_1_688' title='bbox 556 4998 863 5068; x_wconf 87' lang='lat' dir='ltr'><strong>prodigium</strong></span> <span class='ocrx_word' id='word_1_689' title='bbox 929 4997 1152 5053; x_wconf 86' lang='lat' dir='ltr'><strong>Parisiis</strong></span> <span class='ocrx_word' id='word_1_690' title='bbox 1197 4998 1511 5068; x_wconf 86' lang='lat' dir='ltr'><strong>contigisse,</strong></span> <span class='ocrx_word' id='word_1_691' title='bbox 1574 5012 1778 5052; x_wconf 86' lang='lat' dir='ltr'><strong>memo—</strong></span> 
     </span>
    </p>
   </div>
   <div class='ocr_carea' id='block_1_97' title="bbox 226 5088 1777 5159">
    <p class='ocr_par' dir='ltr' id='par_1_97' title="bbox 226 5088 1777 5159">
     <span class='ocr_line' id='line_1_97' title="bbox 226 5088 1777 5159; baseline 0.005 -22"><span class='ocrx_word' id='word_1_692' title='bbox 226 5096 340 5152; x_wconf 83' lang='lat' dir='ltr'><strong>rant,</strong></span> <span class='ocrx_word' id='word_1_693' title='bbox 366 5088 559 5143; x_wconf 89' lang='lat' dir='ltr'><strong>ibidem</strong></span> <span class='ocrx_word' id='word_1_694' title='bbox 590 5089 867 5152; x_wconf 90' lang='lat' dir='ltr'><strong>docuisse,</strong></span> <span class='ocrx_word' id='word_1_695' title='bbox 896 5089 1173 5144; x_wconf 79' lang='lat' dir='ltr'><strong>memoria:</strong></span> <span class='ocrx_word' id='word_1_696' title='bbox 1221 5090 1472 5159; x_wconf 88' lang='lat' dir='ltr'><strong>prodaut.</strong></span> <span class='ocrx_word' id='word_1_697' title='bbox 1501 5097 1593 5143; x_wconf 92' lang='lat' dir='ltr'><strong>ant</strong></span> <span class='ocrx_word' id='word_1_698' title='bbox 1628 5098 1777 5144; x_wconf 90' lang='lat' dir='ltr'><strong>certe</strong></span> 
     </span>
    </p>
   </div>
   <div class='ocr_carea' id='block_1_98' title="bbox 225 5179 1775 5251">
    <p class='ocr_par' dir='ltr' id='par_1_98' title="bbox 225 5179 1775 5251">
     <span class='ocr_line' id='line_1_98' title="bbox 225 5179 1775 5251; baseline 0.003 -22"><span class='ocrx_word' id='word_1_699' title='bbox 225 5191 273 5230; x_wconf 86' lang='lat' dir='ltr'><strong>eo</strong></span> <span class='ocrx_word' id='word_1_700' title='bbox 313 5179 441 5243; x_wconf 89' lang='lat' dir='ltr'><strong>loco.</strong></span> <span class='ocrx_word' id='word_1_701' title='bbox 468 5196 577 5251; x_wconf 92' lang='lat' dir='ltr'><strong>quo</strong></span> <span class='ocrx_word' id='word_1_702' title='bbox 631 5181 684 5235; x_wconf 91' lang='lat' dir='ltr'><strong>id</strong></span> <span class='ocrx_word' id='word_1_703' title='bbox 737 5179 963 5242; x_wconf 86' lang='lat' dir='ltr'><strong>faciunt,</strong></span> <span class='ocrx_word' id='word_1_704' title='bbox 996 5198 1013 5231; x_wconf 74' lang='grc' dir='ltr'>ι</span> <span class='ocrx_word' id='word_1_705' title='bbox 1054 5180 1361 5236; x_wconf 88' lang='lat' dir='ltr'><strong>scholarum</strong></span> <span class='ocrx_word' id='word_1_706' title='bbox 1392 5180 1775 5235; x_wconf 87' lang='lat' dir='ltr'><strong>Parisiensium</strong></span> 
     </span>
    </p>
   </div>
   <div class='ocr_carea' id='block_1_99' title="bbox 226 5268 1777 5340">
    <p class='ocr_par' dir='ltr' id='par_1_99' title="bbox 226 5268 1777 5340">
     <span class='ocr_line' id='line_1_99' title="bbox 226 5268 1777 5340; baseline 0.004 -22"><span class='ocrx_word' id='word_1_707' title='bbox 226 5270 508 5339; x_wconf 83' lang='lat' dir='ltr'><strong>magistrum</strong></span> <span class='ocrx_word' id='word_1_708' title='bbox 532 5289 550 5321; x_wconf 73' lang='grc' dir='ltr'>ι</span> <span class='ocrx_word' id='word_1_709' title='bbox 570 5269 862 5340; x_wconf 89' lang='lat' dir='ltr'><strong>appellent,</strong></span> <span class='ocrx_word' id='word_1_710' title='bbox 895 5268 1128 5325; x_wconf 88' lang='lat' dir='ltr'><strong>fuisseve</strong></span> <span class='ocrx_word' id='word_1_711' title='bbox 1158 5270 1625 5333; x_wconf 90' lang='lat' dir='ltr'><strong>innuant,factum</strong></span> <span class='ocrx_word' id='word_1_712' title='bbox 1651 5286 1777 5325; x_wconf 89' lang='lat' dir='ltr'><strong>reor</strong></span> 
     </span>
    </p>
   </div>
   <div class='ocr_carea' id='block_1_100' title="bbox 224 5362 1776 5434">
    <p class='ocr_par' dir='ltr' id='par_1_100' title="bbox 224 5362 1776 5434">
     <span class='ocr_line' id='line_1_100' title="bbox 224 5362 1776 5434; baseline 0.001 -21"><span class='ocrx_word' id='word_1_713' title='bbox 224 5374 271 5413; x_wconf 80' lang='lat' dir='ltr'><strong>ex</strong></span> <span class='ocrx_word' id='word_1_714' title='bbox 294 5378 373 5427; x_wconf 90' lang='lat' dir='ltr'><strong>eo,</strong></span> <span class='ocrx_word' id='word_1_715' title='bbox 403 5364 565 5433; x_wconf 90' lang='lat' dir='ltr'><strong>quod,</strong></span> <span class='ocrx_word' id='word_1_716' title='bbox 616 5378 743 5417; x_wconf 92' lang='lat' dir='ltr'><strong>cum</strong></span> <span class='ocrx_word' id='word_1_717' title='bbox 805 5363 1109 5434; x_wconf 88' lang='lat' dir='ltr'><strong>prodigium</strong></span> <span class='ocrx_word' id='word_1_718' title='bbox 1151 5363 1294 5418; x_wconf 91' lang='lat' dir='ltr'><strong>istud</strong></span> <span class='ocrx_word' id='word_1_719' title='bbox 1356 5362 1578 5417; x_wconf 85' lang='lat' dir='ltr'><strong>Parisiis</strong></span> <span class='ocrx_word' id='word_1_720' title='bbox 1607 5364 1776 5416; x_wconf 86' lang='lat' dir='ltr'><strong>conti-</strong></span> 
     </span>
    </p>
   </div>
   <div class='ocr_carea' id='block_1_101' title="bbox 226 5451 1775 5525">
    <p class='ocr_par' dir='ltr' id='par_1_101' title="bbox 226 5451 1775 5525">
     <span class='ocr_line' id='line_1_101' title="bbox 226 5451 1775 5525; baseline 0.001 -23"><span class='ocrx_word' id='word_1_721' title='bbox 226 5451 338 5518; x_wconf 83' lang='lat' dir='ltr'><strong>gisse</strong></span> <span class='ocrx_word' id='word_1_722' title='bbox 389 5466 479 5508; x_wconf 89' lang='lat' dir='ltr'><strong>aut</strong></span> <span class='ocrx_word' id='word_1_723' title='bbox 525 5454 726 5507; x_wconf 89' lang='lat' dir='ltr'><strong>alicubi</strong></span> <span class='ocrx_word' id='word_1_724' title='bbox 776 5453 1055 5525; x_wconf 86' lang='lat' dir='ltr'><strong>legissent,</strong></span> <span class='ocrx_word' id='word_1_725' title='bbox 1100 5462 1194 5507; x_wconf 88' lang='lat' dir='ltr'><strong>aut</strong></span> <span class='ocrx_word' id='word_1_726' title='bbox 1249 5453 1538 5508; x_wconf 88' lang='lat' dir='ltr'><strong>traditione</strong></span> <span class='ocrx_word' id='word_1_727' title='bbox 1591 5468 1775 5507; x_wconf 88' lang='lat' dir='ltr'><strong>secum</strong></span> 
     </span>
    </p>
   </div>
   <div class='ocr_carea' id='block_1_102' title="bbox 227 5544 1776 5613">
    <p class='ocr_par' dir='ltr' id='par_1_102' title="bbox 227 5544 1776 5613">
     <span class='ocr_line' id='line_1_102' title="bbox 227 5544 1776 5613; baseline 0.001 -17"><span class='ocrx_word' id='word_1_728' title='bbox 227 5545 583 5599; x_wconf 76' lang='lat' dir='ltr'><strong>communicata</strong></span> <span class='ocrx_word' id='word_1_729' title='bbox 622 5544 1013 5613; x_wconf 68' lang='lat' dir='ltr'><strong>accepissent,</strong></span> <span class='ocrx_word' id='word_1_730' title='bbox 1068 5544 1329 5599; x_wconf 89' lang='lat' dir='ltr'><strong>Sanctum</strong></span> <span class='ocrx_word' id='word_1_731' title='bbox 1372 5544 1494 5598; x_wconf 90' lang='lat' dir='ltr'><strong>inde</strong></span> <span class='ocrx_word' id='word_1_732' title='bbox 1521 5584 1535 5607; x_wconf 92' lang='lat'><strong>,</strong></span> <span class='ocrx_word' id='word_1_733' title='bbox 1592 5552 1776 5611; x_wconf 90' lang='lat' dir='ltr'><strong>utpote</strong></span> 
     </span>
    </p>
   </div>
   <div class='ocr_carea' id='block_1_103' title="bbox 227 5632 1776 5703">
    <p class='ocr_par' dir='ltr' id='par_1_103' title="bbox 227 5632 1776 5703">
     <span class='ocr_line' id='line_1_103' title="bbox 227 5632 1776 5703; baseline 0 -18"><span class='ocrx_word' id='word_1_734' title='bbox 227 5642 357 5695; x_wconf 80' lang='lat' dir='ltr'><strong>quem</strong></span> <span class='ocrx_word' id='word_1_735' title='bbox 377 5634 529 5688; x_wconf 91' lang='lat' dir='ltr'><strong>simul</strong></span> <span class='ocrx_word' id='word_1_736' title='bbox 558 5641 881 5703; x_wconf 73' lang='lat' dir='ltr'><strong>przcsentem</strong></span> <span class='ocrx_word' id='word_1_737' title='bbox 927 5633 1172 5703; x_wconf 89' lang='lat' dir='ltr'><strong>prodigio</strong></span> <span class='ocrx_word' id='word_1_738' title='bbox 1211 5632 1512 5695; x_wconf 87' lang='lat' dir='ltr'><strong>adstitisse,</strong></span> <span class='ocrx_word' id='word_1_739' title='bbox 1565 5632 1776 5685; x_wconf 87' lang='lat' dir='ltr'><strong>schola-</strong></span> 
     </span>
    </p>
   </div>
   <div class='ocr_carea' id='block_1_104' title="bbox 230 5724 1773 5797">
    <p class='ocr_par' dir='ltr' id='par_1_104' title="bbox 230 5724 1773 5797">
     <span class='ocr_line' id='line_1_104' title="bbox 230 5724 1773 5797; baseline 0.002 -21"><span class='ocrx_word' id='word_1_740' title='bbox 230 5734 419 5791; x_wconf 84' lang='lat' dir='ltr'><strong>rumque</strong></span> <span class='ocrx_word' id='word_1_741' title='bbox 446 5727 771 5797; x_wconf 85' lang='lat' dir='ltr'><strong>magistrum</strong></span> <span class='ocrx_word' id='word_1_742' title='bbox 806 5725 983 5797; x_wconf 84' lang='lat' dir='ltr'><strong>egisse</strong></span> <span class='ocrx_word' id='word_1_743' title='bbox 1035 5726 1362 5791; x_wconf 90' lang='lat' dir='ltr'><strong>invenirent,</strong></span> <span class='ocrx_word' id='word_1_744' title='bbox 1395 5724 1592 5779; x_wconf 89' lang='lat' dir='ltr'><strong>ibidem</strong></span> <span class='ocrx_word' id='word_1_745' title='bbox 1649 5735 1773 5780; x_wconf 90' lang='lat' dir='ltr'><strong>tunc</strong></span> 
     </span>
    </p>
   </div>
   <div class='ocr_carea' id='block_1_105' title="bbox 1883 4526 3473 4607">
    <p class='ocr_par' dir='ltr' id='par_1_105' title="bbox 1883 4526 3473 4607">
     <span class='ocr_line' id='line_1_105' title="bbox 1883 4526 3473 4607; baseline 0.004 -17"><span class='ocrx_word' id='word_1_746' title='bbox 1883 4552 2006 4591; x_wconf 90' lang='lat' dir='ltr'><strong>cum</strong></span> <span class='ocrx_word' id='word_1_747' title='bbox 2036 4526 2330 4607; x_wconf 87' lang='lat' dir='ltr'><strong>Radnlpbo</strong></span> <span class='ocrx_word' id='word_1_748' title='bbox 2366 4538 2530 4592; x_wconf 86' lang='lat' dir='ltr'><strong>Viridi</strong></span> <span class='ocrx_word' id='word_1_749' title='bbox 2561 4550 2615 4593; x_wconf 91' lang='lat' dir='ltr'><strong>et</strong></span> <span class='ocrx_word' id='word_1_750' title='bbox 2644 4539 2830 4594; x_wconf 84' lang='lat' dir='ltr'><strong>Fulcio</strong></span> <span class='ocrx_word' id='word_1_751' title='bbox 2891 4539 3173 4596; x_wconf 78' lang='lat' dir='ltr'><strong>Monoculo</strong></span> <span class='ocrx_word' id='word_1_752' title='bbox 3206 4541 3273 4595; x_wconf 88' lang='lat' dir='ltr'><strong>de</strong></span> <span class='ocrx_word' id='word_1_753' title='bbox 3322 4540 3473 4597; x_wconf 84' lang='lat' dir='ltr'><strong>falsis</strong></span> 
     </span>
    </p>
   </div>
   <div class='ocr_carea' id='block_1_106' title="bbox 1883 4628 3470 4702">
    <p class='ocr_par' dir='ltr' id='par_1_106' title="bbox 1883 4628 3470 4702">
     <span class='ocr_line' id='line_1_106' title="bbox 1883 4628 3470 4702; baseline 0.003 -21"><span class='ocrx_word' id='word_1_754' title='bbox 1883 4628 2065 4683; x_wconf 90' lang='lat' dir='ltr'><strong>mundi</strong></span> <span class='ocrx_word' id='word_1_755' title='bbox 2112 4628 2571 4683; x_wconf 82' lang='lat' dir='ltr'><strong>oblectationibus</strong></span> <span class='ocrx_word' id='word_1_756' title='bbox 2623 4630 2841 4684; x_wconf 88' lang='lat' dir='ltr'><strong>collatio</strong></span> <span class='ocrx_word' id='word_1_757' title='bbox 2876 4633 3234 4702; x_wconf 66' lang='lat' dir='ltr'><strong>praecesserit.</strong></span> <span class='ocrx_word' id='word_1_758' title='bbox 3269 4630 3470 4687; x_wconf 83' lang='lat' dir='ltr'><strong>Verum</strong></span> 
     </span>
    </p>
   </div>
   <div class='ocr_carea' id='block_1_107' title="bbox 1884 4719 3467 4792">
    <p class='ocr_par' dir='ltr' id='par_1_107' title="bbox 1884 4719 3467 4792">
     <span class='ocr_line' id='line_1_107' title="bbox 1884 4719 3467 4792; baseline 0.003 -20"><span class='ocrx_word' id='word_1_759' title='bbox 1884 4734 1982 4773; x_wconf 81' lang='lat' dir='ltr'><strong>nec</strong></span> <span class='ocrx_word' id='word_1_760' title='bbox 2036 4719 2292 4783; x_wconf 89' lang='lat' dir='ltr'><strong>Sanctus,</strong></span> <span class='ocrx_word' id='word_1_761' title='bbox 2356 4736 2479 4775; x_wconf 90' lang='lat' dir='ltr'><strong>cum</strong></span> <span class='ocrx_word' id='word_1_762' title='bbox 2518 4721 2703 4776; x_wconf 89' lang='lat' dir='ltr'><strong>Remis</strong></span> <span class='ocrx_word' id='word_1_763' title='bbox 2741 4723 2810 4775; x_wconf 87' lang='lat' dir='ltr'><strong>ob</strong></span> <span class='ocrx_word' id='word_1_764' title='bbox 2864 4723 3139 4792; x_wconf 82' lang='lat' dir='ltr'><strong>improbos</strong></span> <span class='ocrx_word' id='word_1_765' title='bbox 3198 4721 3467 4776; x_wconf 78' lang='lat' dir='ltr'><strong>Manassis</strong></span> 
     </span>
    </p>
   </div>
   <div class='ocr_carea' id='block_1_108' title="bbox 1882 4812 3465 4877">
    <p class='ocr_par' dir='ltr' id='par_1_108' title="bbox 1882 4812 3465 4877">
     <span class='ocr_line' id='line_1_108' title="bbox 1882 4812 3465 4877; baseline 0 -12"><span class='ocrx_word' id='word_1_766' title='bbox 1882 4828 2060 4866; x_wconf 87' lang='lat' dir='ltr'><strong>mores</strong></span> <span class='ocrx_word' id='word_1_767' title='bbox 2088 4813 2345 4875; x_wconf 77' lang='lat' dir='ltr'><strong>excessit,</strong></span> <span class='ocrx_word' id='word_1_768' title='bbox 2376 4814 2559 4868; x_wconf 88' lang='lat' dir='ltr'><strong>statim</strong></span> <span class='ocrx_word' id='word_1_769' title='bbox 2602 4828 2723 4868; x_wconf 87' lang='lat' dir='ltr'><strong>sese</strong></span> <span class='ocrx_word' id='word_1_770' title='bbox 2756 4814 2808 4867; x_wconf 92' lang='lat' dir='ltr'><strong>in</strong></span> <span class='ocrx_word' id='word_1_771' title='bbox 2841 4813 3184 4868; x_wconf 90' lang='lat' dir='ltr'><strong>solitudinem</strong></span> <span class='ocrx_word' id='word_1_772' title='bbox 3234 4812 3465 4877; x_wconf 86' lang='lat' dir='ltr'><strong>abdidit,</strong></span> 
     </span>
    </p>
   </div>
   <div class='ocr_carea' id='block_1_109' title="bbox 1883 4903 3469 4962">
    <p class='ocr_par' dir='ltr' id='par_1_109' title="bbox 1883 4903 3469 4962">
     <span class='ocr_line' id='line_1_109' title="bbox 1883 4903 3469 4962; baseline 0.001 -4"><span class='ocrx_word' id='word_1_773' title='bbox 1883 4921 1981 4960; x_wconf 91' lang='lat' dir='ltr'><strong>nec</strong></span> <span class='ocrx_word' id='word_1_774' title='bbox 2016 4904 2157 4959; x_wconf 90' lang='lat' dir='ltr'><strong>illius</strong></span> <span class='ocrx_word' id='word_1_775' title='bbox 2183 4921 2248 4960; x_wconf 76' lang='lat' dir='ltr'><strong>ex</strong></span> <span class='ocrx_word' id='word_1_776' title='bbox 2280 4906 2413 4961; x_wconf 90' lang='lat' dir='ltr'><strong>urbe</strong></span> <span class='ocrx_word' id='word_1_777' title='bbox 2466 4905 2719 4961; x_wconf 87' lang='lat' dir='ltr'><strong>Remensi</strong></span> <span class='ocrx_word' id='word_1_778' title='bbox 2749 4905 3046 4960; x_wconf 83' lang='lat' dir='ltr'><strong>discessum</strong></span> <span class='ocrx_word' id='word_1_779' title='bbox 3097 4903 3315 4962; x_wconf 87' lang='lat' dir='ltr'><strong>collatio</strong></span> <span class='ocrx_word' id='word_1_780' title='bbox 3356 4921 3469 4960; x_wconf 84' lang='lat' dir='ltr'><strong>me-</strong></span> 
     </span>
    </p>
   </div>
   <div class='ocr_carea' id='block_1_110' title="bbox 1882 4992 3467 5066">
    <p class='ocr_par' dir='ltr' id='par_1_110' title="bbox 1882 4992 3467 5066">
     <span class='ocr_line' id='line_1_110' title="bbox 1882 4992 3467 5066; baseline -0.002 -16"><span class='ocrx_word' id='word_1_781' title='bbox 1882 5006 2088 5050; x_wconf 83' lang='lat' dir='ltr'><strong>morata</strong></span> <span class='ocrx_word' id='word_1_782' title='bbox 2113 4997 2405 5065; x_wconf 70' lang='lat' dir='ltr'><strong>prmccssit.</strong></span> <span class='ocrx_word' id='word_1_783' title='bbox 2435 4995 2737 5066; x_wconf 80' lang='lat' dir='ltr'><strong>Utrumque</strong></span> <span class='ocrx_word' id='word_1_784' title='bbox 2784 5010 2814 5048; x_wconf 88' lang='lat' dir='ltr'><strong>e</strong></span> <span class='ocrx_word' id='word_1_785' title='bbox 2865 4996 2995 5050; x_wconf 84' lang='lat' dir='ltr'><strong>solis</strong></span> <span class='ocrx_word' id='word_1_786' title='bbox 3035 4994 3147 5050; x_wconf 89' lang='lat' dir='ltr'><strong>fere</strong></span> <span class='ocrx_word' id='word_1_787' title='bbox 3171 5010 3331 5063; x_wconf 89' lang='lat' dir='ltr'><strong>supra</strong></span> <span class='ocrx_word' id='word_1_788' title='bbox 3353 4992 3467 5061; x_wconf 80' lang='lat' dir='ltr'><strong>jam</strong></span> 
     </span>
    </p>
   </div>
   <div class='ocr_carea' id='block_1_111' title="bbox 1880 5085 3463 5158">
    <p class='ocr_par' dir='ltr' id='par_1_111' title="bbox 1880 5085 3463 5158">
     <span class='ocr_line' id='line_1_111' title="bbox 1880 5085 3463 5158; baseline -0.004 -16"><span class='ocrx_word' id='word_1_789' title='bbox 1880 5090 2038 5143; x_wconf 84' lang='lat' dir='ltr'><strong>dictis</strong></span> <span class='ocrx_word' id='word_1_790' title='bbox 2064 5089 2194 5144; x_wconf 89' lang='lat' dir='ltr'><strong>satis</strong></span> <span class='ocrx_word' id='word_1_791' title='bbox 2222 5089 2414 5157; x_wconf 82' lang='lat' dir='ltr'><strong>liquet.</strong></span> <span class='ocrx_word' id='word_1_792' title='bbox 2445 5089 2520 5143; x_wconf 88' lang='lat' dir='ltr'><strong>Ac</strong></span> <span class='ocrx_word' id='word_1_793' title='bbox 2546 5090 2721 5158; x_wconf 90' lang='lat' dir='ltr'><strong>primo</strong></span> <span class='ocrx_word' id='word_1_794' title='bbox 2768 5088 2985 5157; x_wconf 79' lang='lat' dir='ltr'><strong>quidem</strong></span> <span class='ocrx_word' id='word_1_795' title='bbox 3029 5101 3153 5141; x_wconf 91' lang='lat' dir='ltr'><strong>cum</strong></span> <span class='ocrx_word' id='word_1_796' title='bbox 3209 5085 3463 5143; x_wconf 86' lang='lat' dir='ltr'><strong>Sanctus.</strong></span> 
     </span>
    </p>
   </div>
   <div class='ocr_carea' id='block_1_112' title="bbox 1880 5176 3464 5249">
    <p class='ocr_par' dir='ltr' id='par_1_112' title="bbox 1880 5176 3464 5249">
     <span class='ocr_line' id='line_1_112' title="bbox 1880 5176 3464 5249; baseline -0.004 -14"><span class='ocrx_word' id='word_1_797' title='bbox 1880 5193 2101 5236; x_wconf 90' lang='lat' dir='ltr'><strong>utnum.</strong></span> <span class='ocrx_word' id='word_1_798' title='bbox 2133 5182 2227 5236; x_wconf 85' lang='grc'><strong>111</strong></span> <span class='ocrx_word' id='word_1_799' title='bbox 2259 5181 2486 5236; x_wconf 83' lang='lat' dir='ltr'><strong>dilucide</strong></span> <span class='ocrx_word' id='word_1_800' title='bbox 2502 5179 2743 5249; x_wconf 89' lang='lat' dir='ltr'><strong>probavi,</strong></span> <span class='ocrx_word' id='word_1_801' title='bbox 2772 5194 2913 5233; x_wconf 87' lang='lat' dir='ltr'><strong>anno</strong></span> <span class='ocrx_word' id='word_1_802' title='bbox 2944 5178 3080 5233; x_wconf 77' lang='lat' dir='ltr'><strong>i076</strong></span> <span class='ocrx_word' id='word_1_803' title='bbox 3106 5187 3196 5230; x_wconf 89' lang='lat' dir='ltr'><strong>aut</strong></span> <span class='ocrx_word' id='word_1_804' title='bbox 3218 5176 3464 5244; x_wconf 85' lang='lat' dir='ltr'><strong>sequenti</strong></span> 
     </span>
    </p>
   </div>
   <div class='ocr_carea' id='block_1_113' title="bbox 1879 5267 3465 5335">
    <p class='ocr_par' dir='ltr' id='par_1_113' title="bbox 1879 5267 3465 5335">
     <span class='ocr_line' id='line_1_113' title="bbox 1879 5267 3465 5335; baseline -0.005 -10"><span class='ocrx_word' id='word_1_805' title='bbox 1879 5270 2145 5325; x_wconf 69' lang='lat' dir='ltr'><strong>blanassis</strong></span> <span class='ocrx_word' id='word_1_806' title='bbox 2172 5271 2375 5323; x_wconf 88' lang='lat' dir='ltr'><strong>vitandi</strong></span> <span class='ocrx_word' id='word_1_807' title='bbox 2398 5285 2561 5324; x_wconf 76' lang='lat' dir='ltr'><strong>causa</strong></span> <span class='ocrx_word' id='word_1_808' title='bbox 2591 5269 2792 5323; x_wconf 89' lang='lat' dir='ltr'><strong>Remos</strong></span> <span class='ocrx_word' id='word_1_809' title='bbox 2822 5267 3158 5329; x_wconf 88' lang='lat' dir='ltr'><strong>deseruerit,</strong></span> <span class='ocrx_word' id='word_1_810' title='bbox 3188 5275 3465 5335; x_wconf 88' lang='lat' dir='ltr'><strong>certeque,</strong></span> 
     </span>
    </p>
   </div>
   <div class='ocr_carea' id='block_1_114' title="bbox 1880 5354 3465 5422">
    <p class='ocr_par' dir='ltr' id='par_1_114' title="bbox 1880 5354 3465 5422">
     <span class='ocr_line' id='line_1_114' title="bbox 1880 5354 3465 5422; baseline -0.004 -7"><span class='ocrx_word' id='word_1_811' title='bbox 1880 5363 1956 5416; x_wconf 93' lang='lat' dir='ltr'><strong>uti</strong></span> <span class='ocrx_word' id='word_1_812' title='bbox 1993 5362 2132 5416; x_wconf 89' lang='lat' dir='ltr'><strong>infra</strong></span> <span class='ocrx_word' id='word_1_813' title='bbox 2171 5354 2475 5422; x_wconf 53' lang='lat' dir='ltr'><strong>ostendam,</strong></span> <span class='ocrx_word' id='word_1_814' title='bbox 2519 5370 2646 5413; x_wconf 86' lang='lat' dir='ltr'><strong>ante</strong></span> <span class='ocrx_word' id='word_1_815' title='bbox 2701 5373 2902 5412; x_wconf 89' lang='lat' dir='ltr'><strong>annum</strong></span> <span class='ocrx_word' id='word_1_816' title='bbox 2938 5356 3064 5411; x_wconf 75' lang='grc'><strong>1081</strong></span> <span class='ocrx_word' id='word_1_817' title='bbox 3108 5357 3159 5409; x_wconf 94' lang='lat' dir='ltr'><strong>in</strong></span> <span class='ocrx_word' id='word_1_818' title='bbox 3200 5370 3465 5417; x_wconf 83' lang='lat' dir='ltr'><strong>cremnm,</strong></span> 
     </span>
    </p>
   </div>
   <div class='ocr_carea' id='block_1_115' title="bbox 1879 5445 3465 5511">
    <p class='ocr_par' dir='ltr' id='par_1_115' title="bbox 1879 5445 3465 5511">
     <span class='ocr_line' id='line_1_115' title="bbox 1879 5445 3465 5511; baseline -0.005 -6"><span class='ocrx_word' id='word_1_819' title='bbox 1879 5450 2076 5505; x_wconf 75' lang='lat' dir='ltr'><strong>szeculo</strong></span> <span class='ocrx_word' id='word_1_820' title='bbox 2114 5448 2316 5505; x_wconf 66' lang='lat' dir='ltr'><strong>relicto.</strong></span> <span class='ocrx_word' id='word_1_821' title='bbox 2345 5463 2450 5503; x_wconf 66' lang='lat' dir='ltr'><strong>non</strong></span> <span class='ocrx_word' id='word_1_822' title='bbox 2493 5448 2708 5511; x_wconf 86' lang='lat' dir='ltr'><strong>abierit,</strong></span> <span class='ocrx_word' id='word_1_823' title='bbox 2741 5462 2865 5501; x_wconf 76' lang='lat' dir='ltr'><strong>mox</strong></span> <span class='ocrx_word' id='word_1_824' title='bbox 2906 5447 3007 5500; x_wconf 72' lang='lat' dir='ltr'><strong>lzoc</strong></span> <span class='ocrx_word' id='word_1_825' title='bbox 3040 5445 3185 5499; x_wconf 90' lang='lat' dir='ltr'><strong>illum</strong></span> <span class='ocrx_word' id='word_1_826' title='bbox 3212 5458 3240 5496; x_wconf 91' lang='lat' dir='ltr'><strong>a</strong></span> <span class='ocrx_word' id='word_1_827' title='bbox 3265 5459 3363 5498; x_wconf 87' lang='lat' dir='ltr'><strong>suo</strong></span> <span class='ocrx_word' id='word_1_828' title='bbox 3398 5460 3465 5497; x_wconf 83' lang='lat' dir='ltr'><strong>ex</strong></span> 
     </span>
    </p>
   </div>
   <div class='ocr_carea' id='block_1_116' title="bbox 1881 5537 3466 5609">
    <p class='ocr_par' dir='ltr' id='par_1_116' title="bbox 1881 5537 3466 5609">
     <span class='ocr_line' id='line_1_116' title="bbox 1881 5537 3466 5609; baseline -0.006 -13"><span class='ocrx_word' id='word_1_829' title='bbox 1881 5542 2012 5596; x_wconf 88' lang='lat' dir='ltr'><strong>urbe</strong></span> <span class='ocrx_word' id='word_1_830' title='bbox 2036 5541 2288 5595; x_wconf 84' lang='lat' dir='ltr'><strong>Remensi</strong></span> <span class='ocrx_word' id='word_1_831' title='bbox 2314 5541 2384 5595; x_wconf 84' lang='lat' dir='ltr'><strong>ob</strong></span> <span class='ocrx_word' id='word_1_832' title='bbox 2409 5539 2685 5609; x_wconf 89' lang='lat' dir='ltr'><strong>improbos</strong></span> <span class='ocrx_word' id='word_1_833' title='bbox 2719 5537 2982 5592; x_wconf 79' lang='lat' dir='ltr'><strong>Manassis</strong></span> <span class='ocrx_word' id='word_1_834' title='bbox 3021 5550 3199 5590; x_wconf 88' lang='lat' dir='ltr'><strong>mores</strong></span> <span class='ocrx_word' id='word_1_835' title='bbox 3236 5549 3466 5590; x_wconf 73' lang='lat' dir='ltr'><strong>cxcesn</strong></span> 
     </span>
    </p>
   </div>
   <div class='ocr_carea' id='block_1_117' title="bbox 1881 5614 3465 5697">
    <p class='ocr_par' dir='ltr' id='par_1_117' title="bbox 1881 5614 3465 5697">
     <span class='ocr_line' id='line_1_117' title="bbox 1881 5614 3465 5697; baseline -0.008 -9"><span class='ocrx_word' id='word_1_836' title='bbox 1881 5650 1984 5688; x_wconf 90' lang='lat' dir='ltr'><strong>non</strong></span> <span class='ocrx_word' id='word_1_837' title='bbox 2026 5632 2237 5697; x_wconf 83' lang='lat' dir='ltr'><strong>fecisse,</strong></span> <span class='ocrx_word' id='word_1_838' title='bbox 2274 5629 2777 5685; x_wconf 81' lang='lat' dir='ltr'><strong>manifestissimum</strong></span> <span class='ocrx_word' id='word_1_839' title='bbox 2807 5635 2909 5681; x_wconf 88' lang='lat' dir='ltr'><strong>est.</strong></span> <span class='ocrx_word' id='word_1_840' title='bbox 2931 5614 3027 5681; x_wconf 54' lang='lat' dir='ltr'><strong>&#39;Et</strong></span> <span class='ocrx_word' id='word_1_841' title='bbox 3052 5640 3178 5681; x_wconf 83' lang='lat' dir='ltr'><strong>vero</strong></span> <span class='ocrx_word' id='word_1_842' title='bbox 3204 5624 3465 5679; x_wconf 86' lang='lat' dir='ltr'><strong>Sanctum</strong></span> 
     </span>
    </p>
   </div>
   <div class='ocr_carea' id='block_1_118' title="bbox 1881 5715 3466 5795">
    <p class='ocr_par' dir='ltr' id='par_1_118' title="bbox 1881 5715 3466 5795">
     <span class='ocr_line' id='line_1_118' title="bbox 1881 5715 3466 5795; baseline -0.007 -15"><span class='ocrx_word' id='word_1_843' title='bbox 1881 5743 1984 5780; x_wconf 79' lang='lat' dir='ltr'><strong>non</strong></span> <span class='ocrx_word' id='word_1_844' title='bbox 2050 5725 2147 5778; x_wconf 71' lang='lat' dir='ltr'><strong>nisi</strong></span> <span class='ocrx_word' id='word_1_845' title='bbox 2189 5731 2309 5795; x_wconf 87' lang='lat' dir='ltr'><strong>post</strong></span> <span class='ocrx_word' id='word_1_846' title='bbox 2355 5720 2622 5774; x_wconf 73' lang='lat' dir='ltr'><strong>Manassis</strong></span> <span class='ocrx_word' id='word_1_847' title='bbox 2672 5718 3066 5790; x_wconf 84' lang='lat' dir='ltr'><strong>archiepiscopi</strong></span> <span class='ocrx_word' id='word_1_848' title='bbox 3108 5733 3135 5772; x_wconf 91' lang='lat' dir='ltr'><strong>e</strong></span> <span class='ocrx_word' id='word_1_849' title='bbox 3181 5717 3307 5772; x_wconf 75' lang='lat' dir='ltr'><strong>sede</strong></span> <span class='ocrx_word' id='word_1_850' title='bbox 3356 5715 3466 5769; x_wconf 73' lang='lat' dir='ltr'><strong>Re—</strong></span> 
     </span>
    </p>
   </div>
  </div>
