3862 6310
501 280 522 334 ί
535 279 598 331 03

1281 268 1338 323 S.
1379 268 1722 358 BBUNONIS
1764 267 2414 326 CARTIIUSIANORUM
2455 271 2946 329 INSTITUTORIS
3635 289 3719 344 tu

494 390 665 447 mensi
709 387 1104 461 expulsiouem,
1155 400 1246 440 seu
1294 385 1452 455 paulo
1497 396 1620 454 post
1668 403 1865 440 annum
1913 385 2066 446 l081),
2103 389 2142 444 Α
2175 385 2356 439 verbis
2383 403 2543 458 supra
2565 389 2809 444 recitatis
2831 391 3083 458 allirmel,
3119 392 3375 448 Sanctum
3402 414 3419 448 ι
3457 397 3648 454 Brunon
3681 423 3721 458 ιιι

493 498 603 553 quo
633 483 750 537 lucc
773 479 990 544 accidit,
1021 479 1072 532 iu
1105 492 1344 532 eremum
1404 479 1718 542 secessisse,
1761 479 1828 531 ab
1855 479 2082 547 ipsumet

493 575 758 631 Guiberto
788 573 908 626 loco
937 586 1098 640 supra
1125 570 1221 624 cit.
1251 569 1414 624 etiam
1451 569 1698 635 imlicari,
1733 569 1920 623 volunt
1942 584 2081 622 nou-

495 667 650 721 nulli.
679 666 754 720 lta
780 670 1068 717 autumant
1115 661 1255 730 quod
1304 661 1412 725 hic,
1433 671 1720 730 postquam
1751 661 1932 714 verbis
1959 674 2083 729 pro-

493 758 638 811 xime
669 754 909 810 recitatis
945 751 1246 822 subjuuxit,
1279 771 1297 804 ι
1332 766 1492 822 quem
1527 752 1853 824 (Manassem
1903 753 2083 806 archi-

491 836 829 920 episcopum)
859 848 1201 917 postmodum
1235 860 1514 914 proceres,
1541 846 1718 901 clerus
1757 855 1918 915 atque
1941 843 2080 900 Bur-

492 953 707 1008 genses,
728 955 848 994 cum
872 939 939 992 ab
968 935 1187 1005 llugoue
1222 938 1333 1008 (qui
1373 937 1580 992 Diensis
1607 938 2078 1006 agnominabatnr)

492 1032 903 1100 archiepiscopo
959 1029 1324 1100 (Lugdunensi
1375 1029 1594 1085 scilicet
1636 1037 1824 1098 postea
1871 1029 2078 1096 creato)

491 1124 802 1192 apostolica-3
831 1123 975 1178 sedis
1003 1121 1198 1192 legato,
1229 1122 1346 1176 viro
1386 1123 1436 1175 in
1495 1122 1679 1177 fenore
1706 1122 1880 1192 justiti
1903 1140 1930 1174 e
1966 1106 2080 1175 cla-

492 1215 731 1282 rissitno,
786 1216 1122 1272 (vehet-rimo
1171 1216 1517 1270 anathemate
1564 1216 1844 1280 feriretur,
1895 1227 1949 1270 et
1994 1215 2082 1270 ille

493 1324 657 1363 manu
687 1309 905 1363 militari
936 1309 1217 1363 thesauros
1269 1307 1526 1362 Ecclesia:
1554 1307 1854 1374 dilapidare
1882 1308 2079 1362 nitere-

495 1402 817 1468 tur,asede,
849 1416 1008 1471 quam
1037 1399 1176 1454 male
1200 1399 1512 1462 obsederat,
1569 1398 1913 1468 pepulerunt,
1949 1419 1968 1452 ι
2006 1401 2079 1452 ita

493 1493 710 1558 deinde,
732 1493 1019 1557 nonnullis,
1049 1509 1187 1562 quze,
1214 1507 1541 1562 quamquam
1586 1490 1887 1546 Mauassem
1914 1495 2080 1563 respi-

493 1585 662 1650 ciant,
697 1586 800 1638 huc
837 1595 1014 1640 tamen
1059 1585 1236 1639 minus
1291 1584 1516 1644 faciunt,
1557 1584 1925 1653 interpositis,
1958 1601 2080 1654 pro-

493 1685 791 1745 sequatur:
830 1694 850 1726 σ
879 1675 949 1729 At
979 1675 1184 1739 Bruuo,
1241 1674 1374 1728 urbe
1420 1673 1696 1742 (Retueusi
1737 1674 1964 1745 scilicet)
1991 1675 2082 1729 dc-

491 1776 660 1832 serta,
710 1766 908 1822 saeculo
962 1767 1132 1820 etiam
1196 1767 1586 1824 abrenuntiare
1639 1771 1911 1841 preponit,
1988 1775 2076 1841 qui

490 1873 709 1913 suorum
736 1859 957 1912 notitias
988 1858 1217 1911 horrens
1246 1859 1310 1911 ad
1357 1859 1922 1931 Gratianopolitanutu
1950 1879 2080 1932 pro-

489 1950 654 2005 cessit
677 1950 1044 2013 territorium;
1086 1968 1104 2001 »
1139 1965 1328 2004 verum
1370 1951 1473 2007 illis
1510 1953 1691 2007 hacin
1714 1969 1792 2020 re,
1821 1953 1898 2007 uti
1933 1953 2078 2008 infra

493 2042 720 2106 docebo,
756 2043 1157 2096 assentiendum
1194 2059 1298 2098 non
1337 2054 1439 2100 est.
1996 2048 2001 2053 ’

565 2133 686 2185 177.
711 2132 855 2186 Nihil
881 2133 1118 2198 interim,
1148 2136 1247 2190 etsi
1275 2136 1323 2190 id
1349 2137 1420 2191 ita
1448 2138 1538 2200 sit,
1566 2148 1754 2195 contra
1789 2155 1886 2194 nos
1915 2144 2079 2194 etiam

496 2223 582 2278 hic
618 2222 768 2290 facit,
797 2227 938 2294 quod
998 2225 1116 2282 loco
1142 2229 1234 2283 cit.
1295 2229 1572 2284 Lauuoius
1628 2240 1891 2301 praetcrea
1934 2234 2083 2288 addit

492 2315 558 2370 de
585 2316 800 2372 clericis
837 2317 1213 2381 Reincusibus,
1265 2337 1386 2376 cum
1441 2322 1641 2378 Sancto
1700 2325 1770 2378 ob
1810 2327 2082 2396 improbos

494 2404 758 2460 Mauassis
828 2423 1006 2462 niores
1033 2425 1063 2464 e
1120 2411 1340 2466 civitate
1377 2411 1632 2469 Remensi
1677 2419 1935 2484 egressis,
1967 2417 2076 2486 qui,

493 2496 546 2550 ni
577 2505 704 2551 tunc
740 2497 920 2552 Bruno
952 2499 1002 2552 iu
1032 2513 1274 2556 eremum
1296 2505 1608 2567 secesserit,
1633 2505 1723 2559 diu
1773 2523 1917 2570 eum,
1948 2524 2082 2578 quo.

493 2603 724 2658 cumque
757 2591 1104 2657 concederet,
1136 2595 1386 2650 comitari
1441 2597 1749 2664 debuerint,
1803 2600 2082 2670 Deumque

493 2690 718 2746 interea,
751 2698 780 2736 a
817 2699 924 2753 quo
979 2696 1449 2752 converterentur,
1511 2700 1675 2759 atque
1722 2692 1773 2744 in
1833 2709 2078 2748 eremum

492 2787 616 2827 cum
648 2773 850 2830 Sancto
878 2776 1225 2846 pellerentur,
1279 2795 1308 2834 e
1352 2782 1598 2837 machina
1640 2795 1992 2853 exspectare;
2029 2787 2081 2839 ia

492 2879 736 2922 eremum
773 2869 914 2924 enim
939 2886 1059 2925 cum
1089 2871 1308 2936 Sancto,
1334 2873 1408 2927 uti
1442 2876 1578 2944 :pud
1604 2892 1701 2930 nos
1725 2885 1855 2931 tom.
1882 2879 1902 2933 ι
1926 2877 2085 2948 Apr?-

494 2959 580 3023 lis,
607 2976 731 3032 pag.
755 2962 843 3026 40,
877 2979 1024 3018 num.
1053 2981 1104 3018 vi
1135 2966 1184 3018 in
1216 2965 1274 3020 S.
1301 2965 1564 3036 llugouis,
1591 2967 2081 3040 Gratianopolitaui

491 3053 770 3124 episcopi,
823 3055 942 3110 Vita
1012 3055 1202 3126 Guigo,
1261 3058 1483 3126 quintus
1535 3059 1799 3116 Cartusize
1856 3061 2150 3134 majorisc

492 3144 661 3212 prior,
702 3153 954 3207 testatur,
1007 3157 1398 3203 concesserunt
1445 3151 1706 3220 magister
1737 3151 2076 3215 Landuinus,

493 3234 652 3291 Luce
683 3238 735 3291 iu
766 3237 1017 3292 lletruria
1045 3238 1155 3310 (adi
1182 3239 1322 3308 apud
1357 3240 1635 3296 Labbeum
1677 3251 1806 3297 tom.
1836 3244 1854 3297 Ι
1883 3245 2079 3299 Biblio-

493 3327 666 3383 theca:
687 3344 836 3384 novae
863 3347 993 3386 mss.
1027 3347 1156 3401 pag.
1182 3332 1285 3387 659
1311 3342 1546 3401 quatuor
1571 3335 1896 3404 primorum,
1927 3337 2081 3401 cujus

495 3433 647 3476 num.
675 3419 708 3474 6
735 3422 978 3476 notitiam
1016 3422 1161 3486 dedi,
1228 3422 1494 3478 Cartusiaa
1558 3425 1782 3495 majoris
1833 3427 2078 3496 priorum

501 3506 833 3580 Chronicon)
861 3511 1063 3565 mundo
1099 3519 1276 3569 natus.
1317 3509 1574 3582 Stephani
1614 3514 1741 3580 duo,
1791 3515 2080 3588 Burgeusis

489 3608 552 3654 et
586 3599 816 3665 Diensis,
868 3601 1018 3674 Hugo
1064 3602 1372 3672 capellauus
1398 3613 1454 3658 et
1492 3605 1600 3660 duo
1648 3604 1768 3662 laici
1823 3621 1916 3660 seu
1946 3622 2078 3662 con-

491 3691 655 3754 versi,
687 3691 931 3748 Andreas
957 3702 1011 3748 et
1037 3693 1330 3758 Guarinus;
1381 3695 1575 3750 horum
1623 3706 1804 3752 autem
1849 3697 2029 3754 nullus
2051 3712 2082 3753 e

488 3779 767 3836 nobilibus
793 3781 899 3837 illis
951 3782 1312 3840 Remensibus
1337 3785 1570 3852 clericis,
1602 3788 1693 3857 qui
1727 3804 1849 3843 cum
1883 3789 2082 3845 Sancto

471 3872 564 3928 .ob
620 3870 898 3942 improbos
953 3872 1218 3930 Manassis
1282 3889 1462 3931 mores
1524 3877 1712 3934 Remis
1767 3894 2078 3945 excessere,

489 3963 769 4018 exstitisse
797 3963 1094 4019 invenitur.
1134 3965 1288 4032 Quod
1331 3967 1490 4022 modo
1531 3967 1598 4022 ad
1652 3969 2023 4034 collationem,
2050 3985 2080 4025 a

492 4054 698 4110 Sancto
751 4071 873 4110 cum
926 4055 1208 4127 Radulpho
1255 4057 1428 4114 Viridi
1468 4068 1522 4116 et
1567 4061 1752 4117 Fulcio
1800 4062 2082 4119 Monoeulo

483 4147 760 4214 habitam,
787 4149 1041 4218 pertinet,
1075 4149 1348 4205 Brunonis
1376 4151 1518 4205 hanc
1545 4167 1608 4206 ex
1640 4152 1772 4208 urbe
1826 4153 2080 4209 llemcnsi

485 4239 567 4296 ob
587 4240 861 4310 improbos
884 4241 1150 4296 Manassis
1175 4256 1354 4296 mores
1379 4241 1636 4297 discessui
1663 4259 1766 4297 uou
1782 4244 2078 4313 prreivisse,

488 4333 629 4388 satis
659 4349 949 4405 superque,
974 4349 1094 4404 quae
1123 4349 1269 4388 num.
1311 4332 1412 4387 125
1439 4342 1493 4388 et
1514 4349 1672 4404 seqq.
1729 4336 1780 4388 in
1841 4337 2078 4391 medium

491 4423 718 4487 adduxi,
745 4427 1039 4492 evincunt;
1091 4427 1287 4480 ibidem
1339 4426 1557 4480 interim
1597 4427 1756 4482 dictis
1783 4427 2080 4486 Guibcrtus

497 4516 564 4570 de
607 4516 1046 4587 Novigentoloro
1095 4520 1343 4589 proxime
1390 4521 1486 4575 cit.
1514 4521 1676 4575 etiam
1728 4520 2076 4593 suifragatur,

495 4615 683 4676 utpote
710 4610 1030 4672 narrationi,
1079 4627 1181 4679 qua
1238 4611 1421 4666 Sancti
1445 4627 1508 4666 ex
1548 4614 1682 4668 urbe
1732 4612 1986 4668 Remensi
2011 4614 2080 4670 ob

499 4697 776 4768 improbos
841 4699 1107 4755 Manassis
1139 4717 1318 4756 mores
1378 4703 1676 4758 discessum
1724 4703 1914 4770 refert,
1957 4713 2080 4774 post

497 4803 669 4857 pauca
693 4789 1032 4860 interposita,
1055 4807 1175 4860 qua:
1199 4793 1304 4847 huc
1327 4809 1430 4848 non
1456 4792 1682 4858 faciunt,
1723 4793 2076 4866 subjungens,

502 4899 522 4934 ι
555 4880 627 4935 At
653 4881 852 4946 Bruno,
883 4884 1018 4938 urbe
1051 4884 1325 4954 (Remensi
1377 4887 1590 4956 nempe)
1617 4887 1852 4954 deserta,
1881 4889 2078 4944 szeculo

497 4970 662 5027 etiam
690 4973 1080 5029 abrenuntiare
1109 4975 1377 5043 proponit.
1411 4995 1428 5025 ι

575 5064 693 5120 178.
725 5063 847 5119 Jam
873 5080 1002 5121 vero
1032 5081 1154 5120 cum
1207 5065 1439 5123 Sanctus
1465 5082 1567 5123 nec
1594 5068 1775 5124 statim
1811 5085 1841 5123 a
1882 5085 1981 5124 suo
2010 5085 2076 5125 ex

498 5158 632 5212 urbe
658 5155 911 5212 Remensi
941 5160 1012 5212 ob
1040 5158 1317 5227 improbos
1339 5153 1604 5214 Manassis
1641 5175 1818 5214 mores
1849 5176 2075 5216 excessu

499 5249 554 5304 in
579 5264 821 5304 eremum
854 5249 1072 5314 abierit,
1109 5265 1209 5306 nec
1233 5250 1376 5306 hunc
1406 5249 1589 5306 habita
1623 5266 1746 5305 cum
1792 5250 2078 5321 Radulpho

497 5341 776 5408 etFulciu,
793 5342 853 5413 in
877 5357 980 5412 qua
1013 5341 1067 5396 hi
1089 5356 1215 5397 cum
1264 5342 1516 5397 Brunonc
1540 5342 1840 5397 monachici
1865 5341 2078 5397 habitus

499 5433 813 5489 assumendi
866 5442 1050 5489 votum
1108 5416 1379 5500 emisere,
1439 5433 1656 5488 collatio
1707 5433 2074 5504 prmcesscrit,

502 5525 624 5592 quis
657 5524 929 5595 improbos
960 5524 1225 5580 Manassis
1270 5540 1449 5579 mores
1479 5540 1578 5594 pro
1617 5540 1769 5590 vera,
1801 5525 1870 5579 ob
1914 5540 2076 5594 quant

499 5618 796 5673 Sanctusin
819 5628 1059 5674 eremum
1081 5618 1388 5684 secesserit,
1407 5632 1568 5672 causa
1591 5616 1880 5672 admittat?
1905 5615 2070 5680 Sane,

499 5721 554 5766 ut
581 5710 684 5767 hoc
724 5709 836 5779 fiat,
887 5711 1106 5786 minime
1174 5711 1315 5768 favet
1374 5710 1682 5768 Guibertus.
1732 5707 1884 5765 Licet
1931 5709 2075 5764 enim

2187 479 2558 535 conversionis
2591 478 2741 536 initia
2779 492 2995 537 nactum
3027 484 3195 539 fuisse
3217 501 3279 539 ex
3307 489 3611 546 occasione»
3635 491 3723 546 im-

2187 567 2479 634 proborum
2506 585 2715 624 morum
2744 571 3032 639 Manassar;
3070 575 3236 629 hosce
3264 585 3462 645 tamen,
3505 580 3569 636 ob
3589 598 3723 650 quant

2188 659 2423 715 Sanctus
2483 661 2536 715 iu
2580 677 2822 717 eremum
2876 668 3186 732 secesserit,
3240 668 3571 740 perfectoque
3627 688 3726 730 sese

2185 755 2538 817 converterit,
2559 769 2780 810 causam
2803 758 3102 824 exstitisse,
3129 775 3236 814 non
3264 762 3443 816 edicit.
3489 763 3593 820 lino
3620 782 3726 821 vero

2185 844 2516 898 contrarium
2545 846 2741 914 innuit,
2771 863 2890 903 cum
2950 849 3231 920 improbos
3263 853 3520 910 Manassis
3573 873 3726 915 more;

2183 935 2556 991 conversionis
2586 940 2759 994 sancti
2785 940 2954 996 initiis
2975 943 3319 998 occasionem
3352 947 3573 1017 de..'issr,
3593 951 3726 1006 dunt-

2187 1035 2338 1082 taxat
2361 1031 2560 1092 tradat,
2616 1031 2838 1102 luecque
2888 1033 2957 1087 ab
2989 1035 3100 1106 ipsa
3130 1038 3486 1094 conversione
3522 1041 3726 1110 perfecta

2185 1119 2293 1173 sint
2319 1119 2556 1176 diversa.
2601 1121 2671 1178 Ut
2703 1123 2919 1178 veritati
2946 1141 3187 1180 consona
3239 1129 3516 1198 scripsisse
3561 1130 3732 1186 intelli-

2183 1221 2341 1279 gatnr
2368 1210 2686 1278 Guibertus,
2721 1229 2810 1269 res
2853 1215 2924 1269 ita
2956 1218 3312 1288 concipienda
3342 1220 3564 1276 Vidcilﬂ'.
3611 1221 3726 1277 Bru-

2187 1319 2274 1365 uo,
2302 1303 2486 1359 lteruis
2531 1305 2600 1359 ob
2654 1305 2932 1376 improio;
2963 1307 3231 1364 lllauassis
3281 1325 3458 1366 mores
3502 1315 3730 1367 excedere

2184 1395 2516 1464 compulsus,
2552 1394 2826 1450 fortunam
2881 1399 3117 1454 maxime
3169 1401 3470 1461 adversam.
3502 1418 3598 1472 qua
3626 1417 3731 1472 pre-

2185 1493 2386 1550 mente,
2448 1485 2516 1540 de
2567 1485 2677 1541 Deo
2729 1488 2974 1557 cogitare
3037 1490 3275 1560 vitaeque
3333 1493 3730 1546 emendationem

2183 1577 2470 1647 concipere
2494 1578 2748 1634 mortales
2775 1580 3117 1648 potissimum
3147 1582 3342 1642 solent.
3372 1582 3469 1637 fuit
3489 1595 3730 1654 expertus,

2188 1667 2418 1736 hincque
2449 1668 2651 1724 factum
2713 1678 2771 1723 ut
2801 1686 2923 1725 cum
2964 1671 3253 1744 Radulpho
3285 1685 3337 1727 et
3365 1675 3542 1729 Fulcio
3576 1675 3732 1729 More-

2185 1759 2307 1813 cnlo
2342 1759 2612 1815 celebrem
2672 1761 2724 1815 in
2749 1777 2855 1831 qua
2883 1777 3004 1818 sese
3031 1765 3181 1820 brevi
3213 1767 3582 1821 monachicum
3605 1768 3732 1821 habi-

2187 1857 2298 1902 tum
2365 1860 2793 1919 assumpturtun,
2857 1855 3032 1916 vovit,
3101 1857 3445 1912 collationem
3495 1858 3729 1911 habuerit.

2185 1940 2276 1995 Sic
2319 1940 2518 2010 quippe
2573 1957 2694 1997 cum
2747 1951 2932 1997 votum
2991 1945 3116 1999 illud
3171 1945 3452 2016 completa:
3497 1963 3523 1998 a
3560 1945 3732 2000 Sancto

2185 2041 2367 2100 postea
2399 2033 2771 2089 conversionis
2803 2035 3080 2090 initiorum
3101 2036 3221 2092 loco
3249 2039 3440 2091 merito
3467 2039 3536 2090 sit
3561 2037 3732 2090 balea-

2185 2126 2334 2186 dum,
2365 2124 2774 2195 collationique,
2823 2127 2876 2180 in
2919 2144 3024 2197 qua
3061 2129 3202 2184 idem
3253 2140 3435 2183 votum
3467 2129 3562 2182 fuit
3589 2128 3732 2183 cutis-

2185 2231 2326 2281 sunt,
2355 2216 2582 2287 improbi
2606 2219 2873 2274 Manassis
2899 2236 3078 2276 mores
3110 2223 3456 2277 occasionem
3495 2221 3730 2285 dederint,

2187 2316 2334 2362 recte
2382 2308 2664 2377 scripsisse
2725 2311 3045 2381 intelligitur
3115 2313 3452 2378 Guit2ertus,
3505 2312 3730 2367 Sanctum

2187 2409 2426 2454 nostrum
2453 2417 2519 2456 ex
2549 2402 2915 2472 improborum
2949 2404 3212 2459 Manassre
3241 2421 3450 2460 morum
3479 2419 3598 2458 orca
3631 2401 3733 2455 iune

2186 2492 2558 2546 conversionis
2586 2509 2696 2548 sum
2725 2494 2874 2548 initia
2909 2505 3123 2550 nactum
3154 2497 3343 2563 fnisw,
3390 2497 3500 2552 sive
3540 2493 3730 2549 interim

2185 2601 2248 2640 ex
2282 2596 2405 2639 voto
2444 2585 2534 2639 illo
2561 2601 2653 2640 seu
2697 2603 2761 2641 ex
2793 2588 3100 2650 collatione,
3131 2592 3184 2644 in
3219 2608 3322 2659 qua
3350 2591 3449 2644 hoc
3474 2589 3563 2643 fuit
3589 2587 3730 2642 emis-

2186 2691 2328 2739 sum,
2354 2674 2553 2730 factum
2592 2678 2804 2731 tandem
2833 2679 2926 2745 sit,
2973 2691 3028 2733 ut
3057 2680 3294 2736 Sanctus
3323 2696 3510 2734 novant
3533 2679 3732 2734 C.utlnt-

2187 2767 2465 2822 sianorum
2522 2767 2832 2838 religionem
2881 2770 3201 2838 instituerit,
3258 2773 3374 2826 sive
3401 2787 3531 2824 nova
3554 2769 3732 2823 ratione

2187 2860 2482 2914 accedente
2507 2862 2571 2915 ad
2601 2863 2650 2916 id
2675 2861 2982 2918 faciendum
3017 2864 3181 2920 fuerit
3223 2866 3503 2936 impulsus.
3704 2849 3710 2856 ’

2259 2955 2381 3010 179.
2402 2956 2463 3010 Ει
2489 2955 2794 3011 Brunonem
2825 2958 3042 3025 quidem
3069 2975 3098 3014 e
3130 2960 3275 3015 dicta
3305 2958 3581 3016 collatione
3600 2967 3731 3005 orca-

2185 3047 2394 3102 sionem
2425 3061 2579 3102 nova:
2625 3062 2735 3101 sua:
2765 3048 3042 3115 religionis
3089 3050 3433 3105 instituenva
3468 3044 3732 3116 accepisse.

2184 3137 2457 3193 Launoius
2485 3138 2534 3191 in
2561 3152 2658 3192 sua
2705 3137 2771 3191 de
2824 3154 2952 3193 vera
2983 3138 3042 3194 S.
3097 3139 3369 3196 Brunonis
3409 3139 3458 3194 in
3520 3146 3732 3192 eretuum

2182 3245 2429 3284 secessus
2459 3243 2619 3284 causa
2645 3229 3030 3286 dissertatione
3054 3248 3171 3302 cap.
3206 3249 3247 3299 ι,
3287 3232 3313 3304 §
3345 3231 3406 3285 lll
3463 3223 3728 3285 contendit;

2183 3335 2367 3374 verum
2399 3329 2586 3374 contra
2611 3321 2676 3374 ad
2706 3321 2826 3374 novi
2857 3321 3342 3376 Cartlntsianorum
3373 3318 3574 3376 ordinis
3597 3313 3732 3370 iusti-

2185 3411 2444 3466 tutioucm
2479 3411 2612 3466 nihil
2643 3411 2864 3467 omnino
2895 3412 3235 3468 collationem
3270 3414 3414 3468 illam
3449 3405 3730 3466 contulisse.

2183 3502 2458 3556 annalium
2482 3501 2956 3558 Carthusieusium
2998 3503 3120 3558 libri
3153 3503 3336 3574 quarti
3369 3502 3618 3558 hactenus
3646 3505 3732 3545 non

2184 3594 2385 3665 vulgati
2419 3603 2610 3648 auctor
2634 3610 2936 3666 auonymus
2987 3606 3158 3663 putat,
3203 3596 3387 3666 operis
3415 3593 3493 3649 sui
3517 3604 3654 3644 num.
3678 3581 3735 3636 89

2185 3687 2332 3740 hunc
2363 3686 2416 3740 in
2448 3686 2666 3740 modum
2695 3685 2958 3748 Launoio,
2981 3687 3108 3742 illud
3139 3684 3514 3746 contendenti,
3535 3691 3733 3748 respou-

2183 3779 2320 3834 dens
2353 3797 2366 3834 :
2397 3779 2470 3834 [bi
2505 3818 2520 3834 .
2550 3820 2562 3833 .
2592 3820 2604 3834 .
2639 3820 2652 3833 .
2683 3780 2758 3849 (in
2784 3781 3006 3851 epistola
3040 3783 3247 3838 scilicet
3295 3782 3352 3837 S.
3403 3773 3653 3834 Brunonis
3677 3767 3733 3822 a.|

2186 3872 2528 3943 Radulphum
2572 3873 2811 3928 Viridem
2860 3889 2957 3943 per
3005 3874 3168 3930 verba
3196 3916 3211 3935 ,
3277 3879 3426 3930 u'um.
3467 3867 3596 3930 ηδ,
3647 3861 3734 3915 huc

2188 3968 2537 4038 transcripta)
2573 3985 2593 4020 ι
2622 3977 2846 4023 sanctus
2891 3968 3076 4023 Bruno
3126 3985 3230 4024 non
3267 3966 3503 4038 loquitur
3533 3961 3594 4015 de
3624 3967 3736 4010 con"

2185 4058 2304 4113 silio
2321 4057 2577 4114 fraudandi
2615 4057 2844 4128 alicujus
2871 4059 2993 4113 novi
3023 4059 3252 4123 ordinis,
3300 4057 3391 4114 sed
3446 4059 3642 4107 tantum
3679 4040 3734 4092 de

2184 4157 2310 4203 voto
2352 4149 2640 4218 recipiendi
2671 4149 3046 4204 monachicum
3099 4150 3366 4204 habitum.
3399 4142 3617 4214 Quidam
3655 4129 3736 4186 ad-

2184 4241 2459 4295 versarius
2487 4242 2628 4296 hanc
2655 4241 2833 4298 forsan
2877 4241 3124 4298 irridebit
3173 4239 3590 4296 distinctionem.
3632 4234 3735 4294 quin

2185 4331 2536 4387 nihilominus
2563 4331 2792 4398 facilius,
2817 4348 2977 4402 quam
3009 4333 3097 4387 illa
3133 4353 3151 4384 ι
3173 4332 3482 4403 (observata
3506 4317 3732 4378 n'mirum

2111 4417 2158 4475 D
2186 4442 2212 4478 a
2246 4425 2488 4479 Launoio
2516 4426 2566 4478 in
2595 4424 2886 4487 Brunonis,
2912 4442 3032 4496 qure
3073 4427 3319 4495 proxime
3371 4414 3598 4479 laudavi.
3625 4420 3732 4461 νεῖτ’

2181 4516 2286 4587 bis)
2323 4536 2340 4567 ι
2371 4516 2714 4571 instituenda:
2757 4517 3240 4572 Cartlmsianorutn
3297 4506 3565 4583 religionis
3591 4511 3732 4599 rem:

2183 4609 2283 4673 sio,
2338 4607 2721 4663 observabitur
2752 4623 2781 4662 a
2810 4609 3001 4679 quovis
3037 4609 3297 4664 attentius
3349 4616 3402 4662 et
3426 4603 3540 4657 sine
3586 4600 3731 4685 auqu

2181 4709 2330 4755 motu
2361 4699 2523 4754 verba
2557 4699 2729 4753 sancti
2770 4699 3040 4755 Brunonis
3071 4699 3466 4754 considerante.
3503 4710 3518 4738 ι
3549 4685 3734 4781 Promi-

2189 4815 2206 4846 ι
2246 4794 2436 4856 simlIS.
2477 4813 2495 4846 ι
2533 4794 2728 4863 inquit,
2769 4812 2788 4845 ε
2820 4809 2884 4848 ac
2910 4795 3157 4849 vovimus
3203 4790 3428 4864 Spiritui
3479 4785 3655 4839 sancto
3687 4783 3729 4822 In

2187 4885 2483 4955 iproximo
2553 4885 2775 4954 fugitiva
2849 4885 3027 4940 saeculi
3086 4885 3391 4954 relinquere
3442 4886 3495 4932 et
3550 4872 3731 4924 :eterua

2186 4993 2204 5026 ιι
2235 4983 2475 5045 captare,
2508 4990 2607 5030 nec
2627 4990 2733 5028 non
2766 4975 3144 5030 monachicum
3174 4975 3416 5029 habitum
3442 4962 3725 5052 recipere.)

2179 5067 2312 5134 Quis
2342 5084 2447 5122 non
2479 5066 2659 5122 videat
2689 5067 2833 5120 aliud
2863 5080 2985 5121 esse
3007 5081 3200 5121 vovere
3228 5067 3468 5121 habitum
3494 5051 3732 5112 monastt-

2177 5174 2300 5215 cum
2327 5173 2625 5222 assumere,
2649 5157 2793 5212 aliud
2824 5157 2962 5212 inire
2983 5157 3269 5234 consilium
3287 5149 3573 5212 condenda:
3597 5144 3731 5234 non?

2182 5249 2500 5321 religionis?
2562 5219 2804 5320 cumque
2852 5225 3032 5304 statim
3057 5249 3237 5313 addat,
3273 5267 3291 5300 ι
3328 5242 3468 5317 quod
3521 5219 3728 5328 (ἶθξθξῃ)

2183 5363 2203 5394 ‹
2243 5353 2298 5398 et
2355 5342 2407 5396 in
2456 5341 2634 5397 vicino
2667 5351 2942 5413 peractqu
2973 5351 3140 5406 esset,
3197 5343 3298 5395 nisi
3361 5349 3483 5394 tunc
3535 5323 3729 5382 Fulcuts

2187 5450 2204 5482 ς
2239 5431 2468 5485 Romam
2526 5431 2780 5497 abiisset;
2814 5449 2832 5481 ι
2897 5430 2985 5484 his
3023 5429 3202 5484 verbis
3250 5429 3384 5484 satis
3438 5414 3604 5476 inn-uit
3648 5413 3727 5497 995

2183 5531 2386 5575 tantum
2418 5520 2695 5591 cogitasse
2757 5495 2823 5574 de
2874 5520 3174 5574 monastico
3225 5517 3410 5572 habitu
3461 5495 3725 5599 indttfilt'i":

2183 5629 2286 5666 non
2317 5611 2369 5666 in
2402 5589 2560 5675 novo,
2585 5626 2743 5680 quem
2768 5603 3472 5677 instituerent,ordine,sed
3495 5601 3544 5655 iu
3569 5589 3726 5656 aliti“0

2187 5705 2411 5760 alterius
2439 5703 2646 5760 ordinis
2687 5704 3033 5760 monasterio.
3076 5723 3094 5755 ι
