3862 6310
163 363 242 421 ωδ
584 320 593 329 ⁸
710 372 719 379 ν
1608 357 1688 413 AC

3249 377 3349 435 106

214 478 316 532 180.
345 494 363 527 ι
390 473 443 530 Si
465 473 605 529 enim
634 473 700 529 de
724 489 862 531 nova
892 475 1151 545 religione
1208 475 1259 531 in
1309 478 1411 532 hac
1435 476 1673 547 egissent
1704 475 1749 532 Α
1775 490 1967 532 cussus
1992 492 2098 531 non
2122 483 2296 532 solum
2330 477 2394 532 de
2426 489 2726 536 monasttco
2755 480 3063 549 recipiendo
3092 478 3351 555 cogitavit

159 566 411 630 collatione,
441 564 739 634 huiusmodi
772 565 1055 619 consilimu
1079 575 1187 619 tam
1206 566 1395 620 citoad
1422 566 1675 621 etfectum
1780 568 1986 633 habitu,
2019 572 2109 624 sed
2158 571 2224 623 ad
2275 570 2587 626 sublimiora
2645 589 2672 624 a
2732 573 3104 630 Deo'N'ocatus
3154 592 3352 634 novum

158 660 401 729 perducere
427 673 530 712 non
560 658 884 726 potuissent,
939 667 996 712 ut
1027 672 1218 713 revera
1257 674 1363 712 non
1414 660 1679 728 perduxe-
1780 658 2133 725 amplectendi
2177 674 2344 729 genus
2371 661 2493 716 vita:
2521 664 2835 731 asperrima:
2874 666 3157 720 consilium
3208 669 3350 733 iniit,

158 761 270 818 mnt,
294 766 401 805 cum
428 753 573 821 prius
624 752 794 806 multa
845 753 946 807 sibi
987 754 1318 822 disponenda
1359 752 1588 808 fuissent
1612 753 1679 809 ad
1779 760 1829 804 et
1864 749 2101 804 feliciter
2127 752 2431 822 complevit.
2474 773 2491 804 ι
2521 753 2791 811 "actenus
2816 757 2924 822 ille,
2955 758 3007 810 in
3039 758 3348 821 collatione,

155 853 319 898 tantum
345 859 473 913 opus
494 844 1005 913 perficiendum,ut
1042 854 1169 899 sunt
1204 860 1373 916 genus
1411 854 1466 900 et
1492 847 1679 902 modus
1779 855 1941 909 Quam
2004 840 2235 896 Sanctus
2307 860 2427 896 cum
2495 844 2776 915 Radnlpbo
2837 845 3004 903 Viridi
3057 857 3113 903 ct
3164 848 3351 905 Fulcio

155 934 265 995 vitm,
320 932 549 994 habitus,
578 933 804 987 ardificia
847 934 1197 1004 quantumvis
1260 935 1502 1000 humilia,
1532 935 1679 992 locus
1780 932 2061 988 Monoculo
2090 933 2154 986 de
2186 932 2337 987 falsis
2359 936 2539 989 mundi
2569 937 3025 993 oblectationibus
3063 950 3352 993 mternum-

155 1024 371 1092 imprimis
405 1025 470 1078 ad
509 1025 841 1095 propositum
894 1027 1121 1081 idoneus
1145 1037 1201 1082 et
1228 1026 1332 1083 alia
1372 1029 1676 1099 huiusmodi
1778 1038 1883 1090 que
1914 1023 2186 1077 duraturis
2212 1023 2331 1078 caeli
2359 1026 2567 1093 gaudiis
2616 1028 2826 1095 habuit,
2884 1031 2951 1085 de
2998 1046 3138 1084 novo
3196 1033 3352 1085 insti-

153 1129 230 1169 non
250 1122 402 1184 pauca
433 1122 541 1168 tam
565 1116 715 1170 circa
776 1116 1120 1185 temporalia,
1150 1132 1312 1185 quam
1354 1117 1675 1187 spiritualia,
1780 1114 1979 1168 tuendo
2012 1116 2199 1170 ordine
2221 1126 2404 1170 actum
2462 1135 2563 1172 non
2606 1119 2792 1186 fuisse,
2840 1121 3033 1177 merito
3069 1138 3199 1177 sane
3223 1140 3354 1178 con-

152 1206 200 1259 ad
224 1220 393 1259 novam
451 1204 765 1274 religionem
829 1206 932 1260 rite
978 1206 1366 1261 instituendam
1432 1209 1678 1263 absolute
1780 1203 2023 1267 tendens,
2049 1215 2102 1258 ut
2136 1207 2359 1275 proinde
2384 1207 2472 1260 illa
2500 1224 2604 1262 non
2632 1212 2896 1267 exstiterit
2930 1214 3052 1267 novi
3073 1215 3351 1269 instituen-

149 1296 425 1350 necessaria.
450 1295 724 1351 Prmterea
755 1312 820 1351 ex
840 1305 1093 1352 contextu
1124 1298 1409 1353 verborum
1437 1298 1676 1367 ejusdem
1778 1292 1827 1346 di
1858 1293 2063 1349 ordinis
2091 1296 2329 1358 occasio,
2359 1306 2454 1350 aut
2477 1308 2626 1352 certe
2653 1314 2758 1353 non
2789 1301 2890 1355 nisi
2912 1301 3067 1356 valde
3101 1312 3345 1366 remota;

150 1387 554 1453 epistolazclarius
579 1388 694 1443 sole
719 1399 967 1459 apparet,
995 1399 1167 1443 totum
1194 1391 1296 1446 hoc
1317 1392 1673 1461 pr0positum,

1824 1398 1887 1437 no
1926 1399 2057 1437 vero
2087 1394 2376 1453 utvotum,
2438 1387 2489 1441 in
2539 1389 2727 1443 eadem
2778 1392 3058 1460 emissum,
3094 1408 3159 1447 ne
3187 1393 3349 1447 ullam

149 1477 188 1530 in
209 1479 291 1532 liae
308 1477 585 1534 collatione
608 1490 942 1550 susceptum,
999 1494 1254 1535 successu
1320 1483 1580 1551 temporis
1611 1483 1677 1538 ad
1777 1475 1990 1542 quidem
2027 1490 2085 1530 sa
2128 1486 2215 1529 cto
2238 1491 2386 1531 nova}
2415 1479 2935 1549 magisqueauslerm
2962 1484 3107 1547 vim.
3137 1483 3352 1554 qmlem

148 1569 325 1622 nihilum
380 1569 664 1635 recidisse,
696 1580 756 1624 ut
784 1570 1014 1640 ipsemet
1065 1570 1255 1625 beatus
1310 1572 1395 1626 vir
1444 1572 1677 1642 ingenue
1777 1564 1831 1619 in
1863 1564 2165 1620 Carthusire
2194 1581 2259 1620 ac
2307 1567 2501 1622 deinde
2556 1571 2607 1623 in
2629 1571 2894 1627 Calabria:
2939 1576 3137 1629 eremis
3175 1575 3353 1641 duxit,

148 1656 302 1712 fatetur
348 1658 428 1713 his
486 1660 728 1715 verbis:
778 1679 797 1712 ι
840 1661 991 1727 Quod
1053 1661 1106 1715 in
1162 1661 1339 1716 vicino
1394 1672 1675 1731 peractum
1777 1657 2164 1726 amplectenda:
2187 1659 2572 1730 obligationem
2625 1662 2903 1732 imponere
2926 1679 3146 1735 quoquo
3192 1668 3353 1721 modo

152 1768 165 1799 ι
190 1759 325 1815 esset,
355 1751 453 1806 nisi
483 1763 617 1807 tunc
639 1752 859 1809 Fulcius
890 1754 1116 1808 Romam
1141 1754 1386 1817 abiisset,
1419 1756 1487 1810 ad
1522 1754 1677 1826 cujus
1707 1810 1751 1826 ,,
1778 1748 2031 1817 Power“-

152 1843 428 1897 credditum
496 1845 806 1915 peragenda
864 1846 1194 1901 distulimus.
1269 1845 1387 1913 Quo
1465 1810 1674 1904 moram

1854 1836 1972 1891 l82.
2000 1839 2195 1893 Verum
2223 1860 2240 1891 ι
2260 1840 2520 1905 Brunoni,
2547 1861 2565 1892 ι
2583 1842 2722 1910 quod
2754 1844 2803 1896 in
2832 1843 2933 1897 fine
2956 1844 3052 1911 ait,
3086 1862 3104 1895 ι
3124 1844 3235 1899 Deo
3257 1860 3352 1900 ex-

151 1947 165 1979 ι
195 1929 397 1987 faciente
433 1933 670 2003 aliisque
699 1935 1185 1990 intervenientibus
1217 1937 1428 2002 causis,
1460 1936 1675 1995 divinus

1827 1926 2011 1993 livere,
2035 1947 2053 1980 ι
2081 1930 2223 1999 quod
2252 1930 2304 1984 in
2330 1931 2617 1987 collatione
2648 1932 2734 1986 illa
2759 1934 3079 2001 promiserat
3102 1950 3163 1989 ac
3191 1949 3352 1989 vove-

150 2040 165 2071 ι
185 2036 305 2075 amor
333 2024 590 2094 elanguit,
651 2026 897 2096 refriguit
946 2026 1179 2090 animus,
1221 2026 1510 2098 fcrvorque
1549 2044 1674 2084 em-
1774 2025 1881 2082 rat,
1903 2034 1921 2069 ι
1945 2017 2210 2073 differenti
2236 2018 2470 2085 fortiori,
2495 2036 2603 2091 quo
2629 2022 2896 2078 vocationi
2914 2024 3107 2079 divinae
3134 2024 3351 2079 tandem

150 2129 164 2161 ι
199 2116 310 2168 nuit.
337 2133 353 2165 ι
385 2114 522 2181 Quid
558 2116 666 2170 dici
701 2116 1224 2185 potuitevidentius?
1248 2116 1387 2184 Quid
1423 2117 1565 2172 enim
1589 2127 1675 2173 est
1772 2109 2187 2179 obsequeretur.
2216 2111 2572 2167 ίηοίῐθιηθηῑο
2599 2128 2733 2182 Opus
2760 2115 2945 2177 fuisse.
2984 2134 3001 2166 ι
3037 2118 3350 2186 neutiquam

147 2202 318 2266 dicere,
368 2208 507 2275 quod
547 2225 566 2258 ι
608 2207 822 2263 divinus
890 2220 1045 2262 amor
1099 2208 1374 2279 elanguit,
1424 2207 1672 2278 refriguit

1829 2209 1967 2255 acet.
1998 2200 2109 2256 Etsi
2131 2201 2274 2255 enim
2319 2202 2496 2271 reipsa
2540 2202 2794 2269 Sanctus,
2832 2206 2972 2272 quod
3026 2206 3078 2259 in
3128 2205 3351 2273 prrefata

150 2297 377 2361 tanilnus,
403 2298 695 2367 fervorque
735 2303 951 2353 evanuit
976 2339 992 2364 ,
1019 2319 1037 2351 ι
1080 2298 1182 2353 nisi
1233 2307 1420 2367 aperte
1466 2299 1671 2366 dicere,
1773 2292 2080 2358 collatione,
2112 2307 2256 2346 anno
2280 2308 2348 2347 ex
2402 2308 2566 2365 Supra
2595 2295 2755 2349 dictis
2781 2296 2914 2350 1077
2947 2296 3353 2351 verosimillirue

146 2389 253 2452 quod
280 2403 373 2441 non
395 2388 570 2444 solum
603 2399 733 2444 tunc
761 2390 1407 2445 nonabrcnuntiavertmt
1454 2392 1668 2456 saeculo,
1774 2380 1977 2443 habita.
2030 2381 2376 2451 promiserat.
2400 2384 2466 2438 ad
2522 2398 2722 2439 annum
2770 2397 2828 2438 ut
2874 2386 3154 2439 minimum
3188 2386 3361 2451 108k

146 2477 213 2531 sed
231 2478 371 2531 etiam
400 2464 541 2549 quod
575 2479 894 2549 Radnlplnts
935 2489 989 2535 et
1029 2480 1246 2535 Fulcius
1283 2481 1673 2536 abrenuntian-
1773 2472 1853 2527 υιί
1894 2470 2031 2525 illi“!
2060 2472 2317 2542 PPObabO.
2349 2463 2413 2529 εδ
2443 2475 2621 2543 Ρνοὶιι,
2660 2477 2705 2531 Si
2735 2491 2839 2531 ηοιι
2869 2486 2993 2533 octo
3044 2486 3137 2531 aut
3162 2479 3349 2532 decem

148 2567 184 2618 di
203 2570 451 2624 consilium
480 2572 834 2641 abjecerunt;
888 2583 1109 2627 sanctus
1143 2588 1271 2628 vero
1307 2573 1487 2630 Bruno
1541 2575 1671 2630 illud

1826 2563 1952 2628 luis,
1980 2564 2138 2634 longo
2166 2564 2357 2619 saltem
2411 2569 2672 2637 temporis
2719 2568 2898 2630 spatio
2928 2568 3152 2637 implere
3180 2569 3351 2623 distu-

147 2656 185 2708 ἰη
205 2659 319 2713 aliud
350 2669 562 2731 tempus
608 2664 896 2732 reiecerit?
943 2663 1095 2731 Quod
1147 2666 1389 2733 aper-[ius
1438 2682 1533 2736 per
1772 2654 1914 2720 ferit,
1943 2670 2048 2709 non
2077 2656 2231 2710 video
2260 2664 2462 2722 tamen,
2503 2672 2603 2712 Clll'
2635 2658 2703 2713 ad
2752 2668 2936 2713 votum
2996 2661 3346 2730 implendum,

146 2747 286 2812 verba,
317 2769 335 2801 ι
364 2751 542 2807 fervor
600 2755 851 2817 cyanuit,
884 2774 902 2807 ι
955 2755 1330 2826 signiﬁcatur,
1388 2767 1443 2812 et
1492 2759 1670 2813 adhuc
1772 2762 1915 2802 novo
1957 2748 2247 2803 accedente
2286 2748 2497 2805 fortiori
2544 2749 2939 2821 efficaciorique
2996 2752 3349 2808 incitamento

147 2843 487 2906 apert’ssimum
547 2845 633 2909 fit,
664 2846 708 2898 si
759 2846 1187 2907 consideremus,
1241 2856 1485 2901 sanctum
1538 2848 1674 2901 Bru-
1771 2842 2017 2896 debuerit
2065 2841 2286 2911 imprili.
2337 2842 2471 2897 Cum
2536 2845 2680 2898 enim
2744 2845 2853 2898 voti
2917 2844 3099 2899 emissi
3150 2842 3350 2898 Sancto

146 2943 297 2985 nonem
327 2950 425 2988 non
461 2951 592 2989 cum
649 2936 765 3000 his,
812 2936 1136 3005 quibuscum
1178 2936 1520 2991 collationem
1572 2939 1671 2992 ha-
1774 2933 1995 2989 indubie
2026 2932 2077 2987 in
2108 2943 2341 2987 mentem
2374 2934 2603 2988 subinde
2634 2938 2864 2999 venerit,
2901 2951 2999 2990 cur
3039 2936 3104 2990 ad
3158 2936 3209 2990 id
3246 2937 3349 2990 im-

145 3016 291 3076 buerat
311 3033 359 3077 et
391 3034 641 3090 voverat,
677 3025 770 3079 sed
801 3041 922 3080 cum
970 3041 1062 3079 sex
1088 3024 1231 3088 aliis,
1259 3026 1347 3095 qui
1381 3042 1485 3081 non
1512 3027 1672 3083 inter-
1772 3026 2025 3095 plendum
2058 3026 2261 3080 moveri
2292 3025 2560 3093 nequierit
2609 3026 2739 3080 solis
2778 3026 2845 3080 iis
2873 3028 3194 3090 rationibus,
3224 3027 3350 3095 qui-

146 3107 312 3168 fuerant
336 3115 629 3176 collationi.
666 3117 863 3171 saeculo
884 3116 1227 3171 valedixisse.
1265 3137 1283 3169 ι
1698 3146 1743 3209 c
1774 3119 1874 3173 bus
1906 3119 2242 3188 Radnlplium
2267 3117 2528 3183 Viridem,
2564 3127 2622 3172 ut
2664 3119 2837 3172 eidem
2861 3127 2985 3172 voto
3021 3118 3348 3185 satisfaciat,

194 3203 291 3259 l8l.
320 3225 337 3258 ι
365 3207 468 3261 Nec
501 3208 730 3276 prodest
768 3223 887 3262 cum
915 3208 1154 3262 Launoio
1183 3224 1462 3277 reponere,
1492 3226 1513 3261 ι
1548 3225 1672 3263 san-
1711 3203 1742 3209 ⁷
1774 3212 1827 3266 in
1855 3226 1949 3266 sua
1974 3210 2039 3265 ad
2071 3212 2211 3265 hunc
2243 3210 2466 3280 epistola
2512 3210 2801 3264 hortatur?
2838 3211 3185 3267 Gravissima:
3216 3227 3349 3267 sane

148 3314 160 3341 '
188 3305 302 3350 Clum
328 3297 637 3353 Bl‘tlnmlem
677 3314 783 3350 ηοη
814 3299 879 3352 dc
904 3313 1002 3352 sua
1051 3297 1220 3367 loqui.
1254 3297 1346 3352 sed
1376 3298 1442 3351 de
1472 3297 1671 3352 Raduls
1773 3304 1856 3357 hae
1882 3310 2053 3363 erant,
2084 3309 2245 3370 atque
2304 3301 2371 3355 ad
2423 3304 2756 3370 arguendum
2808 3299 3073 3371 Radulphi
3125 3311 3351 3356 cuncta-

148 3390 262 3456 tphi
309 3390 810 3459 procrastinatione.
862 3408 879 3440 ι
929 3388 1059 3443 Nam
1101 3390 1153 3443 in
1200 3388 1391 3456 plurali
1444 3405 1671 3444 numero
1775 3394 1997 3458 tionem,
2023 3395 2368 3463 animumque
2388 3393 2453 3447 ad
2486 3403 2787 3462 promptam
2816 3394 2923 3447 voti
2954 3394 3347 3448 exsolutioncm

144 3473 305 3533 lacunas
347 3492 424 3535 est
465 3482 675 3546 Bruno,
710 3498 727 3530 ι
763 3480 829 3531 ad
870 3477 1025 3545 cujus
1076 3478 1307 3532 reditum
1367 3479 1668 3546 peragenda
1771 3482 2113 3538 excitandum
2146 3483 2459 3553 aptissimae.
2502 3482 2811 3538 lnculcabat
2861 3483 3066 3538 scilicet
3116 3482 3350 3539 Sanctus
3442 3538 3463 3555 ,

148 3568 479 3637 tdistulimus,
515 3590 536 3624 ι
572 3580 634 3624 ιιι
681 3570 835 3624 daret
875 3568 1121 3638 intelligi,
1174 3585 1280 3623 non
1328 3568 1667 3637 Radulphum
1770 3574 2038 3643 praecipue
2069 3574 2373 3628 districtum
2425 3575 2534 3627 voti
2578 3573 2891 3629 exsolvendi
2938 3575 3344 3645 obligatioucm,

143 3653 289 3717 δοίυιιι.
316 3660 479 3714 sedse
526 3660 697 3713 etiam
751 3674 871 3713 CIIII!
915 3672 983 3713 eo
1035 3656 1416 3721 diﬁllllisse.ac
1444 3657 1670 3726 Pminde
1770 3666 1857 3720 cui
1892 3679 1997 3719 non
2037 3664 2378 3719 satisfaciens
2435 3665 2750 3734 Radulphus
2794 3680 2983 3735 poenas
3024 3676 3141 3720 erat
3175 3667 3350 3721 incur-

145 3740 354 3801 [errorem
404 3752 571 3802 etiam
631 3748 697 3803 ad
755 3758 963 3819 tempus
1015 3758 1139 3802 tunc
1177 3747 1459 3802 evanuisse
1498 3765 1509 3800 :
1543 3763 1668 3801 nam
1772 3772 1928 3812 sums
1975 3764 2226 3811 aeternas.
2291 3756 2479 3822 Audi,
2540 3758 2631 3826 qni
2699 3758 2984 3827 Radulpho
3053 3758 3345 3827 loquatur:

142 3835 317 3891 subdit:
345 3858 362 3890 ι
393 3840 512 3906 Quo
535 3854 744 3893 moram
783 3839 1011 3893 faciente
1051 3839 1277 3906 aliisque
1307 3837 1671 3892 intervenien-
1780 3868 1798 3899 ε
1831 3847 2194 3917 Quanquam,
2256 3847 2451 3915 inquit,
2519 3848 2677 3919 longo
2722 3859 2991 3904 terrarum
3043 3859 3244 3916 tractu,
3294 3858 3350 3906 et

145 3927 502 3998 rtibuscausis,
556 3932 773 3985 divinus
827 3945 980 3983 amor
1000 3930 1303 3998 elanguit”
1343 3938 1445 3983 etc.
1481 3927 1588 3984 Sed
1612 3937 1669 3984 ut
1770 3935 2063 4007 prolixiore
2087 3937 2344 4007 temporis
2396 3937 2569 4006 spatio
2599 3952 2828 4007 corpora
2880 3938 2948 3995 ab
3003 3939 3232 3994 invicem
3263 3954 3351 3995 sc-

140 4015 273 4073 adlnic
292 4021 443 4092 hujus
472 4023 553 4076 rei
587 4023 787 4075 veritas
819 4020 1155 4075 manifestior
1180 4019 1290 4084 fiat,
1317 4020 1560 4074 habenda
1585 4027 1669 4074 est
1766 4027 1953 4097 juncta
1985 4035 2133 4088 sunt,
2184 4025 2396 4080 animus
2447 4034 2624 4081 tamen
2686 4028 3076 4083 benevolentia:
3123 4036 3228 4082 tua:
3278 4028 3347 4083 ab

141 4110 245 4163 ratio
270 4116 541 4184 temporis,
576 4115 719 4183 quod
759 4129 787 4167 a
813 4114 954 4167 dicta
984 4113 1271 4168 collatione
1301 4112 1565 4181 dilapsum
1587 4122 1671 4165 est
1771 4117 1945 4171 amico
1972 4114 2126 4169 avelli
2163 4130 2268 4168 non
2306 4115 2500 4184 potuit.
2540 4133 2557 4167 ι
2609 4115 2696 4180 Ει,
2750 4116 2939 4185 paucis
2991 4115 3344 4186 interpositis,

140 4212 268 4269 usque
291 4207 352 4259 ad
379 4220 738 4275 annum,qun
778 4214 997 4259 sanctus
1029 4205 1207 4257 Bruno
1236 4205 1287 4258 in
1316 4202 1667 4258 solitudinem
1773 4207 1843 4261 ita
1866 4206 2249 4277 prosequitur:
2289 4223 2308 4256 ι
2344 4205 2400 4259 1η
2436 4205 2633 4260 finibus
2681 4215 2862 4262 autem
2911 4204 3177 4261 Calabriae
3220 4221 3346 4260 cum

138 4297 335 4347 secessit.
381 4297 665 4365 Siquidem
710 4304 942 4361 constat,
974 4304 1028 4349 et
1057 4295 1108 4349 id
1137 4296 1390 4361 maxime,
1412 4294 1456 4348 si
1482 4293 1668 4348 Remis
1772 4298 2034 4352 fratribus
2062 4297 2351 4368 religiosis,
2374 4304 2430 4351 et
2450 4296 2655 4364 aliquot
2679 4298 2815 4351 bene
2842 4296 3071 4351 eruditis
3098 4310 3347 4351 eremum

139 4377 224 4435 haec
242 4384 442 4439 collatio
496 4388 678 4440 habita
714 4396 817 4449 est,
862 4395 920 4441 ut
945 4396 1098 4441 extra
1136 4385 1357 4439 dubium
1387 4399 1507 4439 esse
1551 4383 1669 4438 vult
1773 4387 1948 4442 incolo
1990 4386 2058 4441 ab
2088 4388 2368 4442 hominum
2423 4385 2757 4441 habitatione
2787 4386 2920 4439 satis
2969 4385 3205 4455 undique
3260 4401 3348 4439 rc-

138 4465 387 4539 Launoius;
446 4486 681 4541 constat,
726 4478 964 4545 inquam,
1017 4476 1159 4530 inter
1213 4490 1332 4529 eam
1393 4482 1448 4528 et
1494 4474 1664 4530 sancti
1698 4479 1743 4538 D
1773 4484 2015 4537 motam;
2060 4493 2080 4527 ι
2114 4489 2178 4529 ac
2228 4474 2442 4537 deinde,
2491 4471 2762 4526 nonnullis
2793 4472 2985 4527 iterum
3025 4472 3343 4541 interiectis,

139 4552 357 4617 Brunonis
393 4579 674 4619 secessum
708 4584 727 4617 ι
762 4566 826 4635 (si
860 4580 1075 4634 nempe,
1116 4566 1258 4633 quod
1306 4563 1445 4618 infra
1489 4564 1670 4618 discu-
1773 4565 1892 4619 ait:
1929 4580 1949 4615 ι
1985 4563 2157 4631 Quam
2182 4561 2717 4633 (contemplationem
2750 4562 3020 4629 videlicet)
3071 4571 3147 4627 tu,
3178 4564 3349 4619 frater

139 4647 348 4715 nendum,
382 4672 528 4710 anno
556 4657 693 4711 1084
717 4657 950 4725 primum
970 4655 1178 4710 meliori
1215 4654 1337 4709 vita:
1357 4670 1416 4710 se
1440 4654 1668 4725 dederit)
1770 4656 2109 4718 charissime.
2141 4654 2348 4709 utinam
2371 4654 2529 4708 unice
2556 4653 2839 4725 diligeres,
2866 4663 2926 4709 ut
2953 4654 3068 4724 ejus
3090 4654 3347 4726 amplexi-

142 4737 420 4799 teflluxisse
472 4754 600 4799 octo
623 4755 716 4799 aut
753 4746 937 4800 decem
993 4761 1184 4799 annos.
1229 4743 1365 4798 Nam
1424 4745 1670 4814 superius
1770 4746 1871 4800 bus
1906 4743 2048 4798 fotus
2078 4744 2259 4797 divino
2279 4742 2486 4797 caleres
2524 4758 2730 4797 amore.
2773 4764 2791 4796 ι

137 4826 343 4896 vidimus,
369 4847 618 4889 sanctum
647 4835 952 4890 Brunonem
984 4834 1167 4889 Remis
1196 4834 1476 4903 expulsum
1507 4833 1670 4889 fuisse
1841 4835 1965 4890 185.
2003 4834 2064 4888 Et
2086 4834 2244 4904 paulo
2275 4843 2391 4903 post
2421 4852 2433 4886 :
2470 4854 2487 4884 ι
2523 4834 2669 4902 Fuge
2699 4849 2847 4904 ergo.
2878 4833 3047 4888 frater
3078 4833 3175 4899 mi,
3219 4832 3342 4903 fuge

140 4916 249 4974 circa
284 4938 479 4980 anutnn
518 4926 675 4991 l076,
723 4935 775 4980 et
811 4926 864 4979 in
924 4925 1273 4993 SlliljiCielltiiS
1299 4925 1665 4993 probabimus,
1770 4928 1870 4981 has
1892 4924 2235 4980 molestiaset
2258 4925 2506 4979 miserias
2528 4939 2737 4989 omnes,
2759 4936 2812 4979 et
2830 4925 3062 4979 transfer
3086 4936 3135 4981 te
3158 4933 3345 4980 alem-

138 5020 231 5061 ειιιιὶ
277 5015 581 5085 religionem
635 5030 784 5070 suam
825 5013 900 5084 (in
930 5013 1231 5070 Carthusize
1255 5029 1493 5069 eremum
1530 5029 1670 5069 anno
1769 5028 1979 5092 pestate
2021 5018 2179 5088 hujus
2221 5018 2405 5072 mundi
2439 5017 2490 5070 in
2525 5025 2694 5070 tutam
2751 5025 2806 5070 et
2850 5016 3091 5085 quietam
3155 5025 3343 5085 portus

142 5095 247 5153 1081
271 5104 409 5158 illum
440 5108 752 5173 secessisse,
800 5107 941 5161 infra
985 5105 1322 5177 probabitur)
1374 5106 1669 5162 instituisse
1770 5113 2080 5166 stationem.
2115 5130 2133 5163 ι
2167 5110 2245 5164 Ac
2293 5108 2486 5162 iterum
2515 5117 2637 5177 post
2668 5125 2684 5160 :
2716 5125 2734 5158 ι
2772 5108 3114 5178 Quapropter
3163 5122 3341 5177 opera:

141 5202 249 5243 anno
275 5196 403 5252 1084
434 5199 514 5253 vel
541 5216 680 5254 anno
711 5200 945 5263 l086,ut
972 5201 1218 5269 .ipscmet
1244 5198 1523 5254 Launoius
1549 5210 1670 5269 post
1772 5203 2003 5271 pretium
2069 5208 2173 5261 est.
2231 5197 2472 5266 diligenti
2531 5198 2933 5251 examinatione
2998 5198 3337 5266 prudentiam

140 5275 385 5341 Batoniqu
416 5291 650 5357 scripsit.
682 5292 822 5361 Ergo
868 5291 1127 5360 quidquid
1186 5291 1443 5346 reclamet
1479 5300 1668 5344 contra
1774 5301 1919 5347 tuam
1977 5293 2080 5348 ista
2127 5290 2487 5362 perpendere;
2538 5289 2680 5359 quod
2722 5289 2765 5342 si
2803 5306 2955 5343 amor
2995 5289 3087 5343 Dei
3133 5297 3184 5342 te
3234 5303 3340 5342 non

140 5380 459 5435 carissimum
485 5382 788 5438 Saussznnm
813 5382 1106 5443 Lannoius,
1138 5382 1376 5435 Bruuoni
1409 5382 1667 5436 emissum
1771 5383 1985 5447 invitat,
2016 5391 2288 5436 tantorum
2309 5379 2655 5448 pmmiornm
2684 5380 2887 5432 utilitas
2921 5386 2972 5431 te
3015 5392 3120 5430 non
3144 5391 3340 5445 provo-

142 5477 285 5525 Votum
307 5475 579 5530 exsolvere
638 5473 919 5531 differenti
949 5484 1004 5531 et
1044 5475 1470 5545 procrastinanti
1532 5490 1668 5543 npus
1769 5484 1879 5538 cat,
1918 5473 2106 5528 saltem
2161 5474 2458 5529 necessitas
2485 5478 2540 5524 et
2576 5471 2737 5523 timor
2784 5482 3064 5537 pinnarum
3121 5467 3187 5521 ad
3238 5468 3341 5523 hoc

145 5557 219 5615 fuit
240 5563 440 5623 fortiori
476 5570 840 5630 incitamento,
869 5584 977 5637 quo
1015 5566 1286 5622 vocationi
1329 5566 1526 5621 divinae
1554 5576 1667 5619 tan-
1767 5562 2093 5631 compellere.
2139 5570 2321 5619 debet.
2382 5561 2504 5616 Scis
2565 5575 2801 5627 namque
2827 5598 2841 5621 ,
2895 5572 3000 5627 qua
3052 5557 3342 5625 Sponsione

146 5641 652 5729 demobsequerettir.
701 5661 769 5715 Et
815 5660 943 5714 illud
1006 5658 1106 5713 fuit
1144 5657 1383 5712 damnati
1430 5656 1663 5710 hominis
1769 5653 2037 5724 obligatus
2062 5668 2141 5716 es,
2172 5660 2227 5706 et
2256 5666 2415 5722 quam
2442 5650 2786 5719 omnipotens
2835 5662 2899 5703 ac
2952 5646 3212 5702 terribilis
3248 5647 3338 5713 sit,

148 5737 360 5806 horribile
400 5754 794 5821 spectaculum,
836 5768 944 5822 quo
983 5750 1198 5806 tandem
1248 5748 1509 5803 animitus
1539 5763 1640 5803 con
1768 5746 1852 5801 cui
1880 5746 2223 5815 temetipsum
2260 5758 2453 5798 ntunus
2481 5750 2696 5810 gratum
2738 5748 2794 5794 ct
2831 5738 3053 5795 omnino
3096 5749 3342 5810 accepta,

421 5848 683 5907 Ριτιιοι..
729 5846 885 5905 CLII

2829 5834 2864 5896 τι
