3862 6310
504 338 527 391 Ι
537 335 600 390 0'1

1299 337 1356 388 δ.
1400 334 1746 394 enumeres
1785 334 2434 395 cxnrnusnuouuu
2470 293 2955 396 tusmurouts
3604 344 3690 399 ws

501 450 611 531 bile
636 447 921 512 devovisti,
945 446 1029 502 cui
1062 462 1161 502 nec
1205 449 1420 503 mentiri
1475 449 1623 517 licet,
1690 467 1790 507 nec
1835 452 2073 521 expedit.
2105 454 2151 510 A
2176 451 2247 506 ob
2276 450 2499 506 dilatam
2527 454 2617 508 diu
2644 453 2751 507 voti
2783 452 3177 508 exsolutionem
3204 451 3441 522 rigidiori
3472 453 3713 524 magisque

503 538 617 596 Nec
640 541 783 594 enim
810 539 1030 608 petitus,
1062 553 1120 592 se
1176 538 1373 607 injuste
1429 540 1666 596 irrideri.
1696 561 1713 595 ι
1767 541 2085 611 Sequuntur

505 635 664 689 modo
686 632 869 694 verba,
916 647 1061 683 num.
1090 630 1192 685 125
1232 632 1337 686 huc
1391 635 1738 705 transcripta,
1771 636 1986 704 quibus,
2016 634 2084 691 de

503 740 609 791 qua
640 723 748 787 hic,
773 720 990 778 collatio
1046 730 1340 791 votumque
1392 723 1445 777 in
1497 726 1598 780 hac
1624 726 1880 780 emissum
1910 728 2083 779 couti-

500 811 683 881 netur,
731 829 792 869 ac
824 812 1038 877 deinde,
1105 813 1267 869 nullis
1298 826 1559 884 praeterea
1587 817 1944 881 intermediis,
1968 818 2083 872 haec

501 906 809 961 subduntur
836 921 849 959 :
886 923 904 955 ι
941 904 1078 971 Quid
1108 920 1240 976 ergo
1266 916 1528 976 superest,
1554 908 1895 974 charissime,
1920 909 2021 964 nisi
2049 924 2081 965 a

502 998 638 1052 tanti
669 996 832 1052 debiti
874 996 1101 1050 nexibus
1130 1006 1181 1050 te
1206 997 1368 1051 citius
1394 999 1670 1068 expedire,
1728 1014 1798 1054 ne
1838 1013 1940 1068 pro
1971 1009 2081 1055 tam

496 1093 648 1163 gravi
687 1100 905 1160 tamque
930 1091 1184 1145 diuturno
1210 1091 1475 1146 mendacii
1521 1091 1752 1146 crimine
1804 1092 1941 1146 iram
1992 1092 2081 1146 in-

472 1197 688 1238 ‘curras
722 1180 1111 1259 Potentissimi,
1147 1190 1201 1235 et
1223 1189 1442 1250 propter
1467 1181 1570 1236 hoc
1592 1180 1869 1236 cruciatus
1891 1181 2083 1236 imma-

498 1291 616 1330 nes.
652 1274 783 1341 Quis
840 1288 1073 1342 namque
1100 1272 1327 1327 inultum
1369 1272 1725 1342 relinqueret,
1766 1286 1877 1327 sea
1901 1273 2077 1342 quoli-

500 1371 594 1423 bet
666 1368 767 1423 sibi
824 1368 1037 1422 subdito
1101 1364 1409 1421 defraudari
1477 1379 1702 1419 munere
1765 1364 2078 1435 promisso,

497 1461 734 1516 maxime
763 1459 807 1513 si
854 1458 906 1513 id
964 1472 1169 1528 magnae
1231 1456 1369 1510 foret
1430 1455 1533 1509 sibi
1581 1455 1961 1511 aestimationis
2026 1465 2083 1511 et

499 1551 680 1621 pretii.
731 1549 1069 1619 Quapropter
1117 1548 1270 1611 cede,
1304 1561 1411 1600 non
1446 1545 1601 1610 mihi,
1658 1546 1751 1600 sed
1781 1547 2077 1616 prophetae,

501 1641 609 1694 imo
660 1638 1129 1708 Spiritui,sancto
1190 1634 1413 1700 dicenti,
1476 1652 1494 1684 ι
1526 1645 1718 1690 vovete
1760 1644 1816 1690 et
1874 1637 2081 1692 reddite

503 1753 521 1785 ι
560 1731 943 1796 Domino,Deo
964 1738 1167 1791 vestro,
1198 1741 1409 1790 omnes,
1437 1724 1527 1795 qui
1574 1726 1628 1780 in
1674 1726 1904 1781 circuitu
1964 1727 2079 1797 eius

2186 550 2404 598 austero
2455 543 2579 598 vita:
2627 544 3066 614 generedivina:
3110 543 3354 610 bonitati,
3418 559 3566 614 quam
3612 545 3713 599 hinc

2184 633 2446 689 offenSum
2492 636 2716 704 putarit,
2772 635 3089 690 sitisfacere
3147 636 3393 689 voluerit.
3442 635 3603 701 Quare
3637 650 3716 690 nec

2185 741 2324 779 novo
2370 724 2710 795 fortiorique,
2763 742 2924 795 quam
2976 735 3120 783 esset
3169 727 3274 780 voti
3319 725 3494 780 emissi
3542 725 3716 794 religio,

2183 815 2418 870 Sanctus
2473 826 2676 882 noster,
2719 825 2779 870 ut
2824 818 2876 871 in
2928 817 3226 872 Carthusize
3271 806 3719 882 eremumfsteculo

2185 905 2402 972 relicto,
2452 908 2750 970 secederet,
2810 907 3163 962 incitamento
3209 906 3487 976 indiguisse
3521 906 3717 960 videtur.

2183 993 2384 1049 Verum
2422 996 2522 1051 etsi
2556 998 2605 1050 id
2635 997 2707 1051 ita
2751 998 2844 1062 sit,
2874 998 3188 1067 neutiquam
3220 1005 3400 1052 tamen
3427 1010 3721 1064 consequens

2183 1095 2285 1150 est,
2316 1096 2375 1141 ut
2423 1088 2599 1158 reipsa
2629 1087 2695 1142 ad
2736 1088 2998 1144 emissum
3031 1087 3334 1143 monachici
3369 1086 3571 1141 habitus
3594 1100 3722 1138 assu-

2183 1180 2361 1234 mendi
2398 1189 2581 1235 votum
2635 1180 2829 1235 fortior
2877 1181 3275 1250 eliicaciorque,
3320 1194 3425 1249 quo
3462 1178 3721 1233 Iandemin

2182 1272 2485 1327 Carthusize
2502 1287 2741 1327 eremum
2768 1274 2950 1343 pulsus
2976 1274 3158 1340 fuerit,
3184 1273 3429 1330 stimulus
3450 1288 3546 1325 nun
3570 1286 3725 1325 acces-

2183 1364 2337 1417 serit.
2366 1364 2544 1433 Atque
2598 1364 2649 1419 id
2680 1366 2897 1434 quidem
2942 1365 3214 1420 horrendo
3254 1360 3576 1419 celebertimi
3601 1360 3726 1416 Pari-

2182 1455 2378 1510 siensis
2426 1456 2683 1521 doctoris,
2736 1457 2853 1525 qui,
2905 1458 2971 1511 ad
3021 1466 3232 1526 tempus
3265 1454 3538 1519 retlitivus,
3566 1467 3671 1509 sese
3699 1466 3726 1506 α

2182 1546 2366 1600 divina
2418 1547 2634 1615 justitia
2683 1547 3023 1613 damnatmu,
3070 1563 3101 1602 e
3153 1549 3354 1602 feretro
3397 1544 3724 1616 proclamarit,

2181 1636 2490 1705 Spectaculo
2563 1636 2763 1690 factum
2820 1635 3055 1691 traditur
3108 1655 3139 1692 a
3205 1636 3500 1700 nonnullis;
3560 1636 3727 1705 quibus

2180 1725 2408 1796 proinde
2452 1740 2520 1779 an
2553 1726 2959 1783 assentiendum
3010 1737 3165 1784 certo
3194 1728 3286 1795 sit,
3333 1742 3469 1782 nunc
3500 1725 3728 1795 indagan-

501 1840 521 1874 ε
559 1821 765 1877 alfertis
796 1835 1047 1883 nmnera,
1080 1816 1308 1872 terribili
1335 1824 1387 1870 et
1413 1817 1485 1881 ei,
1514 1816 1604 1886 qui
1630 1817 1806 1873 aufert
1828 1818 2076 1888 spiritum
2111 1805 2152 1859 Β
2179 1813 2339 1881 dum;
2366 1823 2425 1869 ut
2459 1824 2638 1870 autem
2684 1818 2827 1872 hanc
2868 1833 2973 1872 non
3000 1819 3158 1888 parvi
3191 1816 3445 1872 momenti
3475 1828 3600 1879 rem,
3629 1826 3728 1881 qua:

496 1932 520 1965 ι
555 1913 881 1984 principum,
914 1907 1139 1963 terribili
1173 1907 1312 1977 apud
1351 1920 1505 1975 reges
1543 1916 1719 1962 terra}.
1762 1926 1781 1960 ι
1815 1906 1924 1961 Cur
1964 1907 2080 1963 haec

497 2004 679 2059 omnia
721 1986 958 2056 inculcat
988 1999 1223 2069 Spiritus
1280 1998 1395 2063 Dei,
1450 1997 1641 2052 nisiut
1693 2009 1745 2053 te
1796 2007 2077 2054 voventem

475 2100 785 2164 .perurgeat
809 2090 1032 2144 reddere
1067 2087 1211 2157 quod
1238 2086 1429 2141 vovisti
1454 2087 1476 2140 ?
1506 2108 1523 2138 ι

568 2184 692 2237 184.
721 2182 817 2237 llic
845 2181 1206 2252 Radulphum,
1238 2194 1304 2233 ne
1346 2188 1567 2249 propter
1610 2178 1851 2243 divitias,
1901 2179 2080 2251 digni-

496 2284 654 2340 tates,
673 2274 973 2330 etmaxime
996 2271 1412 2341 archiepiSCOpi,
1441 2286 1548 2339 qua
1576 2269 1832 2340 pollebat,
1850 2275 2079 2342 gratiam

502 2384 519 2415 ι
549 2374 715 2420 atam
744 2363 954 2419 sublimi
988 2362 1219 2417 declinet
1242 2361 1531 2429 sponsione
1555 2370 1611 2415 et
1631 2362 1814 2415 divina
1860 2376 2076 2416 revoce-

494 2466 585 2514 tur
606 2459 893 2522 charitate,
925 2476 944 2509 ι
985 2455 1304 2526 gravissime
1356 2463 1575 2519 monet,
1614 2468 1677 2507 ac
1718 2454 1915 2535 deinde
1963 2461 2084 2523 post

493 2566 665 2622 pauca
678 2548 981 2620 subiungit:
1004 2568 1019 2599 ι
1043 2547 1259 2603 Utinam
1276 2561 1379 2600 non
1396 2547 1702 2615 asperneris
1718 2545 1950 2614 amicum
1970 2560 2085 2598 mo-

494 2643 746 2699 nentem!
776 2641 981 2697 utinam
1006 2656 1110 2695 non
1134 2639 1294 2695 surda
1316 2653 1445 2691 aure
1467 2637 1655 2691 audias
1669 2639 1829 2691 verba
1849 2638 2085 2707 Spiritus

493 2732 622 2788 Dei!
650 2733 855 2787 utinam
882 2730 1148 2786 desiderio
1195 2730 1475 2800 longazque
1511 2731 1904 2800 exspectationi
1953 2747 2086 2786 mea:

494 2824 817 2891 satisfacias,
860 2824 1238 2889 dilectissime;
1294 2839 1363 2878 ne
1415 2823 1618 2877 diutius
1667 2823 1942 2877 crucietur
1989 2838 2087 2892 pro

498 2926 551 2975 te
578 2918 756 2972 anima
782 2932 903 2971 mea
925 2918 1073 2970 curis
1094 2914 1651 2983 sollicitudinibusque
1679 2922 1839 2982 atque
1867 2913 2083 2966 timore!

502 3009 634 3065 Nam
663 3009 707 3065 si
739 3009 949 3065 venerit
974 3008 1138 3077 (quod
1172 3007 1312 3062 Deus
1337 3014 1549 3061 avertat
1575 3006 1612 3076 ι)
1648 3015 1700 3060 te
1729 3006 1901 3076 prius,
1924 3018 2086 3075 quam

492 3101 659 3159 debiti
702 3110 886 3156 votum
926 3098 1172 3162 solveris,
1221 3098 1290 3153 ab
1352 3098 1456 3151 hac
1507 3096 1761 3151 recedere
1820 3094 1952 3159 vita,
1996 3109 2082 3149 nte

497 3196 756 3251 continua
789 3192 1006 3248 tristitia
1037 3192 1154 3247 sine
1189 3190 1366 3259 aliqua
1398 3188 1510 3259 spei
1536 3187 1904 3242 consolatione
1933 3186 2080 3240 tabe-

464 3306 467 3309 λ
496 3291 735 3339 scentem
768 3281 1061 3349 relinques.
1098 3298 1117 3332 ›
1158 3280 1234 3334 Ac
1266 3278 1479 3332 tandem
1510 3276 1610 3331 sub
1656 3276 1817 3329 finem
1844 3274 2083 3344 epistolae

495 3373 650 3429 addit
678 3389 692 3425 :
725 3392 743 3422 ι
776 3370 1195 3425 Fraternitatem
1226 3377 1373 3421 tuam
1404 3366 1491 3420 diu
1528 3365 1851 3419 incolumem
1880 3378 2083 3417 memo-

466 3479 616 3519 rtem
662 3461 873 3518 consilii
925 3460 1117 3527 nostri,
1162 3474 1263 3514 nec
1305 3457 1409 3511 voti
1470 3456 1843 3512 immemorem
1876 3455 2079 3525 vigere,

496 3552 717 3611 sedulus
742 3560 959 3623 exopto.
992 3569 1011 3602 ι
1045 3550 1170 3605 llaec
1192 3557 1319 3602 sunt
1349 3547 1719 3612 incitamenta,
1766 3546 1819 3599 hi
1856 3545 2078 3611 stimuli,

460 3683 462 3686 ν
496 3662 531 3702 a
558 3646 832 3711 Brunone,
868 3659 977 3714 quo
1016 3642 1357 3711 Radulphum
1390 3640 1455 3694 ad
1498 3639 1629 3706 voti,
1655 3638 1796 3709 quod
1824 3637 2078 3692 in.colla-

470 3738 642 3794 tione
671 3752 794 3792 cum
820 3750 885 3792 eo
913 3735 1095 3790 habita
1123 3734 1399 3799 emiserat,
1443 3731 1766 3787 solutionem
1799 3730 2078 3800 pertrahe-

462 3838 601 3892 f-ret,
629 3824 870 3880 studiose
906 3837 1038 3879 sane
1065 3837 1131 3877 ac
1173 3821 1434 3876 industrie
1468 3818 1715 3883 adhibiti,
1739 3818 1932 3887 quibus
1963 3834 2078 3872 ma-

491 3918 640 3989 jores
714 3916 1102 3985 acrioresque,
1166 3922 1224 3967 ut
1285 3912 1425 3965 idem
1491 3919 1675 3965 votum
1738 3909 2077 3975 exsolveret,

496 4010 756 4066 Sanctum
828 4016 1094 4073 nostrum,
1141 4006 1226 4061 cui
1296 4005 1519 4059 induhie
1575 4003 1716 4058 illius
1783 4003 2077 4058 identidem

495 4101 816 4165 recurrebat
863 4098 1146 4164 memoria,
1204 4112 1338 4166 opus
1388 4095 1661 4159 habuisse,
1706 4095 1828 4165 quis
1870 4094 2080 4149 edicat?

494 4193 677 4249 Bruuo
702 4192 887 4261 itaque
930 4189 1161 4253 fortiori,
1192 4202 1351 4256 quam
1384 4187 1526 4256 quod
1551 4186 1658 4240 voti
1682 4186 1901 4241 emissio
1936 4194 2082 4240 orta-

488 4300 602 4358 que
631 4286 757 4340 hinc
782 4282 1037 4354 obligatio
1072 4279 1351 4343 afferebat,
1400 4277 1772 4341 incitamento,
1807 4286 1863 4331 ut
1889 4292 2078 4330 mona-

495 4378 658 4432 chum
720 4377 987 4439 indueret,
1053 4372 1238 4441 sicque
1280 4379 1462 4424 votum
1515 4367 1814 4422 monachici
1866 4368 2081 4424 habitus

2185 1906 2369 1961 smculi
2405 1908 2651 1977 proxime
2695 1908 2862 1979 elapsi
2912 1910 3249 1966 eruditorum
3285 1909 3509 1978 plurium
3546 1904 3727 1973 ingenia

2181 1996 2533 2069 calamosque
2575 2002 2842 2065 exercuit,
2886 2009 3012 2071 apte
3043 2001 3353 2065 discutiam,
3398 2006 3557 2055 totum
3579 1999 3636 2052 de
3656 2011 3725 2058 ea,

2181 2098 2240 2143 ut
2271 2090 2527 2145 distincte
2553 2092 2726 2163 magis
2748 2094 3106 2163 ortliuateque
3131 2094 3438 2164 procedam,
3473 2096 3725 2143 tractatum

2181 2180 2235 2235 in
2273 2182 2521 2238 diversos
2573 2182 2832 2238 articulos
2891 2199 2985 2239 seu
3020 2184 3082 2256 §§
3132 2182 3438 2253 dispertiar,
3484 2194 3576 2233 nec
3602 2191 3726 2238 raro,

2181 2286 2303 2341 qua:
2341 2272 2655 2327 disserenda
2706 2273 2945 2335 venient,
2995 2276 3261 2343 ipsismet,
3315 2287 3433 2327 cum
3484 2264 3728 2322 commode

2162 2363 2300 2445 ,fiet'i
2338 2364 2388 2418 id
2417 2365 2633 2433 poterit,
2671 2364 3019 2419 Carthnsiani
3046 2364 3324 2437 anonymi,
3355 2361 3445 2433 qui
3475 2355 3729 2414 Annalium

2184 2456 2392 2511 ordinis
2440 2457 2521 2510 sui
2551 2457 2745 2511 librum
2792 2467 3044 2527 quartum
3073 2460 3336 2513 hactenus
3362 2470 3463 2509 non
3492 2451 3730 2519 vulgatum

2186 2547 2482 2612 contexuit,
2540 2547 2720 2602 verbis
2761 2548 3090 2618 exprimam,
3142 2560 3254 2604 tum
3286 2556 3343 2603 ut
3383 2544 3552 2614 operis
3578 2538 3728 2608 hujus.

2186 2637 2339 2706 cujus
2370 2638 2642 2693 desiderio
2670 2654 2773 2694 non
2813 2640 3082 2695 neminem
3109 2640 3282 2695 teneri
3317 2635 3562 2702 intelligo.
3588 2627 3731 2699 ερεεὶ·

2187 2728 2332 2782 mina
2370 2730 2612 2797 qntedam
2655 2731 2961 2794 exhibeam,
2997 2739 3107 2784 tum
3152 2746 3221 2785 ne
3250 2729 3387 2783 forte
3410 2736 3605 2785 eorum,
3631 2728 3731 2787 qua!

2188 2820 2254 2872 ad
2296 2820 2529 2875 doctoris
2561 2819 2883 2877 Parisiensis
2913 2824 3209 2877 anastasim
3240 2815 3561 2892 probandam
3583 2810 3630 2865 in
3657 2805 3731 2861 illo

2189 2908 2506 2972 afferuntur,
2544 2914 2832 2983 magnique
2860 2912 2972 2968 fieri
3007 2913 3268 2985 intelligo,
3298 2912 3403 2965 vim
3433 2899 3733 2962 imminuisse

2189 3000 2486 3055 existimer.
2529 3002 2610 3055 Ah
2651 3003 2736 3069 iis,
2782 3020 2902 3073 qua:
2943 3006 3155 3060 seculis
3203 3003 3347 3060 binis
3386 2996 3616 3071 proxime
3639 2989 3733 3046 ela-

2190 3092 2300 3161 psis
2334 3093 2436 3148 huc
2470 3092 2723 3148 facientia
2761 3111 3008 3163 evenere,
3042 3096 3179 3151 duco
3219 3093 3516 3151 exordium.

2186 3226 2213 3297 §
2246 3227 2313 3282 X.
2352 3227 2431 3280 .«ln
2482 3228 2711 3282 doctoris
2758 3229 3076 3285 Parisiensis
3120 3230 3403 3288 anastasis.
3434 3240 3533 3297 qua
3573 3218 3643 3297 BC
3644 3228 3732 3297 1‘,“

2254 3298 2412 3370 fuerit
2453 3316 2749 3370 conversus,
2778 3300 2972 3353 swculo
3016 3284 3306 3370 prmterilo,
3336 3284 3471 3368 quod
3498 3305 3585 3362 pro
3614 3284 3733 3370 [ητις

2185 3394 2188 3398 ~
2253 3358 2555 3439 haberetur,
2594 3385 2623 3439 e
2645 3358 2915 3424 Bréviario
2950 3358 3190 3424 Remane
3235 3358 3392 3439 fuerit
3415 3358 3732 3439 εφρυηειρνξε

2251 3438 2340 3504 qui
2387 3437 2522 3491 hanc
2546 3438 2625 3492 vel
2653 3450 2796 3503 tunc,
2826 3440 2903 3493 vel
2942 3450 3063 3493 ante
3094 3436 3342 3494 arrodere
3381 3436 3732 3507 primumut“-

2251 3508 2438 3577 perint,
2470 3510 2623 3579 εισᾳαί
2658 3510 2798 3563 hisce
2822 3521 3003 3563 contra
3032 3527 3141 3563 sese
3168 3506 3518 3581 opposuerim.

2254 3638 2501 3696 Secessui
2544 3640 2600 3695 S.
2654 3641 2923 3697 Brunonis
2974 3643 3027 3696 in
3057 3642 3362 3697 Carthasim
3405 3633 3735 3691 eremttmseu

2182 3748 2399 3788 causam
2456 3748 2551 3789 seu
2600 3734 2942 3788 occasionem
2989 3734 3285 3804 praebuisse
3334 3724 3562 3786 doctoris
3608 3713 3738 3772 Pari-

2182 3824 2397 3892 siensis,
2439 3824 2530 3892 qui
2561 3840 2715 3879 suam
2763 3826 2981 3895 proprio
3006 3841 3100 3879 ore
3125 3824 3525 3879 damnationem
3550 3827 3578 3866 e
3616 3805 3736 3860 fere-

2184 3925 2267 3971 tro
2324 3917 2626 3971 astantibus
2685 3916 3040 3981 denuntiarit,
3110 3912 3557 3972 luctuosissimam
3611 3896 3735 3953 illam

2183 4021 2247 4063 ac
2285 4009 2621 4064 notissimam
2656 4008 2960 4071 historiam,
2989 4008 3305 4079 longissimo
3341 4015 3468 4059 sane
3499 3995 3735 4085 annorutn

2182 4101 2356 4170 spatio
2406 4100 2671 4155 creditum
2708 4090 2834 4168 jam
2882 4076 3104 4165 fuerat;
3135 4115 3259 4156 cum
3305 4094 3517 4153 tandem
3545 4076 3731 4173 ὅπουίξδ

2182 4190 2323 4246 binis
2352 4190 2596 4260 proxime
2633 4189 2831 4259 elapsis
2864 4190 3066 4244 inventi
3108 4197 3255 4255 sunt,
3285 4188 3375 4259 qui
3420 4180 3561 4237 illam
3586 4175 3671 4225 aut
3690 4176 3735 4215 tn

2183 4282 2400 4336 dubium
2431 4297 2710 4347 revocare,
2741 4291 2833 4336 aut
2863 4283 3028 4336 etiam
3056 4282 3376 4351 conquisitis
3405 4267 3732 4355 undecunqlle

2184 4374 2518 4441 argumentis
2539 4373 2853 4445 impugnare
2876 4382 3000 4428 sunt
3028 4373 3163 4427 ausi.
3190 4374 3270 4428 Ac
3303 4392 3320 4424 ι
3356 4368 3553 4441 primus
3584 4363 3732 4445 aqvi-

495 4466 807 4520 assumendi
854 4463 1180 4528 exsolveret,
1234 4462 1548 4531 neutiquam
1595 4460 1850 4531 indiguit.
1885 4461 2078 4516 Verum
2112 4490 2158 4547 ο
2186 4466 2328 4530 dem,
2357 4483 2374 4515 ι
2395 4466 2537 4535 quod
2567 4466 2824 4530 sciamus,
2855 4464 2945 4534 qui
2977 4480 3096 4519 eam
3121 4463 3257 4534 (ipsa
3280 4469 3405 4520 sunt
3428 4444 3736 4523 suppeditata

494 4572 567 4613 an
613 4556 753 4611 idem
784 4557 950 4611 etiam
985 4557 1051 4611 de
1100 4569 1233 4609 nova
1266 4553 1546 4624 magisque
1576 4564 1808 4618 austera,
1836 4567 1996 4623 quam
2027 4554 2079 4608 in

496 4647 785 4704 Cart-busia
831 4663 896 4702 ac
939 4647 1211 4702 deindein
1243 4644 1489 4701 Calabria
1517 4646 1707 4712 tenuit,
1739 4646 1862 4701 vitae
1895 4661 2080 4700 norma

486 4738 825 4796 dicendum?

568 4832 692 4888 185.
732 4830 866 4887 Cum
911 4829 1165 4895 Sanctus,
1219 4830 1295 4884 uti
1338 4830 1477 4885 infra
1532 4830 1759 4897 docebo,
1802 4830 2082 4901 aliquanto

496 4924 760 4994 temporis
808 4924 1003 4994 spatio,
1054 4933 1345 4992 antequam
1394 4922 1446 4977 in
1497 4922 1799 4979 Carthusiae
1840 4939 2080 4979 eremum

496 5014 796 5080 secederet,
824 5014 877 5068 in
907 5013 1341 5069 Siccre-fontanze
1366 5012 1582 5067 deserto
1617 5014 1941 5068 monachum
1964 5029 2079 5079 seu,

492 5109 542 5165 si
577 5107 772 5171 mavis,
801 5104 1083 5161 eremitam
1112 5104 1496 5159 verosimiliter
1519 5104 1711 5173 egerit,
1739 5103 1855 5158 ﬁeri
1882 5115 2079 5174 potest,

499 5207 560 5253 ut
583 5197 677 5264 ibi,
710 5204 974 5263 concepto
1013 5192 1271 5263 paulatim
1299 5192 1490 5263 majori
1512 5191 1679 5246 divini
1703 5192 1905 5247 amoris
1923 5201 2080 5259 aestu,

503 5298 772 5359 auctoque
818 5286 947 5341 hinc
978 5283 1312 5355 poenitentiae
1338 5282 1559 5353 agendae
1599 5281 1884 5349 desiderio,
1918 5283 2082 5337 vitam

498 5382 673 5452 magis
703 5390 978 5435 auSteram
1002 5378 1264 5431 ducturus
1290 5390 1413 5430 cum
1439 5374 1579 5439 aliis,
1611 5374 1808 5445 quibus
1836 5374 2080 5430 eamdem

500 5475 832 5528 voluntatem
877 5470 1186 5537 inspirarat,
1232 5468 1284 5521 in
1327 5466 1627 5523 Carthusize
1668 5482 1912 5522 eremum
1962 5482 2083 5523 sese

500 5563 785 5631 receperit.
818 5560 963 5616 Fieri
1013 5560 1178 5613 etiam
1225 5566 1422 5629 potest,
1469 5567 1527 5612 ut
1571 5574 1636 5613 eo
1672 5566 1791 5628 post
1825 5558 2081 5613 emissum

501 5656 720 5710 habitus
761 5651 1062 5707 monachici
1116 5651 1425 5706 assumendi
1472 5659 1652 5705 votmu
1684 5690 1699 5713 ,
1740 5650 1885 5704 nulla
1927 5648 2085 5720 plane

502 5746 605 5799 alia
660 5743 952 5800 accedente
983 5758 1166 5803 causa,
1197 5758 1317 5797 sese
1349 5742 1552 5798 idcirco
1595 5742 1911 5805 contulerit,
1934 5742 2081 5803 Quod

2186 4558 2253 4611 ab
2291 4555 2578 4611 Annalium
2614 4556 3078 4611 Carthnsiensium
3131 4556 3251 4610 libri
3311 4546 3488 4625 quarti
3541 4539 3738 4626 auctet?

2184 4662 2455 4719 anonymo
2497 4649 2683 4717 verba)
2738 4649 2794 4701 in
2832 4648 3053 4703 dubium
3092 4647 3321 4717 coeperit
3355 4643 3628 4719 revocare,
3652 4618 3740 4719 [ξιιι

2097 4740 2103 4746 ’
2187 4738 2426 4793 Renatus
2482 4737 2802 4793 Benedictus
2857 4739 2989 4809 (imo
3055 4738 3441 4796 verosimilius,
3494 4722 3567 4779 uti
3617 4709 3738 4809 iam

2185 4831 2409 4895 docebo,
2440 4831 2676 4885 secundo
2720 4840 2926 4885 tantum
2965 4831 3083 4885 loco
3126 4847 3250 4885 mox
3284 4830 3372 4885 hic
3408 4804 3739 4880 nominandus

2185 4921 2452 4994 Papyrius
2502 4920 2805 4992 Massonus)
2852 4921 2935 4976 vel
2968 4922 3125 4988 alius,
3157 4922 3249 4992 qui
3278 4906 3394 4989 ejus
3423 4895 3741 4994 nomineLef

2185 5012 2413 5083 gentiam
2474 5010 2821 5072 Sanctorum,
2864 5010 3070 5067 Gallica
3116 5020 3265 5067 veste
3295 4987 3566 5066 donatam.
3608 4987 3738 5083 circa

2185 5103 2351 5174 elapsi
2383 5103 2628 5173 proxime
2671 5102 2854 5158 saeculi
2907 5118 3162 5158 occasum
3213 5104 3290 5175 (id
3330 5110 3447 5164 est.
3489 5078 3741 5175 cum,

2185 5160 2399 5251 saeculo.
2426 5195 2703 5264 praeterito
2757 5194 2960 5266 scripta
3013 5196 3142 5262 sint,
3195 5160 3321 5251 ante
3375 5195 3568 5248 annum
3601 5160 3739 5266 1‘600l

2184 5286 2501 5358 publicavit,
2535 5287 2627 5356 qui
2658 5286 2710 5340 in
2734 5264 3060 5342 Vitavsancti
3083 5286 3351 5342 Brunonis
3371 5283 3437 5340 ad
3466 5264 3739 5336 marﬁinem

2184 5393 2216 5435 e
2246 5380 2464 5450 regione
2509 5378 2655 5435 illius
2704 5379 3033 5433 narrationis
3089 5380 3359 5447 ascripsit,
3410 5391 3428 5425 ι
3459 5359 3737 5448 Guigonem

2191 5489 2209 5522 t
2246 5471 2376 5525 nihil
2416 5470 2680 5540 ejusmodi
2728 5470 2925 5523 habere
2954 5470 3005 5523 in
3034 5471 3153 5526 Vtta
3185 5470 3356 5525 sancti
3384 5452 3740 5540 Hugonis-cp.“

2190 5580 2211 5615 ι
2253 5560 2421 5631 scepi,
2446 5578 2466 5612 ι
2484 5570 2557 5615 ρει
2601 5560 2843 5628 insuper.
2871 5579 2889 5611 ι
2927 5560 3153 5616 clericos
3180 5553 3498 5616 Rarisieusis
3522 5537 3740 5631 ecclesiae

2192 5673 2209 5705 ι
2249 5654 2334 5708 his
2390 5651 2676 5722 refragari.
2708 5670 2727 5705 ι
2791 5650 2945 5707 Unde
3000 5654 3284 5719 sentimus,
3346 5650 3471 5708 huic
3525 5631 3740 5720 Ιιίειοηξθ

2190 5758 2465 5812 nunquam
2506 5756 2832 5810 quemquam
2883 5742 3303 5816 refragaturum,
3350 5743 3392 5797 si
3431 5736 3496 5792 de
3533 5725 3737 5783 canon"
