3862 6310
155 371 236 434 I09

1611 379 1816 438 ACTA.

3248 407 3348 463 IIO

147 508 242 552 cata
271 497 543 553 I‘arisicnsr
567 495 771 553 mentio
808 512 913 552 non
941 496 1249 568 irrepsisset
1277 497 1330 552 in
1363 512 1568 554 meram
1591 499 1669 552 rei
1704 508 1745 562 Α
1777 497 1919 570 typis
1968 501 2113 558 edita
2164 503 2328 572 thcsr,
2378 504 2581 574 palam,
2619 507 2931 567 stinmlante
2994 513 3203 589 Marsya
3234 521 3352 580 vim

146 597 278 657 gestae
321 587 702 651 narrationem,
747 588 888 656 quod
930 591 1149 644 unicum
1177 598 1233 644 et
1265 589 1442 644 solum
1485 597 1670 659 postea

143 680 274 732 fuisse
297 679 502 733 videtur
550 680 710 735 totius
752 680 1102 735 seminarium
1135 680 1438 735 discordiae.
1483 681 1672 736 Utrum

143 786 242 824 vero
263 769 340 825 ille
381 771 546 825 homo
568 771 862 826 canonicos
891 771 976 826 vel
1002 771 1192 826 doctor
1224 771 1406 837 fuerit,
1445 771 1673 826 inferius

141 862 360 914 dicemus.
417 862 721 937 Secundus,
767 862 868 932 qui
906 863 1051 918 .liuic
1088 863 1353 918 dubietati
1383 862 1669 930 succinuit,

140 949 215 1004 fuit
250 951 500 1022 Papyrius
547 953 852 1020 Massonus,
908 954 998 1024 qui
1045 953 1184 1011 obiit
1232 971 1374 1011 anno
1405 954 1674 1023 l6ll,vir

137 1043 447 1097 accnratioris
475 1043 818 1098 litteraturae.
1094 1035 1096 1040 ’

212 1133 288 1188 87.
330 1155 347 1186 ι
374 1134 472 1190 Hic
505 1135 600 1190 lib.
642 1152 700 1190 ιιι
729 1137 1002 1192 annalium
1031 1136 1385 1203 Francorum,
1415 1153 1534 1208 pag.
1563 1137 1672 1192 252

137 1240 265 1294 agens
307 1225 368 1281 de
397 1235 644 1298 tempore
693 1227 1024 1283 fundationis
1068 1229 1281 1284 ordinis
1316 1229 1670 1284 Carthusien-

135 1315 257 1380 siam,
300 1327 583 1386 postquam
633 1333 802 1388 pauca
849 1319 914 1374 de
943 1329 1135 1376 sancto
1164 1320 1418 1375 Brunone
1449 1330 1502 1376 et
1525 1321 1669 1376 Lan-

134 1406 260 1461 duino
294 1409 488 1471 retulit,
545 1409 661 1463 haec
701 1409 862 1464 verba
911 1412 1130 1466 subdit:
1169 1431 1188 1463 ι
1235 1411 1428 1466 Petrus
1456 1413 1670 1467 Clunia-

136 1500 340 1563 icensis,
391 1501 717 1570 cognomine
775 1501 1169 1568 Manriacenus,
1221 1502 1311 1572 qui
1367 1502 1564 1558 Crasso
1616 1514 1670 1559 et

136 1606 149 1638 ι
175 1589 408 1644 Ludovico
449 1593 612 1655 vixit,
642 1591 852 1646 ordinis
893 1593 1052 1661 hujus
1079 1602 1329 1648 auctores
1360 1593 1666 1647 Brunonem

135 1697 148 1728 ι
177 1680 572 1736 ειιςιιιιίυἰιιυηι
620 1684 886 1745 nominat,
932 1698 1164 1752 cumque
1197 1684 1483 1754 originem,
1512 1683 1670 1738 insti-’

135 1783 318 1826 «tutum
369 1789 433 1828 ac
485 1789 672 1829 mores
723 1774 1208 1829 Carlhusiauorum
1259 1776 1668 1829 accuratissime

135 1879 147 1907 ι
174 1863 426 1928 describat,
455 1864 664 1917 nullant
703 1866 1030 1920 mentionem
1064 1865 1312 1920 canonici
1342 1865 1664 1920 Parisiensis

132 1963 290 2026 «facit,
315 1965 398 2033 qui
447 1966 598 2018 inter
643 1964 914 2020 solemnes
957 1965 1184 2020 inferias
1213 1965 1410 2020 dicitur
1441 1983 1664 2044 respon-

129 2053 284 2108 «disse
326 2068 595 2111 mortuus.
628 2077 648 2108 ι
703 2055 826 2110 Ilaec
881 2057 990 2123 ille,
1021 2059 1176 2128 cujus
1223 2069 1392 2113 totum
1440 2061 1662 2114 dubium

129 2146 288 2200 ridetur
319 2149 445 2201 verti
483 2148 638 2203 circa
679 2148 954 2202 silentimn
1001 2148 1148 2203 Petri
1181 2159 1237 2204 et
1282 2149 1661 2206 canonicatnm

126 2237 310 2291 damnati
355 2241 621 2294 hominis.
662 2239 770 2294 Sed
813 2250 866 2294 ct
897 2239 1087 2294 [lentati
1118 2240 1414 2306 Benedicti,
1448 2253 1500 2296 et
1525 2242 1658 2298 Mas-

124 2329 208 2381 sani
248 2329 742 2387 animadversiones
775 2346 879 2385 non
915 2332 1049 2385 tanti
1093 2329 1244 2386 fuere
1289 2332 1562 2400 ponderis,
1605 2339 1662 2386 ut

125 2421 341 2484 pllllerilll
389 2423 688 2490 impedire,
745 2438 850 2492 quo
902 2423 1080 2478 minus
1125 2439 1370 2480 summus
1418 2425 1661 2494 pontifex

124 2510 356 2580 Gregorius
419 2513 548 2577 Χν,
601 2514 804 2568 indicto
857 2530 952 2585 per
1004 2516 1312 2570 universam
1358 2516 1656 2572 Ecclesium

123 2604 250 2657 sancti
275 2605 544 2660 Brunonis
567 2607 726 2670 festo,
759 2606 983 2676 singulis
1011 2607 1169 2660 annis
1195 2622 1222 2660 a
1251 2607 1660 2678 quibuscunque

122 2694 283 2751 clericis
307 2708 357 2752 et
404 2699 686 2768 religiosis
709 2698 950 2762 colendo,
991 2699 1107 2765 ejus
1133 2697 1377 2754 Oﬂicium
1409 2701 1655 2770 componi

121 2797 156 2836 et
193 2803 215 2840 a
254 2805 390 2844 sacra
422 2793 636 2844 rituum
667 2792 1087 2860 congregatione
1126 2793 1460 2860 recognitum
1492 2802 1545 2846 et
1567 2808 1656 2861 ap-

120 2880 341 2955 probatum
390 2883 444 2936 in
488 2882 782 2936 Breviario
813 2881 1059 2936 Romano
1089 2886 1285 2954 apponi
1314 2886 1478 2955 (anno
1509 2884 1655 2938 scili-

121 2978 181 3018 cet
215 2953 350 3040 I623)
383 2974 736 3042 praeciperet,
779 2970 932 3040 cujus
985 2953 1208 3029 secundi
1259 2953 1506 3029 nocturni
1546 2984 1655 3032 tres

123 3057 322 3118 lectiones
361 3079 422 3120 ex
470 3065 596 3136 ejus
637 3065 758 3120 Vita
797 3065 1093 3135 desumpta:
1132 3077 1278 3131 sunt,
1311 3083 1537 3136 quarum
1569 3083 1656 3122 se-

1775 591 2106 659 doetissimo,
2159 595 2211 648 in
2265 597 2466 677 scholis
2505 598 2822 670 theologicis
2849 593 3100 672 aﬂsernit,
3133 625 3152 660 ι
3183 609 3354 677 Quid-

1780 695 1799 731 ι
1835 683 1962 751 quid
1994 685 2060 740 de
2103 675 2361 742 defuncti
2387 689 2625 744 doctoris
2671 691 2809 746 trina
2860 709 2891 750 e
2932 696 3130 755 feretro
3153 675 3352 760 eritissa

1779 787 1799 822 ι
1837 786 1965 826 voce
2021 773 2292 845 vulgatum
2341 777 2540 845 fuerat,
2605 795 2724 834 esse
2789 793 2958 838 totum
3004 789 3249 846 fictilium
3298 802 3354 850 et

1777 877 1798 912 ε
1833 863 2282 930 commentitium,
2314 867 2546 939 denique
2587 871 2784 924 anilem
2816 873 3070 930 fabulam.
3109 897 3127 928 ι
3155 881 3353 937 Astan-

1773 949 1916 1004 tibus
1943 951 2140 1020 placuit
2165 972 2178 1007 :
2213 970 2333 1009 nam

1853 1041 2004 1096 «Non
2038 1044 2139 1099 hoc
2168 1047 2267 1100 ista
2299 1047 2400 1102 sibi
2447 1059 2656 1121 tempus
2684 1057 2994 1124 spectacula
3023 1063 3215 1128 poscit.
3252 1084 3271 1116 ι

1771 1128 1888 1185 Νοη
1918 1133 2039 1186 inde
2081 1143 2256 1191 tamen
2291 1137 2370 1208 (ut
2397 1155 2519 1193 vera
2560 1157 2801 1214 sanaqne
2825 1147 3125 1219 loquamur)
3157 1153 3249 1206 sed
3282 1169 3352 1208 ex

1771 1223 1894 1279 aliis
1915 1227 2227 1283 excellentis
2247 1230 2553 1301 eruditique
2575 1234 2774 1304 ingenii
2799 1239 2939 1295 datis
2960 1242 3350 1311 speciminibus

1773 1315 1952 1384 cupita
1983 1318 2178 1372 merito
2205 1319 2437 1376 donatus
2482 1333 2565 1376 est
2592 1323 2793 1380 laurea.
2837 1325 2971 1396 Qui,
2991 1333 3091 1386 sibi
3121 1334 3353 1404 compla-

1771 1421 1899 1461 cens
1930 1423 1992 1463 cx
2025 1411 2318 1480 approbata
2369 1423 2558 1468 contra
2607 1417 2828 1473 redivivi
2875 1422 3156 1478 historiam
3186 1425 3349 1490 thesi,

1771 1499 1913 1553 hanc
1965 1500 2210 1555 validiori
2278 1504 2616 1562 stabiliturus
2691 1516 3163 1578 argumentatione
3217 1518 3351 1573 adiit

1771 1589 2018 1644 Romam.
2049 1591 2144 1658 lbi,
2174 1594 2369 1662 quibus
2395 1597 2589 1665 potuit,
2621 1599 2725 1654 viis
2745 1611 2799 1654 et
2829 1600 3104 1660 laboribus
3132 1607 3347 1673 institit,

1772 1690 1828 1735 ut
1857 1681 1983 1736 illud
2022 1685 2324 1755 prodigium
2372 1703 2402 1741 e
2447 1687 2672 1743 Romani
2723 1692 2977 1748 lireviarii
3027 1695 3352 1754 lectionibus

1771 1772 2511 1857 abscinderetur,_simulans
2568 1783 2799 1838 maxime
2852 1799 2916 1838 ex
2971 1801 3055 1851 eo,
3101 1791 3242 1857 quod
3294 1791 3347 1845 in

1765 1865 2137 1934 acceptatione
2188 1853 2306 1923 festi
2359 1871 2530 1926 sancti
2577 1871 2846 1928 Brunonis
2887 1875 3110 1932 Parisiis
3166 1887 3349 1934 actum

1766 1953 1962 2019 fuerat,
2001 1957 2207 2037 clerum
2229 1967 2283 2014 et
2302 1961 2716 2018 Cartlinsienses
2739 1963 3076 2022 Parisienses
3104 1969 3156 2023 id
3181 1984 3351 2040 expe-

1768 2057 1900 2103 tere.
1935 2049 2027 2103 llze
2055 2035 2190 2104 'sunt
2222 2059 2388 2117 artes,
2416 2054 2611 2123 quibus
2654 2056 2721 2108 ad
2763 2056 2815 2110 id
2844 2057 3201 2114 obtinendum
3224 2035 3346 2116 eum

1765 2137 1932 2194 fuisse
1971 2155 2147 2204 usum,
2195 2140 2243 2195 ei
2287 2145 2580 2211 exprobrat
2611 2147 2754 2217 (pag.
2790 2147 2889 2201 114
2916 2157 2970 2203 et
3001 2149 3126 2221 “5)
3159 2162 3352 2206 auctor

1765 2229 2116 2300 (TheOphilus
2145 2230 2473 2303 Raynaudus
2500 2236 2780 2309 nimirum)
2824 2239 3068 2295 Herculis
3096 2242 3364 2299 Contmo-'

1763 2321 1906 2375 diani
1961 2322 2044 2378 his
2082 2325 2262 2379 verbis
2294 2342 2307 2378 :
2345 2345 2363 2377 ι
2394 2325 2456 2380 Et
2494 2329 2688 2400 potuit,
2725 2349 2743 2380 ι
2790 2330 2988 2402 inquit,
3027 2351 3045 2386 ι
3089 2335 3346 2391 recisioni

1770 2431 1788 2466 ι
1825 2413 1896 2468 illi
1949 2413 2262 2471 facilitatem
2311 2432 2612 2484 accersere,
2661 2421 2804 2491 quod
2854 2433 2930 2488 tu,
2979 2424 3068 2494 qui
3105 2440 3363 2494 prmsens'

1766 2520 1787 2553 ι
1831 2503 2044 2569 aderas,
2075 2505 2272 2575 quibus
2315 2507 2459 2562 nosti
2489 2509 2712 2574 artibus,
2741 2521 2794 2565 et
2818 2515 3116 2582 praesertim
3145 2532 3343 2588 magno

1767 2611 1786 2644 ι
1827 2592 2042 2666 fragore
2082 2595 2406 2654 Parisiensis
2456 2599 2586 2656 cleri
2634 2610 2688 2656 et
2720 2603 3012 2660 arademia:
3042 2606 3339 2676 infamiam,

1764 2702 1782 2734 ι
1823 2695 1878 2739 et
1903 2686 2000 2740 abs
2027 2694 2079 2742 te
2104 2689 2333 2744 conﬁcta
2358 2691 2593 2747 civitatis
2619 2694 2781 2764 regite
2809 2704 2954 2762 vota,
2983 2705 3041 2750 ut
3067 2713 3130 2752 ea
3153 2715 3343 2756 narra-

1764 2795 1782 2828 ι
1825 2777 1916 2841 ιίο,
1969 2779 2185 2834 etiamsi
2238 2797 2363 2837 vera
2415 2793 2589 2851 esset,
2648 2788 3040 2857 przeteriretur,
3088 2792 3340 2862 urgebas.

1762 2887 1780 2920 ι
1821 2867 1932 2924 Hoc
1978 2879 2305 2940 postremum
2361 2873 2660 2930 docuerunt
2716 2876 2910 2934 litterae
2955 2887 3076 2935 tum.
3125 2881 3338 2950 Priora,

1763 2979 1781 3010 ι
1817 2976 1936 3030 quae
1964 2965 2432 3031 germanissimam
2469 2967 2780 3022 mutationis
2801 2989 2818 3020 ι
2857 2969 2932 3040 (in
2958 2969 3144 3027 Officio
3174 2974 3337 3028 nimi-

1757 3069 1875 3107 rum
1937 3055 1994 3108 S.
2039 3055 2308 3112 Brunonis
2359 3057 2538 3127 factm)
2589 3076 2610 3109 ι
2645 3075 2864 3114 causam
2917 3063 3230 3130 continent,
3277 3075 3336 3121 et

122 3152 246 3204 cunda
284 3163 441 3210 totam
492 3157 644 3211 hanc
675 3157 920 3212 continet
957 3159 1256 3212 auastasim
1303 3159 1402 3212 sub
1435 3160 1653 3213 nomine

1759 3165 1782 3190 ι
1818 3145 1938 3201 aliis
1978 3155 2033 3200 et
2070 3148 2198 3200 mihi
2250 3149 2686 3218 sapientissimus
2728 3165 2758 3206 e
2785 3149 3212 3223 Congregatione
3251 3157 3334 3212 ri-

122 3240 335 3309 cnjnsdam
380 3247 658 3318 magistri,
706 3247 849 3301 trulla
889 3247 1030 3302 facta
1068 3248 1320 3318 spccifica
1379 3249 1653 3304 mentione

122 3329 369 3390 doctoratns
401 3338 484 3392 vel
518 3338 903 3392 canonicatus.

169 3420 261 3478 I88.
287 3445 303 3476 ι
340 3427 599 3483 Urbanus
625 3443 839 3498 quoque
872 3440 1118 3493 octavus,
1149 3428 1392 3500 Gregorii
1432 3444 1650 3485 succes-

120 3524 197 3574 sor,
241 3531 364 3572 novo
407 3519 639 3573 decreto
691 3517 936 3572 Officium
989 3519 1160 3571 sancti
1215 3519 1484 3574 Brunonis
1525 3535 1648 3574 cum

125 3607 371 3663 narratione
422 3608 715 3679 stupenda:
769 3607 1020 3663 Historia:
1082 3608 1356 3663 breviario
1405 3608 1650 3665 Romano

122 3691 242 3749 inseri
266 3699 444 3763 voluit,
485 3710 547 3754 ut
603 3707 835 3754 testatur
877 3697 1213 3753 clarissimus
1245 3698 1545 3753 Saussaeius
1593 3699 1646 3753 in

120 3787 287 3850 rpistola
314 3793 641 3847 didascalica
688 3791 774 3845 his
802 3789 1018 3846 verbis:
1058 3808 1077 3840 ι
1123 3789 1328 3844 Prodiit
1353 3791 1565 3844 interim
1593 3791 1647 3846 in

123 3878 296 3934 «lucem
340 3883 678 3938 breviarium
709 3881 1034 3945 Romanum,
1080 3881 1164 3936 cui
1204 3896 1270 3936 ex
1303 3882 1503 3936 Urbani
1536 3881 1646 3937 VIII

123 3969 334 4026 uilecreto
364 3974 616 4030 Oflieium
658 3975 833 4029 sancti
860 3972 1129 4028 Brunonis
1166 3989 1356 4028 recens
1385 3974 1645 4028 inscrtum

123 4057 317 4117 «fuerat.
365 4064 421 4120 In
472 4066 586 4121 hoc
635 4064 882 4119 narratio
918 4063 1029 4130 illa,
1079 4064 1231 4119 brevi
1263 4065 1504 4134 quidem,
1551 4068 1646 4120 sed

123 4161 134 4190 ε
161 4161 308 4213 aperta
336 4156 724 4209 continebatur
759 4155 921 4209 serie.
949 4155 1018 4208 At
1053 4155 1346 4211 Parisiensi
1379 4155 1646 4209 breviario

123 4247 246 4292 ιιιιιιι
293 4244 732 4316 recognoscendo
795 4260 894 4316 ego
957 4262 1079 4302 cum
1135 4246 1254 4301 aliis
1295 4247 1643 4302 illustrissimi

123 4345 134 4370 ι
167 4329 337 4389 Domini
388 4337 789 4407 archiepiscopi
819 4348 873 4393 et
901 4339 1228 4394 venerabilis
1255 4341 1476 4409 capituli
1499 4340 1644 4395 delc-

121 4430 268 4494 tgatis
305 4449 524 4500 operam
581 4433 976 4502 impendebant.
1005 4433 1319 4488 Institerunt
1351 4434 1450 4488 hac
1487 4448 1643 4488 occa-

1761 3255 1778 3286 ι
1817 3245 1965 3292 tuum
2019 3237 2296 3308 theologus
2349 3239 2548 3307 liquido
2597 3239 2960 3298 confirmavit.
3007 3265 3025 3296 ι
3073 3245 3137 3300 Ει
3171 3247 3334 3317 paulo

1751 3333 1873 3393 post
1903 3340 1918 3378 :
1977 3347 1993 3377 ι
2028 3327 2322 3381 Dicendum
2354 3329 2503 3393 alibi,
2552 3331 2674 3399 quis
2702 3339 2754 3386 te
2786 3331 3107 3391 Parisiensis
3150 3335 3336 3392 Roma:

1759 3413 2025 3482 rjuverit,
2085 3417 2288 3472 faciens
2341 3428 2396 3472 ut
2451 3435 2769 3488 persuasum
2800 3421 3114 3490 haberetur,
3145 3426 3338 3484 Patres

1757 3528 1776 3560 ι
1814 3508 2204 3565 Carthusianos
2256 3512 2671 3582 expunctionem
2719 3513 2880 3584 hujus
2928 3518 3254 3574 narrationis
3304 3535 3336 3577 e

1757 3615 1776 3648 ι
1814 3597 2084 3653 breviario
2109 3609 2380 3670 expetere,
2410 3621 2429 3651 ι
2465 3611 2572 3659 etc.

1822 3689 1943 3744 190.
1992 3708 2012 3741 r
2041 3691 2140 3758 Qui
2167 3707 2336 3748 sacrae
2359 3695 2558 3748 rituum
2590 3697 2993 3766 congregationi
3039 3711 3331 3769 perorant,

1753 3780 1918 3836 totius
1975 3781 2230 3836 hreviarii
2272 3781 2425 3850 jussu
2490 3782 2688 3838 Urbani
2746 3784 2876 3851 VIII,
2935 3805 2956 3839 ι
3011 3788 3106 3857 qui
3150 3798 3330 3846 tamen

1748 3881 1906 3928 antea
1932 3873 2074 3944 (vide
2097 3889 2241 3927 num.
2269 3873 2392 3944 188)
2432 3874 2674 3930 Ollicium
2699 3874 2758 3930 S.
2783 3875 3072 3944 Brunonis,
3097 3880 3334 3936 doctoris

1749 3964 2072 4020 Parisiensis
2121 3966 2412 4020 anastasim
2463 3967 2851 4038 complectens,
2899 3969 3172 4027 breviario
3220 3972 3334 4028 Ilo-

1747 4069 1908 4108 mauo
1931 4053 2362 4123 inscrijusserat,
2383 4072 2402 4106 ι
2425 4056 2934 4114 tuneincumbentes
2955 4061 3329 4129 recognitioni,

1747 4144 1848 4198 viri
1876 4145 2106 4216 religiosi
2132 4155 2186 4200 et
2217 4146 2544 4216 incorrupta:
2572 4147 2917 4218 integritatis,
2963 4165 3068 4205 non
3103 4151 3326 4207 Launoii

1747 4237 1955 4292 artibus
1990 4239 2224 4308 decepti,
2261 4239 2354 4294 sed
2401 4239 2817 4308 sapientioribus
2852 4241 3057 4296 inducti
3103 4243 3328 4299 rationi-

1747 4325 1866 4389 bus,
1899 4341 2004 4382 non
2047 4329 2204 4396 hujus
2248 4330 2419 4385 solum
2450 4329 2699 4386 Historia:
2733 4334 3123 4401 narrationem,
3152 4335 3245 4391 sed
3268 4347 3326 4393 et

1746 4419 2016 4490 egregiam
2049 4421 2193 4474 illaut
2221 4421 2628 4490 piissimamque
2659 4422 2780 4476 fidei
2810 4415 3225 4492 confessionem,
3251 4429 3320 4484 ab

121 4516 273 4574 “iane
305 4520 652 4576 Carumsiani
683 4521 1037 4585 Parisienses’
1088 4531 1147 4575 ,η
1171 4522 1343 4576 sane“
1375 4521 1641 4576 Brunonis
1674 4530 1718 4585 ι)
1747 4511 1862 4581 ipso
1902 4511 2152 4567 Brunone
2183 4513 2340 4566 morti
2381 4513 2626 4580 proximo
2666 4513 2927 4584 prolatam
2951 4525 3006 4572 et
3033 4519 3204 4575 tertia:
3233 4535 3325 4576 se-

121 4605 312 4664 rfestnm
343 4629 405 4669 ac
446 4612 701 4669 Ofﬁcium
751 4615 836 4669 die
861 4612 977 4681 ejus
1015 4613 1179 4667 natali
1210 4613 1638 4683 consignaretur,

121 4712 132 4740 ι
160 4698 382 4766 siquidem
413 4705 465 4758 in
497 4704 771 4760 breviario
813 4714 998 4759 nostro
1026 4705 1285 4759 hactenus
1311 4704 1487 4758 locum
1531 4717 1638 4758 non

120 4785 398 4846 iliabuerat.
445 4793 702 4848 Honesta:
747 4809 931 4848 eorum
974 4793 1320 4862 postulationi
1353 4794 1527 4847 visum
1556 4801 1641 4847 est

120 4890 130 4918 ι
155 4881 544 4936 concedendum.
572 4871 859 4952 'Ascriptus
890 4882 990 4936 fuit
1025 4883 1188 4952 igitur
1213 4891 1433 4937 sanctus
1459 4880 1640 4938 Brnno

121 4963 416 5028 tLulclianis
466 4973 686 5035 Fastis,
731 4973 824 5028 sed
869 4989 935 5028 co
985 4983 1164 5044 pacto,
1215 4985 1274 5028 ut
1313 4974 1639 5030 narrationis

119 5062 387 5123 tpnedictze
437 5065 495 5118 in
544 5063 716 5120 Officii
773 5064 894 5133 ejus
951 5063 1273 5119 lectionibus
1325 5064 1637 5133 neutiquam

121 5159 132 5188 ι
159 5152 322 5206 mentio
365 5153 538 5218 fieret,
570 5170 734 5225 quam
759 5171 1104 5226 suppressam
1143 5155 1303 5226 paulo
1327 5166 1448 5226 post
1475 5157 1636 5209 etiam

119 5236 300 5294 «ridere
357 5243 509 5298 licuit
563 5246 613 5299 in
687 5244 932 5300 Romano
977 5246 1280 5300 divinorum
1328 5243 1637 5300 Oﬂiciorum

120 5329 326 5386 tcodice.
363 5355 380 5386 ι
416 5336 540 5391 Hmc
571 5336 678 5402 ille,
707 5337 758 5390 in
801 5335 956 5405 cujus
984 5337 1164 5391 verbis
1195 5337 1466 5407 detegitur
1507 5350 1636 5390 vera

118 5416 236 5472 totius
257 5423 531 5480 discordia:
551 5441 736 5489 causa,
769 5441 928 5495 quam
953 5425 1190 5479 diximus
1217 5440 1400 5496 supra.
1434 5423 1635 5480 nullam

117 5499 232 5558 aliam
277 5509 460 5578 fuisse,
512 5525 708 5584 prteter
738 5527 1068 5574 mentionem
1098 5515 1166 5570 de
1194 5516 1516 5571 canonicatu
1557 5513 1640 5568 fa-

119 5600 221 5646 clam
245 5616 290 5653 Ill
329 5606 646 5672 quibusdam
677 5609 836 5674 hujus
863 5607 1111 5663 Historia:
1140 5607 1564 5662 narrationibus.

168 5683 263 5742 189.
303 5712 320 5742 ι
350 5693 604 5765 Posthac,
646 5701 904 5754 revolutis
931 5701 1136 5773 aliquot
1165 5701 1347 5766 annis,
1402 5699 1638 5758 Joannes

121 5767 335 5840 hunoius
347 5787 579 5846 ultimam
593 5791 908 5849 doctoratus
929 5793 1169 5849 lauream
1195 5803 1342 5850 recte
1362 5793 1628 5863 ambiens,

1745 4600 1903 4654 cundi
1936 4600 2184 4654 nocturni
2219 4599 2438 4654 lectioni
2461 4599 2614 4670 jussu
2641 4602 2886 4674 Gregorii
2913 4606 3007 4660 XV
3037 4608 3322 4680 insertam,

1745 4689 1900 4746 simul
1933 4705 1999 4742 ex
2032 4689 2221 4744 eodem
2271 4689 2564 4754 breviario,
2617 4692 2758 4748 sicut
2804 4702 2859 4748 et
2899 4696 3066 4752 multa
3114 4699 3219 4756 alia
3249 4715 3319 4756 ex

1745 4779 1865 4834 aliis
1911 4779 2139 4835 aliorum
2180 4790 2490 4836 sanctorum
2535 4781 2858 4841 lectionibus
2894 4790 3126 4861 expungi
3153 4806 3318 4846 cura-

1743 4878 1953 4925 verunt.
1997 4869 2059 4925 Hi
2098 4881 2285 4941 postea
2315 4889 2344 4927 a
2377 4873 2768 4944 Christophoro
2798 4876 3056 4945 Puteano,
3081 4881 3319 4938 Carthu-

1743 4961 1835 5015 sia:
1859 4959 2115 5016 Romana:
2159 4963 2358 5032 priore,
2406 4965 2622 5021 nomine
2661 4969 2939 5024 reverendi
2978 4971 3156 5028 Patris
3183 4973 3319 5029 Cara

1743 5055 1934 5111 thusiae
1974 5057 2174 5126 prioris
2199 5067 2256 5112 et
2294 5059 2462 5115 totius
2499 5061 2708 5121 ordinis
2748 5063 2980 5121 ministri
3027 5068 3317 5136 generalis.

1741 5147 1922 5202 oblato
1979 5148 2160 5204 libello
2206 5152 2458 5222 supplici,
2514 5153 2828 5224 interrogati
2878 5155 2944 5212 de
3010 5159 3315 5228 hujusmodi

1741 5239 2004 5294 recisione
2029 5240 2132 5295 tale
2158 5241 2422 5296 dederunt
2469 5259 2808 5314 responsum,
2841 5257 2978 5304 teste
3019 5247 3320 5319 Theophilo

1740 5328 2053 5402 Raynaudo,
2107 5350 2127 5382 ι
2189 5339 2424 5386 mentem
2485 5347 2657 5388 sacra:
2704 5337 3140 5406 congregationis
3181 5353 3318 5392 nth

1743 5439 1765 5474 ι
1799 5437 1960 5492 quam
1990 5422 2177 5487 fuisse,
2201 5423 2507 5492 improbare
2529 5433 2620 5478 aut
2649 5424 2700 5478 in
2726 5425 2945 5480 dubium
2967 5441 3165 5481 vocare
3194 5443 3322 5482 nar-

1745 5535 1764 5567 ι
1806 5514 2032 5570 rationis
2080 5513 2241 5586 hujus
2295 5515 2614 5581 veritatem;
2662 5517 2773 5572 sed.
2801 5516 3316 5576 consultius-visum

1745 5624 1764 5658 ι
1803 5623 1944 5673 esse,
1987 5616 2104 5664 eam
2149 5622 2480 5682 expungere,
2513 5611 2656 5679 quod
2697 5625 2814 5666 mos
2855 5611 3110 5692 Ecclesia:
3154 5615 3318 5684 ferat,

1744 5717 1763 5752 ι
1801 5700 1854 5754 in
1878 5701 2048 5758 sacris
2073 5700 2272 5758 Officiis
2311 5701 2664 5769 Sanctorum,
2705 5704 2796 5773 qui
2839 5705 3119 5778 religiosas
3154 5708 3318 5766 fami-

1745 5811 1764 5844 ι
1804 5792 1902 5850 lias
1955 5794 2328 5866 instituerunt,
2381 5809 2668 5852 recensere
2729 5809 2918 5854 eorum
2973 5799 3142 5866 Vitas,
3205 5815 3318 5857 non
