3862 6310
522 504 541 539 ι
578 498 795 546 causas,
822 497 886 535 ex
912 479 1106 550 quibus
1144 474 1209 529 ad
1237 471 1627 527 instituendum
1653 469 1900 526 ordinem
1943 482 2098 522 smnn

523 595 541 628 ι
585 577 786 632 fuerint
830 569 1065 641 impulsi.
1102 586 1120 617 ι
1174 563 1237 618 Et
1272 572 1396 631 post
1444 576 1618 632 pauca
1681 560 1852 622 addit,
1906 572 1937 609 a
1988 556 2107 609 viro

520 664 944 740 sapientissimo,
1005 660 1191 713 Ruina:
1255 665 1384 709 tunc
1445 664 1729 715 morante,
1786 648 2103 717 accepisse:

523 780 540 811 ι
584 735 715 813 Cum
767 753 985 809 aliunde
1035 748 1341 805 breviandze
1400 754 1582 799 essent
1633 742 1893 797 lectiones
1934 735 2107 791 Ollicii

524 868 545 901 ‹
586 847 759 903 sancti
813 841 1101 904 Brunonis,
1178 838 1312 892 nihil
1356 836 1684 897 occurrisse,
1727 832 1871 900 quod
1912 826 2108 882 minori

524 957 544 990 ι
589 935 929 993 inconnnodo
983 929 1251 985 removeri
1316 934 1514 997 posset.
1583 924 1848 979 Caeterum
1893 931 2107 974 sacram

522 1049 545 1082 ι
588 1026 1073 1099 Congregationem
1132 1021 1197 1076 de
1245 1017 1592 1075 convellenda
1634 1013 1750 1083 ejus
1786 1010 2111 1075 narrationis

523 1139 544 1173 ι
583 1121 833 1184 veritate,
880 1117 963 1172 vel
1011 1116 1075 1170 de
1111 1129 1174 1168 ea
1202 1110 1553 1183 depretianda
1587 1122 1653 1162 ne
1686 1105 1957 1176 cogitasse
1987 1100 2110 1171 qui-

519 1231 546 1266 ι
590 1213 764 1267 deum

597 1303 723 1359 191.
752 1320 770 1356 ι
790 1300 906 1355 Non
930 1296 1172 1354 absimile
1191 1292 1320 1364 quid
1343 1291 1501 1365 paulo
1531 1300 1658 1346 ante
1685 1299 1913 1345 testatus
1939 1285 2115 1340 fuerat

512 1391 820 1449 iBartoldus
857 1389 1131 1453 Nihusius,
1190 1387 1432 1442 scribens
1477 1384 1546 1438 ad
1596 1379 1989 1449 amplissimum
2034 1375 2115 1429 vi-

525 1502 646 1541 rum
676 1485 948 1540 Andream
993 1480 1322 1536 Saussmium
1349 1498 1366 1529 ι
1406 1476 1536 1549 (adi,
1584 1490 1747 1545 quam
1790 1472 2114 1528 didascalica

514 1580 688 1649 vltujus
710 1576 961 1647 epistola,
986 1572 1226 1629 Coloniae
1251 1570 1559 1643 Agrippinae
1598 1584 1739 1623 anno
1768 1568 1901 1623 1645
1915 1582 2114 1622 excusa

526 1673 581 1727 in
617 1672 791 1726 fronte
816 1668 1056 1741 praefert,
1081 1664 1388 1736 epistolam)
1426 1683 1443 1713 ι
1461 1663 1547 1715 his
1570 1660 1779 1715 verbis:
1814 1679 1831 1711 ι
1854 1659 2111 1714 Sciscita—

531 1780 550 1813 ι
591 1771 674 1817 tus
713 1761 789 1815 fui
840 1761 1027 1814 Roma:
1072 1772 1169 1827 per
1208 1754 1402 1810 Janum
1439 1753 1647 1807 Nicium
1690 1752 2029 1824 Erythrzeum
2080 1766 2111 1804 e

530 1870 549 1904 σ
592 1867 746 1907 sacra
776 1849 1227 1920 Congregatione,
1255 1862 1375 1916 quae
1410 1845 1621 1900 [litibus
1652 1844 1943 1913 dirigends
1974 1843 2111 1896 iuvi-

523 1961 551 1995 -o
590 1944 723 2014 gilat
758 1957 821 1996 ac
864 1950 1085 2011 praeest,
1119 1940 1249 2009 quid
1297 1939 1381 1992 illa
1430 1944 1700 1992 censeret.
1738 1936 1806 1988 Et
1840 1949 1989 2000 cccc,
2022 1948 2108 1988 re-

529 2053 549 2086 ι
589 2033 907 2101 spondetur,
970 2044 1314 2099 nequaquam
1364 2028 1530 2094 istud,
1578 2027 1720 2096 quod
1769 2025 2030 2090 diximus,
2081 2038 2113 2078 e

531 2144 550 2174 ι
588 2124 861 2179 breviario
916 2122 1245 2187 submotum,
1270 2120 1410 2189 quod
1437 2119 1774 2188 judicaretur
1803 2132 1923 2172 esse
1955 2116 2112 2171 fabu-

528 2235 552 2268 1
588 2215 785 2283 losum,
844 2215 938 2269 sed
984 2213 1090 2268 alia
1139 2213 1204 2267 de
1245 2228 1430 2267 causa.
1482 2231 1498 2262 ι
1559 2210 1684 2265 llaa:
1714 2220 1895 2263 autem
1946 2223 2113 2262 causa

530 2306 730 2360 diserte
779 2320 843 2360 ac
894 2302 1099 2373 liquido
1129 2302 1382 2373 proditur
1429 2301 1480 2353 in
1532 2301 1691 2367 libro,
1740 2300 1791 2353 in
1855 2299 2112 2352 Vaticana

525 2394 854 2450 bibliotheca
884 2403 1189 2461 asservato,
1219 2394 1283 2448 dc
1316 2394 1478 2448 rebus
1508 2392 1559 2446 in
1595 2391 1826 2447 Romani
1856 2388 2114 2445 breviat-ii

528 2488 903 2559 recognitione
927 2487 1173 2551 mutatis;
1212 2486 1298 2539 ubi
1329 2486 1470 2540 inter
1496 2494 1616 2539 acta
1643 2482 2111 2554 Congregationis,

530 2582 733 2637 habita:
778 2581 866 2635 die
909 2579 1058 2634 lovis
1097 2580 1163 2634 16
1201 2578 1444 2632 Januarii
1493 2578 1652 2643 1651,
1691 2578 1792 2630 hoc
1836 2577 2116 2630 decretum

530 2673 731 2745 legitur
763 2689 776 2725 :
813 2689 832 2722 ‹
872 2670 997 2725 Fuit
1028 2671 1353 2736 resolutum,
1401 2668 1545 2738 quod
1594 2670 1660 2723 de
1703 2667 2027 2721 lectionibus
2055 2666 2114 2719 S.

539 2778 560 2815 ι
599 2762 867 2819 Brunonis
924 2771 1241 2816 amoveatur
1284 2760 1435 2826 illud,
1487 2760 1631 2829 quod
1687 2759 1904 2828 wnitur
1950 2758 2118 2813 fuisse

541 2873 559 2905 ι
594 2869 811 2908 causam
853 2867 965 2907 sua:
1009 2849 1380 2906 conversionis
1404 2847 1474 2902 ob
1506 2848 1766 2918 majorem
1798 2848 2116 2903 brevitatem

541 2964 560 2998 ι
593 2955 647 3000 et
694 2945 820 3016 quia
860 2943 995 2997 nihil
1026 2942 1158 2997 facit
1180 2943 1246 2995 ad
1277 2945 1625 2996 sanctitatem
1664 2939 1721 2994 S.
1758 2939 2052 2994 Brunonis.
2095 2958 2115 2990 ι

536 3037 663 3093 llaec
701 3053 768 3091 ex
812 3035 979 3090 citato
1016 3034 1159 3089 libro
1190 3035 1472 3104 desumpta
1505 3038 1635 3087 sunt
1666 3032 1735 3085 ab
1760 3033 1975 3088 erudito
2001 3032 2120 3086 viro

541 3130 834 3186 Entanuele
864 3126 1243 3194 Sehelstratio,
1269 3127 1509 3197 ejusdem
1542 3126 1883 3182 bibliotheca:
1907 3124 2119 3180 \‘atica-

538 3239 622 3277 rue
648 3220 930 3292 pmrfecto,
979 3220 1045 3274 ad
1084 3219 1394 3273 instantiam
1421 3217 1485 3272 ν.
1537 3218 1597 3273 Ρ.
1627 3218 1997 3289 procuratoris
2029 3232 2121 3288 ge-

541 3314 741 3369 nctalis
767 3312 976 3367 ordinis
997 3316 1195 3375 nostri,
1219 3326 1247 3364 a
1285 3326 1392 3379 quo
1421 3321 1476 3364 et
1499 3311 1565 3363 ad
1602 3326 1702 3364 nos
1738 3325 1911 3378 nuper
1941 3319 2125 3363 trans-

541 3406 705 3458 missa
751 3410 897 3456 sunt.
933 3399 1047 3454 Non
1096 3400 1279 3469 igitur,
1309 3399 1451 3469 quod
1497 3399 1739 3453 fabulosa
1790 3408 2122 3465 censeretur,

545 3497 621 3550 uti
648 3493 985 3551 conabantur
1017 3492 1368 3563 persuadere,
1423 3491 1514 3560 qui
1550 3491 1938 3546 correctionem
1970 3506 2128 3560 urge-

446 3624 464 3639 .
545 3588 701 3655 baut,
760 3587 873 3641 haec
910 3585 1133 3640 historia
1186 3598 1217 3638 e
1265 3584 1535 3639 breviario
1578 3584 1825 3638 Romano
1857 3593 2129 3653 expuncta

547 3688 653 3747 est,
679 3678 771 3733 sed
796 3677 865 3731 ob
903 3676 1161 3746 majorem
1204 3676 1545 3743 brevitatem,
1569 3685 1627 3730 et
1646 3676 1776 3744 quia
1804 3675 1938 3730 nihil
1962 3676 2128 3730 facie-

545 3776 641 3831 bat
666 3775 731 3830 ad
756 3774 1099 3829 sanctitatem
1148 3769 1322 3825 sancti
1361 3768 1651 3824 Brunonis.
1692 3767 1800 3824 Nec
1840 3778 2126 3838 propterea

549 3880 723 3921 sacrae
752 3860 1198 3934 Congrcgationis
1237 3873 1392 3914 mens
1426 3858 1526 3913 fuit
1562 3858 1871 3929 prohibere,
1906 3858 1998 3925 ne,
2034 3858 2127 3927 qui

546 3958 762 4023 vellent,
792 3970 910 4011 eam
938 3956 1050 4009 suis
1078 3951 1362 4008 breviarii-s
1398 3951 1718 4006 insererent.

644 4048 766 4103 192.
836 4065 855 4098 ι
912 4046 1085 4113 Quam
1168 4045 1238 4099 ob
1278 4058 1391 4098 rem
1446 4052 1655 4113 postea,
1719 4058 1925 4113 nempe
1977 4043 2132 4098 armis

548 4138 688 4195 1618
738 4148 795 4194 et
845 4137 982 4193 1652
1024 4135 1306 4192 breviariis
1350 4134 1577 4190 Lutetiae
1635 4134 1964 4190 Pari-iorum
2020 4135 2133 4188 edi-

549 4231 621 4287 tis
703 4248 721 4283 ι
769 4228 924 4301 Apud
983 4228 1293 4283 societatem
1358 4226 1802 4297 typographicam
1874 4224 2132 4279 librorum

556 4339 577 4374 ι
612 4320 783 4378 OlIicii
835 4319 1216 4384 ecclesiastici,
1258 4334 1326 4373 ex
1370 4319 1589 4372 decreto
1640 4316 1864 4370 Coneilii
1911 4314 2135 4370 Triden-

558 4433 578 4466 σ
615 4415 711 4469 tini
789 4412 1316 4483 imprimendorum,
1396 4428 1415 4461 ι
1481 4407 1728 4462 restituta
1780 4415 1914 4470 est,
1990 4406 2137 4461 nullo

554 4504 903 4560 reclamante.
982 4503 1106 4557 Haec
1156 4501 1464 4558 necessario
1528 4498 1804 4570 praefanda
1851 4498 2129 4564 duximus,

553 4604 614 4649 ut
673 4594 840 4649 lector
912 4606 1334 4663 prtemoneretur
1367 4631 1382 4658 ,
1456 4608 1561 4647 non
1624 4591 1874 4646 debuisse
1941 4606 1971 4645 a
2038 4591 2134 4646 do-

555 4695 706 4741 ctore
765 4684 1003 4739 Launoio
1051 4685 1243 4749 asseri,
1283 4699 1313 4738 c
1343 4684 1668 4739 lectionibus
1710 4684 1883 4738 sancti
1923 4682 2136 4738 Bruno-

552 4776 643 4833 nis
692 4776 1031 4832 solummodo
1075 4776 1309 4832 deletum
1358 4775 1547 4846 fuisse,
1591 4777 1851 4847 quidquid
1899 4778 1966 4830 ad
2005 4777 2133 4832 illud

555 4869 862 4940 prodigium
920 4867 1221 4938 spectabat,
1282 4868 1555 4938 aliamque
1614 4869 1815 4923 nullam
1869 4871 2135 4939 potiorem

556 4973 780 5013 causam
822 4958 1173 5014 submovendi
1206 4958 1407 5029 aliquid
1448 4977 1478 5014 e
1509 4961 1782 5015 Breviario
1807 4962 2140 5017 ecclesiasti-

557 5051 639 5108 cis
694 5052 974 5121 praescribi
1036 5051 1262 5121 regulis,
1319 5062 1678 5123 praeterquam
1746 5053 2136 5123 deprcbcnsam

558 5143 885 5209 falsitatem;
927 5144 1389 5214 quandoquidem,
1441 5154 1499 5201 ut
1538 5144 1650 5213 jam
1695 5145 1950 5211 vidimus,
2001 5146 2143 5202 cele-

557 5236 798 5292 berrima
851 5236 939 5291 illa
989 5237 1239 5305 corporis
1273 5245 1328 5292 et
1372 5237 1652 5308 sanguinis
1683 5235 1889 5292 Christi
1932 5237 1986 5291 in
2033 5238 2140 5293 Eu-

555 5328 820 5383 charistia
870 5327 1179 5399 professio,
1228 5344 1259 5383 a
1288 5339 1480 5385 sancto
1528 5328 1786 5384 Brunone
1842 5328 1981 5385 facta
2042 5331 2145 5386 sub

560 5430 789 5474 mortem
814 5461 828 5482 ,
874 5421 943 5475 ab
987 5420 1121 5490 ipsis
1162 5435 1330 5475 sacrae
1373 5420 1792 5491 Congregationi
1840 5422 2151 5491 praepositis

557 5509 727 5562 etiam
779 5510 991 5566 sublata
1037 5519 1141 5577 est,
1191 5527 1354 5581 quam
1403 5514 1563 5567 nemo
1600 5513 1674 5566 ita
1703 5527 1895 5569 vecors
1922 5515 2050 5579 erit,
2085 5524 2147 5569 ut

561 5600 765 5654 sentiat
808 5602 1010 5658 idcirco
1055 5604 1287 5659 deletam
1337 5605 1523 5670 fuisse,
1571 5606 1715 5676 quod
1764 5604 1899 5661 falsa
1957 5608 2050 5671 sit,
2089 5618 2149 5663 ut

562 5692 858 5759 prudenter
895 5705 1020 5751 ante
1047 5712 1145 5752 nos
1186 5698 1395 5753 monuit
1427 5696 1661 5754 Joannes
1686 5698 1930 5754 Columbi
1960 5699 2148 5756 Socie-

566 5782 695 5839 tatis
716 5780 870 5854 Jesu,
901 5804 922 5842 ι
964 5787 1020 5843 in
1058 5802 1155 5844 sua
1187 5791 1416 5858 scilicet,
1455 5791 1508 5848 in
1542 5806 1647 5862 qua
1682 5800 1957 5861 pneterea
1994 5808 2145 5848 num.

1314 352 1375 413 S.
1417 352 1769 413 BRUNONIS
1805 340 2451 411 CARTHUSIANORUM
2493 342 2983 405 INSTITUTORIS

3644 349 3729 407 lli

2132 472 2174 531 Α
2205 464 2273 519 91
2300 474 2353 520 et
2380 479 2496 535 seq.
2524 460 2799 523 nonnulla,
2832 473 2953 529 qua:
2980 456 3159 511 verbis
3194 454 3308 526 jam
3339 458 3567 513 recitatis
3591 461 3742 514 Anna—

2208 555 2335 611 lium
2351 553 2816 612 Carthusiensium
2843 550 2967 604 libri
2984 548 3163 619 quarti
3193 557 3382 603 auctor
3398 564 3686 621 anonymus,
3701 552 3742 606 in

2209 650 2444 704 medium
2475 646 2713 709 adducit,
2739 646 2805 699 de
2834 642 3323 698 Carthusianorum
3348 641 3511 697 initiis
3533 643 3746 696 disserta-

2213 743 2359 797 tione
2404 756 2552 794 num.
2587 740 2621 795 8
2646 739 2726 792 sic
2765 738 3009 791 scribens
3052 753 3065 788 :
3113 753 3132 785 ι
3173 733 3307 788 ltem
3341 734 3579 805 (Ilontani
3607 750 3748 789 sacrm

2212 832 2411 887 rituum
2444 828 2913 902 Congregationis)
2944 841 3202 882 censores
3232 826 3556 881 sustulerunt
3592 842 3618 881 e
3640 825 3745 880 Bre-

2208 924 2384 979 viario
2444 921 2853 977 celeberrimam
2898 918 3042 973 illam
3104 918 3353 988 corporis
3406 927 3457 973 et
3510 918 3750 987 sanguinis

2211 1016 2412 1071 Christi
2446 1018 2497 1070 in
2525 1013 2865 1068 Eucharistia
2900 1010 3321 1082 professionem,
3359 1026 3389 1063 a
3415 1010 3647 1064 Brunone
3686 1009 3750 1061 la-

2212 1116 2353 1161 etam
2388 1106 2489 1161 sub
2518 1114 2772 1170 mortem,
2806 1119 2967 1173 quam
3016 1119 3175 1159 nemo
3224 1104 3297 1156 ita
3343 1117 3528 1157 vecors
3569 1102 3676 1167 erit,
3704 1111 3750 1155 ut

2214 1200 2413 1254 sentiat
2448 1198 2653 1254 idcirco
2696 1196 2993 1261 delevisse,
3026 1196 3171 1266 quod
3210 1195 3343 1250 lalsa
3379 1195 3477 1262 sit;
3512 1195 3594 1264 qui
3632 1194 3751 1247 enim

2214 1290 2389 1347 Turre
2425 1290 2479 1346 in
2508 1289 2757 1346 Calabria
2803 1288 3051 1342 morienti
3102 1289 3417 1353 astiterant,
3461 1287 3753 1356 scripserunt

2214 1383 2283 1438 ad
2328 1382 2505 1439 socios
2550 1382 2604 1438 in
2626 1380 2915 1437 CarthusSa
2944 1390 3368 1445 commorantes,
3411 1388 3466 1433 et
3503 1379 3625 1433 alios
3662 1383 3754 1430 ιιιιο

2214 1474 2347 1529 orbe
2388 1474 2685 1529 monachos
2730 1472 3055 1528 moriturum
3097 1473 3151 1527 in
3201 1472 3319 1527 hac
3348 1471 3506 1527 verba
3549 1469 3753 1524 locutum

2218 1581 2374 1624 esse:
2403 1566 2615 1621 cCredo
2645 1580 2838 1636 panem
2868 1573 2923 1619 et
2955 1564 3164 1629 vinum,
3185 1579 3308 1634 quae
3327 1570 3687 1618 consecrantur
3710 1559 3754 1611 in

2221 1676 2240 1711 ι
2261 1658 2442 1724 altari,
2481 1674 2601 1714 esse
2625 1657 3227 1727 postconsecrationem
3258 1671 3444 1710 verum
3475 1667 3653 1722 corpus
3675 1650 3754 1704 Do-

2221 1768 2240 1804 ι
2260 1752 2389 1806 mini
2420 1750 2592 1806 nostri
2620 1748 2748 1805 Jesu
2775 1749 2974 1804 Christi
3013 1758 3064 1803 et
3088 1764 3282 1813 verum
3311 1747 3631 1819 sanguinein.
3658 1762 3674 1794 ι

2287 1843 2408 1898 195.
2453 1842 2576 1898 llaec
2617 1842 2951 1906 Columbius,
2980 1850 3035 1896 et
3063 1849 3187 1910 post
3231 1841 3377 1895 hunc
3406 1837 3755 1894 Carthasianus

2213 1950 2518 2006 annnymus
2565 1934 2813 2005 proxime
2860 1933 3139 1998 laudatus;
3175 1948 3206 1988 e
3236 1933 3431 2003 quibus
3471 1945 3609 1990 sane,
3636 1927 3756 1980 aliis-

2214 2042 2319 2096 que
2355 2042 2383 2080 a
2415 2026 2701 2096 posteriori
2734 2025 2837 2081 hoc
2864 2025 3067 2094 scripto
3098 2040 3263 2095 supra
3296 2023 3555 2083 adductis,
3584 2020 3755 2073 luctuo-

2216 2132 2329 2171 sam
2379 2116 2615 2172 doctoris
2651 2116 2888 2170 damnati
2926 2116 3237 2181 historiam,
3285 2115 3427 2186 quod
3469 2112 3595 2166 falsa
3632 2119 3756 2179 puta-

2216 2218 2389 2274 retur,
2416 2224 2445 2262 c
2468 2208 2744 2263 Breviario
2776 2208 3020 2263 Romano
3043 2224 3148 2263 non
3180 2208 3347 2264 fuisse
3373 2205 3561 2261 saaculo
3578 2212 3759 2274 praeter.

2217 2302 2291 2356 ito
2328 2309 2682 2370 expunctam,
2724 2300 3080 2355 indubitatum
3117 2310 3366 2372 apparet.
3425 2299 3627 2353 Verum.
3674 2293 3756 2346 etsi

2218 2392 2268 2447 id
2298 2394 2370 2446 ita
2401 2393 2495 2459 sit,
2524 2393 2731 2461 reliqua
2768 2402 2945 2447 tamen
2976 2380 3183 2459 omnia,
3214 2408 3336 2463 quae
3358 2392 3531 2446 verbis
3558 2385 3759 2441 recitatis

2217 2474 2360 2539 idem
2402 2484 2796 2540 Carthusianus
2820 2500 3126 2556 anonymus
3183 2486 3380 2546 tradit,
3428 2478 3629 2535 veritati
3671 2486 3756 2530 tam

2218 2586 2368 2632 certo
2420 2592 2527 2632 non
2576 2586 2900 2632 consonant.
2943 2578 3021 2631 Ae
3059 2579 3239 2647 primo
3287 2577 3518 2646 quidem,
3549 2571 3674 2640 quod
3706 2568 3759 2620 ait

2218 2668 2534 2738 scriptores,
2576 2668 2884 2725 Parisiense
2923 2670 3164 2725 doctoris
3218 2670 3285 2724 ad
3334 2680 3537 2737 tempus
3572 2658 3759 2717 τρώιίνί

2219 2760 2524 2831 prodigium
2574 2760 2629 2814 in
2673 2761 2896 2817 dubium
2947 2775 3210 2817 revocare
3258 2761 3491 2831 primum
3530 2765 3760 2825 agressos,

2222 2851 2479 2921 pertinet,
2534 2866 2821 2922 perperam
2867 2852 3234 2908 verosimilius
3285 2854 3383 2907 hos
3430 2852 3563 2904 inter
3588 2846 3761 2899 [leuato

2227 2942 2529 2999 Benedicto
2576 2944 2754 2999 locum
2804 2944 3078 3015 primum,
3126 2945 3376 3000 Massono
3425 2942 3663 2995 duntaxat
3701 2945 3764 2984 se

2222 3036 2458 3090 cundum
2486 3037 2757 3091 concedit.
2789 3037 2900 3092 Etsi
2936 3038 3080 3092 enim
3109 3036 3397 3093 Massonus
3428 3047 3563 3087 anno
3583 3030 3761 3083 denum

2146 3152 2191 3214 ρ
2226 3126 2356 3182 1611
2412 3122 2576 3182 vitam
2634 3145 2755 3183 cum
2812 3138 2986 3183 morte
3042 3130 3415 3193 eommutarit,
3464 3130 3764 3180 suosman

2225 3219 2560 3275 Francorum
2590 3220 2858 3285 Annales,
2898 3222 2949 3275 in
2978 3221 3177 3289 quibus
3225 3223 3465 3276 animum
3514 3218 3592 3270 illa
3618 3213 3675 3265 de
3719 3220 3765 3261 re

2227 3311 2444 3365 dubium
2478 3311 2792 3374 declaravit,
2822 3327 2963 3365 anno
2988 3312 3123 3366 1578
3156 3314 3207 3366 in
3234 3313 3413 3367 lucem
3446 3307 3577 3379 typis
3599 3298 3763 3361 emisit.

2227 3417 2459 3471 etnnque
2490 3404 2736 3457 [leuatus
2760 3404 3083 3458 Benedictus
3113 3405 3217 3458 arti
3268 3405 3467 3459 critica:
3491 3410 3662 3469 parum
3688 3390 3765 3443 cle-

2226 3492 2390 3558 derit,
2441 3495 2805 3549 verosiniilius
2853 3504 3097 3565 apparet,
3151 3510 3182 3549 e
3232 3493 3492 3564 legend-ai,
3524 3477 3766 3543 ntnn.186

2228 3585 2489 3651 laudatae,
2518 3586 2867 3651 editionibus,
2913 3603 3020 3643 non
3067 3587 3277 3657 priori,
3318 3602 3436 3656 qua.
3467 3595 3598 3636 anno
3636 3571 3766 3634 15η,

2229 3679 2461 3747 ipsemet
2503 3687 2729 3732 curante
2758 3678 2988 3742 Renato,
3040 3679 3263 3748 prodiit,
3305 3679 3398 3734 sed
3429 3664 3768 3747 posterioribus

2230 3771 2529 3833 duntaxat,
2580 3770 2706 3824 anni
2755 3785 2949 3839 nempe
2978 3770 3136 3833 1583,
3167 3772 3380 3841 solique
3414 3778 3573 3838 penes
3598 3774 3671 3814 me
3696 3768 3769 3808 ex-

2231 3862 2401 3917 stanti
2422 3862 2549 3916 anni
2576 3860 2739 3927 l595,
2763 3878 2899 3931 quas
2931 3862 3019 3917 alii
3053 3878 3343 3929 curavere,
3370 3859 3619 3916 notulam,
3644 3859 3766 3903 num.

2234 3954 2335 4009 l86
2363 3966 2735 4018 memoratam,
2768 3956 2824 4008 in
2850 3956 3093 4024 margine
3116 3954 3285 4010 fuisse
3308 3954 3580 4023 adjectam.
3603 3943 3716 3998 Defn
3734 3937 3770 3988 ια

2232 4060 2389 4111 vero,
2414 4061 2537 4101 cum
2574 4065 2591 4097 ε
2628 4046 2695 4102 de
2737 4045 3062 4103 lectionibus
3104 4046 3162 4102 S.
3189 4046 3454 4102 Brunonis
3484 4037 3623 4101 illud,
3651 4028 3768 4097 (διιοίί

2234 4138 2609 4193 conversionis
2659 4138 2775 4208 ejus
2820 4154 3043 4194 causam
3104 4138 3275 4196 fuisse
3330 4137 3557 4210 ponitur.
3594 4149 3611 4182 ι
3655 4134 3771 4179 anno

2236 4229 2397 4293 16⁸51,
2444 4228 2522 4284 uti
2558 4244 2590 4284 c
2617 4229 2813 4294 verbis,
2868 4247 3016 4285 num.
3047 4231 3141 4286 191
3194 4232 3360 4296 datis,
3412 4221 3715 4293 intelligitur.
3747 4229 3770 4263 σε

2234 4322 2515 4377 Breviario
2543 4321 2789 4377 Romano
2823 4342 2841 4373 ‹
2881 4323 3044 4378 fuerit
3073 4334 3334 4387 amotum,
3371 4343 3390 4375 ι
3428 4335 3525 4375 non
3556 4312 3674 4370 satis
3703 4319 3771 4359 (ταί

2237 4416 2347 4487 pio,
2381 4414 2471 4483 qui
2504 4414 2624 4478 iter.
2653 4416 2796 4485 quod
2822 4416 3118 4480 Launoius,
3152 4425 3212 4470 ut
3249 4417 3455 4487 idpsum
3482 4426 3509 4463 a
3536 4395 3771 4487 Bi'eviario

2166 4491 2649 4577 I)eitpungendum
2700 4519 2938 4573 curaret,
2994 4508 3223 4563 Romam
3276 4484 3541 4574 suscepit,
3600 4484 3771 4551 differai

2234 4601 2421 4663 etiam,
2472 4608 2532 4654 ut
2582 4600 2760 4655 verbis
2798 4615 2949 4655 num.
3010 4601 3112 4655 189
3154 4601 3396 4655 recitatis
3439 4596 3511 4655 fit.
3558 4585 3703 4659 possit
3731 4577 3771 4629 in

2240 4702 2471 4761 ιοιιψιιε,
2512 4707 2618 4759 (Illo
2666 4692 2715 4747 is
2737 4693 2976 4746 damnati
3023 4694 3262 4747 doctoris
3290 4684 3593 4745 l‘arisicnsis
3634 4675 3772 4731 illaill‘

2240 4784 2400 4847 riam,
2429 4784 2589 4837 veluti
2632 4785 3061 4838 eommentitiam
3093 4800 3158 4839 ac
3185 4784 3380 4838 anilem
3431 4775 3647 4831 fabulam
3683 4763 3785 4829 jam.

2240 4877 2557 4930 traduxerat
2591 4877 2728 4930 thesi
2769 4878 2982 4945 publice
3012 4878 3307 4947 preposita,
3342 4872 3483 4945 quod
3520 4875 3648 4920 anno
3684 4853 3773 4907 cir-

2240 4967 2377 5023 riter
2411 4967 2550 5022 1655
2599 4967 2839 5032 factum,
2892 4969 3118 5039 ipsemet
3166 4970 3341 5023 innuit
3389 4968 3439 5021 in
3484 4953 3770 5039 perﬁdiane.

2242 5076 2403 5133 quam
2444 5077 2556 5115 sua:
2586 5061 2652 5116 de
2682 5077 2811 5116 vera
2855 5077 3021 5117 causa
3060 5077 3309 5117 secessus
3359 5061 3415 5115 S.
3445 5043 3691 5110 Brunonis
3731 5036 3772 5133 ilt

2243 5166 2484 5206 eremum
2512 5169 2654 5209 anno
2674 5154 2809 5209 1616
2837 5156 2976 5225 typis
3006 5155 3242 5225 primum
3288 5154 3425 5207 datae
3458 5126 3773 5226 dissertatioui

2242 5244 2525 5313 praemisit.
2566 5244 2770 5299 Adluec
2798 5247 2899 5299 etsi
2932 5246 3230 5315 Gregorius
3258 5244 3373 5309 XV,
3399 5254 3515 5297 cum
3556 5241 3691 5289 sacra
3720 5235 3775 5317 rt-

2248 5343 2396 5388 tumn
2435 5333 2796 5406 Congregatio
2850 5335 2908 5391 S.
2954 5336 3224 5393 Brunonis
3281 5335 3534 5394 ollicium,
3581 5320 3775 5379 doctoris

2249 5426 2570 5483 Parisiensis
2623 5430 2919 5485 anastasim
2963 5430 3353 5500 complectens,
3394 5436 3531 5482 anno
3557 5410 3774 5500 mea“?

2248 5520 2554 5588 probasset,
2585 5536 2729 5577 anno
2756 5525 3027 5593 sequenti,
3058 5532 3118 5577 ut
3145 5524 3211 5577 de
3240 5537 3305 5578 eo
3330 5518 3549 5577 olIicium
3582 5498 3776 5562 εειηίάιν

2249 5612 2372 5682 ple:
2400 5614 2467 5669 ab
2495 5617 2748 5673 omnibus
2790 5618 2988 5687 ubique
3016 5617 3263 5673 ﬁdelibus
3303 5609 3511 5672 recitari
3547 5602 3692 5659 libere

2253 5704 2398 5759 licite
2438 5709 2624 5774 possit,
2677 5709 2802 5763 data
2855 5710 2994 5765 bulla
3042 5712 3373 5766 concesserit
3419 5719 3478 5760 ac
3519 5685 3773 5753 indulscn'lo

2254 5796 2386 5853 illud
2410 5809 2587 5856 tamen
2611 5803 2842 5859 ollirinnt
2862 5803 3135 5859 Breviario
3151 5804 3391 5859 Romani)
3417 5792 3585 5854 inseri.
3606 5780 3774 5845 mimus

2142 1809 2188 1870 Β
