3862 6310
153 389 232 445 115

1631 388 1827 443 ACTA.

3270 392 3375 464 ttt

143 504 331 573 jussisse
368 500 583 555 videtur
613 498 863 558 Uihauus
893 500 1024 565 Vill,
1058 501 1135 556 uti
1166 516 1231 557 ex
1260 510 1493 556 tractatu
1523 517 1552 556 a
1583 502 1682 557 Pa-
1714 509 1756 563 Α
1789 514 2129 573 argumenta,
2173 518 2278 561 non
2317 507 2588 565 immerito
2626 520 2855 578 asserat,
2885 512 3011 569 talia
3056 523 3235 573 tamen
3288 520 3371 576 lue

144 599 282 651 tritius
312 594 679 649 Carthusianis
709 590 985 663 hujatibus
1026 611 1239 650 mecum
1280 596 1678 652 communicato

142 688 363 757 intelligo.

192 784 291 837 193.
317 780 425 834 Alia
454 780 683 834 minoris
713 781 996 844 momenti,
1025 797 1143 850 quze
1174 781 1225 835 in
1257 796 1417 852 supra
1452 784 1676 838 recitata

136 874 429 929 Cuthusiaui
458 874 712 944 anonymi
740 874 901 927 verba
925 873 1200 926 observari
1230 873 1406 927 adhuc
1433 884 1673 943 possent,

133 968 284 1025 omitto
313 975 361 1022 et
390 967 712 1037 progredior
744 966 903 1019 modo
932 966 999 1019 ad
1030 966 1323 1034 scriptores
1354 970 1671 1038 praecipuos,

134 1062 213 1129 iam
246 1061 548 1114 memoratis
582 1060 977 1130 adjungendos.
1018 1067 1125 1112 tam
1175 1058 1266 1129 qui
1306 1058 1546 1115 doctoris
1574 1059 1674 1113 Pa-

136 1151 352 1211 flleﬂSlS.
385 1166 506 1220 quae
537 1150 798 1206 Sanctum
831 1160 1075 1219 nostrum
1119 1151 1171 1204 in
1205 1149 1506 1206 Carthusia:
1548 1166 1672 1205 ere-

134 1258 244 1296 mutu
273 1245 551 1311 pepulerit,
602 1245 898 1299 anastasim
937 1242 1334 1314 improbaruut,
1366 1259 1529 1313 quant
1578 1246 1671 1314 qui

132 1346 278 1390 mntra
308 1336 466 1390 tutari
501 1336 773 1399 eamdem,
805 1345 865 1391 ut
897 1351 1101 1399 veram,
1148 1348 1339 1392 contra
1369 1337 1666 1393 Launoium

128 1440 221 1483 sunt
259 1430 448 1483 conati.
510 1430 589 1483 Ac
616 1429 790 1497 primo
824 1430 1062 1499 quidem,
1104 1446 1226 1484 cum
1273 1431 1371 1485 hos
1408 1431 1670 1485 intersint

129 1521 350 1585 nonnulli,
398 1522 492 1590 qui
543 1522 713 1585 mihi,
774 1531 958 1590 utpote
1013 1522 1278 1577 hactenus
1330 1524 1546 1582 itiediti.
1602 1521 1668 1577 ad

129 1630 301 1668 manum
329 1630 429 1668 non
470 1615 615 1678 sint,
651 1623 707 1669 et
746 1623 926 1670 tamen
964 1615 1032 1670 ab
1069 1631 1340 1688 anonymo
1377 1618 1663 1672 Annalium

127 1706 540 1761 Carthusiensium
589 1706 715 1761 libri
763 1707 940 1776 quarti
997 1704 1245 1763 auctore’
1268 1719 1663 1774 memorentur,

129 1798 211 1865 ipsa
237 1799 304 1851 vel
333 1800 535 1853 idcirco
564 1800 852 1869 scriptoris
876 1800 1034 1871 hujus
1060 1801 1248 1867 verba,
1278 1802 1382 1858 huc
1414 1812 1665 1873 spectan-

128 1892 193 1948 t'a,
221 1891 527 1945 transcribo.
560 1890 655 1945 Sic
688 1893 915 1946 habent:
956 1893 1131 1965 «Inter
1159 1910 1305 1956 eos,»
1334 1897 1421 1965 qui
1450 1896 1660 1951 fabulo-

127 1997 211 2033 s.utt
235 1998 326 2036 non
353 1999 472 2038 esse
504 1985 750 2038 doctoris
781 1985 1124 2049 Parisieusis,
1175 2004 1296 2043 sese
1345 1988 1661 2044 daumatum

125 2072 328 2127 etrretro
352 2075 660 2140 vociferati,
698 2078 1001 2140 historiam,
1038 2081 1267 2149 probare
1299 2091 1424 2137 sunt
1456 2085 1660 2151 conati,

132 2167 335 2233 «primas
378 2168 540 2222 facile
580 2181 884 2226 mereretur
910 2172 1238 2230 Franciscus
1259 2174 1658 2245 Ganneronius,

127 2259 367 2314 monachus
421 2260 754 2317 Montis-Dei
798 2265 1218 2330 eruditissimus,
1262 2270 1307 2322 si
1338 2284 1472 2338 opus
1503 2286 1659 2326 suum

129 2348 330 2405 ineztitum
375 2354 645 2410 hactenus
691 2355 833 2410 inter
873 2359 1116 2428 privntos
1162 2363 1400 2430 parietes
1445 2380 1551 2418 non
1584 2363 1657 2420 la-

127 2441 288 2497 tuisset.
337 2443 451 2505 llic.
501 2447 597 2502 ubi
644 2449 871 2515 audivit,
902 2451 1203 2508 Launoiunt
1252 2457 1461 2526 publica
1519 2459 1657 2515 thesi

126 2538 340 2603 proposita
371 2540 549 2595 nisum
590 2541 757 2597 fuisse
788 2544 1020 2614 probare
1041 2588 1053 2611 ,
1085 2550 1267 2604 omnia
1293 2567 1416 2607 esse
1446 2555 1654 2622 tictitia,

128 2639 216 2693 qna-
240 2628 295 2682 de
319 2631 535 2688 homine
576 2633 837 2690 damnato
864 2637 1129 2696 hactenus
1165 2644 1381 2714 vulgata
1416 2645 1654 2709 fuerant.

127 2731 291 2789 amplo
330 2728 537 2779 calamo
588 2735 879 2784 tractatum
938 2733 1073 2788 satis
1127 2737 1363 2807 amplum
1415 2741 1653 2810 seripsit,

125 2824 259 2877 quem,
291 2814 591 2872 «Vindirite
620 2836 881 2891 geneseos
907 2823 1376 2883 Carthusiensiom
1409 2851 1424 2883 ι
1458 2833 1653 2891 inscri-

128 2910 254 2967 ptum,
279 2906 416 2961 misit
448 2910 500 2963 in
528 2909 888 2970 Carthusiam
921 2932 1063 2973 anno
1092 2920 1248 2975 1640.
1283 2922 1495 2994 Aliquot
1533 2938 1655 2996 post

124 2994 236 3047 anuis
257 2996 487 3056 Andreas
525 3001 865 3074 Saussaaius,
906 3012 1053 3066 elito
1083 3013 1462 3088 Martyrologio
1489 2994 1654 3077 Galli-

125 3096 231 3138 onum
266 3090 492 3149 ecclesia:
553 3097 790 3166 primum
841 3103 1095 3171 celebris,
1144 3123 1363 3163 causam
1410 3122 1648 3169 nostram

126 3182 293 3242 tutatus,
316 3182 649 3250 ohjectiones
674 3192 1110 3252 adversariorum
1136 3202 1422 3258 nonnullas
1446 3204 1648 3262 diserte
1676 3194 1721 3256 C

126 3266 219 3327 Cliti:
244 3278 422 3347 scripta
452 3282 547 3336 illa
581 3282 896 3340 doctissima
922 3289 988 3341 ad
1018 3288 1326 3347 Bertoldum
1359 3293 1643 3352 Nihusium

124 3366 324 3435 epistola,
373 3390 537 3444 quam
598 3378 712 3449 ipse
760 3378 1018 3437 Nihusius
1068 3386 1305 3443 Colonia:
1339 3389 1645 3460 Agrippinae

125 3469 225 3553 anno
266 3463 387 3522 1615
440 3470 588 3541 typis
638 3472 784 3526 dedit
830 3475 931 3530 sub
979 3476 1335 3548 inscriptione
1391 3484 1645 3553 Epistohe

127 3542 417 3612 llilascalicae.
473 3579 490 3610 ι
530 3559 589 3613 ln
633 3576 694 3616 ea
742 3577 821 3625 se,
880 3565 1009 3621 licet
1056 3582 1347 3640 suppresso
1401 3576 1640 3645 nomine,

130 3638 495 3716 Iitnpngnatum
571 3654 813 3711 sentiens
878 3658 1149 3718 Launoius
1202 3665 1641 3726 dissertatiouem

129 3737 298 3820 tedidit
342 3758 478 3800 anno
508 3746 653 3801 1646
689 3767 707 3800 ι
768 3749 843 3805 De
888 3768 1015 3809 vera
1070 3771 1234 3812 causa
1292 3775 1542 3817 secessus
1578 3762 1643 3820 S.‘

125 3815 325 3923 Eumenis
381 3833 432 3888 in
498 3851 774 3895 eremum.
840 3842 1085 3904 Launoio
1150 3851 1334 3906 statim
1401 3856 1641 3923 reposuit

125 3906 381 3983 Theophilus
432 3926 767 3999 Raynaudus
796 3932 920 3990 Soc.
949 3935 1103 4004 Jesu,
1147 3942 1248 3997 sub
1294 3906 1641 4004 nomine

126 4008 248 4062 notati
272 4010 511 4074 Leotardi
570 4021 833 4094 inscripto
877 4026 1079 4095 libello,
1143 4050 1163 4084 ι
1203 4031 1459 4093 Hercules
1481 4038 1641 4094 Com-

129 4102 411 4161 tmoitianus.
444 4129 462 4161 ι
516 4110 675 4167 Haud
705 4115 794 4170 diu
825 4129 947 4188 post
989 4123 1349 4195 archangelus
1377 4126 1637 4187 Moucho-

126 4200 208 4253 mn,
256 4198 515 4263 professus
548 4204 848 4264 Carthusia:
879 4211 1162 4270 Tolosanae
1189 4256 1204 4278 ,
1250 4219 1452 4287 grande
1482 4222 1630 4278 volu-

126 4290 208 4378 men
248 4295 502 4362 exaravit,
555 4296 624 4354 R.
668 4298 732 4355 P.
781 4300 1020 4374 Pegonio
1067 4308 1288 4378 majoris
1335 4310 1638 4371 Carzhttsite

124 4371 240 4468 Priori
264 4380 503 4451 dicatum,
529 4390 616 4444 cui
645 4391 789 4448 hunc
822 4371 1035 4451 titulum
1067 4371 1298 4468 praefixit
1324 4419 1335 4454 τ
1366 4424 1383 4455 ι
1406 4404 1637 4463 Carthu-

130 4464 321 4526 tsianus
359 4475 670 4546 Alitiphilus
721 4464 1161 4560 [Alethophilus],
1212 4506 1309 4559 pro
1357 4494 1502 4549 avita
1543 4497 1635 4552 de-

127 4564 140 4596 ι
169 4567 342 4656 certans
370 4570 661 4626 traditione
690 4574 758 4629 de
793 4577 1131 4635 institutione
1156 4583 1368 4640 ordinis
1399 4585 1633 4642 Carthu-

128 4655 142 4688 ί
171 4652 341 4707 siensis.
384 4676 400 4707 ι

1699 1847 1738 1905 Β

1662 4539 1711 4600 ῐ)

171 4733 261 4793 195.
299 4762 315 4795 ‹
351 4746 400 4800 lu
437 4750 542 4807 hoc
576 4753 825 4811 volumen
854 4775 957 4816 non
991 4762 1163 4817 solum
1196 4767 1432 4826 rationes
1460 4779 1515 4825 et
1544 4786 1635 4825 ar-

124 4835 309 4889 illmenta
348 4844 688 4908 praefatorum
729 4861 1037 4917 auctorum,
1082 4857 1176 4911 sed
1214 4869 1270 4914 et
1303 4875 1490 4917 eorum
1518 4873 1632 4919 tra-

124 4923 251 4977 ctatus
289 4927 535 5003 integros,
589 4940 657 4993 de
700 4943 863 4999 verbo
916 4948 982 5000 ad
1028 4952 1249 5005 verbum
1306 4957 1626 5026 exscriptos,

124 5013 348 5083 emigessit,
376 5027 554 5082 niultis
587 5032 934 5091 nihilominus
961 5040 1161 5095 additis
1191 5059 1255 5097 ex
1289 5046 1502 5116 ingenio
1531 5066 1630 5107 suo

121 5105 338 5218 exquisitis
382 5123 697 5182 rationibus.
749 5129 904 5188 Latet
961 5136 1260 5195 etiamnum
1316 5143 1416 5200 hoc
1465 5162 1627 5218 opus,

202 5197 210 5206 ι
1252 5194 1257 5195 ⁷
1318 5194 1415 5200 ’⁷⁷⁷⁷
1471 5194 1623 5218 “”1’“”¹Ἰ

126 5194 372 5300 iubis-fere
410 5214 537 5271 solis
589 5228 798 5277 notum.
850 5225 1090 5300 Denique
1118 5229 1357 5291 Joannes
1378 5235 1623 5297 Columbi

905 5278 1088 5300 --ητη
1119 5278 1357 5291 -,_........

127 5278 212 5342 δοῦ.
234 5292 336 5396 lesu
370 5308 690 5365 novissimus
723 5318 967 5395 omnium
998 5324 1201 5379 athleta
1242 5333 1499 5396 surrexit,
1530 5335 1621 5404 qui

127 5386 669 5485 ltfen‘lidissertatione,
687 5405 762 5463 De
782 5394 1265 5474 Carthusianorum
1291 5421 1456 5481 initiis
1480 5430 1624 5485 edita

125 5475 347 5587 Tllflltitis
375 5503 497 5545 nova
529 5496 813 5573 validaque
829 5518 1143 5576 argumenta
1178 5513 1622 5587 certissimasque

128 5565 398 5667 factoritates
417 5585 682 5657 prioribus
704 5565 1013 5665 superiacit.
1045 5620 1065 5653 ι
1099 5601 1202 5657 Ista
1227 5565 1622 5667 Carthusiatius

128 5657 373 5769 it'nmtlyrnus,
401 5676 483 5739 qui
516 5679 642 5741 etsi,
677 5696 707 5732 ει
734 5682 1015 5743 Columhio
1041 5706 1179 5746 nova
1213 5695 1495 5766 validaque
1524 5715 1621 5769 pro

130 5751 298 5806 ίθνὶυτὶε
337 5762 544 5819 redivivi
596 5767 820 5827 historia
865 5776 1128 5837 tirmaoda
1168 5784 1399 5840 adducta
1454 5788 1619 5846 fuisse

1790 604 1895 644 non
1931 591 2101 657 fuere,
2134 607 2187 649 ut
2220 598 2288 650 ab
2314 599 2565 654 omnibus
2602 614 2880 656 assensum
2916 606 3264 661 extorserint.
3292 610 3370 667 Ac

1786 684 2036 754 inprimis
2087 689 2303 757 quidem
2336 691 2677 751 Mahillonius
2715 698 2767 751 in
2807 699 3062 768 operibus
3097 703 3209 758 suis
3251 704 3368 761 loco

1783 790 1887 830 non
1918 793 2022 832 uno
2054 778 2336 836 historiam
2375 784 2543 849 illam,
2577 789 2619 842 si
2655 804 2759 843 non
2788 806 2885 859 pro
2917 804 3223 850 commento
3267 812 3366 856 seu

1780 865 1997 935 fabula,
2049 885 2148 939 pro
2201 877 2515 932 narratione
2562 881 2810 950 equidem
2862 884 3024 939 habet
3073 886 3377 944 admodum

1779 955 1985 1011 incerta
2037 974 2102 1014 ac
2147 962 2331 1016 dubia.
2384 964 2495 1022 Nec
2542 968 2590 1023 ei
2638 971 2812 1041 magis
2857 972 3061 1037 favent,
3114 976 3205 1046 qui
3242 989 3365 1049 post

1778 1049 2140 1107 Mabillonium
2189 1057 2472 1123 scripsere.
2506 1060 2754 1117 Historiae
2802 1063 3079 1121 lilteraria:
3116 1067 3361 1123 Francia:

1774 1149 2046 1209 auctores,
2079 1144 2277 1213 aliique
2317 1149 2538 1210 eruditi.
2568 1154 2658 1220 qui
2689 1155 2850 1211 editis
2890 1158 2940 1211 iu
2984 1158 3153 1213 lucem
3184 1160 3363 1232 operi-

1773 1230 1874 1286 bus
1909 1246 2061 1286 suatn
2104 1236 2170 1289 (le
2211 1240 2519 1309 prodigiose
2563 1242 2652 1298 illo
2687 1256 2882 1301 eventu
2924 1230 3233 1320 opinionem
3276 1251 3359 1305 vel

1771 1325 1949 1381 obiter
1991 1328 2273 1391 duntaxat,
2315 1322 2501 1387 vet‘ex
2550 1324 2797 1392 instituto
2831 1344 3228 1408 quodammodo
3267 1344 3362 1398 de-

1771 1421 2068 1474 clararunt.
2135 1420 2284 1477 Licet
2349 1435 2529 1479 autem
2584 1426 2986 1497 Papehrochius
3042 1435 3093 1489 in
3148 1435 3358 1490 Conatu

1771 1508 2312 1566 chronica-historico
2341 1524 2481 1582 part.
2512 1531 2549 1581 ι,
2584 1532 2707 1587 pag.
2732 1517 2822 1584 52,
2853 1537 3001 1575 nutu.
3028 1523 3093 1577 17
3120 1524 3357 1595 scripse-

1770 1602 1859 1664 rit,
1893 1601 2232 1657 Columbium
2258 1620 2353 1671 pro
2402 1606 2707 1677 prodigiosa
2751 1610 2990 1665 doctoris
3029 1613 3355 1670 Parisieusis

1771 1694 2013 1747 anastasi
2046 1712 2065 1745 ι
2107 1703 2275 1749 testes
2310 1696 2509 1752 habere
2540 1700 2607 1754 ab
2638 1715 2779 1755 anno
2812 1703 2968 1768 1591,
3006 1704 3159 1767 1585,
3195 1708 3354 1775 1515,

1771 1784 1878 1837 imo
1918 1784 2053 1840 1298
2092 1795 2147 1840 ct
2177 1786 2347 1854 “50;
2397 1788 2479 1844 sic
2522 1799 2581 1843 ut
2615 1790 2835 1847 ultimus
2878 1794 3050 1849 solum
3091 1797 3253 1851 distet
3285 1799 3355 1853 49

1768 1889 1940 1929 annos
1962 1890 1990 1927 a
2016 1886 2191 1931 morte
2229 1878 2400 1933 sancti
2447 1878 2769 1945 fundatoris,
2797 1881 2941 1937 obita
2970 1901 3110 1939 anno
3133 1886 3291 1951 1101,
3330 1907 3361 1939 ι.

1766 1963 1999 2034 hincque
2025 1965 2093 2021 de
2140 1981 2225 2028 eo.
2275 1980 2333 2021 ut
2360 1971 2425 2025 de
2461 1971 2571 2041 ipsa
2604 1972 2746 2027 dicta
2781 1975 3008 2030 historia
3035 1977 3164 2031 nihil
3193 1980 3353 2034 duhi-

1766 2063 1931 2121 tante,
1948 2055 2310 2129 Janniugusin
2336 2075 2431 2115 sua
2454 2077 2551 2131 pro
2565 2063 2711 2120 Actis
2736 2075 3045 2121 sanctorum
3066 2069 3347 2140 Apologia,

1764 2160 1908 2201 anno
1958 2148 2095 2204 1685
2152 2152 2293 2223 typis
2344 2154 2594 2225 vulgata,
2661 2157 2851 2213 amicae
2902 2162 3352 2229 expostulationis

1766 2254 1917 2293 num.
1941 2241 2013 2295 2-1
2063 2241 2273 2301 locutus
2325 2246 2537 2315 fuisset,
2574 2248 2688 2317 ipse
2738 2259 2916 2305 tamen
2966 2262 3148 2324 postea
3185 2255 3354 2325 Pape-

1762 2330 2019 2389 brochius
2061 2335 2111 2387 in
2150 2336 2263 2392 suis
2300 2338 2366 2393 ad
2402 2340 2793 2397 exhibitionem
2836 2358 3084 2399 errorum
3124 2362 3357 2417 respou-

1760 2421 2027 2489 sionibus,
2076 2441 2218 2480 anno
2265 2428 2402 2484 4697
2452 2431 2648 2497 editis,
2699 2433 3039 2502 articulolb',
3095 2436 3247 2509 §20,
3285 2452 3363 2493 ca~

1759 2516 1970 2584 scribit,
1998 2520 2193 2589 quibus
2221 2538 2358 2589 sese,
2391 2525 2492 2580 etsi
2525 2526 2710 2589 etiam,
2743 2542 2862 2598 quae
2893 2529 3197 2602 Janningus
3225 2533 3363 2587 loco-

1759 2620 1885 2660 mox
1925 2608 2023 2663 cit.
2062 2611 2293 2674 dixerat,
2338 2613 2643 2681 confirmet,
2694 2619 2873 2673 omnis
2916 2619 3064 2675 circa
3109 2621 3361 2679 historia:

1758 2692 1906 2749 illius
1931 2698 2211 2754 veritatem
2238 2701 2474 2770 scrupuli
2500 2712 2776 2774 expertem
2805 2722 2908 2762 non
2937 2723 3077 2777 esse,
3108 2711 3365 2769 indicare.

1759 2786 1996 2843 videtur.

1828 2877 1949 2932 196.
2002 2878 2094 2933 Sic
2136 2881 2282 2935 enim
2342 2882 2539 2939 ibidem
2589 2904 2741 2943 num.
2773 2891 2871 2946 29!
2908 2894 3130 2950 scribit:
3168 2915 3187 2948 ι
3217 2896 3345 2953 Haec

1754 2966 1861 3021 duo
1900 2968 2208 3022 testimonia
2250 2989 2267 3021 ι
2324 2972 2377 3038 (e
2408 2974 2607 3031 tabulis
2657 2977 2989 3038 fundationis
3016 2984 3343 3053 Carthusiae,

1755 3072 1898 3111 anno
1928 3059 2063 3112 1081
2091 3062 2321 3130 signatis
2367 3072 2422 3118 et
2465 3080 2496 3120 e
2543 3060 3044 3139 Crandimontensi,
3078 3077 3167 3145 qui
3200 3092 3342 3132 anno

1755 3150 1893 3206 1115
1920 3161 2177 3207 exaratos
2212 3155 2305 3218 sit,
2337 3157 2526 3213 codice
2564 3175 2593 3214 a
2627 3161 2923 3234 Polycarpo
2954 3166 3019 3221 de
3048 3167 3097 3222 la
3125 3167 3355 3225 Riviere

1751 3241 1999 3312 allegata)
2034 3262 2050 3294 ι
2077 3245 2119 3299 si
2164 3246 2560 3317 subsisterent,
2612 3253 2745 3309 nihil
2782 3256 2969 3323 video,
3020 3260 3149 3331 quid
3195 3261 3339 3316 ultra

1748 3334 1949 3401 requiri
1981 3335 2153 3403 possit
2179 3337 2245 3391 ad
2272 3353 2543 3396 summam
2592 3346 3012 3415 certitulinem;
3044 3350 3141 3406 sed
3170 3352 3339 3407 silem

1749 3424 1879 3477 tium
1911 3424 2179 3493 Columbi,
2231 3429 2453 3499 triginta
2499 3435 2660 3490 annis
2685 3447 2808 3506 post
2840 3436 3155 3511 Launoyum
3201 3445 3313 3499 scri

1752 3514 1931 3570 hentis
1960 3532 2194 3588 eumque
2224 3520 2533 3590 refutantis,
2566 3542 2741 3597 neque
2771 3528 2876 3584 duo
2904 3530 3004 3586 ista
3031 3534 3336 3603 produceno

1746 3603 1834 3666 tis,
1878 3617 2188 3675 suspectam
2230 3610 2362 3664 mihi
2407 3612 2533 3669 facit
2563 3614 2841 3688 l‘olycarpi
2870 3619 3050 3687 tidem,
3080 3631 3136 3679 et
3161 3622 3337 3680 Theo-

1742 3696 1898 3765 phili,
1926 3698 1971 3753 si
1997 3714 2120 3754 eum
2151 3703 2510 3775 transcripsit,
2539 3708 2934 3767 credulitatem.
2962 3713 3147 3785 Igitur,
3173 3716 3337 3774 velim

1743 3787 1936 3854 nolim,
1964 3804 2129 3859 cogor
2154 3790 2472 3865 Launoyum
2503 3797 2792 3868 inspicere,
2820 3811 2875 3858 et
2907 3819 3029 3875 pag.
3058 3805 3161 3861 155
3189 3807 3316 3879 lego

1741 3880 1886 3950 quod
1916 3880 1973 3936 in
2004 3882 2234 3955 allegata
2270 3904 2287 3937 ι
2325 3887 2514 3944 charta
2551 3905 2620 3945 ne
2649 3907 2790 3949 unus
2818 3895 3038 3965 quidem
3076 3914 3213 3971 apex
3247 3913 3331 3958 est

1748 3989 1766 4022 ι
1812 3971 1879 4027 de
1909 3975 2131 4028 doctore
2156 3975 2240 4029 vel
2270 3980 2539 4035 canonico
2561 3981 2877 4050 Parisiensi,
2909 4007 2927 4040 ι
2981 3990 3123 4061 quod
3155 3992 3333 4062 ipsum

1746 4082 1764 4114 ε
1804 4060 2038 4134 ingenue
2075 4066 2355 4137 professus
2377 4079 2458 4126 est
2483 4073 2637 4144 prior
2662 4077 2930 4145 generalis
2960 4060 3272 4152 requisitos.
3308 4105 3326 4137 ι

1740 4153 1805 4207 Ει
1827 4171 1951 4227 pag.
1978 4157 2076 4211 157
2104 4174 2117 4213 :
2156 4160 2239 4213 «In
2264 4160 2737 4220 Graudimontensi
2752 4166 3022 4226 Chronico
3046 4172 3113 4227 ad
3130 4188 3333 4229 annum

1746 4265 1764 4297 ‹
1812 4248 1937 4315 115,
1972 4264 2077 4319 quo
2109 4252 2303 4323 pagina
2333 4254 2583 4321 vacabat,
2624 4257 2842 4317 diverso
2881 4263 3198 4321 charactere
3246 4283 3331 4320 rc-

1743 4357 1761 4390 ‹
1808 4340 2058 4410 centique
2103 4358 2289 4409 manu,
2342 4345 2395 4399 in
2443 4346 2560 4402 loco
2606 4364 2712 4403 non
2765 4365 2884 4415 suo,
2914 4353 3174 4422 scriptum
3223 4368 3331 4421 est,

1742 4445 1761 4477 ί
1807 4431 1951 4498 quod
2000 4432 2289 4502 sequitur:
2340 4434 2563 4492 Parisiis
2630 4438 2889 4494 horribile
2957 4446 3331 4511 spectaculum

1746 4537 1764 4570 ε
1806 4521 2054 4591 contigit,
2082 4532 2218 4591 elc.,
2243 4537 2403 4594 prout
2431 4527 2660 4582 vidimus
2690 4529 2840 4598 ipsi.»
2881 4530 3006 4588 Ilaec
3033 4534 3142 4590 ille.
3175 4535 3330 4592 Unde

1737 4625 1901 4666 causa
1950 4612 2203 4680 habetur,
2250 4631 2348 4670 cur
2395 4617 2701 4673 testimonia
2740 4619 2889 4677 istam
2930 4630 3325 4697 contempserit

1733 4700 2050 4770 Columbus,
2080 4705 2361 4778 Polycarpi
2392 4708 2586 4763 malam
2616 4710 2774 4766 ﬁdem
2805 4715 2967 4771 tacite
2985 4731 3315 4788 agnoscens;

1733 4800 1789 4846 et
1819 4807 1921 4846 cur
1949 4810 2050 4864 ego
2083 4795 2214 4851 nihil
2243 4798 2311 4851 de
2342 4798 2450 4862 illo,
2500 4799 2631 4854 nihil
2678 4804 2744 4856 de
2777 4802 3073 4876 Theophilo
3118 4811 3320 4877 sciens,

1731 4891 2019 4939 contentus
2049 4886 2243 4941 fuerim
2277 4889 2542 4959 tantisper
2572 4890 2661 4957 iis,
2685 4893 2880 4962 quibus
2911 4898 3080 4954 utitur
3104 4900 3325 4977 Colom-

1731 4974 1867 5041 bus;
1914 4977 2090 5033 donec
2121 4988 2329 5050 tempus
2358 4980 2540 5053 exigat
2573 4998 2639 5039 ex
2670 4986 2915 5056 professo
2952 4974 3320 5051 tractare'ar-

1730 5076 2045 5135 gumentum
2102 5068 2262 5133 istud,
2305 5080 2357 5124 et
2389 5070 2629 5143 Launoyi
2660 5076 2725 5131 ad
2753 5078 3059 5137 testimonia
3110 5083 3325 5155 reliqua

1731 5158 2113 5225 rcSpousiones
2135 5161 2465 5217 examinare.
2482 5162 2701 5220 Interim
2733 5167 2987 5228 fortassis
3010 5172 3121 5240 alii,
3151 5189 3327 5245 quam.

1729 5244 2078 5320 Polycarpus,
2135 5252 2461 5310 sinceriorcs
2512 5257 2683 5313 multo
2738 5262 2892 5331 plura
2948 5274 3112 5336 atque
3168 5244 3315 5323 antii-

1729 5341 1943 5409 quiora,
1972 5344 2182 5413 ipsique
2222 5344 2302 5401 rei
2332 5356 2499 5415 gestae
2529 5348 2791 5409 viciniora
2822 5355 3113 5420 invenient,
3148 5375 3325 5430 quam

1726 5430 1935 5487 invenit
1958 5434 2275 5501 Columbus,
2308 5436 2435 5495 licet
2466 5450 2576 5497 tota
2610 5444 2772 5502 totius
2799 5448 3007 5503 ordinis
3033 5448 3321 5521 diligentia.

1726 5524 1971 5594 adjutus;
2018 5537 2078 5582 ut
2126 5526 2371 5601 Launoyi
2416 5537 2777 5594 contradictio
2829 5539 2990 5607 (sicut
3029 5545 3317 5617 optamus)

1727 5619 1941 5687 penitus
1973 5621 2319 5688 dissolvatur,
2352 5632 2406 5679 et
2439 5641 2501 5681 ex
2535 5631 2776 5686 omnium
2808 5631 3006 5690 animis
3030 5634 3310 5693 aboleatur

1727 5708 1992 5765 dubitatio
2030 5713 2097 5765 de
2126 5714 2358 5769 veritate
2394 5716 2549 5772 istius
2584 5719 2842 5777 historiae.
2881 5741 2900 5775 ι

1800 5801 1913 5859 19Ἱ.
1969 5801 2240 5860 [lactt-nus
2272 5805 2696 5880 Papebrochius,
2738 5815 2828 5882 qui
2875 5831 2997 5872 cum
3045 5833 3167 5875 sese
3212 5819 3307 5887 iis,
