3862 6310
526 352 631 410 115

1344 360 1401 417 S.
1442 362 1794 423 BRUNONIS
1830 365 2225 423 CARTIIUSIA
2242 366 2487 424 NORUM
2526 368 3010 428 INSTITUTORIS
3668 375 3750 435 H6

526 450 727 520 quibus
761 450 1007 508 damnati
1043 453 1283 512 doctoris
1318 456 1601 514 historiam
1636 461 1950 519 Columbius
1989 480 2116 533 pro-
2146 464 2192 519 A
2218 462 2626 521 ciferationibus
2663 466 2906 535 singulos
2942 467 3061 523 dies
3101 466 3423 522 attribuunt.
3469 468 3529 523 Et
3566 485 3681 527 vero
3712 476 3750 528 si

530 539 663 593 hare
703 540 857 596 nisus
887 552 991 607 est,
1031 542 1197 599 fuisse
1245 546 1530 617 tantisper,
1560 551 1731 606 donec
1766 567 1853 608 res
1889 567 1954 607 ex
1984 568 2110 623 pro-

529 630 676 685 fesso
722 633 1148 701 examinaretur,
1193 647 1534 702 contentum,
1574 641 1799 708 scribat,
1845 643 2111 713 pluraque

528 722 704 776 adhuc
751 736 818 778 ac
842 723 1171 795 antiquiora,
1194 743 1357 798 quam
1410 745 1441 784 a
1471 730 1755 789 Columbio
1792 734 1992 790 fuerint
2030 738 2110 790 in-

528 822 716 878 venta,
749 815 1080 882 testimonia,
1106 834 1213 888 quo
1236 820 1477 894 Launoyi
1510 808 1869 880 contradictio
1896 828 2112 896 penitus

528 902 880 969 dissolvatur,
907 916 964 962 et
987 924 1055 963 ex
1079 912 1319 967 omnium
1348 916 1544 971 animis
1568 917 1832 973 dubitatio
1857 919 1925 973 de
1952 920 2110 975 istius

529 993 775 1052 historia:
814 1000 1042 1056 veritate
1078 1003 1379 1071 aboleatur,
1424 1007 1704 1078 alleganda
1741 1019 1945 1078 speret,
1990 1026 2110 1066 sese

527 1087 676 1140 omni
704 1089 848 1146 circa
882 1092 1021 1147 hanc
1049 1097 1299 1166 scrupulo
1326 1107 1604 1168 expertem
1632 1115 1735 1156 non
1766 1100 1953 1166 fuisse,
1978 1103 2110 1159 satis

528 1176 774 1235 indicare
814 1182 1051 1238 videtur.
1091 1184 1203 1241 Nec
1244 1187 1382 1253 scio,
1419 1203 1487 1242 an
1526 1204 1791 1259 propense
1838 1191 1993 1255 adeo,
2046 1206 2111 1246 ac

530 1269 883 1328 nihilominus
913 1276 1064 1340 facit,
1096 1278 1149 1331 in
1176 1280 1486 1348 opinionem
1514 1296 1725 1345 eorum,
1758 1283 1850 1352 qui
1884 1282 2111 1337 horren-

530 1362 659 1418 dum
707 1366 947 1422 doctoris
996 1370 1245 1436 redivivi,
1277 1374 1591 1427 damnatum
1628 1387 1746 1429 sese
1772 1374 2110 1442 proclaman-

531 1452 623 1517 tis,
666 1457 1035 1525 spectaculum
1076 1461 1221 1516 veris
1265 1462 1506 1517 historiis
1556 1474 1868 1530 accensent,
1916 1464 2109 1521 fuisset

528 1545 726 1614 iturus,
757 1550 802 1604 si
828 1567 968 1621 qum,
1000 1569 1120 1609 cum
1150 1556 1262 1610 lucc
1289 1556 1573 1621 scriberet,
1602 1557 1671 1613 ad
1694 1575 1958 1614 summam
1983 1561 2108 1616 huic

530 1634 694 1692 fidem
752 1643 1147 1699 conciliandam
1199 1647 1533 1715 antiquiora,
1584 1662 1746 1717 quam
1795 1650 2027 1704 adducta
2076 1666 2106 1705 a

530 1728 835 1797 Columbio,
866 1736 1171 1790 testimonia
1206 1738 1452 1792 fortaSsis
1499 1739 1818 1794 invenienda
1859 1743 2104 1811 putabat,

529 1819 601 1873 ad
634 1833 876 1879 nostrum
908 1841 1079 1896 usque
1117 1836 1327 1898 tempus
1362 1830 1637 1884 inventum
1670 1846 1773 1885 non
1809 1832 1871 1885 iri
1910 1833 2105 1901 praevi-
2141 1806 2182 1863 Β

529 1912 723 1978 disset,
751 1927 1073 1986 contraque,
1101 1930 1160 1973 ιιι
1188 1922 1347 1976 modo
1375 1921 1599 1987 factum,
1623 1924 1975 1994 detegendum
2005 1927 2111 1981 sci-

530 2006 720 2072 visset,
752 2010 991 2081 quinque
1013 2014 1309 2082 primorum
1333 2015 1634 2072 Carthusire
1660 2019 1901 2087 priorum
1930 2019 2111 2075 Chro-

526 2096 715 2161 nicon,
749 2113 843 2152 seu
893 2120 911 2152 ι
944 2111 1232 2158 tractatum
1268 2103 1343 2158 De
1370 2107 1682 2161 narratione
1724 2109 1969 2164 historizc
2021 2112 2104 2164 in-

530 2188 837 2245 choationis
880 2201 936 2248 et
980 2196 1334 2262 promotionis
1379 2198 1587 2253 ordinis
1633 2199 2058 2267 Carthusiensis,
2086 2222 2104 2254 ι

531 2294 693 2348 quem
738 2281 1053 2341 Columbius
1099 2302 1164 2342 ac
1208 2298 1329 2354 post
1374 2305 1496 2344 eum
1528 2290 1931 2360 Papebrochius
1967 2310 2111 2350 anno

529 2374 749 2430 circiter
772 2378 928 2442 1150,
953 2395 1046 2435 seu
1076 2382 1231 2437 annis
1258 2382 1371 2439 fere
1400 2385 1664 2440 duntaxat
1715 2389 2108 2460 quinquaginta

527 2476 652 2534 post
684 2483 702 2519 (
737 2466 796 2522 S.
824 2468 1091 2527 Brunonis
1127 2491 1145 2523 ι
1180 2485 1410 2529 mortem
1458 2477 1721 2545 scriptum
1755 2479 2106 2545 existimavit,

526 2567 679 2612 certo
707 2570 832 2614 ante
862 2562 1116 2617 saaculum
1152 2566 1366 2620 tertium
1400 2567 1691 2633 decimum,
1720 2570 1926 2640 aliquot
1952 2574 2110 2627 annis

518 2644 632 2712 jam
662 2647 997 2714 inchoatum,
1024 2652 1284 2722 scriptum
1316 2670 1419 2709 non
1451 2671 1590 2715 esse,
1621 2658 1697 2711 uti
1728 2674 1846 2727 quae
1876 2676 2018 2714 num.
2044 2662 2111 2716 12

529 2751 584 2795 et
613 2759 767 2813 seqq.
804 2746 855 2799 in
895 2748 1131 2802 medium
1168 2750 1387 2816 adduxi,
1429 2750 1757 2807 sufﬁcienter
1798 2756 2107 2810 ostendunt.

531 2831 731 2889 Verum
774 2838 1154 2911 qualecunque
1198 2843 1301 2907 sit,
1326 2844 1467 2914 quod
1494 2845 1560 2900 de
1594 2845 1838 2901 luctuosa
1873 2848 2111 2903 doctoris

531 2925 769 2981 damnati
799 2932 1113 2987 narratione
1138 2932 1541 3005 Papebrocltius
1573 2937 1714 3003 tulit,
1740 2936 2026 3006 judicium,
2057 2940 2110 2995 id

529 3034 649 3084 nos,
694 3036 802 3091 quo
831 3025 1008 3081 minus
1048 3027 1220 3083 libere
1269 3028 1322 3082 in
1353 3029 1512 3099 hujus
1541 3030 1826 3085 veritatem
1866 3031 2109 3102 inquira-

2213 568 2572 613 memoratum
2605 561 2974 629 spectaculum
3004 576 3109 615 non
3136 562 3347 631 publice
3375 578 3551 617 coram
3578 566 3752 634 ingenti

2210 643 2391 711 populi
2414 644 2778 709 multitudine,
2800 646 2894 700 sed
2920 646 3059 700 intra
3082 648 3323 717 privatos
3343 648 3531 703 domus
3546 650 3753 706 defuncti

2210 735 2446 802 parietes
2467 737 2734 800 evenerit,
2762 753 2863 792 nec
2887 738 3060 792 tribus
3083 738 3273 793 diebus
3294 741 3542 804 diversis,
3561 741 3645 796 sed
3666 759 3752 796 una

2209 827 2504 897 eademque
2533 829 2772 883 doctoris
2802 829 3023 883 infausti
3053 845 3214 884 voces
3246 831 3521 894 redierint,
3550 846 3645 886 non
3668 832 3757 885 erit

2210 934 2367 981 sane,
2397 935 2494 974 cur
2526 929 2781 974 constans
2833 921 3157 990 scriptorum
3205 924 3446 975 omnium
3484 937 3753 976 coaevorum

2209 1010 2277 1065 de
2318 1013 2661 1067 memorabili
2704 1013 2840 1067 adeo
2887 1014 3113 1067 historia
3160 1014 3431 1068 silentium
3471 1030 3760 1084 magnopere

2210 1103 2279 1156 sit
2310 1103 2633 1169 mirandum,
2664 1105 2872 1175 sicque,
2906 1106 2974 1159 ob
2998 1121 3160 1175 quam
3189 1107 3304 1160 hare
3329 1105 3632 1161 difﬁcillima
3653 1122 3757 1161 cre-

2210 1195 2322 1249 dittt
2350 1206 2598 1265 apparet,
2642 1197 2931 1251 diflicultas
2978 1198 3297 1267 gravissima
3345 1206 3638 1252 evanescat.
3679 1197 3759 1251 Ve-

2212 1302 2329 1341 rum
2369 1303 2491 1342 cum
2540 1288 2838 1358 scriptores
2883 1289 3038 1359 longe
3068 1289 3270 1358 plures,
3294 1290 3611 1342 horrendum
3651 1288 3758 1343 illud

2209 1377 2449 1433 doctoris
2471 1380 2710 1433 damnati
2737 1380 3103 1452 spectaculum
3133 1380 3346 1450 publice
3368 1380 3421 1434 in
3446 1379 3664 1435 Ecclesia
3683 1387 3759 1433 aut

2208 1468 2398 1525 saltem
2441 1485 2624 1524 coram
2650 1471 2852 1543 ingenti
2894 1472 3173 1527 hominum
3199 1472 3540 1526 multitudine
3566 1470 3759 1535 factum,

2208 1563 2470 1627 scribant,
2498 1580 2784 1633 quamuam
2810 1565 2845 1619 ii
2869 1564 3027 1619 fidem
3052 1565 3152 1619 hac
3182 1564 3234 1618 in
3264 1580 3323 1619 re
3345 1574 3659 1629 mereantur,
3682 1579 3759 1618 seu

2207 1668 2274 1708 an
2302 1664 2386 1709 sat
2424 1655 2700 1712 credibilis
2748 1655 3183 1724 vcrOsimilisque
3214 1654 3385 1708 videri
3423 1662 3578 1723 queat
3597 1668 3759 1707 eorum

2212 1749 2477 1814 narratio,
2504 1748 2681 1818 primo
2734 1747 3029 1817 inquiram,
3071 1756 3262 1819 postea
3295 1763 3505 1811 eormn,
3531 1747 3614 1816 qui
3666 1762 3758 1800 rem

2214 1844 2352 1898 intra
2378 1838 2618 1907 privatos
2666 1837 2859 1891 domus
2911 1836 3151 1891 defuncti
3216 1838 3456 1906 parietes
3506 1836 3761 1899 evenisse,

2212 1937 2478 1993 statuunt,
2510 1928 2819 1998 opinionem
2852 1928 3215 1983 discussurus.
3235 1930 3278 1981 Α
3312 1928 3627 1997 scriptorum
3646 1927 3761 1980 Car-

2214 2023 2571 2078 thusiensium
2606 2022 3010 2092 antiquiorum,
3051 2022 3142 2090 qui
3172 2021 3502 2075 horrendunt
3540 2028 3760 2074 eventum

2212 2131 2395 2171 coram
2448 2116 2653 2187 ingenti
2720 2117 3000 2171 hominum
3052 2117 3401 2171 multitudine
3469 2115 3761 2184 contigisse,

2213 2206 2488 2261 memoria:
2539 2206 2845 2276 prodidere,
2886 2207 3210 2262 testimoniis
3265 2205 3626 2268 recensendis,
3674 2218 3747 2255 ser

2213 2309 2355 2366 vato,
2383 2314 2490 2370 quo
2521 2299 2629 2353 lata
2661 2310 2809 2363 sunt,
2842 2300 3036 2354 ordine
3062 2300 3347 2360 chronico,
3383 2299 3521 2351 duco
3552 2296 3762 2354 initium,

2212 2391 2438 2447 aliorum
2471 2390 2635 2455 infra,
2663 2392 2754 2462 qui
2784 2390 3188 2447 Carthusiensis
3235 2390 3447 2446 ordinis
3492 2404 3591 2442 non
3637 2394 3759 2447 sunt,

2213 2484 2510 2539 relaturus.
3598 2546 3601 2549 ἰ

2283 2576 2407 2631 199.
2450 2576 2563 2630 Etsi
2606 2576 2907 2647 primorum
2961 2577 3201 2646 quinque
3222 2575 3525 2631 Carthasim
3554 2574 3761 2644 priorum

2212 2668 2467 2724 Chronici
2506 2682 2599 2723 seu
2644 2678 2911 2723 tractatus
2951 2668 3027 2722 De
3057 2669 3379 2722 narratione
3432 2666 3657 2721 historia:
3699 2664 3763 2715 in-

2212 2756 2513 2812 choationis
2546 2766 2601 2810 et
2643 2757 2998 2826 promotionis
3032 2758 3241 2811 ordinis
3282 2753 3669 2812 Carthusiensis
3684 2766 3762 2803 au-

2168 2884 2173 2889 -
2213 2858 2330 2903 ctor
2360 2858 2464 2904 tam
2510 2849 2784 2918 antiquus,
2836 2865 2898 2905 ac
2944 2849 3263 2905 Columbius
3291 2848 3401 2917 (adi
3458 2863 3600 2901 num.
3634 2844 3689 2897 l2
3718 2851 3762 2895 et

2214 2949 2326 2994 tres
2352 2945 2528 3010 seqq.)
2553 2940 2604 2992 in
2630 2955 2725 2992 sua
2755 2940 2828 2993 De
2848 2938 3334 2994 Carthusianorum
3354 2936 3519 2991 initiis
3539 2935 3757 2989 disserta-

2216 3031 2360 3085 tione
2406 3030 2627 3099 putarit,
2655 3045 2757 3083 non
2788 3030 2881 3093 sit,
2914 3029 3125 3083 czeteris
3155 3038 3356 3081 tantem
3410 3025 3662 3087 omnibus,
3686 3021 3760 3089 qui

525 3128 674 3176 mus,
731 3115 995 3187 impedire
1038 3135 1144 3175 non
1193 3121 1373 3176 debet.
1418 3123 1463 3176 Α
1511 3123 1867 3191 scriptoribus
1905 3124 2107 3195 itaque,
2139 3146 2185 3208 ρ
2215 3120 2455 3177 doctoris
2482 3122 2549 3175 ad
2598 3131 2808 3190 tempus
2851 3122 3070 3176 redivivi
3109 3121 3392 3174 historiam
3426 3119 3607 3173 litteris
3641 3129 3761 3169 rom-

526 3208 617 3276 qui
652 3207 796 3263 illam
825 3211 1035 3267 duobus
1063 3214 1276 3269 stecults
1303 3215 1548 3285 proxime
1580 3215 1780 3284 elapsis
1804 3217 1889 3271 vel
1928 3227 2113 3272 utcun-

526 3312 634 3369 que
674 3301 1007 3371 improharc,
1047 3304 1131 3359 vel
1176 3315 1364 3359 contra
1418 3308 1579 3360 tutari
1632 3318 1758 3362 sunt
1802 3310 2006 3374 conati,
2046 3310 2113 3364 ad

527 3391 858 3461 scriptorum
892 3394 1259 3464 antiquiorum
1290 3411 1389 3465 pro
1420 3397 1609 3457 eadem
1652 3398 1960 3452 testimonia
1992 3415 2116 3469 pro-

526 3484 770 3553 gredior,
801 3487 1174 3558 adducamque
1204 3503 1309 3542 non
1345 3488 1519 3543 solum
1557 3490 1897 3560 antiquiora,
1933 3492 2111 3561 qualia

526 3577 865 3641 Columbius,
886 3591 1073 3631 verum
1098 3578 1285 3641 etiam,
1310 3594 1431 3648 quae
1452 3594 1480 3631 a
1505 3579 1686 3634 saeculi
1714 3580 1894 3650 quarti
1919 3581 2114 3636 decimi

527 3685 594 3723 ac
623 3671 902 3740 sequentis
935 3669 1294 3738 scriptoril;us
1323 3671 1450 3724 data
1480 3679 1626 3735 sunt,
1656 3671 1831 3726 minus
1866 3673 2111 3743 antiqua,

527 3761 691 3831 idque
722 3771 836 3815 tum
859 3762 1003 3831 quod
1045 3760 1183 3815 infra
1216 3764 1335 3816 usui
1366 3762 1597 3818 subinde
1624 3763 1736 3818 sint
1764 3764 1967 3830 futura,
2001 3774 2111 3820 tum

532 3854 769 3909 maxime
791 3854 932 3923 quod
965 3854 1036 3907 ita
1070 3854 1268 3908 factum
1302 3854 1570 3910 inveniam
1606 3856 1672 3912 ab
1701 3872 1975 3928 anonymo
2002 3858 2113 3912 An-

530 3944 730 3999 nalimn
763 3946 1233 4001 Carthusiensimn
1276 3946 1394 4001 libri
1441 3949 1621 4017 quarti
1670 3958 1916 4014 auctore,
1944 3966 1973 4004 a
2004 3965 2112 4020 quo

527 4055 594 4091 nc
623 4039 709 4093 hic
735 4040 1043 4105 deflet-tam,
1075 4041 1211 4094 ratio
1239 4040 1578 4110 potissimum
1615 4058 1766 4096 num.
1791 4042 1895 4097 185
1924 4043 1976 4097 in
2005 4044 2113 4098 fine

525 4129 648 4182 data
678 4131 889 4185 suadet.

526 4220 555 4293 ᾗ
598 4219 686 4276 XI.
733 4220 1065 4293 Scriptorum‘
1100 4219 1551 4275 Carthusiensium
1602 4222 1795 4277 satcufo
1840 4224 1928 4277 XVI
1973 4224 2110 4275 anti-

592 4293 835 4360 quiorum
877 4294 941 4345 de
979 4292 1210 4345 doctoris
1240 4293 1556 4346 Purisieusis
1599 4294 1687 4362 qui
1717 4292 2108 4347 damnationem

593 4379 745 4416 suam
787 4381 814 4416 e
846 4363 1038 4430 feretro
1067 4363 1274 4432 publice
1301 4364 1587 4432 aperuerit,
1625 4364 1861 4416 anastnsi
1883 4365 2109 4417 (estinm-

591 4434 681 4485 nia
727 4434 1047 4501 referuntur,
1079 4443 1126 4486 et
1150 4434 1278 4504 quid
1305 4436 1369 4488 de
1399 4433 1687 4503 adjunctt's,
1719 4434 1842 4488 huic
1864 4444 1979 4504 post
2010 4434 2107 4487 ad-

594 4504 759 4566 iectis,
787 4505 1119 4558 censendum.

594 4593 709 4648 Non
741 4610 961 4658 omnes.
999 4596 1089 4666 qui
1127 4596 1454 4652 horrendum
1494 4595 1733 4652 doctoris
1763 4595 2106 4657 Parisiensis,

522 4687 838 4741 damnatum
868 4701 1009 4749 sese,
1042 4701 1073 4741 e
1104 4686 1306 4742 feretro
1330 4688 1629 4752 vociferati,
1655 4688 2024 4759 spectaculum
2054 4688 2107 4741 itt

522 4778 743 4833 litteras
764 4778 979 4839 misere,
1008 4778 1216 4834 ordinis
1244 4778 1650 4836 Carthusiensis
1685 4781 1980 4850 scriptores
2013 4779 2107 4833 iis-

521 4873 643 4926 dem
696 4869 825 4925 illud
875 4870 1144 4940 adjtmetis
1192 4872 1445 4925 vestitum
1492 4874 1561 4927 ob
1615 4873 1802 4927 oculos
1846 4885 2104 4943 posuere,

522 4963 757 5033 hincque
788 4977 889 5018 nec
914 4963 1060 5017 inter
1084 4979 1199 5028 eos,
1238 4979 1267 5017 a
1289 4963 1487 5033 quibus
1533 4964 1799 5032 hodieque
1841 4967 2105 5028 creditur,

520 5056 576 5110 in
615 5056 798 5120 modo,
836 5071 947 5125 quo
971 5055 1176 5110 factum
1212 5056 1305 5118 sit,
1334 5056 1470 5111 satis
1496 5056 1773 5111 convenit.
1822 5056 1927 5109 Alii
1959 5057 2105 5111 enim

519 5162 587 5201 ex
627 5145 714 5201 his
748 5146 962 5217 publice
1001 5145 1129 5200 illud
1172 5146 1223 5200 itt
1258 5146 1498 5201 Ecclesia
1536 5157 1632 5199 aut
1659 5145 1851 5200 saltem
1902 5146 2106 5214 ingenti

518 5253 703 5295 coram
734 5238 1122 5294 circumstante
1148 5238 1425 5293 hominum
1456 5237 1820 5302 multitudine,
1862 5238 1951 5291 alii
1978 5252 2106 5293 con-

521 5340 601 5385 tra
632 5330 883 5401 privatim
918 5330 976 5385 in
1003 5328 1126 5384 aula
1155 5330 1349 5385 domus
1397 5327 1660 5391 defuncti,
1703 5328 1834 5384 solis
1863 5327 2043 5397 hujus.
2076 5346 2107 5384 e

521 5422 718 5491 quibus
749 5423 949 5487 Bruno,
1007 5422 1229 5494 ejusque
1277 5421 1485 5491 aliquot
1512 5421 1645 5476 socii
1680 5420 1903 5485 fuerint,
1972 5421 2108 5474 ami-

518 5513 602 5568 cis
631 5515 1017 5582 przesentihus,
1060 5514 1307 5568 evenisse
1350 5513 1557 5568 volunt.
1598 5511 1703 5566 Alii
1756 5513 1952 5567 iterum
1996 5527 2102 5566 una

518 5603 819 5675 eademque
858 5608 963 5671 die,
1010 5621 1227 5676 unoque
1275 5606 1403 5661 item
1436 5620 1499 5659 ac
1530 5604 1718 5659 eodem
1770 5603 2106 5659 recitationis

518 5696 680 5755 cilicii
714 5710 957 5767 tempore
989 5698 1408 5754 vociferationes
1461 5697 1692 5751 infelicis
1720 5695 1961 5750 doctoris
1993 5703 2103 5751 tres

524 5790 768 5849 diversas
798 5790 1027 5850 rediisse
1071 5790 1367 5859 atlirmant;
1404 5790 1494 5847 alii
1527 5797 1716 5846 contra
1758 5787 1981 5858 singulis
2012 5802 2103 5844 vo-

2218 3208 2559 3277 mcndarunt,
2590 3210 2861 3265 communi
2896 3212 3167 3280 Opinione,
3197 3212 3301 3264 etsi
3335 3209 3389 3263 id
3418 3210 3487 3263 ob
3528 3208 3635 3261 loco
3661 3219 3764 3274 pro-

2217 3306 2359 3360 xime
2390 3306 2482 3359 cit.
2511 3304 2653 3358 dicta
2679 3302 2929 3373 infraque
2959 3304 3023 3358 de
3043 3303 3410 3359 Carthusiano
3442 3295 3757 3369 lllajorevensi

2216 3395 2439 3451 dicenda
2469 3395 2689 3449 omnino
2719 3404 2925 3450 certum
2961 3411 3066 3450 non
3114 3395 3206 3459 sit,
3238 3394 3513 3462 antiquior
3546 3391 3759 3445 habetur.

2215 3488 2353 3542 Ante
2384 3487 2586 3556 reliqua
2616 3487 2798 3556 itaque
2832 3488 3013 3540 omnia
3046 3486 3451 3556 suppelitatum
3484 3484 3549 3538 ab
3574 3497 3633 3537 eo
3654 3481 3762 3534 huc-

2215 3594 2321 3648 que
2367 3589 2620 3647 spectans
2681 3577 3047 3632 testimonium
3080 3577 3374 3645 integrum,
3422 3574 3561 3646 quod
3610 3572 3658 3626 id
3691 3569 3763 3623 hic

2215 3670 2441 3724 subinde
2488 3676 2614 3720 ante
2664 3666 2851 3722 oculos
2892 3667 3079 3721 ltaberi
3118 3668 3335 3732 debeat,
3387 3682 3453 3721 ex
3503 3660 3760 3731 antiquiori

2216 3760 2400 3815 Sancti
2436 3758 2575 3823 Vita,
2604 3757 3007 3812 Centntentario
3035 3758 3177 3823 huic,
3214 3768 3272 3812 ut
3301 3758 3417 3826 jam
3446 3754 3761 3819 monui,ante

2214 3854 2349 3906 duas
2370 3850 2504 3905 alias
2534 3850 2712 3905 minus
2733 3851 2985 3919 antiquas
3014 3851 3315 3915 subdenda,
3340 3851 3444 3905 huc
3468 3843 3759 3902 transcribo.

2215 3942 2305 3997 Sic
2334 3942 2522 3995 habet:
2554 3958 2573 3991 α
2601 3942 2756 3995 Anno
2782 3940 3072 3995 Dominica:
3096 3939 3489 3995 incarnationis
3520 3935 3673 3997 1082,
3694 3929 3762 3982 νκι

2213 4034 2358 4087 circa
2387 4030 2538 4084 illum
2558 4070 2574 4094 ,
2610 4030 2738 4084 dum
2786 4028 3029 4084 solemne
3059 4029 3299 4084 stttdium
3328 4030 3544 4084 ﬂoreret
3571 4022 3762 4080 Parisiis

2212 4124 2483 4195 prtecipue
2521 4122 2572 4176 in
2613 4123 2950 4191 philosophia
2982 4131 3035 4177 ct
3071 4121 3346 4191 theologia
3385 4131 3439 4177 et
3482 4121 3601 4189 jure
3625 4128 3762 4171 cano-

2212 4217 2355 4282 nico,
2392 4216 2534 4271 sicut
2563 4215 2894 4286 generaliter
2914 4214 3216 4278 consuevit,
3255 4213 3365 4267 tale
3393 4210 3677 4283 prodigium
3703 4203 3759 4257 iui

2210 4307 2413 4361 dicitur
2440 4306 2724 4361 accidisse.
2750 4305 2976 4372 Quidam
3004 4304 3147 4358 enim
3175 4302 3368 4358 doctor
3397 4302 3763 4373 praecipuusxl

2209 4399 2343 4464 vita,
2372 4408 2431 4454 ut
2463 4398 2769 4460 videbatur,
2806 4397 2943 4451 fama
2985 4406 3147 4467 atque
3184 4398 3434 4451 doctrina
3469 4403 3522 4450 et
3562 4387 3761 4447 scientia

2138 4487 2183 4546 D
2210 4492 2351 4547 inter
2374 4507 2563 4547 omnes
2583 4492 2829 4545 doctores
2851 4490 3181 4546 Parisienses
3206 4490 3529 4545 excellenter
3554 4487 3761 4540 honora-

2215 4596 2299 4642 tus
2325 4596 2380 4641 et
2426 4586 2747 4641 ntirabiliter
2769 4587 3061 4657 gratiosus,
3092 4586 3239 4656 gravi
3272 4595 3325 4638 et
3350 4584 3535 4639 ultima
3564 4575 3761 4634 infirtni~

2214 4687 2325 4734 tate
2379 4686 2705 4747 praeventus,
2739 4694 2844 4732 non
2898 4678 2985 4733 diu
3028 4677 3357 4732 decumbens
3402 4677 3542 4729 diem
3591 4666 3759 4724 clausit

2210 4781 2533 4828 extremum.
2578 4772 2819 4841 Cumque
2871 4780 2986 4826 tota
3040 4771 3150 4835 die,
3189 4786 3293 4841 qua
3351 4769 3629 4824 defunctus
3671 4768 3758 4819 est.

2211 4878 2362 4919 more
2398 4864 2688 4919 Parisiensi
2720 4864 2771 4918 in
2810 4862 2966 4929 aula,
3000 4861 3190 4917 funere
3240 4864 3291 4916 in
3324 4861 3524 4915 feretro
3571 4857 3756 4911 decum-

2211 4955 2401 5020 bente,
2430 4954 2658 5009 fuissent
2682 4953 2937 5008 continue
2962 4954 3246 5008 decantata
3275 4953 3456 5007 divina
3498 4947 3677 5008 ofﬁcia,
3714 4942 3757 4992 in

2210 5049 2450 5105 crastino
2473 5063 2647 5109 mane,
2677 5059 3002 5118 congregata
3030 5045 3597 5100 ibidem'universitatc
3625 5034 3757 5093 Pari-

2210 5141 2371 5195 siensi
2421 5148 2530 5193 tam
2561 5138 2892 5193 scholarium
2927 5154 3087 5208 quam
3119 5137 3427 5198 doctorum,
3456 5141 3513 5186 ut
3536 5141 3634 5183 tam
3671 5125 3731 5177 lto

2210 5229 2441 5285 nurabili
2494 5229 2613 5283 viro
2641 5228 2938 5283 solemnem
2981 5236 3035 5282 et
3065 5224 3435 5282 honorabilem
3486 5219 3756 5292 prtehercnt

2212 5321 2469 5380 funeralis
2497 5323 2655 5379 oflicii
2682 5323 3036 5393 sepulturam,
3067 5336 3190 5376 cum
3217 5318 3496 5375 revrrendi
3524 5312 3616 5367 viri
3642 5308 3757 5362 fere-

2211 5428 2374 5481 ῑΓυηι,
2415 5423 2466 5471 in
2512 5432 2618 5486 quo
2648 5418 2810 5471 funus
2838 5415 3075 5483 jaccbat,
3115 5410 3313 5467 vellent
3350 5410 3558 5465 elevare
3587 5403 3645 5457 ad
3686 5412 3757 5452 ec-

2208 5510 2427 5566 clesiam
2484 5508 2858 5572 deferendum,
2892 5507 3092 5571 subito,
3139 5505 3351 5560 cunctis
3404 5494 3752 5585 stupentibus.

2208 5601 2297 5670 qui
2322 5609 2565 5655 mortuus
2588 5598 2871 5654 videbatur
2890 5606 2945 5653 et
2971 5606 3105 5660 erat,
3135 5596 3345 5651 elevato
3374 5591 3563 5661 capite,
3582 5579 3755 5674 resedit

2209 5666 2262 5750 in
2296 5691 2515 5755 feretro,
2544 5700 2619 5756 et,
2651 5688 2904 5743 omnibus
2945 5688 3310 5751 audientibus,
3340 5684 3444 5738 alta
3473 5688 3525 5735 et
3555 5666 3755 5730 terribili

2208 5803 2344 5846 voce
2371 5785 2711 5844 clamabant
2742 5782 2895 5840 iusto
2934 5782 3026 5839 Dei
3054 5781 3259 5854 judicio
3291 5782 3568 5836 accusatus
3591 5777 3751 5827 sunt,»
