3862 6310
146 384 227 438 ll‘l
1641 379 1833 437 ACTA.

3262 376 3371 445 ns

136 507 201 562 et,
224 494 320 550 hoc
345 490 507 557 dicto,
547 499 710 563 caput
740 489 1012 563 deposuit,
1047 500 1102 548 et
1128 492 1382 550 decubuit
1408 503 1676 559 mortuus,
1710 500 1757 552 Α
1782 509 1936 549 suum
1966 495 2241 562 lectorem,
2277 503 2336 552 ιιι
2369 517 2387 549 1
2423 497 2736 554 Tractatum
2785 510 3099 571 sequentem
3138 502 3202 555 de
3232 519 3359 559 nar-

136 591 253 646 sicut
272 585 439 656 prius.

187 678 298 734 200.
338 695 357 729 ο
399 675 514 743 Qua
541 688 671 730 voce
696 675 877 730 cuncti
920 675 1133 730 attoniti
1178 684 1231 731 et
1279 676 1451 730 territi
1475 674 1677 731 delibe-

134 778 378 833 faverunt,
405 769 523 837 ipso
553 768 645 821 illo
672 766 759 821 die
786 766 932 820 nullo
963 767 1122 822 modo
1149 766 1263 821 fore
1285 766 1676 836 sepeliendum,

134 865 209 919 sed
252 875 412 933 usque
458 862 511 915 in
560 860 860 916 crastinum
901 861 1309 913 reservandum.
1355 858 1509 913 Mane
1548 873 1680 927 ergo

134 956 370 1027 sequenti,
417 968 543 1008 cum
594 952 884 1006 multitudo
924 952 1158 1005 maxima
1213 950 1574 1014 convenisset,
1623 959 1680 1004 et

136 1049 302 1101 dictum
325 1044 506 1103 fontis.
539 1045 678 1099 sicut
708 1043 878 1113 prius,
916 1041 1120 1098 vellent
1167 1042 1232 1095 ad
1262 1041 1544 1095 ecclesiam
1587 1040 1680 1095 de-

136 1147 334 1205 portare.
357 1135 662 1193 del'unctus.
692 1135 833 1188 sicut
865 1133 1035 1203 prius,
1065 1133 1274 1187 elevato
1298 1132 1495 1200 capite,
1532 1131 1684 1188 dolo-

137 1244 232 1283 rosa
268 1238 321 1282 et
349 1227 578 1281 terribili
623 1242 754 1280 voce
790 1225 1022 1279 intonuit
1056 1242 1071 1282 :
1104 1242 1122 1276 ι
1160 1224 1314 1279 Justo
1359 1225 1452 1279 Dei
1479 1222 1681 1295 judicio

139 1318 405 1387 ijudicattts
428 1333 571 1372 sum.
598 1338 616 1369 ι
650 1317 820 1383 Quam
844 1332 1030 1371 vocem
1064 1317 1373 1381 multitudo,
1403 1332 1525 1386 qua:
1555 1316 1682 1370 ade-

139 1419 219 1473 rat,
242 1408 376 1463 clare
419 1408 727 1478 intelligens
751 1415 807 1463 et
852 1408 1080 1463 audiens
1119 1410 1323 1479 stupuit
1350 1409 1470 1479 plus
1518 1424 1681 1479 quam

139 1501 273 1565 prius,
304 1506 357 1551 et
386 1496 714 1551 alterutrum
750 1497 1153 1567 conquirentes,
1185 1499 1312 1567 quid
1341 1498 1446 1553 sibi
1484 1498 1685 1553 vellent

138 1590 322 1642 insuere
349 1598 456 1642 tam
507 1589 711 1644 insoliti
743 1598 798 1643 et
828 1590 1091 1659 inexperti
1122 1590 1361 1646 defuncti
1391 1591 1682 1657 clamores,

139 1677 283 1732 adhuc
324 1677 847 1743 deminaverunt,
891 1679 1062 1749 ipsum
1090 1680 1156 1733 ad
1188 1680 1331 1735 aliud
1383 1682 1681 1737 crastinum

1785 603 1811 637 «η
1850 587 2058 642 ratione
2106 587 2356 643 Historia:
2391 588 2750 645 inchoationis
2800 599 2855 644 et
2885 590 3243 658 promotionis
3273 607 3360 645 or-
3418 598 3425 602 ’

1784 694 1803 728 ι
1849 676 1990 731 diuis
2012 677 2413 733 Carthusiensis
2440 694 2549 734 non
2576 679 2810 750 negligat
2839 682 2906 733 ad
2948 680 3360 736 aediﬁcationem

1785 788 1804 820 ι
1851 770 2114 833 scribere,
2149 770 2233 824 vel
2264 769 2469 841 legere,
2498 771 2582 825 vel
2606 772 2815 826 audire.
2856 789 2872 822 ι
2910 771 2985 825 lta
3023 771 3133 836 ille,
3160 780 3364 827 tracta-

1779 865 1892 912 tum
1924 878 1942 910 ι
1978 858 2053 913 De
2073 860 2283 931 origine
2333 871 2389 916 et
2437 861 2663 915 veritate
2711 860 2965 932 perfecta:
2994 863 3290 932 religionis,
3335 870 3355 914 δ

1778 961 1959 1015 quem,
1976 956 2034 1001 ut
2054 962 2215 1017 supra
2235 949 2437 1015 docuit,
2458 950 2769 1007 Columbius
2792 959 2976 1006 noster
2998 950 3281 1007 Guilielmo
3297 955 3401 1008 tle—-

1781 1039 1979 1094 Elbura
2018 1056 2111 1094 seu
2144 1041 2210 1095 de
2250 1030 2554 1113 ‘Hyporegia
2589 1044 2835 1109 ascribit,
2897 1043 3089 1098 Bosoni
3133 1032 3363 1113 apertis-

1781 1132 1929 1186 sime
1956 1132 2279 1186 attribueus.
2330 1132 2469 1187 llinc
2507 1149 2634 1188 cum
2666 1149 2734 1187 ex
2783 1136 3133 1204 argumentis,
3165 1134 3367 1203 quibus

1784 1230 2051 1278 tractatus
2083 1221 2169 1277 ille
2206 1222 2403 1278 Bosoni
2431 1224 2808 1279 attribucudus
2864 1226 3209 1295 probaretur,
3263 1224 3355 1277 ali.

1781 1316 1911 1385 quid
1958 1314 2097 1370 forte
2146 1331 2245 1384 pro
2299 1325 2560 1385 tempore,
2621 1331 2728 1384 quo
2772 1317 3013 1387 quinque
3066 1318 3363 1385 primorum

1783 1406 2085 1463 Carthusiaz
2111 1408 2353 1474 priorum
2377 1408 2682 1462 Chronicon
2720 1408 2979 1476 scriptum
3011 1410 3117 1472 sit,
3145 1408 3364 1477 prOpins

1785 1496 2195 1551 determinando
2231 1497 2594 1566 colligendum
2646 1497 3020 1566 sperarem,in
3073 1498 3188 1551 haec
3241 1498 3364 1551 data

1782 1591 1851 1645 ad
1878 1588 2299 1645 Cartbusianum
2322 1587 2705 1651 Parisiensem,
2728 1603 2876 1642 num.
2903 1588 2971 1641 28
2993 1603 3155 1656 supra
3185 1588 3368 1642 lauda-

1786 1686 1921 1743 tum,
1969 1675 2194 1747 epistola
2231 1676 2514 1745 inquisivi,
2544 1676 2806 1744 huicque,
2836 1691 2956 1730 cum
2984 1691 3046 1730 ea
3087 1676 3153 1729 de
3208 1691 3266 1729 re.
3301 1676 3367 1729 ad

138 1784 276 1837 usque
298 1768 601 1825 nullatenus
644 1771 1034 1825 tumulandum.
1066 1772 1251 1827 Tertio
1279 1788 1407 1828 vero
1430 1775 1516 1829 die
1558 1790 1679 1830 cum
1721 1833 1753 1837 _
1786 1767 2129 1823 Carthusiam
2168 1765 2365 1820 litteris
2391 1765 2733 1829 recurrisset,
2764 1764 2863 1818 fuit
2910 1779 3252 1833 responsum,
3282 1778 3370 1816 ar—

140 1870 320 1928 propter
342 1862 438 1915 ista
479 1862 727 1932 prodigia
775 1861 889 1917 fere
921 1871 1033 1917 tota
1076 1863 1271 1918 civitas
1318 1866 1687 1931 convenisset,

139 1961 179 2004 et
206 1951 375 2017 funus,
419 1955 641 2008 cunctis
692 1956 1029 2024 prteparatis,
1059 1954 1260 2010 vellent
1304 1957 1371 2011 ad
1419 1957 1688 2012 tumulum

143 2044 404 2110 deportare,
432 2044 755 2112 defunctus,
781 2046 921 2100 sicut
969 2046 1152 2116 prius,
1176 2046 1287 2116 jam
1339 2048 1498 2099 tertio
1536 2048 1689 2103 altis-

138 2133 247 2188 simo
270 2145 317 2189 et
352 2137 711 2191 tumstissimo
740 2136 979 2192 clamore
1002 2138 1283 2205 personuit
1312 2156 1324 2192 :
1361 2157 1381 2191 ι
1416 2139 1570 2195 Justo
1594 2138 1688 2194 Dei

144 2223 347 2291 {judicio
373 2228 776 2284 condemnatus
797 2243 935 2283 sum.
962 2248 980 2280 ι
1012 2227 1127 2295 Qua
1152 2229 1397 2284 horribili
1420 2230 1687 2285 sententia

143 2317 306 2381 audita,
331 2321 483 2389 quasi
513 2335 705 2375 omnes
730 2320 997 2374 immenso
1028 2319 1246 2374 fuerunt
1277 2320 1470 2375 timore
1495 2332 1549 2375 et
1580 2331 1689 2374 tre-

144 2422 260 2462 more
304 2410 574 2478 percussi,
610 2410 742 2464 certi
778 2406 903 2463 iacti
954 2411 1021 2464 de
1070 2409 1519 2465 condemnatiuue
1554 2410 1689 2464 tanti

144 2502 237 2564 n'ti,
263 2502 344 2571 qui
392 2502 546 2555 inter
574 2500 710 2555 alios
739 2509 795 2555 et
822 2514 985 2569 super
1033 2499 1170 2554 alios
1204 2499 1488 2553 videbatur
1520 2501 1687 2553 bone-

145 2600 251 2645 state
268 2593 399 2656 vita»,
437 2591 700 2644 claritate
736 2589 911 2655 famae,
938 2590 1219 2660 dignitatis
1263 2574 1584 2645 excellentia
1636 2598 1690 2643 et

146 2683 374 2752 multiplici
404 2684 645 2739 scientia
676 2698 739 2738 ac
766 2683 1029 2752 sapientia
1059 2681 1399 2753 praefulgere.
1453 2682 1526 2736 Ea
1555 2674 1688 2737 tem-

144 2786 310 2842 pestate
326 2786 440 2831 erat
467 2775 551 2830 ibi
574 2775 833 2844 magister
846 2773 1044 2837 Bruno,
1063 2774 1281 2829 natione
1298 2774 1688 2837 Theulonicus,

146 2864 408 2919 decivitate
444 2865 679 2920 Golonia
719 2880 825 2918 non
872 2864 1118 2919 obscuris
1157 2865 1473 2932 parentibus
1504 2872 1683 2930 natus,

146 2954 344 3008 ecclesia:
381 2954 677 3009 Bernensis
723 2954 1016 3008 canonicus
1056 2963 1111 3007 et
1139 2953 1337 3007 ibidem
1376 2951 1685 3007 scholarum

148 3046 359 3115 mag'ster
387 3049 439 3101 in
474 3046 739 3123 thelogia,
764 3047 856 3115 qui
903 3045 1287 3115 suprascriptis
1327 3047 1550 3099 vocibus
1598 3061 1689 3101 sa-

1721 1833 1764 1887 B
1790 1868 2043 1926 gumenta
2073 1858 2290 1927 quidem
2343 1857 2429 1910 illa
2479 1857 2741 1933 ignorari,
2774 1856 2868 1910 sed
2902 1856 3368 1923 nihil-interesse,

1792 1969 1912 2008 cum
1942 1952 2117 2007 dictus
2150 1959 2433 2022 tractatus,
2463 1961 2519 2005 ut
2552 1959 2609 2005 ut
2644 1949 2931 2005 Guilielmo
2974 1950 3040 2004 dc
3066 1950 3368 2022 llyporegia

1793 2016 2205 2106 attribueretur:
2253 2042 2447 2097 Bosoni
2487 2043 2673 2107 ctiam,
2732 2050 2919 2112 utpote
2942 2040 3223 2111 subcujus
3277 2055 3373 2093 au-

1793 2137 1976 2207 spiciis
2019 2137 2105 2191 hic
2150 2135 2300 2190 illum
2343 2136 2592 2207 equidem
2647 2135 2940 2190 claborarit
2976 2135 3372 2204 quodammodo

1790 2230 1960 2301 possit
1980 2228 2197 2285 ascribi.

1862 2322 1989 2377 202.
2029 2321 2111 2376 Ab
2143 2324 2244 2377 hoc
2300 2337 2561 2391 responso
2592 2337 2696 2375 non
2750 2320 2976 2375 multum
3032 2319 3240 2374 abludit
3267 2326 3375 2373 tra-

1791 2423 1970 2470 ctatus
2007 2414 2084 2468 De
2136 2411 2194 2467 S.
2244 2412 2526 2477 Brunone,
2578 2428 2607 2466 a
2664 2411 3039 2467 Carthusianis
3097 2409 3372 2479 huja‘tibus

1791 2522 2003 2561 mecum
2032 2504 2434 2569 communicati,
2469 2514 2657 2558 auctor
2696 2518 2845 2557 num.
2876 2501 2948 2556 22
2980 2501 3139 2571 hujus
3192 2499 3373 2569 operis

1789 2600 1871 2653 sui
1901 2599 1981 2652 sic
2028 2597 2274 2652 scribens
2311 2610 2327 2650 :
2358 2614 2376 2646 ι
2412 2594 2597 2663 Neque
2640 2611 2667 2648 a
2718 2593 2940 2647 Patrum
2968 2592 3103 2663 (qui,
3133 2606 3253 2660 qua:
3303 2589 3372 2642 ad

1791 2689 2038 2743 ordinem
2084 2701 2239 2742 suum
2271 2685 2713 2739 Carthusiensem
2755 2683 3095 2753 spectabant,
3131 2695 3233 2733 non
3276 2692 3375 2746 pu-

1790 2778 2079 2847 blicarunt)
2135 2776 2349 2830 tramite
2397 2775 2704 2829 tlcllexissct
2749 2775 2915 2835 Boso,
2946 2772 3049 2825 nisi
3100 2772 3166 2823 ad
3216 2784 3372 2822 suum

1790 2867 2099 2922 lnstitutntn
2132 2883 2162 2922 a
2192 2867 2552 2937 quorumdam
2591 2865 2817 2920 alterius
2840 2862 3049 2917 ordinis
3101 2859 3389 2931 religioso-t

1792 2976 1908 3014 rum
1941 2960 2227 3014 calumniis
2251 2957 2633 3013 vindicandum
2667 2953 2825 3022 hujus
2853 2952 3073 3007 humilis
3104 2966 3167 3005 ac
3198 2950 3372 3004 sancti

1790 3052 1990 3106 silentii
2018 3052 2163 3121 leges
2214 3050 2397 3105 tandiu
2432 3058 2676 3103 servatas
2706 3047 2909 3100 violare
2933 3052 3153 3100 coactus
3185 3043 3395 3098 fuisset.

149 3132 329 3191 lubriter
374 3139 601 3193 territus
650 3145 813 3207 atque
875 3147 1232 3205 compunctus
1286 3136 1549 3191 allocutus
1604 3146 1685 3190 est
1716 3172 1759 3232 Ο
1793 3144 1938 3197 edito
1969 3151 2201 3197 tractatu
2249 3143 2543 3206 fusissimo,
2573 3140 2686 3195 sive
2743 3155 2840 3194 suo
2887 3147 3086 3202 marte,
3123 3146 3177 3191 ut
3225 3135 3377 3205 equi~

149 3231 360 3295 quosdam
389 3234 573 3289 socios
598 3232 669 3286 ibi
701 3239 997 3301 prmsentes
1027 3229 1165 3297 infra
1189 3230 1405 3299 scriptis
1427 3230 1509 3284 vel
1538 3230 1689 3285 simi-

151 3319 257 3375 libus
275 3326 466 3379 verbis:
491 3325 598 3379 Eia
624 3323 952 3387 charissimi,
988 3322 1118 3393 quid
1156 3321 1457 3378 faciemus?
1489 3322 1688 3377 Omnes

151 3410 288 3475 simul,
316 3431 331 3464 ι
359 3424 461 3469 etc.
488 3414 781 3468 Annalium
831 3412 1298 3468 Carthusiensium
1340 3412 1463 3467 libri
1508 3411 1687 3481 quarti

152 3512 296 3558 auctor
320 3520 621 3576 auOnyntus
662 3504 801 3558 idem
840 3504 945 3559 huc
968 3504 1079 3574 jam
1121 3504 1507 3573 transcriptum
1536 3505 1681 3558 testi-

154 3595 363 3658 monium,
398 3604 565 3665 prout
612 3595 664 3649 id
705 3595 755 3648 in
785 3595 970 3649 codice
1018 3594 1297 3657 Thuaneo,
1331 3608 1494 3648 voces
1550 3609 1685 3647 non-

157 3683 289 3738 nullas
329 3700 354 3738 a
387 3687 635 3745 vocibus,
676 3684 871 3754 quibus
912 3685 1001 3740 hic
1041 3685 1385 3755 exprimitur,
1422 3684 1683 3746 diversas,

154 3773 210 3826 rri
235 3782 391 3829 tamen
423 3776 788 3830 substantiam
821 3792 924 3830 non
960 3776 1330 3841 immutantes,
1361 3785 1684 3846 usurpante,

155 3876 311 3931 exstat,
344 3870 394 3924 in
424 3884 566 3940 epos
591 3884 748 3923 suum
778 3869 1227 3938 iutulit,cumque
1255 3869 1450 3925 deinde
1481 3868 1685 3923 dictmn

154 3966 377 4014 auctorem
398 3974 757 4030 anonymum,
785 3973 816 4013 e
834 3973 939 4026 quo
962 3959 1087 4014 illud
1117 3959 1447 4024 transcribit,
1480 3974 1689 4029 magna:

157 4045 260 4108 apud
278 4062 471 4112 omnes,
499 4061 561 4104 ut
585 4048 976 4104 Commentarii
1011 4048 1168 4117 hujus
1192 4049 1347 4104 initio
1375 4049 1540 4104 etiam
1576 4066 1686 4103 mo-

158 4136 242 4200 nui,
269 4143 579 4205 subsccutos
623 4140 831 4195 ordinis
857 4141 1257 4197 Carthusiensis
1280 4142 1574 4211 scriptores
1598 4158 1687 4196 au-

159 4228 380 4288 ctoritatis
407 4233 576 4288 fuisse
601 4274 613 4297 ,
635 4232 971 4296 observavit,
1004 4233 1287 4293 nonnullos
1308 4249 1374 4289 ex
1403 4234 1489 4288 his
1519 4233 1685 4289 etiam

160 4331 376 4376 rerenset.

209 4407 309 4463 9.0].
336 4413 409 4467 Ae
431 4413 678 4484 primum
716 4413 930 4484 quidem
962 4429 1055 4495 eos
1083 4414 1224 4469 inter
1256 4414 1431 4470 locum
1467 4415 1684 4481 Bosoni,

1794 3235 1913 3289 dem
1972 3235 2181 3300 volunt,
2233 3235 2347 3290 sive
2401 3249 2499 3288 suo
2544 3233 2719 3303 jussu,
2750 3246 2879 3284 usus
2926 3244 3118 3298 nempe
3169 3226 3378 3280 calamo

1790 3327 2062 3382 Guillelmi
2104 3329 2171 3382 de
2228 3328 2554 3399 llyporegia,
2607 3323 3011 3380 Carthusiensis
3058 3320 3173 3376 ltalt
3205 3362 3219 3382 ,
3266 3319 3371 3374 viri

1790 3418 1957 3485 docti,
1990 3432 2149 3487 quem
2184 3419 2354 3473 tribus
2382 3418 2604 3473 circiter
2633 3425 2759 3471 ante
2794 3431 2949 3470 suum
2983 3414 3186 3468 obitmn
3213 3410 3377 3467 annis

1792 3509 1855 3561 ad
1896 3508 2158 3577 majorem
2203 3508 2544 3563 Carthusiam
2583 3513 2924 3562 evocaverat.
2970 3503 3123 3556 llunc
3167 3510 3368 3557 tractae

1793 3606 1904 3652 tum
1943 3598 2221 3668 inscripsit
2256 3616 2275 3649 ι
2311 3597 2385 3653 De
2415 3598 2626 3669 origine
2660 3605 2715 3652 et
2745 3597 2976 3651 veritate
3005 3594 3260 3665 perfecta.
3285 3610 3374 3649 re—

1797 3708 1813 3738 ι
1852 3689 2065 3758 ligionis
2091 3689 2156 3743 ad
2184 3688 2579 3744 defendendum
2603 3687 2848 3743 ordinem
2872 3686 3371 3743 Carthusiensem.»

1791 3780 1868 3833 lta
1904 3780 1991 3836 ille
2023 3798 2037 3846 ;
2071 3797 2259 3835 verum
2298 3780 2637 3849 quiscunque
2685 3779 2899 3833 domum
2936 3785 3201 3832 tractatus
3235 3774 3377 3829 illius

1793 3881 1981 3925 auctor
2011 3871 2102 3938 sit,
2142 3872 2188 3925 is
2234 3871 2485 3941 equidem
2528 3870 2766 3939 quinque
2807 3869 3103 3939 primorum
3146 3864 3379 3920 Carthu-

1791 3965 1885 4019 size
1914 3965 2150 4034 priorum
2171 3964 2479 4019 Chronicon
2508 3964 2686 4033 magni
2714 3961 2861 4027 fecit,
2898 3976 2959 4015 ac
2990 3959 3143 4029 proin
3188 3965 3373 4010 trans-

1790 4054 2021 4122 criptum
2076 4070 2139 4108 ex
2196 4054 2297 4109 hoc
2373 4054 2610 4109 doctoris
2663 4050 2978 4106 Pazisiensis
3047 4048 3374 4119 prodigium,

1790 4152 1977 4213 utpote
2002 4144 2067 4198 ad
2094 4145 2235 4213 quod
2286 4143 2565 4216 legendum
2594 4152 2687 4198 aut
2736 4141 3082 4198 scribendum
3121 4139 3403 4199 lectorem,

1792 4235 1954 4288 etiam
1994 4235 2243 4290 hortatus
2271 4237 2361 4300 sit,
2392 4235 2599 4291 calculo
2640 4250 2738 4289 suo
2767 4231 3101 4304 approbavit.
3134 4229 3216 4285 Ad
3242 4228 3381 4282 alios

1791 4326 1973 4391 modo,
2007 4325 2096 4395 qui
2129 4326 2178 4380 id
2202 4326 2407 4396 pariter
2435 4325 2700 4390 fecerunt,
2744 4337 3046 4377 sermonem
3095 4326 3393 4378 converto“

1790 4414 2107 4469 Columbius
2132 4416 2184 4469 in
2222 4432 2317 4471 sua
2347 4417 2419 4469 Dc
2455 4415 2940 4470 Carthusianorum
2970 4410 3136 4465 initiis
3165 4409 3375 4465 disser-

160 4496 405 4557 Cartlmsia:
426 4504 617 4573 priori,
646 4506 893 4559 concedit
918 4506 1000 4559 his
1033 4507 1211 4559 verbis
1243 4524 1255 4559 :
1287 4524 1305 4557 ι
1328 4505 1471 4561 inter
1511 4507 1630 4571 hos,
1662 4526 1680 4559 ο
1720 4514 1766 4573 υ
1795 4506 1999 4559 talione
2052 4522 2199 4560 num.
2256 4506 2325 4560 56
2372 4506 2452 4561 sic
2503 4505 2691 4561 scribit
2725 4521 2737 4556 ε
2776 4521 2792 4553 ι
2830 4502 3222 4557 Carthusianus
3258 4500 3373 4554 Ma-

160 4587 226 4651 qui
253 4592 441 4649 scilicet
475 4596 773 4663 primorum
821 4595 1059 4664 quinque
1096 4596 1395 4650 Carthusia:
1446 4597 1684 4665 priorum

160 4674 387 4747 Chronici,
414 4694 529 4747 aut,
560 4685 605 4737 si
658 4686 849 4750 mavis,
897 4685 1242 4741 Carthusiani
1288 4686 1562 4757 anonytni,
1594 4687 1685 4756 qui

163 4761 205 4816 id
235 4776 529 4840 composuit,
583 4775 960 4829 auctoritatem
1012 4776 1188 4846 magni
1218 4775 1483 4836 fecerunt.
1523 4796 1540 4827 ‹
1576 4778 1688 4845 pri-

164 4869 254 4910 mus
269 4865 473 4927 prodeat
501 4864 639 4919 Boso
666 4865 817 4935 prior
850 4865 1171 4931 Carthusire,
1203 4867 1286 4920 vir
1317 4883 1423 4922 non
1452 4867 1687 4937 vulgaris

166 4954 436 5018 sanctitatis,
469 4973 627 5025 quam
668 4957 830 5011 etiam
862 4958 1001 5012 Deus
1053 4957 1329 5012 miraculis
1372 4957 1677 5012 manifesta-

164 5037 236 5088 rit.
262 5040 362 5105 llic,
395 5055 451 5098 ut
493 5048 603 5116 jam
636 5047 892 5111 diximus,
933 5047 985 5100 in
1034 5056 1268 5102 tractatu
1315 5064 1333 5097 ι
1373 5048 1446 5101 De
1478 5047 1687 5117 origine

168 5142 182 5173 ι
212 5138 254 5181 et
279 5136 489 5190 veritate
528 5136 779 5206 perfecta:
819 5137 1111 5205 religionis,
1154 5156 1171 5188 ι
1208 5136 1469 5192 hactenus
1497 5154 1689 5209 perpe-

168 5231 252 5271 mtn
275 5221 519 5282 Guilelmo
562 5230 629 5282 de
678 5229 980 5298 llypnrcgia
1009 5228 1295 5295 attributo,
1320 5240 1379 5282 ut
1415 5245 1513 5284 suo
1568 5230 1687 5287 loco

164 5309 489 5380 probabimus,
541 5319 805 5387 integrum
853 5322 1021 5375 nostri
1080 5324 1328 5395 anonytni
1377 5323 1686 5380 Chronicon

167 5410 256 5450 cum
282 5409 569 5463 narratione
598 5409 835 5477 ejusdem
857 5413 1081 5483 prodigii
1112 5416 1449 5484 (anastaseos
1478 5417 1687 5471 scilicet

167 5485 357 5547 doctoris
379 5495 711 5572 Parisiensis)
766 5506 945 5558 retulit
997 5505 1185 5559 iisdem
1237 5506 1448 5573 verbis,
1498 5508 1686 5577 paucis

172 5582 331 5635 tantum
354 5589 559 5645 omissis
598 5592 683 5645 vel
732 5594 979 5658 mutatis,
1011 5595 1101 5650 sed
1135 5610 1238 5649 non
1285 5596 1681 5653 essentialibus.

172 5673 403 5761 ttulipse
430 5683 754 5748 ostenderet,
790 5694 1043 5754 quantam
1099 5684 1254 5741 ﬁdem
1305 5688 1446 5755 apud
1498 5702 1685 5747 omnes

174 5756 284 5818 illius
322 5782 495 5828 auctor
519 5776 759 5833 obtinere
804 5788 1121 5845 tuen-retur,
1153 5777 1385 5849 primum
1434 5782 1685 5837 hortatur

1782 4596 2089 4664 jorevensis
2124 4605 2411 4652 tractatum
2453 4596 2829 4651 brevissimmn
2861 4594 3225 4664 scripsitcum
3270 4593 3376 4648 hoc

1792 4686 1992 4741 titulo:
2036 4706 2054 4738 ι
2096 4686 2375 4754 Quomodo
2416 4688 2549 4742 ordo
2590 4685 2993 4741 Cartbusiensis
3018 4685 3250 4754 sumpsit
3278 4698 3376 4739 εχ-

1795 4794 1813 4827 t
1853 4776 2091 4830 ordinm.
2131 4796 2149 4829 ι
2184 4777 2241 4831 ln
2271 4791 2335 4832 eo
2366 4775 2645 4847 sequentia
2688 4775 2952 4830 verbatim
2996 4775 3369 4830 continentur.

1796 4886 1814 4918 ι
1858 4867 2088 4922 Ventum
2118 4877 2200 4924 est
2228 4869 2293 4923 ad
2322 4868 2447 4932 hoc,
2477 4877 2536 4923 ut
2570 4867 2807 4922 defuncti
2856 4882 3054 4937 corpus
3098 4867 3224 4938 poni
3278 4867 3373 4921 dc-

1795 4979 1813 5011 α
1854 4961 2005 5015 berct
2028 4960 2080 5014 in
2129 4960 2393 5030 sepulcro.
2435 4960 2926 5016 Circumstantibus
2958 4959 3374 5032 igilurclcricis,

1796 5069 1812 5103 ι
1852 5052 1941 5120 qui
1976 5050 2258 5106 defunctus
2293 5061 2431 5116 erat,
2456 5051 2726 5116 clamavit,
2766 5052 2951 5107 dicens
2982 5068 2997 5106 :
3052 5069 3070 5103 ι
3102 5050 3254 5107 .Iusto
3283 5050 3376 5104 Dei

1796 5160 1814 5193 ι
1855 5141 2055 5210 jmlicio
2070 5151 2623 5204 accusatussum,etc.
2647 5162 2665 5195 )
2682 5142 3122 5215 Sequentiigitur
3145 5144 3375 5206 die,etc.

1795 5250 1812 5282 ι
1859 5230 2055 5286 lterum
2085 5232 2337 5288 clamavit
2367 5243 2607 5288 mortuus
2636 5242 2689 5288 et
2714 5234 2816 5288 ait:
2846 5232 3028 5290 «Iusto
3051 5233 3144 5287 Dei
3166 5233 3373 5301 judicio

1794 5336 1813 5369 ι
1853 5318 2124 5388 judicatus
2157 5330 2421 5389 sum,etc.
2450 5342 2466 5373 ι
2496 5322 2692 5377 lterum
2717 5322 3006 5377 clamavit:
3040 5340 3058 5371 ι
3090 5320 3244 5377 Justo
3278 5320 3373 5375 Dei

1794 5431 1811 5464 ι
1854 5414 2059 5486 judicio
2080 5415 2471 5471 condemnatus
2498 5432 2615 5471 sum
2634 5457 2649 5481 ,
2674 5425 2780 5470 etc.
2810 5435 2827 5467 ι
2863 5415 2994 5470 Erat
3018 5421 3196 5469 autem
3230 5416 3369 5469 tunc

1794 5526 1812 5559 ι
1861 5509 2116 5577 temporis
2142 5509 2360 5580 quidam
2414 5508 2672 5579 magister
2721 5508 2773 5562 in
2829 5506 3114 5577 theologia,
3146 5506 3367 5562 nomine

1795 5602 1829 5654 r
1860 5600 2063 5670 Bruno,
2092 5619 2300 5674 magna:
2357 5602 2681 5666 sanctitatis,
2714 5610 2888 5655 etc....
2946 5586 3065 5671 Ipse
3112 5594 3372 5656 tractatus
3424 5654 3425 5657 η

1797 5714 1816 5748 ‹
1862 5694 1931 5749 ab
1961 5705 2185 5751 auctore
2226 5710 2324 5752 suo
2349 5695 2547 5750 dicitur
2586 5691 2821 5763 scriptus
2848 5711 2865 5744 ι
2901 5691 3057 5749 Anno
3084 5692 3375 5749 millesimo

1795 5804 1813 5838 ί
1876 5785 2247 5842 ducentesimo
2283 5783 2631 5853 nonagesimo
2660 5790 2871 5845 octavo.
2904 5805 2921 5837 ι
3341 5776 3346 5781 ’
