3862 6310
468 347 569 400 H9

1286 337 1344 388 δ.
1387 336 1738 390 Elim“)le
1769 332 2412 392 CAllTllUSl.tN0llUM
2449 336 2932 396 lNSTlTUTORlS

3598 340 3687 394 rso

533 452 663 509 205.
704 451 886 521 Quare
930 465 1077 514 cum,
1109 457 1312 520 quanto
1342 458 1470 504 ante
1501 464 1701 503 annum
1732 448 1870 503 15ιὸ
1913 458 2044 503 tcm-
2076 453 2122 507 Α
2156 467 2172 499 ι
2221 450 2392 514 sibus,
2441 453 2582 521 apud
2640 468 2773 521 quos
2808 469 2908 524 pro
2960 463 3086 508 tunc
3136 469 3428 509 concursus
3459 453 3552 509 fuit
3587 466 3689 511 stu-

467 550 621 616 poris
657 547 833 618 spatio
865 546 1161 615 primorum
1205 540 1442 611 quinque
1476 541 1778 596 Carthusia:
1805 540 2044 613 priorum

471 641 782 696 Chronieon
830 637 1215 693 concinnatum
1266 634 1368 698 sit,
1402 634 1612 689 deliniri
1662 644 1745 689 sat
1790 641 1961 697 certo,
1992 642 2050 686 ut

471 747 644 803 supra
677 729 858 789 docui.
892 728 1035 781 haud
1067 737 1252 795 queat,
1294 724 1453 794 hujus
1480 726 1663 782 forsan
1709 736 1896 780 auctor
1923 733 2049 779 ante

464 822 576 891 jam
640 821 915 875 laudatum
982 818 1403 872 Cartbusianum
1476 818 1894 887 Majorevensem
1936 828 2050 881 seu

468 921 598 969 ante
632 927 833 967 annum
874 909 1027 969 1298,
1054 924 1162 977 quo
1191 908 1279 962 hic
1318 908 1566 977 ipsemet,
1592 920 1714 962 sese
1745 904 2050 974 scripsisse,

469 1002 735 1064 declarat,
780 999 1061 1070 scriptioni
1115 1014 1332 1052 manum
1386 1014 1490 1053 non
1521 997 1840 1052 admoverit.
1896 994 1963 1049 Ut
1994 1002 2051 1048 ut

468 1092 561 1158 sit,
588 1091 748 1161 hujus
795 1091 1044 1161 equidem
1086 1090 1450 1143 testimonium
1488 1087 1630 1142 binis
1663 1087 1803 1151 aliis,
1836 1102 1954 1154 qua:
1983 1101 2050 1141 ex

470 1183 769 1252 primormn
826 1181 1065 1250 quinque
1111 1179 1411 1234 Carthasim
1467 1180 1707 1248 priorum
1755 1177 2048 1241 Chronico,

470 1284 527 1328 et
557 1274 785 1332 Bosone.
827 1287 943 1335 seu,
970 1273 1011 1325 si
1063 1272 1255 1334 mavis,
1295 1270 1583 1325 Guilielmo
1633 1271 1699 1325 de
1750 1269 2049 1340 llyporegia

470 1363 583 1433 iam
636 1365 856 1428 adduxi,
890 1364 1091 1419 idcirco
1140 1372 1429 1433 postpone,
1473 1364 1616 1429 quod
1656 1362 1847 1415 horum
1901 1360 2050 1429 equi-

472 1456 597 1510 dem
630 1456 796 1525 priori
822 1470 886 1509 ex
929 1454 1196 1508 communi
1227 1454 1481 1522 Opinione
1516 1453 1588 1506 sit
1628 1451 1922 1514 recentius,
1953 1451 2055 1504 ita-

474 1562 581 1616 que
618 1549 686 1601 ab
713 1545 997 1599 Annalium
1040 1543 1509 1599 Cartliusiensium
1562 1542 1682 1596 libri
1715 1542 1891 1610 quarti
1948 1556 2015 1594 au

471 1647 623 1693 clore
648 1638 847 1691 factum
900 1636 1198 1691 inveniam.
1226 1634 1325 1689 llic
1368 1649 1555 1704 porro,
1586 1634 1672 1687 ubi
1704 1632 2050 1687 Carlhusiani

472 1726 858 1796 Majorevensis
887 1724 1255 1780 testimonium
1284 1740 1313 1778 e
1338 1722 1621 1778 Columbio
1655 1721 1895 1775 breviter
1939 1736 2051 1774 me-

2150 557 2174 593 ι
2218 541 2459 596 dentium
2501 545 2758 609 Olltlllllm,
2791 561 2910 614 qua:
2946 546 3044 600 sub
3073 546 3524 600 Christianissimo
3549 558 3686 614 sunt,

2155 651 2171 682 ι
2218 632 2527 696 nationum;
2559 634 2625 689 de
2679 635 2768 689 illo
2818 636 3023 690 scilicet
3072 638 3432 705 quatriduano
3476 648 3688 705 mortuo,

2156 741 2172 773 ι
2217 725 2331 791 qui,
2360 723 2517 778 factis
2544 740 2644 794 pro
2671 742 2731 780 se
2766 743 2870 779 una
2895 727 2980 780 die
3013 726 3346 781 t‘uneralibus
3364 729 3581 782 secunda
3613 732 3689 784 die

2158 831 2177 863 ι
2222 814 2563 879 sepeliendus
2593 818 2656 870 ad
2683 816 2889 886 justum
2932 834 2991 871 se
3032 818 3404 889 Deijudicium
3450 830 3692 884 vocatam,

2158 921 2177 954 ι
2224 904 2380 958 tertia
2424 906 2762 975 judicatum,
2805 917 3000 977 quarta
3057 910 3316 964 (laanVll
3375 910 3694 972 danmatum,

2158 1014 2175 1047 ι
2221 1007 2378 1064 prout
2410 998 2510 1051 hoc
2538 1000 2677 1067 apud
2704 999 3127 1054 Carthusienses
3164 1001 3521 1054 communiter
3566 1016 3698 1069 repe-

2156 1106 2174 1139 ‹
2225 1089 2360 1141 ritur
2383 1090 2666 1158 scriptum.
2694 1090 2806 1144 Hoc
2838 1092 2982 1145 enim
3010 1092 3252 1145 terribile
3285 1091 3479 1146 factum
3505 1102 3555 1145 et
3594 1108 3701 1161 pro-

2156 1197 2173 1228 c
2218 1177 2483 1246 iligiosum
2520 1182 2977 1235 resurrectionem
3009 1195 3369 1245 mortuorum,
3393 1194 3445 1236 et
3487 1182 3698 1235 futurum

2157 1286 2173 1318 ι
2214 1268 2472 1335 judicium
2512 1270 2854 1326 audientibus
2896 1282 3020 1326 tunc
3048 1281 3108 1326 et
3147 1272 3467 1336 videntibus,
3498 1288 3699 1341 quorum

2155 1378 2173 1410 ι
2224 1370 2345 1429 post
2390 1363 2491 1416 hoc
2532 1362 2597 1415 de
2625 1363 2729 1417 hoc
2780 1364 2833 1417 in
2873 1378 3093 1418 onmem
3116 1374 3317 1418 terram
3358 1365 3518 1418 exivit
3563 1380 3705 1419 sonus

2162 1468 2179 1501 ι
2223 1466 2451 1514 eorum,
2507 1451 2822 1507 ﬁdelissime
2881 1454 3063 1506 docuit
3116 1454 3576 1522 exspectandum;
3621 1469 3707 1507 suo

2158 1562 2174 1594 σ
2224 1543 2448 1597 horrore
2477 1545 2722 1599 timorem
2750 1545 3015 1598 incutiens
3043 1554 3099 1600 et
3131 1554 3394 1599 terrorem
3445 1546 3583 1598 omni
3614 1545 3696 1598 ho-

2160 1653 2178 1686 ι
2222 1635 2348 1689 mini
2390 1636 2762 1704 paenitentiam
2816 1637 3078 1705 agendam
3120 1644 3431 1705 statumque
3470 1645 3522 1690 et
3561 1636 3702 1688 vitam

2162 1746 2179 1778 ι
2225 1727 2641 1782 emendandum.
2674 1746 2691 1778 ι
2729 1728 2792 1781 Et
2823 1738 2940 1798 post
2970 1741 3139 1795 pauca
3167 1745 3180 1781 :
3233 1746 3250 1778 α
3276 1728 3370 1781 Vir
3393 1728 3531 1781 enim
3572 1740 3710 1779 vene-

470 1816 724 1891 ιηονδνῖῐν
774 1814 848 1869 im
882 1813 1158 1884 ευὺὶυηεῐι
1191 1831 1203 1865 ε
1247 1829 1264 1862 ⁸
1295 1812 1444 1865 Mm“
1496 1825 1711 1881 ειυοίιυε
1763 1824 2060 1879 allonytnus
2091 1792 2135 1845 Β
2167 1834 2184 1866 ι
2235 1816 2421 1871 rabilis
2446 1816 2628 1870 Bruno
2659 1818 2895 1879 nomine,
2922 1826 3050 1871 tunc
3091 1831 3358 1885 przcsens,
3401 1816 3711 1870 animadver-

470 1905 884 1968 Carthusianus,
927 1904 1017 1972 qui
1052 1903 1265 1957 vivebat
1293 1904 1393 1958 sub
1436 1902 1664 1957 Elisario
1704 1902 1884 1971 priore
1935 1899 2069 1963 Car-q

472 1998 665 2061 thusia:
702 1997 851 2054 circa
896 2011 1097 2050 annum
1161 1995 1317 2057 1500,
1366 2003 1421 2049 et
1458 1986 1761 2050 Chroniﬂon
1819 1990 2059 2061 ejusdem

472 2086 712 2157 scripsit,
750 2088 861 2140 sive
909 2086 1087 2155 potius
1133 2083 1413 2155 prmfatum
1443 2085 1529 2155 (de
1567 2083 1807 2154 quinque
1853 2081 2063 2135 scilicet

473 2178 668 2249 primis
695 2176 997 2230 Cartltusiie
1031 2176 1318 2245 prioribus)
1352 2182 1640 2229 tractatum
1665 2174 1746 2226 vel
1768 2170 2060 2228 cltronicon

476 2271 553 2329 De
614 2271 839 2325 exordio
895 2270 1104 2324 ordinis
1148 2268 1554 2323 Carthusicnsis
1611 2265 1950 2321 continuavit
2007 2271 2062 2318 et

477 2358 1033 2430 ampliavit,eamdem
1064 2358 1343 2412 historiam
1375 2356 1563 2411 iisdem
1595 2355 1773 2409 verbis
1802 2354 2062 2418 narravit,

478 2452 777 2517 interjectis
800 2460 977 2504 tamen
1003 2450 1270 2519 aliquibus
1297 2448 1707 2518 parenthesibus
1733 2446 2065 2516 mutatisque

478 2542 630 2597 hisce
663 2542 863 2604 verbis,
893 2556 1082 2609 nempe
1119 2540 1241 2593 aula
1276 2550 1329 2594 et
1355 2540 1593 2593 ecclesia.
1634 2537 1763 2591 Nam
1795 2537 1883 2590 ubi
1912 2545 2066 2589 vetus

478 2643 667 2687 auctor
698 2634 855 2686 lza‘aet
886 2635 938 2685 in
963 2634 1086 2684 aula
1108 2671 1122 2691 ,
1146 2630 1232 2683 ille
1268 2645 1455 2684 recens
1494 2630 1671 2697 posuit
1706 2628 1760 2681 in
1813 2626 2064 2692 ecclesia;

478 2730 536 2776 et
591 2720 679 2774 ubi
746 2721 888 2791 apud
957 2719 1191 2788 priorem
1250 2720 1307 2772 lit
1365 2722 1567 2773 mentio
1612 2717 1871 2781 ecclesim,
1927 2717 2067 2785 apud

480 2813 832 2880 posteriorem
891 2811 1085 2880 legitur
1151 2810 1493 2876 sepulcrum,
1547 2810 1687 2863 unde
1739 2816 1887 2877 patet
1935 2808 2069 2862 scri-

479 2912 663 2972 ptorcs
689 2904 976 2973 plerosque
1006 2902 1445 2959 circumstantias
1485 2901 1833 2955 historiarum
1874 2899 2063 2968 saepis—

480 2992 617 3045 sime
658 2992 1070 3047 accommodare
1086 2992 1160 3045 ad
1187 3007 1338 3045 usum
1374 2992 1649 3062 temporis,
1674 3006 1781 3060 quo
1803 2991 2065 3045 scribunt.

480 3079 633 3138 llunc
662 3096 789 3135 vero
816 3092 1094 3137 auctorem
1120 3081 1320 3135 vidisse
1344 3079 1568 3135 citatum
1600 3080 1727 3133 illud
1759 3078 2065 3134 Chronicon

482 3171 549 3226 de
579 3171 801 3225 exordio
830 3170 1037 3226 ordinis
1073 3170 1497 3235 Cartbiisieusis,
1544 3169 1847 3241 colligimus
1882 3184 1948 3223 ex
1986 3169 2070 3224 his

482 3266 664 3320 verbis
714 3265 815 3319 sub
864 3265 1074 3318 initium
1121 3248 1457 3333 pra-rationis
1498 3281 1514 3317 ι
1557 3282 1574 3314 ι
1614 3264 1683 3316 Et
1736 3263 1861 3317 licet
1912 3263 2069 3331 primi

494 3376 512 3406 ο
562 3357 800 3425 quinque
857 3356 1067 3423 priores
1113 3354 1200 3410 hic
1272 3354 1502 3409 inferius
1555 3354 1808 3422 descripti
1848 3355 1900 3407 in
1955 3353 2072 3421 plu-

489 3464 510 3495 ι
555 3445 705 3499 ribus
744 3443 1027 3499 Chronicis
1079 3445 1455 3523 reperiantur,
1502 3452 1680 3497 tamen
1732 3456 2072 3497 successores

491 3556 513 3593 ι
555 3552 800 3597 θοι-ωτι.»
816 3545 920 3592 etc.
943 3536 1075 3591 Cum
1097 3536 1248 3601 dicit,
1268 3556 1284 3587 ι
1310 3536 1362 3590 in
1382 3534 1625 3605 pluribus
1642 3534 1944 3599 Chronicis,
1959 3552 1976 3586 ι
1994 3534 2072 3588 vi-

486 3631 647 3683 detur
675 3627 840 3683 etiam
871 3627 1115 3689 iunuere,
1136 3643 1194 3681 se
1220 3626 1469 3682 habuisse
1496 3634 1782 3680 tractatum
1822 3623 2068 3689 Bosonis,

484 3720 576 3776 cui
610 3718 893 3791 praelatum
932 3718 1235 3774 Chronicon
1268 3718 1542 3783 inseritur,
1564 3725 1624 3773 ut
1651 3718 1909 3774 diximus.
1943 3737 1963 3768 ι
1992 3717 2072 3771 Ab

487 3813 593 3866 hoc
648 3810 915 3879 scriptore
964 3810 1210 3863 diversus
1267 3824 1372 3862 non
1425 3808 1676 3872 videtur,
1718 3824 1881 3879 quem
1928 3823 2073 3862 anno

487 3898 706 3955 circiter
735 3896 872 3953 1590
920 3897 1203 3967 scripsisse
1229 3938 1241 3960 ,
1276 3896 1591 3953 Columbius
1631 3897 1682 3952 in
1715 3914 1809 3953 sua
1844 3897 1917 3953 De
1944 3897 2073 3952 Car—

492 3996 869 4050 thusianorum
917 3995 1085 4050 initiis
1133 3993 1513 4049 dissertatione
1561 4010 1711 4048 nmn.
1770 3994 1837 4048 54
1893 3993 2071 4055 docet,

486 4090 797 4146 Cartliusire
845 4089 1083 4159 priorum
1132 4087 1654 4156 chronologus,aut,
1684 4087 1728 4140 si
1780 4101 1866 4140 res
1917 4100 2075 4139 secus

489 4180 710 4247 haheat,
758 4180 916 4235 debet
962 4180 1051 4233 hic
1099 4195 1197 4250 pro
1248 4179 1493 4247 proxime
1549 4178 1638 4233 hic
1691 4176 1763 4230 illi
1821 4173 2073 4244 ac'juncto

490 4269 680 4329 haberi
725 4269 866 4325 inter
901 4268 1197 4340 scriptores
1237 4267 1603 4330 Christianos,
1635 4265 1725 4335 qui
1771 4264 2076 4320 Parisiense

490 4361 728 4417 doczoris
761 4360 983 4414 redivivi
1010 4358 1310 4429 prodigium
1343 4358 1619 4413 memoria:
1646 4360 1953 4429 prodidere.

2168 1924 2186 1957 ι
2238 1916 2355 1960 lens
2390 1906 2657 1962 clamores
2687 1906 2806 1961 illos
2844 1906 3183 1963 Parisienses
3224 1923 3330 1962 non
3369 1906 3444 1960 illi
3486 1906 3711 1959 damnato

2167 2018 2186 2051 ι
2233 2001 2300 2053 ad
2331 1999 2557 2054 salutem
2601 2000 2783 2057 fuisse.
2832 2002 2926 2054 sed
2955 2000 3057 2053 sibi
3085 2011 3139 2054 et
3181 2000 3303 2055 aliis
3335 1999 3714 2054 coaudientilius

2168 2106 2186 2139 ι
2235 2089 2395 2144 datos
2442 2105 2541 2159 pro
2587 2090 2883 2143 mutatione
2932 2098 3106 2143 status
3156 2100 3214 2145 et
3250 2096 3392 2157 vitae,
3432 2110 3450 2143 ι
3481 2100 3581 2144 etc.
3609 2088 3714 2141 llazc

2164 2179 2381 2244 Kalkar,
2411 2181 2502 2249 qui
2555 2197 2675 2234 cum
2726 2180 2921 2233 ohicrit
2963 2182 3317 2250 octogenario
3364 2181 3547 2250 major,
3594 2179 3713 2231 hanc

2165 2271 2450 2324 historiam
2485 2270 2596 2337 jam
2628 2271 2909 2334 didicerat,
2942 2280 3035 2323 aut
3069 2271 3282 2325 discere
3324 2276 3566 2339 potuerat
3608 2277 3716 2321 ante

2166 2376 2363 2414 annum
2388 2362 2543 2423 1540,
2580 2377 2753 2430 neque
2778 2372 2833 2414 ut
2874 2377 3061 2416 recens
3091 2362 3159 2415 ab
3207 2363 3399 2416 otiosis
3442 2360 3719 2414 hominihus

2167 2450 2465 2513 inveniann,
2498 2465 2620 2503 cum
2667 2450 2837 2513 dicat,
2864 2466 2985 2504 cam
3018 2466 3079 2505 se
3106 2466 3419 2512 enarrasse.
3451 2459 3600 2519 prout
3629 2448 3717 2502 hoc

2170 2540 2307 2609 apud
2333 2539 2747 2594 Cartliosicnses
2769 2541 3129 2594 communiter
3157 2542 3425 2609 reperitur
3456 2540 3717 2607 scriptum,

2168 2629 2221 2683 id
2250 2639 2353 2691 est,
2386 2630 2528 2697 apud
2556 2629 2996 2694 Cartliusienscs,
3025 2631 3140 2683 sive
3186 2630 3240 2684 in
3281 2628 3717 2683 (iarthusiensiutn

2166 2735 2264 2789 per
2303 2719 2556 2784 Galliam,
2596 2719 2963 2784 Germaniam,
3015 2719 3358 2789 Hispaniam,
3399 2719 3631 2789 Angliam
3676 2726 3720 2770 ct

2168 2810 2303 2864 alias
2332 2811 2579 2880 regiones
2612 2812 2882 2865 domibus.
2916 2809 3099 2880 Neque
3135 2811 3311 2864 solum
3344 2812 3482 2879 apud
3513 2808 3719 2864 Cartha-

2168 2903 2394 2966 sieuses,
2422 2905 2513 2958 sed
2544 2913 2595 2957 et
2619 2904 2757 2971 apud
2784 2912 2999 2957 exteros
3029 2918 3296 2971 quosque,
3320 2900 3721 2971 quandoquidem

2172 2993 2397 3047 inferius
2429 2993 2801 3057 ostendemus,
2831 2990 2970 3048 hanc
3003 2993 3417 3062 historiamjant
3449 2992 3515 3045 ab
3543 2990 3723 3058 aliquot

2171 3085 2485 3138 auctoribus
2512 3083 2701 3154 Anglis
2727 3085 2981 3151 scriptam
3009 3083 3175 3137 fuisse
3205 3066 3335 3139 ante
3357 3098 3552 3136 anntnn
3587 3078 3720 3134 1570.

2241 3177 2365 3231 205.
2394 3196 2411 3227 α
2445 3176 2783 3230 llcrtnannus
2810 3175 3168 3230 Steenkcnius
3195 3176 3311 3231 sive
3340 3172 3727 3241 al‘etra,patria

2180 3265 2585 3334 Scutdorpmus,
2629 3264 2846 3319 llcnrici
2901 3263 3149 3318 Kalkaris
3196 3281 3433 3328 coaevus,
3479 3262 3728 3332 professus

2171 3354 2473 3409 Carthusise
2514 3354 2805 3408 Diestcnsis
2833 3355 2977 3410 circa
3028 3370 3229 3409 armum
3274 3357 3429 3421 1390,
3458 3366 3513 3411 et
3554 3353 3729 3407 deinde

2173 3445 2365 3498 domus
2412 3443 2775 3507 Trevirensis,
2820 3456 2978 3513 prout
3028 3447 3142 3500 hzec
3192 3445 3443 3501 ferebant
3493 3457 3729 3514 tempora.

2172 3550 2269 3605 per
2295 3535 2494 3590 multos
2533 3550 2707 3590 annos
2748 3534 2986 3589 vicarius
3024 3535 3343 3592 monialium
3379 3536 3729 3605 Brugcnsium,

2174 3628 2313 3697 apud
2344 3642 2481 3696 quas
2520 3642 2625 3681 nou
2674 3627 2790 3681 sine
2831 3626 3138 3681 sanctitatis
3165 3628 3424 3697 opinione
3452 3628 3581 3683 obiit
3607 3638 3733 3678 anno

2176 3718 2313 3774 H28
2358 3718 2412 3772 in
2450 3728 2683 3772 tractatu
2736 3717 2913 3787 Super
2956 3716 3217 3773 Oratione
3245 3719 3544 3783 Dominica,
3588 3730 3728 3785 quem

2173 3811 2408 3868 Joannes
2473 3812 2540 3866 de
2600 3804 2930 3881 Weslphalia
2992 3813 3364 3882 typographus
3418 3826 3557 3865 atino
3611 3805 3731 3863 κει

2175 3903 2337 3972 przelo
2368 3903 2608 3964 excudit,
2649 3902 2714 3955 de
2748 3911 2899 3955 tanto
2928 3901 3235 3970 spectaculo
3264 3903 3361 3955 dat
3387 3899 3728 3956 testimonium

2175 3997 2229 4052 in
2254 3998 2368 4052 hare
2408 3998 2571 4050 verba
2605 4013 2617 4049 :
2654 4015 2671 4046 ι
2711 3994 2973 4049 Similiter
3006 3994 3105 4048 fuit
3152 3995 3220 4047 de
3254 3994 3346 4048 illo
3394 3993 3586 4047 misero
3634 4004 3733 4043 nia-

2181 4106 2199 4140 ‹
2244 4088 2416 4155 gistro
2453 4096 2670 4157 regente
2710 4086 2933 4142 Parisiis
2961 4087 3013 4140 in
3050 4085 3319 4155 theologia
3346 4125 3362 4152 ,
3392 4086 3458 4139 de
3490 4081 3591 4152 q'uo
3616 4079 3732 4148 legi-

2180 4197 2198 4229 ‹
2250 4187 2336 4230 tur
2361 4178 2413 4231 in
2437 4176 3070 4232 ChrmiicisCarthusite:
3101 4174 3366 4240 «Quicum
3382 4183 3524 4229 esset
3547 4185 3733 4239 magnic

2182 4285 2201 4317 ι
2246 4268 2507 4329 scientiae,
2544 4282 2606 4321 ac
2634 4267 2785 4320 bona:
2805 4273 2860 4320 et
2888 4274 3090 4320 sanctze
3130 4266 3257 4320 vita:
3293 4274 3589 4334 putaretur,
3617 4260 3735 4315 obiit

2182 4374 2201 4408 c
2246 4356 2390 4411 circa
2422 4372 2621 4410 annum
2654 4352 2809 4418 1082,
2847 4356 2913 4409 ad
2956 4353 3108 4423 cujus
3140 4356 3428 4422 exsequias
3468 4369 3585 4407 cum
3617 4362 3735 4419 pene

562 4452 690 4505 204.
729 4451 931 4508 llorum
983 4450 1143 4506 modo
1182 4465 1248 4504 ex
1290 4448 1655 4505 Carlhusiano
1700 4458 1887 4504 nostro
1941 4463 2074 4502 ano-
2104 4459 2154 4517 ι)
2187 4464 2203 4496 ι
2248 4444 2577 4500 universitas
2631 4444 3015 4513 magistrorum
3071 4453 3123 4497 et
3176 4443 3485 4497 scholarum
3551 4454 3733 4495 conve-

494 4559 657 4616 nymo
694 4545 890 4597 seriem
941 4558 1259 4613 prosequor.
1299 4564 1315 4595 ‹
1350 4542 1618 4598 llenricus
1646 4540 1864 4607 Kalkar,
1890 4541 2080 4596 doctor

495 4649 650 4707 quon
672 4639 773 4689 Tam
790 4634 862 4689 Pa
873 4636 1139 4699 risiersis,
1154 4637 1299 4705 prior
1313 4635 1721 4693 Carthasiarum
1744 4634 2083 4690 Coloniensis

492 4734 549 4780 et
597 4724 1032 4795 Argentineusis,
1058 4733 1113 4778 et
1151 4740 1248 4794 per
1289 4725 1471 4795 plures
1514 4742 1687 4781 annos
1736 4726 2076 4779 diversarum

491 4814 893 4885 provinciarum
944 4814 1192 4870 visitator
1240 4825 1295 4868 et
1336 4817 1765 4879 commissarius,
1814 4814 2081 4869 abdicatis

494 4907 746 4967 eutnibus
786 4907 1000 4972 (illiciis,
1042 4924 1163 4961 cmn
1198 4924 1256 4961 se
1284 4907 1577 4976 recepisset
1605 4908 1657 4960 in
1710 4907 2076 4971 solitudinem,

495 5002 639 5058 inter
681 5000 882 5063 plures,
911 5015 1047 5069 quos
1099 4999 1288 5062 edidit,
1330 4998 1497 5051 libros
1540 5015 1704 5052 unum
1759 4999 2083 5067 conscripsit

499 5116 525 5157 e
565 5097 638 5150 De
692 5104 813 5149 ortu
863 5104 918 5152 et
968 5107 1253 5163 progressu
1318 5091 1530 5145 ordinis
1583 5091 2015 5155 Cartlinsiensis,
2056 5110 2075 5143 ι

496 5190 653 5254 cujus
690 5188 857 5242 multa
902 5183 1233 5254 exemplaria
1272 5193 1623 5237 asservantur
1658 5184 1708 5236 in
1741 5181 2083 5235 bibliothecis

494 5278 831 5336 Coloniensis
856 5287 910 5333 et
940 5276 1283 5331 Divionensis
1316 5275 1749 5337 Cartltttsiarnm,
1782 5289 1846 5329 ac
1891 5272 2081 5327 civita-

495 5371 566 5424 tis
597 5370 923 5426 Basileensis
942 5377 998 5423 et
1025 5368 1175 5424 alibi.
1196 5375 1249 5421 tn
1275 5369 1377 5421 hoc
1408 5376 1638 5421 tractatu
1665 5367 1821 5436 hujus
1842 5352 2081 5419 damnati

494 5460 752 5517 miserum
776 5461 1001 5519 exitium
1031 5458 1426 5516 concisioribus
1445 5456 1850 5524 comprehendit
1881 5455 2082 5521 verbis,

497 5560 557 5605 ut
579 5553 826 5621 sequitur
858 5572 870 5607 :
908 5571 926 5604 ‹
963 5552 1069 5606 Sed
1119 5564 1247 5605 ecce
1282 5550 1334 5602 in
1388 5547 1711 5609 lt‘llelll‘OSiS,
1747 5561 1812 5599 ex
1857 5545 2080 5613 perﬁdia

505 5663 521 5696 ι
571 5645 832 5708 inzixime,
866 5646 972 5700 illis
1002 5643 1246 5699 ecclesia:
1287 5639 1795 5711 quassationibus...
1834 5636 1924 5690 Dei
1977 5637 2079 5688 mi-

505 5754 531 5791 ι
573 5737 866 5794 sericordia
894 5753 1030 5791 nova
1062 5735 1153 5793 lux
1180 5750 1274 5806 per
1297 5733 1459 5791 [idem
1490 5747 1557 5789 cx
1588 5739 1774 5787 exorta
1805 5725 2077 5787 Parisien-

2187 4552 2206 4583 ι
2253 4535 2455 4599 uisset,
2501 4543 2558 4589 et
2605 4532 2819 4603 sepeliri
2870 4531 3111 4594 deberet,
3148 4530 3290 4584 clara
3343 4546 3505 4594 voce,
3543 4525 3736 4582 cunctis

2187 4644 2205 4677 ι
2253 4625 2623 4687 audientibus,
2661 4624 2793 4677 dixit
2826 4637 2839 4675 :
2879 4641 2897 4672 ι
2944 4620 3099 4677 Juslo
3138 4620 3233 4675 Dei
3276 4620 3481 4688 judicio
3533 4629 3737 4673 accusa-

2186 4735 2206 4768 ι
2255 4723 2341 4770 tus
2392 4730 2534 4769 sum.
2577 4735 2595 4767 ι
2631 4713 2891 4783 Sequenti
2931 4713 3018 4766 die
3047 4710 3214 4765 multo
3262 4711 3504 4779 pluribus
3528 4718 3736 4775 congre-

2188 4828 2205 4860 ι
2254 4809 2393 4881 gatis
2415 4809 2584 4863 dixit:
2616 4828 2632 4858 ι
2669 4806 2823 4861 Justo
2855 4805 2947 4858 Dei
2985 4802 3192 4872 judicio
3232 4803 3506 4872 judicatus
3548 4811 3658 4853 sum
3704 4809 3731 4853 t

2182 4905 2521 4978 Quapropter
2568 4911 2872 4959 reservatus
2902 4915 3074 4969 usque
3117 4898 3185 4952 ad
3216 4895 3379 4951 alium
3420 4894 3581 4951 diem,
3626 4897 3737 4941 cum

2188 5008 2300 5053 tota
2348 4998 2544 5053 civitas
2608 4995 2988 5055 convenisset,
3040 4990 3177 5045 dixit
3221 5002 3406 5043 coram
3457 4980 3744 5040 omnibus:

2190 5106 2207 5139 ε
2252 5086 2403 5141 Justo
2428 5088 2517 5141 Dei
2541 5085 2749 5153 judicio
2768 5083 3158 5137 condemnatus
3187 5093 3327 5130 sum.
3350 5095 3368 5127 ι
3404 5074 3538 5127 Ecce
3583 5087 3599 5120 ι
3619 5082 3738 5153 quu-

2190 5196 2207 5227 ε
2253 5174 2378 5228 liter
2400 5174 2485 5228 ille
2518 5150 2654 5227 falso
2679 5183 2734 5227 et
2773 5171 2946 5226 solum
2993 5175 3318 5235 apparenter
3357 5162 3543 5216 lucens
3571 5150 3739 5221 expul-

2190 5287 2207 5319 α
2255 5282 2346 5320 sus
2377 5266 2475 5317 fuit
2510 5263 2583 5318 de
2629 5265 2747 5318 luce
2792 5277 2888 5315 sua
2914 5261 2979 5313 ad
3028 5272 3184 5311 veras
3236 5254 3502 5310 tenebras.
3544 5268 3562 5300 ι
3610 5244 3738 5298 Idem

2186 5363 2448 5411 tractatus
2493 5354 2672 5409 editus
2717 5359 2800 5405 est
2837 5347 3156 5416 Roth’magi
3184 5360 3326 5399 arino
3361 5339 3494 5395 l512
3538 5351 3628 5406 per
3660 5330 3741 5385 lli-

2183 5447 2441 5504 chardmn
2494 5444 2729 5515 Goupil;
2772 5441 2864 5497 sed
2920 5454 3205 5508 perperam
3244 5445 3435 5490 auctor
3461 5426 3742 5515 appellatur

2183 5539 2469 5601 Arnoldus,
2526 5512 2685 5604 quem
2728 5548 2794 5587 ex
2844 5531 3049 5585 chartis
3101 5524 3489 5596 capitularibus
3552 5512 3741 5571 οτιξίιιίε

2183 5639 2394 5687 constat
2423 5628 2746 5697 appellatum
2779 5623 2944 5677 fuisse
2981 5620 3371 5675 llermaunum.

2263 5722 2389 5779 206.
2426 5693 2760 5787 cavatarus
2786 5714 2984 5771 Savelli
3036 5710 3312 5779 professus
3359 5701 3575 5775 majoris
3633 5693 3739 5750 Car-
