3862 6310
120 367 186 423 121
1578 349 1767 406 ACTA.

3213 349 3321 404 1Ξί

119 479 282 540 tbusite,
305 477 448 546 cujus
475 485 879 547 procuratorem
911 476 1022 547 egit
1042 467 1139 546 per
1161 488 1331 528 annos
1359 480 1546 542 viginti
1578 478 1632 522 et
1661 475 1706 529 Α
1739 473 1981 535 proiectu
2023 467 2316 533 tenuisset;
2348 466 2434 522 hic
2472 467 2614 525 inter
2657 479 2850 523 caetera
2880 481 2992 524 sua:
3019 447 3234 536 pietatis
3266 480 3321 524 ct

118 568 318 638 amplius,
356 567 422 620 ab
460 582 602 620 anno
636 566 890 620 videlicet
914 565 1050 620 1458
1077 566 1142 618 ad
1173 573 1402 618 mortem
1435 576 1637 629 ttsque,

117 675 241 729 qum:
258 657 378 711 obiit
417 672 559 711 anno
591 655 751 723 “59,
785 667 898 712 teto
944 658 1047 712 hoc
1088 665 1332 725 tempore
1360 653 1541 724 plures
1571 651 1639 705 li-

119 755 227 811 Il’lS,
254 763 375 814 quos
397 747 847 818 Recognitionum
876 759 1089 810 vocant,
1114 747 1332 816 scripsit
1355 745 1438 800 vel
1474 742 1638 799 scribi

117 840 298 895 curavit.
329 839 470 893 Inter
491 855 627 908 quos
653 856 794 895 unus
820 841 998 895 adhuc
1027 848 1210 894 exstat
1241 838 1476 907 scriptus
1497 852 1640 893 anno

119 929 308 993 tt55,in
348 944 454 998 quo
494 931 608 986 lucc
659 942 844 986 nostra
889 931 1117 986 historia
1181 930 1373 984 iisdem
1419 943 1642 1000 prorsus

119 1023 268 1084 verbis,
311 1021 502 1091 quibus
562 1022 793 1077 habetur
851 1024 903 1076 in
955 1021 1124 1076 veteri
1181 1031 1368 1076 nostro
1416 1031 1642 1077 auctore

119 1127 356 1182 anonymo,
383 1114 716 1182 exprimitur
737 1128 860 1169 cum
889 1113 982 1167 tali
1019 1111 1369 1183 inscriptione
1396 1111 1464 1166 ad
1496 1110 1642 1166 fron-

121 1215 272 1257 temzr
304 1204 577 1271 Quomodo
624 1205 760 1259 ordo
789 1203 1194 1260 Carthusiensis
1242 1201 1432 1258 habuit
1479 1201 1644 1272 origi-

121 1313 134 1345 ι
166 1311 278 1349 nem.
315 1315 334 1347 ι
367 1295 680 1366 Statimque
720 1305 844 1366 post
867 1305 1181 1351 cnarratam
1214 1295 1504 1350 historiam
1558 1309 1643 1349 se-

118 1399 304 1455 quuntur
341 1386 534 1442 litterae
581 1389 918 1444 fundationis
961 1387 1264 1442 Carthusite
1291 1387 1420 1460 anni
1478 1385 1638 1443 1084.

119 1478 228 1532 Uade
267 1488 536 1547 putamus,
571 1490 757 1534 natum
789 1494 1029 1534 errorem
1070 1479 1131 1533 D.
1166 1477 1449 1550 Polycarpi
1490 1479 1558 1533 de
1592 1477 1642 1532 la

118 1571 293 1633 Riviere,
321 1571 455 1624 inter
480 1581 766 1636 auctores,
791 1572 882 1642 qui
919 1571 1224 1639 hujusmodi
1257 1563 1495 1641 prodigii
1530 1584 1644 1624 me-

117 1660 345 1726 minerant,
374 1663 597 1716 easdem
629 1661 843 1716 litteras
879 1662 1236 1725 rccensentis,
1265 1671 1457 1714 contra
1483 1674 1641 1730 quem

117 1763 356 1820 propterea,
382 1753 530 1806 velut
567 1755 722 1808 malze
761 1753 813 1807 in
855 1753 1142 1808 scribendo
1185 1752 1306 1808 tidei
1339 1751 1640 1817 hominem,

118 1843 324 1898 Lauricius
361 1845 522 1914 paulo
549 1846 731 1900 acrius
755 1845 936 1899 invehi
969 1845 1114 1899 visus
1137 1853 1241 1900 est.

159 1934 255 1988 207.
293 1954 309 1986 ι
341 1935 632 2008 Dionysius
659 1935 956 2000 Richclius,
1004 1935 1163 2006 vulgo
1227 1936 1404 1990 dictus
1439 1935 1638 1990 Doctor

116 2027 337 2092 rxtaticus,
364 2028 450 2097 qui
477 2027 632 2081 inter
653 2042 749 2081 nos
765 2025 945 2081 ﬂoruit
967 2024 1035 2079 ab
1061 2041 1204 2080 anno
1229 2026 1448 2082 circiter
1476 2025 1634 2091 1425,

117 2117 160 2171 ad
181 2132 341 2171 annum
385 2118 553 2182 H71,
593 2133 756 2190 quoe
807 2117 942 2173 vivis
968 2117 1237 2181 discessit,
1264 2117 1318 2172 in
1379 2125 1634 2181 tractatu,

120 2227 132 2257 ι
166 2210 220 2263 De
262 2212 524 2278 praeconio
569 2212 684 2266 sive
722 2211 878 2266 laude
916 2209 1318 2266 Carthusiensis
1347 2208 1574 2274 ordinis,
1612 2229 1631 2262 ι

118 2299 215 2351 inter
249 2316 328 2353 sua
358 2301 623 2370 opuscula
663 2303 860 2372 smpius
900 2303 1047 2357 edito
1099 2302 1167 2357 de
1226 2317 1390 2356 causa
1436 2309 1637 2356 nostrae

119 2392 399 2447 institutionis
422 2393 664 2449 articulo
697 2395 874 2464 priruo
908 2395 1026 2450 lure
1078 2394 1243 2449 habet
1275 2410 1288 2448 :
1324 2413 1343 2446 ι
1378 2394 1634 2464 Agniturn

121 2507 132 2536 ι
163 2488 279 2556 plane
298 2498 448 2559 atque
484 2487 761 2543 famosum
791 2497 872 2543 est
902 2488 1220 2543 miraculum
1244 2487 1372 2543 illud
1404 2490 1638 2545 resusci-
1675 2527 1689 2542 ι

121 2599 132 2627 ι
163 2583 230 2634 tati
260 2581 467 2638 Parisiis
518 2582 739 2650 mortui,
777 2583 830 2636 in
883 2581 1150 2654 theologia
1200 2583 1466 2652 magistri,
1497 2581 1638 2638 facie

121 2693 133 2724 ι
161 2687 278 2730 tenus
301 2676 488 2731 virtuo-
508 2677 548 2739 i,
566 2676 866 2748 grandique
889 2691 1101 2730 morum
1129 2685 1412 2730 venustate
1465 2675 1636 2730 forin-

121 2782 133 2813 ι
163 2781 281 2820 secus
299 2769 568 2828 decorati.
589 2769 680 2838 Qui
709 2768 880 2824 altera
911 2769 1093 2824 obitus
1132 2769 1216 2824 sui
1252 2769 1339 2824 die
1373 2784 1437 2822 ac
1460 2769 1632 2839 prima

121 2858 224 2912 Isui
267 2861 664 2915 resurrectione
693 2861 911 2931 erigens
941 2879 1001 2917 se
1043 2861 1095 2916 in
1151 2859 1352 2916 feretro
1407 2861 1634 2914 terribili

123 2966 134 2994 ι
166 2951 343 3016 protulit
382 2962 657 3022 apparatu
691 2971 704 3007 :
753 2971 772 3006 ‹
810 2952 964 3008 Justo
994 2952 1089 3007 Dei
1129 2951 1334 3020 judicio
1355 2963 1637 3008 accusatus

126 3055 138 3087 ι
168 3055 272 3096 sunt.
295 3063 311 3095 ι
334 3043 499 3098 Porro
525 3045 778 3112 sequenti
808 3045 894 3100 die
920 3044 1217 3100 terribilius
1263 3045 1339 3098 ait
1373 3061 1384 3097 :
1433 3063 1452 3094 ι
1482 3043 1636 3099 Justo

1742 561 2000 614 doctrina:
2048 573 2416 642 monumenta,
2461 562 2526 616 de
2567 563 2763 629 quibus
2806 560 3071 625 Petreius,
3105 561 3323 630 reliquit

1744 656 1908 709 etiam
1951 654 2127 708 Vitam
2179 655 2353 708 sancti
2401 653 2692 716 Brunonis,
2740 670 2900 723 quam
2946 653 3163 724 quidem
3215 669 3320 708 non

1741 747 2006 808 vidirnns,
2057 746 2149 799 sed
2197 759 2316 799 eam
2368 747 2635 800 asservari
2692 747 2743 800 in
2799 745 3128 801 bibliotheca
3174 744 3324 800 urbis

1742 836 2088 898 Basileensis,
2121 846 2175 890 et
2212 837 2264 890 in
2311 853 2374 891 ea
2415 837 2529 893 fieri
2578 839 2906 894 mentionem
2939 838 3180 896 damnati
3227 838 3324 892 ho—

1746 929 1928 993 minis,
1963 935 2191 982 testatur
2233 931 2564 984 reverendus
2592 929 2755 984 Pater
2785 927 3106 983 Mabilonius
3137 927 3190 982 in
3225 943 3325 982 suo

1743 1019 1939 1075 Itinere
1969 1017 2291 1074 Germanico
2321 1019 2403 1074 his
2434 1022 2645 1077 verbis:
2680 1014 2682 1017 ’

1812 1109 1940 1166 209.
1978 1129 1996 1161 ι
2041 1109 2099 1164 1n
2149 1110 2344 1164 minori
2383 1109 2626 1177 Basilea,
2671 1129 2792 1184 quae
2839 1111 3032 1181 majori
3084 1112 3328 1184 jungitur

1752 1221 1769 1253 ι
1819 1211 1980 1271 ponte
2024 1199 2193 1256 Rheni
2237 1200 2482 1266 sublicio,
2519 1211 2644 1259 ante
2687 1215 2866 1261 motus
2900 1205 3206 1261 llelveticos
3245 1204 3329 1258 in-

1751 1312 1768 1344 r
1818 1291 1986 1362 signis
2009 1290 2297 1346 Carthusia
2329 1294 2679 1358 exstabat,ex
2712 1307 2824 1364 qua'
2847 1296 2997 1350 multi
3027 1297 3242 1350 codices
3275 1295 3326 1349 in

1752 1401 1771 1434 ι
1817 1381 2087 1452 publicam
2130 1381 2476 1452 illam,qu:im
2511 1385 2760 1454 superius
2791 1385 3178 1456 descripsimus
3202 1427 3218 1451 ,
3248 1387 3330 1440 bi-

1752 1495 1770 1528 ι
1817 1477 2146 1532 bliothecam
2185 1479 2498 1548 transpositi
2541 1489 2689 1534 sunt.
2725 1479 2870 1535 Duos
2901 1489 3112 1536 tantum
3142 1492 3331 1537 notare

1751 1587 1770 1622 ι
1809 1567 1980 1636 juvat.
2011 1584 2197 1633 unum,
2223 1568 2313 1636 qui
2359 1567 2615 1638 Guigonis
2643 1580 2846 1624 statuta
2894 1572 3161 1636 continet,
3192 1572 3330 1626 alte-

1751 1681 1769 1714 r
1818 1677 1960 1724 rum,
2004 1660 2095 1728 qui
2121 1659 2297 1714 Vitant
2327 1661 2500 1714 sancti
2530 1660 2816 1726 Bruuonis,
2848 1662 3190 1731 incipientem
3247 1665 3332 1718 his

1753 1772 1771 1805 ι
1815 1753 2026 1808 verbis:
2059 1773 2076 1804 ς
2099 1751 2251 1819 Quod
2267 1752 2919 1822 sapiens,exhortationis
2940 1754 3112 1822 gratia
3144 1753 3328 1809 dicit.»

1665 1827 1712 1888 Β
1743 1865 1760 1897 α
1809 1845 1998 1899 ln-line
2027 1845 2143 1899 [nec
2196 1843 2488 1914 leguntur:
2531 1841 2726 1897 Frater
2769 1843 3074 1897 Ludovicus
3123 1841 3325 1906 Moser,

1745 1955 1763 1988 ι
1811 1937 2105 1991 monachus
2139 1935 2416 2007 professus
2447 1934 2604 2004 hujus
2629 1935 2783 1989 vallis
2805 1936 2864 1990 Β.
2904 1935 3215 2004 Margaretac
3236 1936 3336 1990 Ba-

1744 2045 1763 2078 r
1812 2027 1978 2088 sileze,
2025 2026 2232 2081 ordinis
2287 2025 2735 2090 Carthusiensis,
2787 2028 2930 2081 hunc
2980 2029 3336 2097 trausumpsit

1743 2136 1761 2168 ι
1809 2131 1873 2171 ex
1917 2115 2313 2186 cltalcographo
2340 2116 2518 2171 Patris
2545 2116 2764 2171 Ilenrici
2796 2119 2861 2172 de
2895 2117 3164 2179 Alveldia,
3189 2117 3335 2187 ejus-

1743 2225 1762 2258 (
1806 2207 1928 2261 dem
1969 2206 2163 2261 domus
2207 2206 2480 2276 quondam
2527 2206 2751 2276 prioris,
2783 2222 2928 2260 anno
2958 2205 3114 2271 1486,
3153 2207 3214 2262 18
3248 2207 3336 2260 die

1744 2321 1761 2353 ι
1807 2299 2038 2371 Aprilis.
2091 2315 2234 2355 anno
2292 2301 2498 2370 pnefati
2544 2299 2720 2354 Patris
2772 2299 2988 2353 llenrici
3045 2301 3096 2354 in
3147 2300 3338 2354 ordine

1743 2415 1762 2450 r
1808 2395 2280 2452 Carthusiensium
2309 2412 2360 2450 ι..
2399 2395 2538 2478 lla'c.
2562 2396 2771 2451 idcirco
2796 2409 2987 2451 nozare
3017 2397 3191 2449 visum
3229 2405 3336 2461 cst,

1744 2505 1763 2541 ι
1806 2487 1950 2558 quod
1983 2487 2036 2541 in
2063 2501 2129 2542 eo
2164 2487 2343 2542 libello
2370 2498 2562 2560 agatur
2595 2488 2660 2542 de
2702 2488 2895 2542 funere
2947 2487 3159 2544 famoso
3193 2487 3336 2543 illius

1743 2601 1762 2634 ι
1809 2581 2049 2636 doctoris
2106 2577 2454 2635 Parisiensis.
2495 2599 2512 2632 ι
2557 2578 2685 2636 Ηωο
2747 2579 3092 2634 Mabilonius.
3141 2580 3336 2636 Petrus

1739 2675 2064 2744 Dorlandus,
2103 2675 2321 2732 Henrici
2374 2675 2596 2729 Arnoldi
2639 2689 2862 2744 suppar,
2895 2675 3197 2728 monachus
3247 2674 3332 2728 in-

1739 2768 2044 2840 tegerrima:
2073 2764 2510 2837 vitm,professus
2534 2774 2588 2819 et
2615 2763 2742 2820 olim
2769 2764 3006 2818 vicarius
3026 2763 3332 2819 Carthusize

1738 2860 2058 2926 Diestensis,
2091 2860 2141 2914 in
2191 2874 2300 2928 qua
2349 2866 2402 2912 et
2441 2857 2686 2927 piissime
2717 2854 3010 2910 defunctus
3049 2864 3134 2911 est
3187 2870 3336 2910 anno

1740 2953 1899 3019 1507,
1931 2953 2074 3008 inter
2100 2953 2317 3010 multas.
2347 2966 2480 3020 quas
2511 2951 2746 3022 posteris
2778 2948 3018 3016 reliquit,
3043 2947 3334 3004 elucubra-

1741 3045 1936 3111 tiones,
1987 3043 2294 3100 Cltronicon
2326 3041 2734 3105 Carthusiense,
2770 3051 2976 3111 septem
3008 3039 3328 3094 distinctum

126 3152 139 3185 t
169 3135 240 3189 Dei
258 3135 444 3203 judicio
465 3137 753 3209 judicatus
781 3155 951 3194 sum.»
986 3139 1170 3194 Tertia
1196 3149 1373 3193 autem
1406 3140 1493 3194 die
1525 3150 1635 3195 ter-
1667 3177 1708 3233 Ο
1744 3137 1919 3202 libris,
1968 3136 2211 3206 scripsit;
2255 3151 2414 3205 quem
2484 3144 2670 3188 noster
2723 3131 2969 3186 Petreius
3020 3131 3165 3185 notis
3204 3131 3330 3185 illu-

125 3243 136 3272 ι
167 3225 422 3283 ribilissima
448 3246 590 3285 voce
617 3231 952 3300 deprompsit
985 3249 997 3284 :
1054 3250 1073 3282 ι
1103 3230 1256 3286 Justo
1308 3231 1397 3288 Dei
1433 3231 1639 3299 judicio

127 3334 139 3364 ι
168 3320 444 3376 :rternaliter
470 3337 599 3376 sum
634 3323 940 3376 damnatus.
968 3342 986 3375 ι
1014 3322 1182 3392 Cujus
1205 3323 1490 3378 occasione
1519 3339 1640 3390 pro-

126 3408 262 3480 tdigii
293 3413 414 3466 ordo
452 3413 627 3482 carpit
669 3411 1091 3468 Carthusiensrs.
1137 3412 1234 3468 Vir
1275 3416 1476 3484 quippe
1518 3415 1638 3468 alue

126 3515 138 3546 ι
168 3503 572 3558 cortsiderationis
618 3503 878 3573 magister
907 3505 1105 3571 Bruno,
1143 3524 1162 3556 ι
1203 3515 1309 3561 etc.
1342 3505 1475 3561 Cum
1506 3508 1639 3564 dicit

125 3588 375 3664 Dionysius:
403 3614 422 3647 ι
443 3596 708 3665 Agnitum
733 3596 910 3664 plane,
932 3617 950 3649 ι
978 3598 1293 3668 addensque
1327 3607 1520 3670 «atque
1551 3598 1634 3655 fa-

125 3696 317 3746 niosum,r
346 3686 549 3741 clarius
578 3685 692 3741 sole
730 3686 952 3752 indicat,
984 3687 1187 3743 nullum
1209 3689 1433 3744 omnino
1468 3687 1637 3746 fuisse

123 3771 281 3829 dubium
305 3787 421 3834 tunc
459 3778 748 3848 temporis,
774 3794 883 3849 quo
913 3779 1070 3845 vixit,
1103 3795 1300 3850 nempe
1329 3795 1471 3836 anno
1496 3782 1634 3837 H23

124 3861 298 3920 dedicto
329 3870 662 3938 spectaculo,
693 3869 786 3925 sed
822 3870 1002 3940 potius
1033 3871 1398 3926 certissimum
1443 3887 1508 3927 ac
1543 3889 1634 3928 ve-

123 3955 326 4013 rissimum
349 3961 534 4029 fuisse,
569 3978 692 4017 cum
721 3963 848 4018 illud
874 3963 1071 4033 ubique
1101 3964 1433 4035 divulgatum
1455 3974 1627 4034 esset;

125 4046 199 4103 hec
219 4054 337 4107 enim
365 4057 628 4111 vocabula
655 4057 924 4127 (agnitum
948 4056 1136 4127 planet
1181 4067 1237 4112 et
1288 4058 1578 4113 «famosum
1601 4077 1625 4115 ι

124 4139 377 4205 s‘gnilicant.
399 4147 532 4214 Quae
555 4148 718 4202 ctiam
748 4157 1051 4219 congruunt
1087 4149 1192 4212 his,
1221 4164 1341 4218 quae
1365 4149 1629 4207 Henricus

124 4227 288 4298 Kalkar,
328 4254 483 4308 quem
543 4241 780 4297 diximus
820 4257 980 4312 supra
1002 4240 1114 4309 jam
1175 4241 1438 4311 claruisse
1485 4258 1628 4298 anno

125 4321 464 4396 13l0,dixerat,
496 4348 694 4403 nempe
721 4333 822 4390 hoc
843 4333 1204 4390 communiter
1235 4335 1460 4405 reperiri
1490 4335 1626 4391 scri-

125 4423 223 4477 Ιιῑιιιιι
247 4425 366 4492 apud
387 4425 456 4479 Ca
467 4426 824 4481 rtbusicnses.

1743 3239 1972 3284 stratum
2005 3227 2241 3298 vulgavit
2273 3242 2413 3281 anno
2459 3226 2616 3281 1608.
2661 3225 2716 3280 lu
2758 3241 2823 3280 eo
2869 3224 3030 3295 hujus
3086 3223 3333 3279 historiae

1741 3320 2142 3386 substantiam,
2205 3327 2413 3374 mutato
2463 3318 2682 3389 quidem
2738 3317 2908 3388 Stylo,
2961 3316 3182 3379 retulit,
3234 3315 3332 3370 sed

1742 3411 1887 3466 nulla
1938 3411 2120 3465 addita
2165 3410 2620 3474 circumstantia,
2663 3423 2783 3478 qua:
2832 3407 3048 3461 dilferut
3104 3407 3173 3463 ab
3216 3407 3282 3462 iis
3311 3447 3328 3473 ,

1739 3520 1858 3576 quae
1903 3504 2246 3574 reperiuntur
2294 3505 2346 3558 in
2401 3502 2676 3558 Chronico
2725 3501 2979 3572 anonymi
3031 3488 3330 3556 scribentis

1738 3598 1882 3653 circa
1933 3612 2133 3651 annum
2183 3596 2340 3659 1560,
2370 3597 2435 3651 de
2465 3611 2573 3666 quo
2623 3609 2811 3663 supra.
2848 3592 2958 3649 Nec
2993 3593 3159 3648 etiam
3197 3592 3329 3647 facit

1737 3688 2066 3742 mentionem
2094 3687 2344 3744 lectionis
2367 3697 2576 3749 quartae
2598 3681 2918 3757 Vigiliarum
2948 3702 3047 3756 pro
3076 3685 3326 3752 mortuis,
3384 3743 3386 3745 .

1735 3789 1795 3833 ut
1845 3778 2094 3844 incaute,
2141 3777 2260 3846 vel,
2312 3777 2526 3834 labente
2570 3779 2861 3844 memoria,
2908 3777 3142 3834 credidit
3186 3775 3327 3833 Lau-

1737 3883 1931 3941 noyus.
1976 3887 1995 3921 ι
3168 3869 3172 3874 ·

1802 3961 1932 4016 210.
1971 3962 2147 4032 Atque
2195 3962 2250 4016 hi
2299 3962 2506 4016 ordinis
2561 3961 2968 4017 Carthusiensis
3027 3961 3328 4031 scriptores

1733 4063 1856 4107 sunt
1883 4053 2076 4108 szeculo
2112 4061 2265 4106 sexto
2294 4052 2502 4106 decimo
2525 4053 2884 4124 antiquiores,
2919 4068 2946 4104 a
2979 4053 3176 4121 quibus
3201 4068 3325 4122 pro—

1731 4145 1996 4216 digiosam
2051 4145 2290 4199 doctoris
2329 4144 2656 4200 Parisiensis
2705 4146 3001 4200 anastasirn
3044 4144 3329 4198 memoriae

1731 4237 1996 4306 proditam
2054 4238 2308 4303 invenio;
2359 4237 2506 4292 hisce
2541 4246 2720 4294 autem
2780 4237 3118 4302 Dorlandus,
3171 4245 3322 4291 utut

1729 4327 1923 4383 s:cculo
1953 4337 2108 4383 sexto
2134 4329 2344 4384 decimo
2369 4327 2482 4399 jam
2507 4339 2762 4412 currente
2804 4331 2909 4383 vita
2966 4327 3208 4391 functus,
3234 4327 3325 4384 id-.

1732 4422 1880 4476 circo
1913 4431 2059 4478 recte
2084 4422 2248 4478 etiam
2293 4430 2712 4486 annumeratur,
2759 4419 2904 4490 quod
2933 4419 3130 4474 saeculo
3160 4429 3326 4472 antem

167 4500 258 4557 908.
288 4525 305 4557 r
343 4508 651 4566 Bernardus
697 4514 764 4566 de
801 4513 958 4582 [ζει-ει,
1004 4513 1280 4582 professus
1338 4515 1627 4573 destructa».
1659 4517 1704 4573 Ι)
1734 4513 1862 4567 riori
1907 4513 2178 4583 prmeipue
2215 4512 2461 4567 ﬂoruerit
2485 4554 2499 4578 ,
2533 4527 2736 4582 eaque,
2778 4528 2898 4582 qtttn
2944 4509 3011 4566 de
3065 4511 3330 4566 Brinnone-

125 4585 258 4682 tlomus
283 4598 604 4670 Lignicensis
628 4604 680 4657 in
711 4603 927 4666 Silesia,
961 4605 1044 4658 vir
1076 4606 1127 4659 in
1158 4607 1356 4662 divinis
1384 4607 1629 4678 Scriptu-

125 4686 172 4724 ns
192 4685 418 4742 studiosus
457 4699 514 4744 et
551 4689 817 4752 eruditus,
847 4696 924 4744 att
950 4690 1304 4756 Trithemins,
1357 4687 1626 4766 dialogum

124 4777 348 4837 θυιιψοςυῑι
367 4795 504 4834 anno
531 4779 656 4834 1481
686 4799 704 4830 r
736 4780 1070 4838 Delaudihus
1085 4791 1139 4837 et
1156 4783 1433 4840 miraculis
1457 4786 1626 4841 beata:

128 4855 300 4918 tllarize
338 4865 589 4939 Virginis,
629 4889 647 4924 ι
691 4870 1013 4941 impressum
1063 4873 1256 4945 Lipsia:
1295 4892 1436 4930 anno
1488 4879 1625 4934 1495

125 4947 251 5044 statim
276 4966 381 5022 post
415 4970 642 5016 mortem
677 4965 918 5021 auctoris
949 4982 965 5030 ;
994 4965 1045 5020 in
1073 4981 1181 5037 quo
1225 4968 1488 5038 originem
1535 4987 1623 5026 or-

125 5032 218 5130 dinis
255 5043 634 5108 Carthusiensis
679 5064 899 5110 enarrat
950 5032 1106 5123 fere;
1131 5067 1294 5125 prout
1311 5032 1537 5130 ‘legitur
1569 5061 1620 5116 in

124 5121 322 5222 Ehronico
341 5139 658 5209 Carthusiaz,
682 5147 825 5216 quod
853 5149 922 5202 ab
969 5148 1142 5204 altero
1169 5165 1472 5222 anonymo,
1522 5155 1622 5209 sub

126 5213 293 5308 Hilario
332 5229 564 5299 ﬂorente,
617 5239 986 5308 conscriptum
1049 5241 1302 5296 diximus.
1357 5241 1620 5300 Henricus

126 5307 279 5369 Antoldi
300 5322 358 5375 de
387 5324 647 5393 Alvel.lia,
689 5332 803 5399 qui,
835 5347 932 5400 per
953 5333 1192 5402 quinque
1215 5350 1388 5390 annos
1419 5339 1617 5394 notarii

128 5411 287 5492 mittere
323 5412 370 5466 in
417 5415 700 5473 Basileensi
735 5421 966 5476 concilio
1005 5423 1319 5492 perfunctus
1346 5466 1361 5489 ,
1420 5444 1614 5485 nomen

125 5490 245 5546 ordini
293 5499 425 5557 dedit
481 5507 532 5562 in
597 5509 885 5567 Carthusia
946 5513 1187 5582 ejusdem
1252 5517 1403 5572 urbis
1469 5519 1612 5574 circa

127 5587 222 5631 anno
248 5585 390 5656 1436,
421 5596 656 5669 vixitque
685 5616 808 5655 cum
846 5603 991 5656 omni
1031 5603 1188 5658 laude
1227 5622 1395 5675 usque
1424 5609 1490 5664 ad
1522 5626 1616 5663 an-

231 5675 363 5746 ll87,
391 5697 661 5758 postquam
697 5692 934 5764 regimen
963 5695 1205 5764 ejusdem
1237 5699 1427 5754 domus
1457 5701 1612 5756 annis

133 5759 284 5826 militia
319 5783 366 5828 et
411 5779 628 5850 amplius
663 5797 782 5836 cum
829 5784 1110 5857 utriusque
1144 5797 1315 5845 status
1370 5791 1610 5850 maximo

1731 4603 1912 4664 habet,
1946 4601 2141 4657 litteris
2164 4612 2293 4658 tunc
2321 4604 2726 4659 verosimillime
2762 4603 3116 4674 consignarit.
3145 4601 3329 4657 Porro.

1733 4698 1948 4750 fuerunt
1986 4696 2174 4760 etiam,
2209 4697 2301 4766 qui
2350 4697 2671 4770 prodigiosae
2703 4699 2943 4754 doctoris
2989 4698 3327 4753 Parisiensis

1730 4788 2001 4842 anastasis
2027 4787 2309 4842 historiam
2347 4788 2640 4856 adjunctis,
2668 4807 2788 4862 quae
2839 4791 2980 4862 apud
3014 4792 3326 4862 scriptorcs.

1728 4879 2057 4948 antiquiores
2088 4880 2199 4949 jam
2227 4882 2523 4938 recensitos
2553 4900 2656 4938 non
2684 4892 2829 4947 sunt,
2860 4895 3148 4946 auxerunt,
3189 4885 3322 4939 hos-s

1726 4985 1830 5039 que
1853 4970 2046 5025 deinde
2070 4972 2206 5025 sacri
2230 4973 2436 5026 ordinis
2448 4973 2854 5031 Carthusiensis
2876 4975 3166 5044 scriptores
3182 4979 3313 5039 duo,

1726 5067 2001 5134 Puteanus
2043 5067 2289 5122 videlicet
2327 5076 2383 5122 et
2421 5067 2840 5130 Blt'nnenvenna,
2870 5069 2960 5139 qui
2997 5071 3166 5124 sancti
3209 5085 3310 5138 pa-

1727 5157 1982 5212 triarcha:
2025 5157 2107 5213 sui
2165 5155 2340 5212 Vitam
2395 5159 2577 5213 saeculi
2627 5160 2766 5214 sexti
2815 5158 3009 5214 decimi
3057 5159 3210 5213 initio
3240 5175 3308 5216 ex

1724 5249 1973 5304 instituto
2007 5248 2434 5320 descripserunt,
2483 5258 2611 5306 sunt
2653 5251 2850 5307 secuti.
2890 5251 2972 5306 An
3031 5259 3196 5314 recte,
3239 5264 3309 5304 ex

1721 5341 1966 5396 dicendis
2028 5350 2312 5409 patescet,
2361 5340 2775 5399 Blomenvennae
2838 5343 3042 5407 verba,
3086 5358 3194 5412 quo
3239 5357 3306 5397 ex

1720 5430 1887 5492 hisce.
1920 5433 2062 5489 facta
2102 5449 2224 5486 cum
2274 5433 2529 5503 anonymi
2574 5433 2897 5504 antiquioris
2945 5449 3092 5487 num.
3122 5430 3222 5487 199
3253 5442 3308 5487 et

1721 5537 1839 5594 seq.
1867 5522 1978 5591 jam
2003 5525 2143 5580 datis
2166 5524 2738 5595 collatione,quaenam
2772 5525 2859 5579 illa
2889 5523 3144 5592 adjuncta
3171 5527 3300 5588 sint.

1721 5622 1917 5681 pateat,
1951 5615 2108 5670 modo
2143 5617 2246 5672 huc
2278 5618 2602 5684 transcribo.
2633 5617 2724 5671 Sic
2754 5616 2990 5671 habent.
3024 5636 3041 5668 ι
3079 5616 3303 5674 Factum

1721 5712 1824 5767 est,
1858 5703 1986 5758 dum
2031 5705 2250 5775 optimis
2296 5705 2382 5761 his
2413 5706 2608 5762 Studiis
2638 5706 2720 5760 vir
2767 5706 3094 5763 venerabilis
3123 5706 3306 5762 Bruno

1722 5795 2004 5852 insudaret
2031 5797 2434 5868 tcmporibusS.
2467 5799 2714 5869 Gregorii
2751 5799 2839 5856 γη
2869 5800 3096 5858 Romani
3125 5803 3302 5873 ponti-
