3862 6310
552 358 695 442 ηδ’

1370 387 1428 443 S.
1469 387 1818 449 BRUNONIS
1859 388 2511 448 CARTIIUSIANURUM
2556 395 3050 458 INSTITUTORIS
3679 414 3754 472 ιει

551 501 670 558 ﬁcis
695 511 750 557 et
773 501 991 559 Henrici
1022 496 1091 561 IV
1131 505 1474 576 imperatoris
1519 511 1664 564 circa
1698 525 1898 564 annum
1935 509 2127 566 salutis
2159 513 2203 570 A
2233 493 2392 570 dicio,
2421 520 2479 563 ut
2508 521 2736 578 .psemet
2771 522 2996 569 testatus
3045 523 3168 580 est,
3197 517 3608 589 condemnatum,
3640 543 3755 584 onnn

551 605 755 650 nostrae
793 596 1183 667 octogesimum
1227 599 1523 653 secundum
1570 615 1736 669 supra
1765 600 2130 668 millesimum,

549 701 674 738 cuni
704 686 754 738 in
785 683 1078 742 Parisiensi
1109 687 1328 743 civitate
1353 688 1596 746 solem-ne
1623 689 1841 747 ﬂoreret
1867 691 2131 759 studium,

549 789 705 842 teque
773 775 1104 830 scholarium
1169 776 1517 833 multitudine
1564 791 1726 849 atque
1785 782 2002 850 copiosa
2043 799 2135 838 ca-

552 874 706 918 terva
735 863 1015 919 doctorum
1055 865 1378 924 solemnium
1412 869 1715 935 abundans,
1742 881 1802 926 ut
1833 873 1940 928 tale
1989 874 2042 928 in
2069 889 2131 932 ea

550 954 882 1010 horrendum
923 961 1441 1030 memorandumque
1471 963 1682 1016 sarculis
1711 965 1920 1019 cunctis
1949 967 2134 1021 eveni-

548 1055 633 1100 ret
655 1048 1042 1116 spectaculum.
1074 1049 1304 1117 Quidam
1327 1054 1468 1106 enim
1493 1054 1747 1108 solemnis
1777 1056 1965 1110 doctor
1993 1057 2133 1114 inter

547 1144 772 1189 Caeteros
829 1138 1078 1196 doctores
1127 1144 1464 1214 praecipuus,
1508 1149 1730 1203 scientia
1785 1159 1839 1204 ct
1890 1151 2131 1206 moribus

549 1227 878 1283 excellenter
906 1242 1152 1300 ornatus,
1182 1251 1246 1292 ac
1271 1253 1379 1306 prae
1402 1241 1612 1295 caneris
1642 1242 1956 1308 honoratus,
1981 1245 2130 1313 gravi

549 1321 780 1389 quadam
848 1324 1164 1382 infirmitate
1218 1341 1555 1398 praeventus,
1617 1333 1756 1388 lecto
1803 1335 2131 1393 decumbens

555 1413 679 1468 vitae
715 1430 826 1469 sua:
857 1416 996 1471 diem
1024 1419 1223 1502 clausit
1241 1433 1562 1478 extremum.
1587 1423 1682 1480 Cui
1713 1442 1835 1480 cum
1863 1429 2130 1486 solemnes

547 1506 613 1558 de
637 1522 784 1560 more
812 1522 1133 1578 pararentur
1156 1515 1446 1583 exsequiie,
1480 1517 1546 1569 ad
1593 1531 1714 1570 eum
1754 1518 2126 1576 honorandum

547 1598 804 1652 convenit
857 1601 1262 1668 magistrorum,
1291 1606 1624 1660 studentium
1668 1619 1723 1663 et
1771 1609 2001 1666 aliorum
2049 1616 2128 1668 ci-

547 1689 692 1766 vium
744 1690 1032 1746 multitudo
1080 1695 1342 1764 c0piosa;
1388 1697 1586 1765 quibus
1629 1699 2018 1757 comitantibus
2071 1714 2126 1758 et

541 1778 704 1835 funus
731 1785 1210 1852 prosequentibus,
1243 1786 1476 1841 defuncti
1506 1804 1702 1858 corpus
1727 1791 1791 1844 ad
1816 1793 2123 1859 ecclesiam,

545 1869 599 1924 in
643 1886 751 1940 qua
806 1875 1099 1942 sepultum
1157 1878 1474 1934 tradendum
1527 1890 1674 1946 erat,
1719 1883 1956 1939 delatum
2002 1862 2127 1951 .est,

540 1977 777 2035 eumque
809 1967 878 2020 ab
907 1967 1148 2050 invitatis
1169 1971 1576 2037 ecclesiasticis,
1601 1975 1692 2044 qui
1733 1985 1842 2028 tum
1882 1977 2128 2043 aderant,

547 2054 932 2112 defunctorum
958 2049 1174 2115 solitum
1214 2063 1598 2121 decantaretur
1618 2067 2131 2134 oflicium,ventum-

549 2161 659 2214 que
686 2158 830 2201 esset
854 2149 919 2202 ad
958 2164 1074 2203 eam
1103 2151 1547 2225 lectionem,qn:e
1578 2158 1786 2227 incipit.
1811 2158 2126 2228 «Responde

547 2255 568 2288 «
585 2237 766 2303 mihi,t
795 2243 1156 2313 surrexit,qni
1181 2255 1298 2299 erat
1321 2256 1585 2312 mortuus,
1609 2257 1683 2316 et,
1707 2249 1915 2306 elevato
1942 2253 2132 2320 paulu-

541 2327 652 2383 lum
681 2332 879 2400 capite,
912 2336 1114 2391 resedit
1139 2338 1189 2391 in
1227 2337 1448 2403 feretro,
1478 2343 1796 2411 cunctisque
1822 2344 2130 2400 videntibus

539 2428 594 2475 et
621 2423 965 2480 audientibus
995 2443 1059 2482 ac
1098 2444 1206 2496 pra:
1237 2432 1474 2488 novitate
1519 2434 1595 2488 rei
1625 2435 1988 2504 stupentibus,
2021 2438 2129 2492 alta

540 2522 597 2568 ct
629 2514 897 2572 horrenda
927 2535 1060 2576 voce
1085 2521 1324 2578 clamare
1355 2527 1519 2596 coepit
1544 2544 1558 2580 :
1595 2546 1613 2578 «
1635 2526 1789 2584 Justo
1815 2527 2130 2598 Deijndicio

545 2621 564 2653 ι
588 2617 873 2664 accusatus
906 2627 1046 2667 sum.
1078 2633 1097 2666 ι

609 2701 734 2754 211.
767 2719 784 2750 «
815 2701 933 2769 Quo
982 2704 1145 2764 «liclo.
1194 2705 1390 2761 iterum
1446 2708 1703 2764 decubuit
1735 2727 1748 2775 ;
1775 2712 1848 2766 hii
1879 2727 2006 2766 vero
2036 2713 2128 2783 qui

537 2791 654 2846 hanc
691 2793 978 2848 audierant
1008 2807 1061 2850 et
1086 2798 1356 2863 viderant,
1406 2815 1510 2854 non
1567 2802 1860 2867 modicum,
1894 2819 1994 2858 nec
2025 2807 2126 2858 im-

538 2880 759 2948 ruerito,
821 2885 1030 2950 territi,
1061 2889 1452 2956 decreverunt,
1503 2892 1748 2948 consul-te
1798 2895 2014 2963 quidem
2075 2905 2130 2951 et

538 2973 784 3038 provide,
816 2975 1145 3045 sepulturam
1181 2981 1300 3046 ejus
1342 2982 1392 3035 in
1419 2983 1718 3038 crastinum
1751 2985 2124 3054 differendam,

539 3065 618 3120 rei
667 3067 871 3123 exitum
918 3071 1301 3140 prmstolaturi.
1335 3074 1430 3130 Die
1482 3077 1666 3146 itaque
1695 3079 1965 3148 sequenti,
1999 3096 2122 3134 cum

542 3166 750 3211 tantum
777 3162 1146 3228 spectaculum
1173 3164 1285 3234 jam
1325 3164 1515 3221 fuisset
1544 3167 1596 3221 in
1623 3176 1733 3222 tota
1759 3170 1982 3225 civitate
2008 3171 2126 3226 vol-
2152 3189 2197 3251 ρ

538 3257 744 3317 gntum,
780 3253 844 3304 ad
902 3253 1099 3307 dictam
1152 3257 1438 3312 ecclesiam
1479 3259 1733 3314 convenit
1790 3261 2023 3315 mavima
2070 3273 2127 3316 et

539 3341 696 3409 quasi
739 3343 1152 3401 innumerabilis
1173 3352 1456 3418 utriusque
1483 3365 1649 3405 sexus
1678 3352 1860 3421 populi
1885 3353 2127 3407 multitu-

538 3431 638 3500 do,
659 3432 748 3486 ubi
787 3434 1076 3504 reinceptis
1099 3446 1149 3491 et
1179 3438 1304 3494 inde
1331 3441 1660 3495 continuatis
1683 3443 1976 3511 exsequiis,
1999 3445 2125 3499 dum

541 3535 762 3579 ventum
794 3535 879 3580 est
911 3527 977 3581 ad
1011 3528 1246 3598 praefatae
1284 3530 1534 3588 lectionis
1567 3533 1802 3600 initium,
1843 3535 1982 3589 idem
2029 3536 2124 3590 de-

539 3606 782 3680 functus,
815 3619 998 3688 capite
1039 3619 1275 3687 elevato,
1306 3631 1365 3677 ut
1390 3625 1560 3694 prius,
1596 3625 1832 3681 clamare
1860 3630 2027 3696 cmpit
2065 3643 2129 3683 ac

539 3707 755 3762 dicere:
794 3729 811 3760 «
837 3709 994 3766 Jnsto
1022 3711 1342 3782 Deijudicio
1378 3717 1652 3786 judicatus
1681 3733 1822 3780 Sllm,
1848 3738 1866 3771 ι
1926 3729 2001 3784 et,
2043 3719 2129 3774 his

539 3799 720 3869 dictis,
748 3801 885 3857 intra
919 3803 1175 3860 feretrum
1206 3807 1398 3863 iterum
1431 3825 1489 3865 se
1519 3811 1742 3880 recepit.
1773 3812 1970 3867 Verum
2005 3829 2126 3889 ere-

541 3892 620 3945 vit
649 3893 943 3950 admiratio
974 3912 1080 3950 non
1131 3914 1294 3965 parva
1347 3901 1490 3955 inter
1519 3911 1783 3969 astantes,
1818 3921 1930 3957 rem
1965 3905 2126 3960 terri-

545 3985 734 4054 bilem,
783 4004 945 4059 supra
995 4006 1156 4059 quam
1209 3993 1356 4048 credi
1395 4003 1592 4062 potest,
1637 4004 1936 4066 stupentes.
1987 3997 2122 4063 Quia

549 4088 728 4132 tamen
771 4081 962 4149 ex,his
993 4083 1229 4137 nondum
1283 4083 1410 4139 facti
1446 4085 1662 4140 fuerant
1703 4087 1768 4141 de
1795 4085 1912 4155 ejus
1942 4103 2130 4156 repro-

539 4170 758 4226 batione
779 4173 934 4240 certi,
961 4190 1082 4230 cum
1111 4177 1274 4232 verba
1333 4177 1418 4232 illa
1441 4220 1455 4241 ,
1495 4199 1514 4230 «
1535 4190 1822 4234 accusatus
1862 4196 2035 4239 sum.»
2074 4191 2130 4237 et

545 4264 846 4328 «judicatus
897 4282 1048 4330 sum,
1075 4288 1093 4320 ι
1151 4272 1562 4338 possentetiam
1617 4272 1667 4325 in
1697 4273 1891 4326 bonam
1921 4283 2127 4342 partem

539 4353 744 4424 accipi,
775 4356 931 4424 quasi
981 4357 1094 4427 ipse
1138 4359 1312 4428 primo
1349 4360 1545 4430 injuste
1583 4361 1772 4418 fuisset
1804 4373 1928 4418 ante
1961 4363 2130 4418 tribu-

540 4459 628 4498 na.
679 4445 880 4502 Christi
925 4449 1086 4506 abeo
1131 4453 1222 4521 qui
1265 4453 1495 4520 perdere
1537 4461 1730 4508 cuncta
1770 4453 2008 4521 festinat,
2044 4455 2128 4508 in-

2237 599 2491 657 Ecclesia:
2521 603 2798 676 suﬂ‘ragio,
2830 621 3049 662 necnon
3077 616 3134 663 et
3159 607 3513 667 ecclesiastica
3531 618 3756 685 sepulzura

2237 691 2512 763 indignum
2549 694 2880 765 judicantes,
2933 699 2986 753 in
3023 700 3364 771 sterquilinio
3411 705 3604 773 sepeliri
3645 707 3755 766 fece-

2236 793 2384 838 runt.

2302 876 2430 930 212.
2459 895 2478 928 «
2507 877 2705 933 Verum
2737 895 2859 935 cum
2897 880 2949 936 in
2986 880 3282 938 Parisiensi
3313 893 3365 938 et
3393 886 3587 941 czeteris
3609 888 3760 945 vicinis

2233 967 2478 1024 ecclesiis
2499 982 2689 1038 quarta
2715 971 2872 1028 lectio
2889 974 2939 1027 in
2954 975 3174 1045 Agenda
3197 976 3559 1031 defenctorum
3582 981 3761 1050 incipiat

2233 1059 2340 1114 sic:
2359 1060 2597 1123 Quantas
2623 1062 2794 1119 habeo
2820 1064 3136 1134 iniquitates
3157 1075 3211 1121 et
3237 1070 3478 1136 peccata!
3503 1073 3761 1132 etc..omis—

2233 1149 2308 1204 sis
2350 1151 2622 1221 prioribus
2646 1152 2988 1220 dictionibus,
3018 1157 3256 1212 scilicet:
3292 1159 3589 1229 «Responde
3611 1165 3759 1226 mihi»,

2233 1239 2406 1296 fertur
2433 1257 2464 1296 a
2502 1243 2794 1308 nonnullis,
2828 1247 2971 1315 quod
3022 1247 3126 1302 illa:
3178 1249 3440 1306 dictiones
3489 1251 3666 1306 fuerint
3711 1270 3762 1308 ex

2234 1340 2362 1388 tunc
2386 1348 2415 1388 a
2439 1333 2670 1389 lectione
2698 1335 2789 1389 illa
2816 1337 3040 1392 delecta:
3057 1341 3126 1393 ob
3151 1351 3463 1412 perpetuam
3487 1353 3537 1398 et
3556 1343 3764 1398 indelebi-

2231 1422 2334 1478 lem
2363 1424 2588 1492 pavendi
2624 1424 2812 1494 judicii
2852 1432 3194 1486 memoriam.
3223 1453 3240 1485 ι
3272 1434 3624 1490 Narrationem
3653 1437 3764 1490 hanc

2230 1513 2502 1570 Puteanus
2533 1515 2585 1570 in
2636 1518 2840 1572 edenda
2895 1519 3078 1575 Saneti
3115 1521 3233 1576 Vita
3271 1540 3418 1579 num.
3475 1525 3528 1591 4,
3564 1534 3613 1580 et
3654 1525 3764 1581 binis

2230 1619 2378 1674 seqq.
2397 1606 2557 1660 etiam
2581 1606 2802 1660 exhibet
2824 1617 2878 1662 et
2901 1610 3115 1678 quidem
3142 1612 3333 1668 iisdem
3359 1630 3570 1684 prorsus
3589 1617 3762 1680 verbis;

2228 1697 2368 1763 quod
2412 1695 2605 1750 mirum
2655 1713 2759 1753 non
2797 1713 2934 1760 esse.
2969 1718 3033 1756 ex
3079 1703 3169 1768 iis,
3199 1720 3320 1772 qua:
3357 1706 3422 1761 de
3457 1706 3622 1762 Sancti
3652 1707 3764 1773 Vita,

2232 1804 2262 1841 a
2304 1787 2698 1844 Bliimenvenna
2739 1801 3013 1861 contexta,
3047 1793 3140 1866 δι,
3179 1798 3431 1862 disserui,
3480 1815 3680 1868 pronum
3705 1809 3768 1854 ist

2234 1881 2555 1952 intelligere.
2580 1883 2780 1938 Confer
2810 1901 2955 1941 nunc
2985 1887 3097 1942 lucc
3121 1890 3350 1944 recitata
3380 1891 3762 1956 Blomcnvenna‘,

2228 1985 2297 2031 ac
2323 1971 2477 2041 proin
2504 1988 2568 2027 ex
2592 1973 2751 2028 dictis
2774 1975 2938 2029 etiam
2969 1975 3219 2042 Pnteani,
3263 1981 3424 2035 verba
3462 1998 3575 2035 cum
3605 1983 3763 2046 verbis,

2232 2077 2298 2116 ex
2330 2065 2567 2132 quinque
2598 2065 2892 2134 primorum
2929 2067 3234 2125 Carthusiae
3275 2072 3511 2141 priorum
3544 2072 3766 2128 Chronic)

2232 2155 2514 2209 num-199
2552 2164 2606 2209 et
2636 2170 2752 2224 seq.
2808 2156 2915 2212 huc
2962 2161 3326 2229 transcriptis,
3376 2161 3684 2231 VldﬂbleIllc,
3726 2163 3766 2214 in

2235 2247 2336 2300 hoc
2385 2247 2624 2302 doctoris
2696 2249 3020 2306 Parisiensis
3072 2252 3356 2308 historiam
3417 2271 3518 2309 non
3579 2255 3764 2316 iisdem,

2232 2337 2427 2405 quibus
2453 2339 2591 2408 apud
2623 2337 2922 2395 Puleanum
2955 2353 3009 2396 et
3035 2341 3517 2407 Blomenvennam,
3547 2343 3767 2413 adjunctis

2232 2428 2439 2482 vestiri.
2486 2429 2564 2484 Ac
2606 2429 2658 2483 in
2692 2431 2882 2500 primis
2925 2433 3140 2501 quidem
3182 2435 3383 2490 trinam
3419 2436 3638 2491 doctoris
3669 2449 3768 2489 ana-

2231 2518 2419 2572 stasim
2470 2519 3018 2592 vociferationemque
3065 2523 3322 2582 Chronici
3362 2526 3486 2580 dicti
3529 2533 3694 2580 auctor
3727 2525 3767 2577 in

2233 2607 2475 2663 defuncti
2527 2610 2670 2676 aula,
2701 2610 2974 2669 Puteanus
3003 2623 3189 2670 contra
3217 2627 3273 2672 et
3313 2615 3683 2672 Blomenvenna
3726 2615 3767 2669 in

2230 2697 2460 2753 ecclesia
2512 2701 2710 2755 factam
2764 2701 3058 2771 scribunt;
3103 2721 3294 2760 verum
3356 2707 3540 2762 istliaec
3582 2708 3767 2760 duorum

2231 2787 2425 2841 horum
2475 2790 2801 2858 scriptorum
2836 2807 2866 2846 a
2902 2793 3172 2849 Clu-onico
3216 2796 3593 2864 discrepantia,
3621 2802 3770 2864 utpote

2230 2878 2372 2947 apud
2414 2879 2750 2950 antiquiores
2795 2884 2958 2937 etiam
3009 2885 3116 2954 (adi
3167 2885 3514 2942 Carthusiani
3559 2883 3767 2955 anonyini

2229 2970 2417 3036 verba,
2459 2988 2606 3026 num.
2632 2973 2738 3028 205
2782 2975 2887 3030 huc
2920 2978 3245 3036 transcrinta
3277 2981 3591 3050 (scriptores
3615 2993 3769 3032 DCCIII-

2229 3077 2376 3127 rens,
2427 3063 2680 3136 infraque
2725 3068 2902 3124 adhuc
2948 3073 3299 3126 memoranda
3331 3090 3428 3128 nos
3481 3073 3563 3127 hic
3605 3069 3767 3125 morari

2230 3171 2336 3210 non
2371 3157 2550 3213 debet.
2590 3156 2698 3213 sed
2744 3159 2812 3213 ad
2867 3159 3002 3215 duas
3053 3161 3187 3217 alias
3241 3173 3530 3234 sequentes
3573 3163 3766 3216 aninnun

2227 3250 2468 3306 adverte.
2498 3250 2720 3305 Trinam
2752 3265 2782 3304 e
2809 3250 3010 3306 feretro
3040 3254 3488 3310 vociferationem
3516 3263 3647 3315 tunc,
3672 3267 3766 3306 eum

2229 3343 2294 3395 ad
2344 3341 2839 3412 leelionem,cujus
2884 3344 3135 3418 initium:
3165 3345 3483 3417 «Responde
3529 3345 3698 3406 mihi,»
3727 3342 3768 3395 in

2229 3433 2507 3490 recitando
2563 3435 2938 3490 defunctorum
3003 3435 3178 3492 cilicio
3236 3449 3456 3494 ventum
3507 3437 3706 3500 fuisset,
3746 3451 3767 3484 η

2228 3526 2450 3582 doctore
2501 3527 2764 3598 tantisper
2794 3527 3035 3583 redivivo
3061 3527 3230 3584 fuisse
3261 3520 3771 3596 emissam,hujusque

2227 3619 2392 3673 etiam
2440 3634 2638 3687 corpus
2688 3617 2740 3672 in
2795 3619 3139 3688 sterquilinio
3171 3620 3341 3678 fuisse
3391 3615 3771 3680 humatum,Pu-

2231 3723 2423 3769 teanus
2470 3723 2526 3768 et
2577 3712 2976 3768 Blomenvenna
3015 3713 3126 3786 (adi
3181 3712 3341 3782 hujus
3382 3712 3540 3768 verba
3568 3708 3773 3780 proxime

2231 3804 2479 3873 recitata)
2513 3805 2733 3858 tradunt
2775 3823 2790 3869 ;
2832 3807 3024 3860 horum
3061 3818 3241 3860 autem
3281 3808 3508 3861 duorum
3538 3803 3773 3873 adjuncto-

2231 3913 2349 3951 rum
2389 3913 2509 3966 qua:
2538 3895 2854 3963 horribilem
2899 3899 3138 3953 doctoris
3167 3897 3492 3953 Parisiensis
3535 3891 3771 3950 historiam

2230 3991 2482 4046 comitata
2539 3990 2683 4050 sint,
2739 3991 2936 4044 nullam
2993 3983 3152 4059 piauc
3212 3991 3512 4060 primorum
3575 3985 3773 4055 animiuc

2229 4078 2530 4134 Carthusia:
2580 4079 2822 4148 priorqu
2883 4080 3193 4135 Chronicon
3248 4078 3378 4150 (adi
3440 4079 3591 4148 hujus
3643 4071 3772 4126 verba

2231 4186 2382 4224 num.
2414 4169 2516 4224 199
2561 4177 2615 4224 et
2642 4185 2758 4240 seq.
2795 4170 2942 4240 data)
2979 4170 3310 4225 mentionem
3351 4169 3498 4224 facit.

2301 4260 2428 4314 215.
2467 4261 2665 4327 Quare,
2713 4275 2836 4314 cum
2891 4260 3209 4316 earumdem
3261 4261 3556 4330 scriptores
3598 4247 3773 4316 antiqui

2231 4351 2344 4415 alii,
2370 4351 2484 4405 sive
2513 4349 2861 4405 Carthusiani
2903 4348 3017 4419 jam
3052 4351 3291 4413 adducti,
3326 4351 3440 4405 sive
3467 4343 3605 4402 aliud
3635 4338 3775 4412 (ιηοά-

2231 4455 2448 4509 cunque
2490 4438 2626 4496 Vitae
2658 4440 2961 4514 institutum
3005 4440 3256 4510 professi,
3291 4441 3384 4510 qui
3425 4437 3560 4494 infra
3604 4442 3775 4486 meum.

541 4532 722 4587 debite
769 4551 1078 4600 accusatus.
1113 4519 1168 4596 et
1197 4519 1321 4597 inde
1358 4543 1506 4610 justo
1538 4543 1632 4598 Dei
1673 4542 1880 4612 judicio
1911 4546 1977 4600 ab
1998 4519 2125 4613 ejus
2155 4533 2202 4590 Ῐ)
2231 4533 2523 4596 ι’τίιηιηιιιτν
2563 4533 2770 4600 Pariter
2815 4548 2918 4586 non
2951 4533 3322 4596 meminerint,
3351 4548 3382 4586 e
3431 4533 3656 4586 doctoris
3695 4519 3775 4572 Pa—

539 4625 877 4683 c:dnmnicsa
933 4635 1282 4689 accusatione
1327 4636 1611 4706 liberatus,
1655 4638 1868 4693 cunctis
1898 4637 2119 4708 placuit,

539 4727 597 4773 et
619 4717 671 4772 in
705 4733 1023 4789 sequentem
1067 4727 1284 4781 trrlinm
1335 4729 1477 4782 diem
1506 4730 1620 4796 ejus
1657 4732 1988 4801 sepulturam
2022 4731 2122 4785 «lif-

541 4813 694 4866 ferri.
723 4811 907 4868 Tertia
938 4817 1120 4884 itaque
1146 4820 1233 4874 die
1264 4820 1438 4876 factus
1469 4831 1554 4876 est
1582 4839 1880 4878 concursus
1923 4823 2124 4880 nimius

540 4909 782 4961 virorum
829 4917 884 4962 et
929 4909 1233 4972 mulierum,
1271 4913 1343 4966 ita
1374 4923 1433 4966 ut
1471 4929 1608 4982 pene
1655 4923 1766 4968 tota
1814 4916 2006 4971 civitas
2057 4916 2124 4970 ad

545 5005 652 5049 tam
701 4997 1078 5052 admirandum
1128 4999 1220 5056 Dei
1259 4999 1522 5068 judicium
1557 5003 1972 5070 praestolandunt
1999 5021 2124 5059 eou-

539 5084 751 5141 flueret.
782 5086 847 5141 Et
887 5102 1034 5154 ecce,
1069 5104 1190 5144 cum
1232 5091 1398 5160 priori
1450 5106 1601 5145 more
1631 5093 1903 5161 exsequiae
1953 5094 2126 5170 conti-

543 5189 844 5233 nuarentur
869 5188 924 5234 et
954 5178 1169 5243 fierent,
1205 5181 1442 5236 surrexit
1481 5181 1641 5235 tertio
1670 5181 1808 5236 idem
1843 5181 2128 5238 defunctus

539 5279 592 5324 et
623 5269 824 5342 ingenti
859 5271 1064 5341 mugitu
1099 5285 1164 5326 ac
1211 5271 1531 5342 desperabili
1560 5287 1712 5335 voce,
1750 5274 1959 5327 cunctis
1986 5288 2127 5328 mor-

545 5362 740 5417 taiihns
769 5362 1077 5426 metuenda,
1117 5363 1292 5418 dixit:
1329 5361 1519 5418 «Jnslo
1547 5363 1636 5418 Dei
1679 5364 1884 5434 judicio
1931 5365 2133 5419 conde-

545 5466 794 5510 «mnatus
818 5471 993 5510 sum.»
1026 5454 1139 5510 Hoc
1168 5455 1328 5518 dicto,
1345 5456 1772 5524 caputaeposnit
1797 5457 2130 5525 sempiterno

542 5546 830 5616 absorptus
869 5546 1117 5600 interitu.
1151 5544 1282 5614 Quae
1309 5561 1408 5599 vox
1465 5556 1572 5599 tam
1607 5546 1868 5615 stupenda
1897 5553 1951 5600 et
1992 5545 2129 5599 hor-

546 5636 710 5690 renda
745 5648 800 5692 et
843 5655 872 5693 a
915 5641 1117 5695 saeculo
1171 5637 1415 5694 inaudita
1476 5653 1689 5703 omnes,
1717 5637 1806 5706 qui
1855 5639 2128 5702 astabant,

545 5745 626 5798 pe-
653 5744 683 5783 e
724 5729 1002 5785 exanimes
1050 5731 1325 5794 reddidit;
1359 5730 1450 5800 qui
1501 5741 1681 5784 t:unen
1723 5746 1915 5784 omnes
1967 5745 2128 5793 eum,

547 5831 861 5891 tanquama
898 5820 1520 5894 Doniiuoreprobatmn,
1575 5820 1796 5891 ejusque
1846 5822 1992 5890 justo
2039 5820 2124 5890 ju-

2224 4625 2466 4680 risiensis
2497 4624 2744 4689 historia,
2769 4633 2827 4678 ut
2849 4631 2907 4678 ut
2931 4623 3092 4679 etiam
3124 4624 3360 4676 admissa
3399 4631 3458 4674 ut
3492 4632 3610 4673 vera
3636 4657 3647 4678 ,
3677 4623 3776 4664 esse

2225 4717 2314 4772 illa
2359 4716 2752 4786 expuugenda,
2802 4715 3072 4770 existimo.
3119 4713 3320 4768 Verum
3392 4711 3528 4766 unde
3591 4703 3774 4803 tandetn

2224 4809 2348 4864 bina
2395 4807 2482 4861 illa
2537 4807 2824 4875 adjuncta,
2871 4822 2992 4876 qua:
3051 4807 3188 4876 apu-l
3245 4808 3497 4876 antiquos
3543 4817 3604 4856 ex
3643 4798 3776 4849 dictis

2225 4900 2482 4968 nuspiam
2528 4898 2893 4967 reperiuntur,
2930 4889 3353 4964 Blomenvenua,
3397 4911 3490 4950 seu
3517 4891 3700 4985 potius,
3722 4896 3775 4934 ex

2225 5006 2332 5058 quo
2357 4989 2443 5044 hic
2473 4989 2558 5042 illa
2592 4987 2944 5057 deprompsit,
2976 4985 3251 5041 Puteanus
3283 4983 3466 5040 hausit
3489 4975 3776 5071 ?Anualinut

2225 5080 2690 5137 Carthusiensium
2742 5079 2863 5134 libri
2927 5079 3103 5148 quarti
3160 5079 3422 5132 hactenus
3464 5089 3562 5129 non
3609 5066 3776 5134 γυιὲτηῖ

2228 5155 2419 5225 auctor
2453 5185 2757 5241 anonymus
2786 5169 2967 5238 cperis
2996 5168 3078 5223 sui
3111 5185 3260 5221 num.
3305 5167 3373 5221 85
3415 5168 3696 5235 opportune
3720 5149 3775 5204 ad

2232 5264 2541 5320 institutum
2586 5277 2826 5333 pra-scus
2855 5261 2934 5316 sic
2971 5260 3163 5315 scribit
3193 5279 3207 5314 :
3245 5279 3263 5311 «
3297 5257 3608 5314 Bcrtholdus
3638 5249 3778 5333 [iclu-

2229 5352 2421 5409 boldus
2461 5331 2600 5423 typis
2634 5351 2860 5404 Lutetia:
2902 5365 3045 5404 anno
3099 5349 3234 5404 1508
3279 5347 3495 5402 tradidit
3543 5343 3698 5397 Vitam
3730 5331 3775 5384 5-

2231 5444 2520 5508 Brunonis,
2549 5458 2708 5512 quam
2763 5441 2906 5495 illius
2955 5441 3007 5494 in
3037 5441 3143 5494 divi
3179 5439 3331 5493 Pauli
3360 5433 3610 5506 epistolas
3651 5436 3777 5480 como

2233 5536 2516 5592 mentariis
2564 5534 2814 5604 pristiin.
2857 5531 3026 5600 llujus
3075 5532 3211 5586 Vitae
3270 5538 3456 5584 auctor
3514 5523 3778 5588 anonymlls

2236 5632 2519 5688 historiam
2587 5631 2826 5687 damnati
2887 5628 3004 5683 fuse
3061 5627 3348 5695 descripsit
3396 5641 3408 5678 :
3454 5619 3568 5713 Sed
3606 5612 3776 5713 Ριξί¹ξ¹¹¹ξ

2235 5726 2475 5781 omnium
2513 5723 2806 5793 evolgavit,
2845 5721 3115 5775 hominem
3160 5719 3307 5772 illum
3355 5716 3416 5770 ad
3464 5707 3775 5801 verbauflf“

2243 5837 2261 5867 «
2308 5815 2591 5886 Responde
2628 5812 2757 5867 mihi
2785 5832 2800 5862 ι
2833 5825 3002 5866 voces
3034 5824 3143 5864 sua:
3167 5799 3522 5863 damnationis
3547 5797 3776 5850 emisisse.
