3862 6310
18 5580 19 5611 1

18 5616 19 5663 1

18 6014 20 6059 1

18 6154 19 6179 l

18 6198 19 6239 1

122 412 205 470 ἰέὅ

1608 400 1787 458 ACTA
1802 443 1814 457 .

3241 414 3340 469 [26

121 526 243 595 Quod
272 536 445 580 tamen
492 536 596 578 non
638 521 798 594 plane
844 522 1060 588 asserit,
1108 500 1203 578 sed
1253 530 1460 577 tantum
1512 521 1661 575 duhi-
1690 527 1734 580 Α
1767 519 1990 573 historia
2036 518 2288 589 quaelibet
2326 532 2450 573 vera
2498 517 2880 601 pronuntietur
2908 530 3002 574 ant
3044 521 3199 587 falsa,
3249 528 3340 578 ad-

123 621 255 675 tando
278 616 450 672 addita
484 616 588 671 hac
630 614 964 685 parenthesi,
1002 632 1021 666 ι
1058 616 1102 669 si
1126 630 1232 684 qua
1263 615 1499 668 narratis
1530 612 1660 666 fides

125 708 440 762 «adhibenda
490 706 582 761 sit.
614 726 632 759 ι
668 705 863 760 Noster
904 721 1035 762 vero
1086 704 1286 771 Sutor,
1332 705 1423 776 qui
1470 705 1661 759 eodem

123 814 323 869 tempore
350 798 589 856 vivebat.
610 808 665 852 et
692 798 850 869 paulo
877 808 995 868 post
1017 815 1171 853 suum
1203 799 1277 853 De
1300 798 1659 854 Carthnsiana

118 898 201 949 vita
227 904 503 950 tractatum
524 895 713 960 edidit,
738 896 1056 950 earumdem
1092 897 1382 951 verborum
1417 896 1664 951 meminit

120 989 315 1059 quidem,
366 1007 383 1037 ι
426 988 545 1049 sed,
607 987 808 1056 inquit,
851 988 1331 1056 quemadmodum
1368 988 1661 1057 scriptores

121 1101 137 1133 ι
172 1080 386 1135 nonnulli
439 1080 828 1145 meminerunt,
868 1081 1079 1135 caeteris
1126 1083 1229 1136 hoc
1277 1081 1597 1136 tacentibus.
1636 1098 1654 1129 ι

119 1172 243 1228 Certe
276 1186 483 1235 omnes,
520 1178 792 1240 quotquot
838 1173 1088 1241 superius
1122 1181 1369 1227 auctores
1415 1170 1659 1241 prodidi-

118 1280 228 1331 mus,
271 1266 318 1319 id
374 1274 687 1319 tacuerunt.
735 1265 836 1332 Qui
884 1280 1014 1320 vero
1065 1264 1290 1329 fuerint,
1336 1264 1478 1334 apud
1524 1279 1662 1333 quos

119 1357 245 1411 Sutor
267 1355 420 1425 hujus
451 1357 695 1426 adiuncti
735 1357 1061 1411 mentionem
1094 1357 1306 1425 legerit,
1341 1372 1448 1411 non
1473 1356 1658 1411 habet.

116 1450 230 1504 later
244 1464 331 1503 eos
345 1458 533 1504 tamen
563 1464 847 1503 censemus
871 1447 1041 1503 fuisse
1060 1448 1347 1518 praefatum
1374 1447 1514 1502 Vitae
1538 1463 1662 1501 san-

119 1537 169 1591 cti
188 1536 435 1594 Brunonis
455 1546 744 1592 auctorem
774 1553 1125 1609 anony-num.
1154 1559 1172 1591 ι
1206 1539 1450 1594 Alterum
1484 1540 1661 1607 itaque

118 1642 139 1683 e
166 1629 285 1682 binis
317 1643 482 1697 supra
549 1628 710 1683 dictis
760 1628 1029 1694 adiunctis
1074 1629 1249 1699 primo
1301 1610 1659 1682 memoratum

120 1702 343 1773 invenitur
369 1734 398 1771 a
424 1719 646 1773 duobus
672 1719 851 1773 szccnli
892 1720 1030 1773 sexti
1055 1718 1248 1773 decimi
1284 1717 1657 1788 scriptoribus,

120 1824 300 1878 quorum
330 1810 469 1864 alter
517 1825 644 1864 cum
685 1826 791 1865 non
835 1812 1220 1874 asseverando,
1249 1810 1342 1865 sed
1363 1808 1658 1864 dubitando

119 1898 328 1952 duntaxat
354 1897 639 1968 loquatur,
668 1900 802 1953 satis
825 1899 1050 1965 indicat,
1079 1911 1328 1955 auctores
1353 1898 1493 1969 apud
1522 1913 1658 1965 quos

120 1991 193 2044 hoc
230 1990 541 2058 adjunctum
590 1990 833 2060 legisset,
890 2007 1100 2061 magna:
1149 2006 1248 2046 nec
1295 1988 1658 2058 antiquitatis,

120 2095 194 2133 nec
236 2082 574 2136 auctoritatis
620 2082 823 2146 fuisse;
862 2082 998 2137 alter
1024 2098 1175 2147 vero,
1223 2098 1345 2135 cum
1386 2090 1658 2144 auctores,

120 2174 223 2239 apud
242 2188 364 2243 quos
393 2173 536 2228 illud
562 2175 879 2239 invenisset,
913 2191 1016 2228 non
1050 2174 1310 2236 nominet,
1345 2173 1522 2228 facere
1552 2188 1658 2228 non

120 2273 271 2333 potest,
301 2274 356 2319 ut
392 2266 572 2321 hosce
617 2282 779 2337 supra
828 2266 1135 2331 recensitis,
1164 2266 1255 2334 qui
1285 2265 1525 2336 ejusdem
1567 2264 1662 2318 ad-

120 2351 245 2418 iuncti
266 2371 359 2411 non
382 2357 775 2419 meminerunt,
806 2356 973 2411 multo
1001 2357 1332 2411 recentiores
1359 2370 1467 2411 non
1495 2353 1662 2409 fuisse

119 2455 337 2515 putemus.

168 2537 267 2591 214.
301 2538 415 2594 Jam
449 2553 613 2602 vero,
638 2554 757 2592 cum
799 2538 849 2593 id
896 2538 969 2592 ita
1006 2538 1099 2604 sit,
1135 2546 1342 2604 manet,
1374 2536 1659 2607 praefatum

121 2628 376 2699 adjunctum
421 2632 578 2701 apud
629 2630 925 2700 scriptores
963 2629 1327 2698 antiquiores,
1357 2629 1451 2699 qui
1492 2627 1662 2682 ferale

120 2720 306 2777 doctoris
330 2721 667 2778 Parisiensis
692 2721 1060 2793 spectaculum
1094 2721 1175 2777 vel
1201 2722 1444 2777 omnium
1475 2720 1659 2791 primi,

122 2813 179 2866 rel
215 2815 358 2869 etiam
399 2815 663 2885 proxime
708 2824 830 2885 post
868 2814 1033 2869 hosce
1081 2815 1133 2868 in
1184 2814 1393 2868 litteras
1439 2814 1658 2883 misere,

120 2918 197 2957 non
216 2904 446 2960 inveniri.
476 2897 600 2959 Nec
625 2914 728 2970 est,
755 2920 852 2957 cur
875 2905 961 2960 hic
982 2920 1221 2974 opponas
1239 2905 1658 2972 Theodericum,

123 2995 322 3050 abbatem
374 2996 979 3067 Trudonoliolitanum,
1038 2997 1156 3067 qui,
1208 2998 1658 3069 quemadmodum

126 3088 313 3143 nonnulli
360 3088 535 3153 aiunt,
586 3089 641 3143 in
690 3089 848 3154 libro,
884 3108 901 3140 ι
934 3090 1010 3144 De
1032 3105 1189 3145 sacra
1228 3099 1530 3158 temporum
1578 3104 1662 3143 ra-

124 3175 232 3231 tione
260 3198 276 3229 ι
323 3178 618 3250 inscripto,
656 3178 727 3232 ita
764 3188 1027 3234 memorat
1067 3197 1080 3233 :
1139 3198 1157 3231 ι
1187 3179 1403 3234 Abhinc
1449 3180 1657 3234 dierum
1687 3208 1730 3268 C

126 3275 373 3322 nostrorum
403 3270 568 3323 annis
599 3276 827 3339 septem,
853 3267 1117 3339 Gregorio
1150 3270 1383 3339 septimo
1422 3270 1653 3339 primam

127 3358 380 3414 cathedram
403 3368 739 3429 ocwpante,
778 3375 899 3413 cum
922 3374 1096 3414 essem
1121 3359 1343 3414 Parisiis
1366 3360 1662 3414 studiorum

129 3461 268 3518 causa,
299 3468 405 3507 rem
432 3454 548 3507 vidi
584 3452 952 3522 prodigiosum
992 3468 1057 3507 ac
1098 3452 1247 3506 omni
1286 3452 1548 3506 memoria
1581 3452 1662 3504 di-

129 3555 265 3608 gnam,
291 3560 385 3599 nec
413 3544 568 3599 solus
603 3544 829 3598 miratus
861 3558 1001 3610 sum,
1028 3543 1197 3598 Deum
1244 3541 1492 3597 laudans.
1524 3541 1663 3596 Mor-

130 3642 221 3689 tuus
241 3644 315 3691 est
333 3636 607 3701 'clericus,
639 3636 857 3690 nomine
880 3635 1219 3690 Raimundus
1249 3634 1497 3689 Milleban
1525 3675 1539 3700 ,
1570 3636 1663 3687 tri-

132 3726 203 3782 bus
226 3730 397 3787 diebus
442 3730 683 3785 alternis
713 3718 899 3784 eadem
930 3728 1090 3784 ollicii
1124 3729 1275 3793 hora,
1302 3743 1409 3797 qua
1450 3727 1662 3783 diceba~

129 3826 191 3871 tur
206 3818 358 3886 lectio,
383 3839 503 3893 quae
526 3822 611 3876 sic
642 3821 852 3889 incipit,
869 3820 1187 3889 «Responde
1212 3819 1397 3884 mihi,»
1429 3819 1664 3873 surrexit

134 3922 155 3961 e
176 3908 361 3978 feretro,
385 3922 438 3967 et
454 3926 595 3967 voce
626 3910 874 3964 horribili
899 3909 1155 3963 clamavit
1181 3925 1193 3961 :
1226 3927 1242 3960 t
1263 3906 1418 3963 Justo
1450 3908 1541 3961 Dei
1572 3908 1661 3976 ju-

133 4015 146 4047 ι
164 3997 272 4054 dicio
289 4012 580 4057 accusatus
600 4015 744 4063 sum,
759 4019 776 4050 ι
796 4000 1065 4054 secundo:
1088 3997 1450 4064 dudicatus,»
1471 3999 1660 4053 tertio:

134 4087 560 4157 «Condemnatus;
599 4110 619 4143 ι
674 4104 783 4160 quo
818 4089 995 4156 dicto,
1024 4089 1257 4145 cessavit
1284 4088 1459 4144 omnis
1487 4089 1665 4145 clerus

130 4192 264 4246 orare,
290 4192 339 4237 et
367 4184 433 4237 ab
476 4182 716 4239 ecclesia
754 4183 1001 4251 protinus
1030 4184 1265 4238 cadaver
1292 4179 1526 4250 ejectum
1554 4190 1662 4247 est,

131 4281 168 4326 et
191 4276 370 4333 asinina
398 4279 684 4349 sepultura
734 4278 1026 4345 donatura;
1066 4298 1083 4331 ι
1120 4278 1222 4333 hoc
1252 4276 1398 4332 enim
1433 4284 1543 4331 tam
1577 4276 1660 4331 lu-

131 4365 348 4424 colentum
389 4386 490 4442 pro
526 4368 841 4441 prodigiosa
892 4370 1133 4425 doctoris
1156 4367 1481 4423 Parisiensis
1533 4383 1664 4421 ana-

133 4457 229 4511 slasi
263 4463 651 4528 testimonium,
686 4460 828 4531 quod
865 4460 1024 4525 hanc,
1064 4461 1109 4516 si
1140 4458 1487 4523 Theudorici,
1531 4472 1661 4512 ocn-

1756 609 2072 678 jnnctorum
2106 610 2391 676 duntaxat,
2421 608 2616 678 quibus
2651 625 2679 664 a
2705 610 2976 680 prit‘ntcvis
3005 628 3068 665 ac
3110 613 3349 667 omnium

1762 699 2175 768 antiquioribus,
2240 713 2344 752 non
2398 707 2576 751 autem
2634 698 2798 752 etiam
2837 714 3047 761 eorum,
3078 701 3274 770 quibus
3320 718 3349 756 a

1762 799 1880 858 post
1917 790 2119 844 secutis
2173 787 2531 859 scriptoribus
2576 801 2675 857 pro
2718 789 2944 843 arbitrio
2986 788 3090 843 fuit
3133 792 3347 857 vestita,

1764 883 1900 937 ratio
1931 883 2000 937 sit
2029 882 2305 936 habenda.

1763 1015 1792 1088 ᾗ
1832 1017 1945 1072 Xll.
1990 1016 2307 1070 Testimonia
2340 1020 2693 1088 scriptorum,
2738 1019 2932 1073 chulo
2968 1021 3168 1073 decimo
3199 1030 3345 1073 sexto

1833 1088 2178 1150 (interiorum,
2208 1088 2298 1157 qui
2325 1087 2713 1144 Cartltust'ensis
2748 1089 2949 1143 ordinis
2979 1107 3081 1143 non
3116 1092 3345 1151 fuerunt,

1831 1156 2221 1226 producuntur.

1845 1266 1988 1321 lnter
2040 1278 2291 1326 auctores
2356 1288 2447 1342 qui
2501 1273 2711 1328 ordinis
2778 1273 3187 1329 Carlhusiensis
3241 1289 3347 1327 non

1763 1357 1936 1422 fuere,
1968 1368 2133 1428 atque
2175 1371 2303 1416 ante
2338 1364 2593 1419 saeculum
2631 1373 2843 1418 sextum
2894 1366 3160 1420 decimum
3190 1364 3347 1419 Pari-

1761 1448 1935 1503 sicnsi
1975 1450 2215 1505 doctoris
2249 1454 2473 1513 redivivi
2505 1456 2750 1524 prodigio
2788 1456 3156 1510 testimonium
3207 1472 3347 1526 prax-

1760 1536 1946 1603 buere,
1972 1538 2208 1594 Caesarie
2234 1542 2658 1608 Eisterbacensi,
2680 1545 2769 1613 qui
2800 1545 2998 1599 saeculo
3027 1546 3377 1613 duodecimo,

1760 1637 2081 1683 senescente
2108 1638 2162 1682 et
2192 1631 2469 1700 sequentis
2498 1632 2648 1687 initio
2672 1632 2873 1694 ﬂoruit,
2908 1634 3139 1702 primmn
3170 1635 3346 1689 locum

1762 1719 2011 1774 concedit
2041 1720 2334 1775 Annalium
2367 1722 2835 1778 Carthusiensium
2881 1724 3003 1777 libri
3036 1727 3212 1793 quarti
3257 1740 3350 1778 au-

1762 1817 1880 1862 ctor
1903 1824 2231 1879 anonymns.
2265 1809 2462 1866 Verum
2501 1828 2622 1867 cum
2648 1827 2711 1866 ea
2736 1814 2994 1868 duntaxat
3022 1814 3349 1877 testimonia,

1760 1911 1880 1966 quae
1927 1913 2025 1967 pro
2077 1900 2380 1970 prodigiosa
2424 1902 2662 1956 doctoris
2707 1902 3027 1957 l’arisiensis
3078 1903 3346 1966 anastasi,

1764 1995 2057 2056 secutoque
2088 1988 2238 2054 hinc,
2271 2000 2329 2044 ut
2357 1991 2475 2061 ejus
2504 1993 2789 2063 biograpbi
2827 1994 3025 2065 aliique
3056 1995 3349 2063 scriptores

1769 2077 2105 2146 antiquiores
2154 2078 2237 2134 vel
2286 2095 2446 2151 supra
2490 2082 2601 2153 jam
2652 2066 2855 2138 laudati
2901 2085 2988 2139 vel
3034 2084 3173 2137 infra
3225 2099 3350 2136 mox

1763 2169 2015 2225 laudandi
2045 2175 2320 2227 memoria:
2343 2175 2596 2244 produnt.
2627 2176 2814 2231 Sancti
2843 2177 3010 2229 nostri
3032 2176 3082 2228 in
3110 2191 3349 2230 eremunt

1763 2276 1979 2316 secessu
2027 2272 2181 2317 extra
2225 2280 2442 2319 omnem
2491 2267 2922 2321 controversiam
2978 2266 3239 2327 militant,
3294 2266 3346 2318 in

1764 2352 1997 2406 medium
2037 2352 2125 2407 hic
2176 2355 2478 2423 producere
2527 2357 2599 2412 sit
2641 2355 2833 2421 fnum,
2882 2356 3346 2424 reperianturque.

1763 2442 1854 2511 qui
1884 2441 2123 2499 Caasario
2163 2445 2230 2499 de
2254 2444 2547 2502 Parisiensi
2580 2447 2816 2503 doctoris
2846 2447 3070 2503 redivivi
3102 2432 3391 2517 prodigio,

1763 2546 2071 2586 sermonem
2114 2550 2219 2588 non
2263 2551 2383 2591 esse
2427 2536 2629 2605 velint,
2670 2538 2955 2609 scriptoris
2994 2536 3157 2607 hujus
3202 2537 3353 2591 testi-

1764 2622 2030 2687 monium,
2057 2625 2122 2678 de
2144 2640 2253 2694 quo
2286 2636 2464 2681 tamen
2494 2627 2621 2696 quid
2653 2628 2983 2683 censendum
3010 2629 3079 2681 sit
3105 2637 3355 2697 separato

1768 2713 1796 2785 §
1824 2713 1962 2769 infra
1992 2716 2299 2782 discutiam,
2336 2719 2425 2774 hic
2456 2720 2616 2774 modo
2651 2736 2758 2774 non
2789 2721 3106 2785 reccnsebo,
3141 2720 3215 2774 uti
3249 2735 3353 2774 nec

1764 2820 1925 2875 snpra
1975 2817 2354 2876 memoratum,
2403 2811 2567 2880 quod,
2620 2812 2723 2866 etsi
2756 2810 3114 2876 Theoderico,
3168 2812 3351 2866 abbati

1764 2900 2284 2969 Trudonopolitano,
2345 2920 2373 2955 a
2419 2904 2687 2959 nonnullis
2736 2905 3025 2970 tribuatur,
3071 2904 3354 2973 suppositi-

1764 2991 1896 3044 tium
1930 3002 2205 3056 tamcn,ut
2230 2994 2342 3061 jam
2383 2993 2555 3058 innui,
2580 2994 3121 3064 cummcntitiumquc
3151 2995 3352 3047 verosi-

1765 3084 1985 3138 millime
2026 3100 2171 3150 esse,
2205 3084 2348 3139 infra
2389 3086 2615 3140 dicenda
2649 3088 2916 3155 aperient.
2949 3087 3222 3141 Przeterco
3263 3087 3352 3141 hic

1764 3175 1926 3229 etiam
1952 3215 1968 3239 ,
2008 3176 2151 3244 quod
2198 3176 2266 3231 ad
2318 3175 2610 3232 Annalium
2664 3176 3126 3233 Carthusiensium
3165 3179 3285 3233 libri
3318 3179 3351 3232 «ί

1710 3267 1718 3330 Ῐ
1768 3274 1991 3321 auctore
2039 3281 2310 3338 anonymo
2362 3267 2655 3336 profertur,
2717 3269 3109 3335 testimonium,
3159 3285 3190 3325 a
3230 3271 3352 3326 libri

1768 3355 1906 3411 infra
1936 3359 2297 3425 memorandi,
2327 3359 2435 3429 quis
2472 3378 2489 3411 ι
2520 3360 2596 3416 De
2621 3370 2853 3429 quatuor
2880 3362 3121 3418 Paradisi
3172 3362 3351 3417 flumi-

1766 3447 1928 3503 nibus
1964 3469 1984 3501 ι
2030 3450 2367 3514 inscribitur,
2408 3460 2631 3507 auclore
2671 3455 3090 3522 suppeditatum.
3139 3455 3350 3509 Etenim

1765 3540 2061 3594 secundum
2104 3541 2207 3595 hoc
2247 3542 2554 3612 prodigiosa
2590 3543 2829 3598 doctoris
2863 3543 3187 3599 Parisiensis
3217 3559 3352 3598 ana-

1766 3632 1933 3687 stasis
1968 3649 2073 3687 non
2114 3633 2167 3688 in
2193 3634 2432 3690 Ecclesia
2470 3644 2563 3690 aut
2597 3636 2809 3705 publice
2845 3651 3026 3691 coram
3070 3637 3349 3692 innumera

1768 3722 1948 3793 populi
1980 3724 2344 3791 multitudine,
2375 3727 2466 3782 sed
2496 3728 2750 3798 privatim
2791 3728 2842 3781 in
2874 3728 3111 3783 defuncti
3144 3728 3352 3784 tedibus

1765 3830 1949 3869 coram
1999 3817 2186 3886 pancis
2238 3817 2476 3888 solisque
2535 3817 2691 3887 hujus
2752 3821 2942 3875 amicis
2995 3823 3200 3886 evmit;
3264 3821 3353 3875 ltic

1766 3917 1946 3961 autem
1977 3924 2039 3963 ea
2068 3909 2348 3975 duntaxat,
2379 3928 2497 3981 qua:
2524 3912 2852 3967 horrendum
2892 3912 3018 3967 illud
3045 3913 3347 3982 prodigium

1766 3999 1979 4070 publice
2046 4000 2248 4055 factum
2300 4004 2629 4072 perhibent,
2701 4006 3008 4060 testimonia
3079 4006 3348 4060 recenseri

1763 4104 2004 4159 praesens
2050 4091 2353 4147 institutum
2386 4095 2575 4164 exigit.
2623 4095 2697 4149 En
2731 4096 2912 4161 modo,
2939 4113 3058 4167 qua:
3087 4097 3192 4151 huc
3221 4112 3347 4164 spe-

1765 4192 1946 4249 ctant,
1999 4198 2066 4238 ex
2113 4184 2401 4240 Annalium
2451 4187 2925 4245 Carthusicnsium
2971 4190 3107 4244 libro
3154 4199 3349 4258 quarto

1767 4274 2029 4331 hactenus
2069 4292 2175 4331 non
2227 4276 2463 4347 vulgato,
2513 4280 2922 4351 saepissimeque
2965 4278 3079 4349 jam
3128 4280 3348 4334 laudato

1766 4367 2059 4436 descripta,
2110 4382 2217 4422 una
2267 4384 2392 4424 cum
2436 4370 2923 4436 observationibus,
2977 4386 3111 4440 quas
3156 4370 3345 4424 iisdem

1766 4456 1889 4511 libri
1933 4457 2074 4512 illius
2110 4468 2299 4514 auctor
2328 4476 2628 4534 anonymns
2662 4462 2969 4516 admiscuit.

133 4543 216 4610 lati,
242 4560 290 4603 ut
310 4556 465 4609 verba
496 4555 724 4609 recitata
747 4554 998 4618 innuunt,
1032 4553 1109 4608 rei
1139 4562 1303 4623 gestae
1332 4553 1506 4620 testis,
1538 4568 1663 4609 vere
1696 4564 1740 4617 1)
1833 4548 1958 4602 2l6.
1990 4566 2008 4600 ‹
2037 4548 2229 4604 Exstat
2251 4551 2569 4618 etiamnum,
2598 4553 2770 4623 inquit
2794 4554 2901 4620 hic,
2927 4556 3066 4624 apud
3091 4554 3349 4611 Montem-

133 4648 254 4703 esset,
280 4653 425 4698 extra
455 4659 676 4698 omnem
707 4644 1135 4699 controversiam
1165 4654 1412 4714 poneret,
1458 4646 1664 4702 verosi-

134 4726 339 4797 tnillime,
368 4750 434 4790 ne
464 4735 643 4790 dicam
686 4735 936 4802 indubie,
980 4736 1420 4791 commentitium
1450 4745 1552 4803 est,
1585 4739 1660 4793 uti

136 4816 239 4876 infra
258 4829 546 4881 ostendam.
588 4827 741 4894 Quod
770 4828 928 4882 modo
959 4830 1024 4883 ad
1054 4841 1319 4885 assertam
1360 4846 1390 4885 a
1419 4831 1665 4888 Pnteano

136 4916 563 4976 ctBlomenvenna
604 4922 825 4978 infausti
859 4925 1098 4980 doctoris
1120 4927 1171 4980 in
1201 4929 1546 4998 sterquilinio
1577 4945 1664 4984 sc-

136 5008 350 5073 pulturam
379 5015 650 5086 pertinet,
691 5031 797 5071 non
828 5016 1015 5072 dubito
1047 5020 1299 5087 quidem,
1348 5023 1477 5090 quin
1522 5022 1663 5077 hanc

137 5095 187 5150 illi
206 5116 258 5154 ex
283 5106 608 5172 auctoribus,
642 5094 860 5161 tetatem
899 5121 1050 5162 suam
1087 5110 1424 5177 praegressis,
1468 5111 1660 5166 hause-

139 5188 245 5253 rint;
268 5209 441 5249 verum
474 5213 637 5265 posce
662 5198 743 5252 vel
776 5214 807 5253 e
835 5198 1059 5267 primos.
1098 5199 1182 5252 vel
1215 5200 1382 5254 etiam
1409 5215 1439 5256 e
1473 5203 1662 5271 primis

140 5282 335 5340 proxime
382 5288 613 5351 secutis,
668 5288 758 5358 qui
804 5287 1111 5344 Parisiense
1157 5291 1395 5346 doctoris
1438 5295 1660 5351 redivivi

140 5376 450 5435 ipecmculum
498 5378 692 5434 litteris
748 5382 1219 5447 commcndarint,
1270 5384 1472 5451 fuisse,
1518 5387 1659 5442 nulla

140 5461 313 5547 omnino
358 5469 495 5523 ratio
542 5471 756 5530 suadet.
798 5472 974 5541 Atque
1024 5472 1096 5526 ita
1139 5488 1205 5527 ex
1255 5474 1506 5544 ctrinibus
1548 5477 1659 5547 jam

143 5545 263 5637 dictis
300 5555 486 5626 liquet,
524 5576 554 5615 e
593 5562 802 5617 duobus
845 5563 932 5617 hic
964 5562 1076 5631 jam
1124 5566 1441 5621 memoratis
1479 5545 1661 5637 prodi-

146 5636 269 5727 tioste
299 5647 529 5706 doctoris
564 5662 881 5707 anastaseos
916 5653 1205 5724 adjunctis,
1256 5636 1531 5727 utcunque
1568 5658 1662 5714 ha-

148 5722 325 5792 lreantur
355 5756 449 5809 pro
486 5742 650 5811 falsis,
680 5746 893 5815 explodi
933 5747 1072 5802 hanc
1108 5748 1254 5804 velut
1295 5761 1659 5809 commentum

149 5826 214 5871 κη
240 5822 445 5890 fabulam
477 5836 662 5895 merito
694 5852 723 5894 a
748 5836 991 5895 Launoio
1022 5855 1128 5895 non
1161 5841 1421 5910 potuisse,
1453 5859 1571 5900 cum
1600 5856 1659 5900 ut

1771 4638 1858 4693 Dei
1898 4653 2138 4693 crassum
2168 4638 2446 4706 volumen,
2492 4644 2694 4712 optima
2744 4646 3057 4700 membrana
3103 4650 3348 4702 conscri-

1766 4740 1938 4800 ptum,
1962 4729 2245 4785 continens
2264 4729 2415 4789 Vitas
2439 4743 2770 4802 sanctorum,
2798 4739 2938 4807 quod
2965 4754 3147 4793 secum
3171 4740 3349 4794 attulit

1766 4824 1831 4877 ad
1875 4823 2228 4881 Montem-Dei
2262 4826 2498 4883 Joatmes
2548 4831 2846 4887 monachus
2900 4830 3127 4886 abbatia:
3172 4833 3345 4886 sancti
3414 4882 3417 4889 .

1765 4915 2026 4985 Arnulphi
2076 4916 2352 4985 ltletensis,
2384 4919 2473 4989 qui
2520 4919 2662 4974 circa
2691 4936 2890 4976 annum
2926 4922 3061 4976 1324
3105 4904 3346 4977 habitum

1765 5010 2205 5067 Cartltusiensem
2237 5011 2429 5065 induit.
2468 5011 2559 5067 Sic
2586 5012 2901 5069 inscribitur
2929 5016 3095 5071 codex
3124 5035 3136 5070 :
3170 5035 3187 5067 ‹
3225 5015 3345 5070 Vita

1770 5125 1788 5157 ι
1832 5120 1995 5160 aurea
2020 5120 2181 5175 super
2206 5104 2487 5176 Legendus
2510 5105 2860 5176 plurimorum
2889 5117 3195 5164 sanctorum
3225 5124 3345 5163 cum

1772 5218 1789 5250 α
1837 5197 2156 5269 quibusdam
2200 5197 2570 5252 additionibus
2615 5197 2771 5253 valde
2816 5199 3055 5254 utilibus.
3093 5217 3114 5250 ›
3169 5195 3233 5252 Et
3278 5198 3345 5251 ad

1764 5293 1965 5350 enicem
1997 5292 2193 5348 litteris
2220 5293 2403 5347 rubeis
2426 5292 2541 5347 haec
2566 5291 2630 5347 de
2661 5300 2901 5362 tempore
2932 5293 3115 5363 scripti
3144 5292 3347 5347 codicis

1766 5384 2050 5455 leguntur:
2087 5400 2105 5434 ι
2134 5383 2327 5438 Frater
2356 5381 2591 5438 Joannes
2624 5384 2920 5437 monachus
2940 5382 3123 5436 Sancti
3152 5381 3348 5435 Arnul-

1771 5494 1788 5527 ι
1837 5475 1926 5546 plti
1959 5475 2245 5541 Metensis,
2286 5475 2428 5530 filius
2453 5476 2738 5530 Bertrandi
2781 5474 2905 5531 dicti
2936 5474 3215 5541 Trancon,
3256 5490 3349 5531 co-

1767 5594 1784 5626 ι
1829 5573 2175 5641 gnominatus
2196 5573 2262 5628 de
2305 5572 2504 5627 Sancta
2548 5572 2745 5636 Cruce,
2777 5571 2904 5625 fecit
2949 5572 3063 5625 ﬁeri
3094 5580 3158 5655 oet
3182 5574 3344 5629 scribi

1768 5686 1784 5716 ι
1833 5665 1995 5722 istum
2030 5664 2245 5727 librum.
2279 5675 2331 5719 et
2372 5665 2469 5719 fuit
2496 5664 2679 5719 finitus
2716 5679 2857 5718 anno
2888 5664 3097 5719 Domini
3127 5666 3262 5721 1522
3295 5666 3346 5723 in

1770 5775 1786 5805 ι
1834 5756 2016 5829 vigilia
2049 5756 2222 5812 sancti
2255 5754 2521 5812 Vincentii
2561 5754 2736 5809 levita:
2763 5765 2816 5810 et
2844 5756 3116 5826 martyris.
3164 5756 3346 5811 Finito

1771 5869 1786 5900 ι
1835 5848 1992 5913 libro.
2031 5857 2102 5906 snt
2130 5855 2249 5905 laus
2280 5856 2331 5905 ct
2362 5844 2531 5912 gloria
2560 5845 2799 5904 Christo.
2850 5847 3046 5906 Amen.
3083 5867 3103 5902 ι
3150 5847 3206 5903 ln
3244 5847 3348 5904 huc
