3862 6310
548 314 656 368 1'27
1381 329 1440 385 S.
1483 331 1832 390 BRUNONIS
1863 335 2508 420 CARTHUSIANORUM
2551 343 3034 409 INSTITUTORIS
3668 367 3747 422 128

545 1269 565 1302 ι
612 1255 798 1322 quias,
848 1267 1010 1324 prout
1065 1259 1229 1314 moris
1277 1269 1363 1315 est
1406 1261 1663 1327 Parisiis,
1721 1257 2120 1336 convenerunt;

545 1360 566 1394 ι
610 1345 985 1416 omnibusque,
1005 1364 1123 1418 qua:
1151 1351 1216 1404 ad
1245 1355 1530 1423 exsequias
1551 1357 1922 1426 pertinebant,
1950 1359 2122 1414 hono-

543 1451 562 1484 ς
611 1434 762 1490 rifice
799 1448 854 1491 et
894 1438 994 1492 rite
1029 1439 1251 1509 paratis,
1292 1453 1511 1496 ventum
1555 1455 1639 1498 est
1670 1446 1736 1500 ad
1769 1447 1893 1510 hoc,
1928 1458 1985 1502 ut
2027 1450 2124 1504 de-

543 1543 564 1577 r
613 1527 778 1582 functi
819 1545 1013 1598 corpus
1047 1532 1269 1588 deberet
1300 1534 1422 1603 poni
1466 1535 1518 1589 in
1549 1537 1818 1607 sepulcro,
1885 1541 2126 1596 circum-

543 1633 562 1665 ι
605 1619 975 1688 stant'lmsque
1000 1623 1233 1698 clericis,
1263 1625 1352 1692 qui
1383 1625 1671 1684 defunctus
1694 1639 1835 1696 erat,
1869 1631 2123 1688 clamavit

545 1721 566 1757 ο
614 1707 798 1762 dicens
826 1724 841 1763 :
875 1729 894 1762 ι
927 1709 1081 1767 Justo
1103 1714 1194 1768 Dei
1221 1714 1426 1785 judicio
1461 1728 1746 1776 accusatus
1774 1739 1911 1778 sum.
1955 1745 1973 1777 ›

603 1795 726 1852 an.
773 1818 792 1851 ε
826 1800 977 1865 Quod
1009 1803 1291 1860 audientes
1319 1806 1446 1862 dicti
1479 1811 1722 1878 magistri
1754 1822 1807 1866 et
1829 1813 2036 1881 clerici,
2063 1826 2120 1872 et
2152 1795 2194 1850 Β

539 1905 558 1939 ο
603 1905 709 1944 non
742 1891 1014 1950 immerito
1041 1897 1353 1964 stupefacti,
1379 1901 1511 1956 inito
1535 1904 1786 1971 consilio,
1819 1907 2121 1966 retulerunt

540 1996 558 2027 ι
607 1995 807 2051 corpus
847 1983 914 2037 ad
944 1984 1252 2053 ecclesiam,
1301 1989 1354 2044 in
1401 1993 1699 2049 crastinum
1755 2009 2118 2057 reservantes.

548 2087 567 2120 ι
616 2071 985 2145 Sequentique
1015 2077 1103 2134 die
1135 2083 1408 2150 exsequiis
1437 2084 1628 2140 iterum
1659 2087 1969 2157 celebratis,
1997 2107 2118 2147 cum

541 2181 560 2213 ε
611 2162 805 2219 vellent
835 2181 1036 2236 ponere
1065 2187 1261 2241 corpus
1293 2175 1343 2228 in
1377 2177 1602 2243 tumulo,
1639 2179 1832 2234 iterum
1864 2181 2120 2239 clamavit

541 2268 562 2302 σ
610 2265 852 2312 mortuus
879 2267 932 2312 et
958 2260 1072 2314 ait:
1103 2261 1284 2319 «Justo
1301 2265 1608 2335 Dcijudicio
1644 2267 1917 2337 judicatus
1942 2290 2114 2328 sum.»

540 2362 561 2396 ί
606 2343 756 2402 Tunc
798 2351 971 2421 magis
1011 2368 1074 2407 ac
1115 2356 1287 2427 magis
1335 2359 1588 2438 admirati
1637 2363 1765 2417 dicti
1813 2364 2014 2427 clerici,
2067 2376 2121 2422 et

542 2451 562 2488 ι
607 2439 994 2506 conquirentes
1031 2443 1172 2500 inter
1209 2463 1270 2503 se
1316 2451 1442 2519 quid
1471 2467 1632 2523 agere
1658 2455 1938 2525 deberent,
1971 2460 2116 2514 dixe—

541 2547 560 2578 σ
609 2539 735 2584 runt
779 2533 1034 2600 quidam,
1081 2539 1223 2606 quod
1263 2541 1526 2620 judicium
1573 2556 1788 2616 poterat
1831 2565 2027 2608 sonare
2066 2553 2118 2607 in

542 2637 561 2670 ο
609 2620 750 2676 bono
777 2624 910 2679 etin
938 2628 1100 2682 malo.
1153 2628 1306 2687 Unde
1353 2632 1452 2689 fuit
1491 2651 1776 2694 commune
1813 2643 2116 2709 consilium,

539 2730 558 2765 ο
607 2722 666 2769 ut
712 2723 766 2770 et
812 2732 984 2788 usque
1035 2721 1087 2776 in
1133 2735 1448 2794 sequentem
1500 2729 1665 2796 diem,
1694 2733 1784 2802 qui
1825 2735 2116 2792 defunctus

543 2823 562 2854 ι
608 2803 807 2870 fuerat,
858 2807 1216 2868 intumulatus
1260 2827 1604 2883 servaretur;
1657 2823 1801 2891 quod
1830 2832 1884 2877 et
1916 2825 2117 2880 factum

541 2913 561 2946 ι
607 2905 712 2951 est.
743 2898 1136 2974 Divulgatoque
1184 2909 1564 2976 praedictorum
1603 2929 1837 2980 rumore,
1869 2913 2118 2988 sequenti

539 3005 559 3038 ο
609 2989 694 3044 die
722 2994 972 3048 convenit
1009 3012 1144 3066 pene
1177 2999 1428 3057 universa
1459 3004 1670 3060 civitas.
1709 3007 1774 3061 Et
1803 3025 1924 3064 cum
1955 3027 2120 3080 pone-

449 435 454 438 ’
540 433 707 500 igitur
731 433 1007 492 volumine
1031 435 1257 494 historia
1289 440 1527 498 damnati
1559 451 1792 505 nominis
1821 451 1898 506 sic
1921 451 2120 506 deseri.
2151 455 2196 514 Α
2232 469 2250 503 t
2297 468 2419 508 cum
2459 456 2736 513 horridum
2769 462 2943 527 valde,
2973 472 3028 518 et
3069 461 3139 519 ab
3166 447 3467 525 hominibus
3496 485 3744 534 remotum:

538 521 690 575 hitur
723 538 843 602 cum
893 528 1138 596 sequenti
1199 529 1370 594 titttlo,
1424 552 1442 584 ι
1480 532 1576 588 Hic
1625 535 1847 608 incipit,
1898 539 2128 608 qualiter

549 631 567 662 ι
613 616 748 668 ordo
794 615 1200 674 Carthusieusis
1245 619 1345 676 fuit
1397 623 1696 682 institutus.
1753 628 1902 684 Sicut
1946 641 2126 700 patres

545 723 566 754 ‹
614 705 781 758 nostri
841 719 1200 764 narraverunt
1253 713 1442 777 nobis,
1497 715 1598 772 fuit
1640 719 1857 788 quidam
1903 737 2127 790 magnus

543 813 564 845 ο
613 795 870 861 clericus,
896 815 1089 870 regens
1122 811 1244 856 actu
1272 803 1494 861 Parisiis
1548 809 1600 863 in
1627 810 1914 881 theologia,
1945 813 2123 884 magni

553 903 571 936 ι
621 889 856 944 nominis
885 903 1044 960 atque
1061 892 1216 948 fama:
1240 899 1767 970 nonmediocris,qui
1793 903 1857 955 ad
1878 902 2122 959 ultimum

546 997 570 1028 σ·
612 981 738 1034 vita:
785 997 896 1036 suae
942 984 1232 1052 perductus
1275 999 1375 1049 est.
1407 990 1558 1057 cujus
1584 994 1895 1058 amissione,
1944 1004 2127 1063 utpote

545 1085 563 1115 σ
615 1070 746 1122 tanti
772 1071 892 1134 viri,
925 1073 1058 1127 tanti
1103 1076 1370 1144 magistri,
1414 1094 1535 1133 cum
1561 1079 1649 1134 alii
1677 1081 1862 1137 clerici
1887 1084 2124 1140 universi

544 1178 565 1210 ι
608 1172 905 1230 prmsentes
944 1180 1048 1219 non
1086 1167 1352 1222 modicum
1377 1172 1680 1228 contristati
1721 1175 1789 1228 ad
1816 1173 1934 1242 ejus
1965 1191 2125 1232 exse-

2235 565 2253 596 ι
2299 555 2563 602 steterunt
2610 561 2787 606 autem
2831 555 2924 608 ibi.
2979 556 3280 629 Evigilante
3308 569 3476 617 autem
3507 564 3635 621 dicto
3658 573 3747 640 epi-

2235 655 2254 688 ‹
2299 654 2482 709 scopo,
2512 651 2566 696 et
2593 645 2658 698 de
2686 646 2893 701 visione
2944 660 3150 719 septem
3198 653 3467 708 stellarum
3505 661 3748 729 cogitante,

2235 745 2254 778 ‹
2297 730 2451 785 adest
2477 735 2734 802 magister
2761 736 2946 794 Bruno
2983 757 3104 794 cum
3135 743 3297 798 sociis
3321 745 3448 799 suis.
3476 745 3752 808 Cadentihus

2235 839 2252 871 ι
2297 832 2476 878 autem
2508 825 2666 883 dictis
2694 839 2896 899 septeni
2925 842 3052 887 ante
3079 831 3244 902 pedes
3271 839 3368 891 viri
3398 842 3576 910 sant-ti,
3603 845 3750 899 conle-

2233 928 2253 962 ‹
2305 913 2458 968 rebat
2496 916 2546 970 in
2587 919 2754 974 corde
2797 936 2895 975 suo
2925 923 2992 976 de
3039 935 3248 992 septem
3295 928 3478 990 stellis.
3523 947 3630 985 nam
3674 934 3751 1002 ipsi

2232 1020 2252 1053 ‹
2296 1016 2499 1073 septem
2529 1018 2702 1062 erant.
2735 1010 2952 1066 Levavit
2982 1023 3160 1067 autem
3187 1029 3278 1068 eos
3305 1017 3524 1088 benigne
3551 1022 3608 1073 ad
3629 1037 3751 1076 oscu-

2234 1111 2253 1145 ι
2305 1095 2436 1150 lum.
2492 1098 2577 1162 Et,
2629 1101 2888 1172 inquisita
2939 1113 2994 1159 et
3041 1105 3331 1177 diligenter
3385 1109 3631 1165 intellecta
3672 1129 3752 1182 qua

2233 1208 2251 1240 ι
2294 1205 2458 1246 causa
2489 1196 2786 1261 venissent,
2812 1197 2950 1252 dixit
2979 1198 3058 1254 eis
3084 1216 3097 1251 :
3152 1219 3168 1250 ι
3196 1199 3322 1254 Scio
3349 1199 3514 1256 locum
3540 1215 3752 1270 vestrum,

2231 1297 2251 1331 ι
2295 1295 2323 1333 a
2342 1281 2449 1337 Deo
2472 1283 2624 1340 vobis
2645 1297 2912 1355 paratum,
2928 1308 2945 1339 ι
2969 1298 3025 1344 et
3047 1290 3200 1344 duxit
3227 1306 3322 1347 eos
3345 1310 3446 1346 non
3472 1294 3578 1350 sine
3601 1297 3755 1366 grandi

2231 1389 2250 1423 ι
2294 1371 2478 1429 labore
2515 1377 2580 1430 ad
2625 1377 2834 1441 locum,
2868 1380 2955 1434 ubi
2988 1391 3258 1437 steterant
3297 1395 3494 1454 septem
3533 1387 3693 1450 stellae,
3714 1396 3756 1442 et

2231 1482 2250 1515 ι
2297 1465 2401 1520 ait:
2426 1468 3007 1527 «Eccelocttsvester.»
3028 1474 3100 1528 lbi
3133 1475 3452 1545 igitur,ipso
3476 1489 3643 1532 sancto
3665 1481 3755 1533 viro

2230 1571 2248 1604 ι
2288 1552 2534 1622 juvante,
2562 1573 2849 1629 cmpernnt
2879 1565 3154 1620 aadificare
3199 1568 3428 1636 primam
3458 1570 3650 1622 domum
3686 1585 3756 1624 or-

2230 1663 2249 1695 ι
2294 1647 2437 1702 diuis
2467 1649 2892 1723 Carthusiensis,
2939 1671 3059 1726 quae
3109 1658 3307 1714 domus
3335 1658 3616 1716 Carthusia:
3651 1677 3756 1715 nuu-

2229 1755 2248 1788 ‹
2296 1749 2551 1808 cupatur.
2580 1761 2599 1794 ι

2298 1827 2424 1883 219.
2443 1848 2461 1881 α
2484 1829 2607 1886 Haec
2635 1831 2729 1898 ibi,
2757 1848 2878 1903 quae
2901 1851 3006 1890 non
3038 1835 3348 1906 discrepant
3387 1853 3415 1893 a
3450 1839 3658 1903 cmteris,
3683 1839 3755 1895 sed

2224 1918 2545 1985 notandum,
2570 1922 2712 1989 quod
2735 1934 2953 1978 sanctus
2975 1924 3157 1980 Bruno
3182 1925 3382 1982 dicitur
3401 1939 3596 1984 secreto
3615 1931 3758 1985 socios

2226 2021 2356 2064 suos
2394 2010 2682 2066 allocutus.
2720 2015 3028 2070 Verisimile
3061 2025 3146 2072 est
3185 2019 3376 2083 etiam,
3418 2021 3567 2089 hujus
3595 2022 3757 2075 codicis

2222 2107 2500 2154 auctorem
2546 2101 2745 2156 vidisse
2791 2103 3121 2171 Chronicon,
3173 2121 3202 2160 a
3254 2117 3438 2162 nostro
3478 2123 3754 2179 anonymo»

2224 2188 2334 2259 (adi
2369 2191 2532 2245 verba
2571 2208 2720 2247 num.
2747 2194 2849 2250 199
2879 2205 2933 2249 et
2975 2211 3090 2267 seq.
3126 2212 3193 2252 ex
3229 2199 3331 2255 hoc
3375 2202 3687 2269 transcripta.
3717 2211 3759 2254 et

2224 2295 2370 2332 num.
2406 2281 2471 2334 12
2497 2291 2552 2336 et
2578 2281 2734 2337 binos
2759 2286 2936 2357 seqq.)
2970 2305 2988 2337 ι
3024 2289 3231 2342 editum
3258 2290 3398 2345 circa
3429 2289 3756 2344 anuumlﬂ‘zo.

2221 2370 2360 2425 Ante
2383 2372 2769 2442 quinquaginta
2807 2391 2980 2432 annos
3014 2379 3403 2435 asservabatur
3443 2381 3492 2434 in
3519 2379 3758 2433 Carthusia

2222 2459 2632 2516 Monsterolensi
2681 2479 2782 2518 ms.
2830 2466 3002 2520 codex
3049 2467 3298 2523 ecclesia:
3330 2469 3622 2542 Longiprati
3656 2469 3759 2522 Am-

2223 2550 2494 2608 hianensis
2525 2554 2797 2622 dimcesis,
2832 2557 2884 2611 in
2915 2574 3023 2628 quo
3055 2569 3182 2616 tunc
3217 2562 3497 2617 historiam
3527 2560 3758 2632 pricfatam

2207 2620 2349 2714 ‘legit
2397 2647 2616 2716 quidam
2661 2651 2962 2706 monachus
3011 2651 3358 2709 Montis-Dei.
3403 2655 3456 2710 lu
3507 2656 3598 2710 hoc
3625 2654 3758 2707 etiam

2221 2737 2407 2791 codice
2444 2737 2671 2807 plurima
2707 2750 2876 2794 metra
2901 2740 3102 2798 Gallica
3141 2760 3248 2798 una
3290 2761 3411 2800 cum
3453 2745 3655 2814 epistula
3686 2759 3759 2797 seu

2223 2835 2454 2882 tractatu
2503 2827 2578 2884 De
2610 2830 2718 2884 vita
2762 2831 3006 2888 solitaria
3048 2836 3115 2888 ad
3164 2834 3364 2891 fratres
3412 2836 3477 2890 de
3504 2836 3661 2891 Monte
3685 2834 3758 2888 Dei

2221 2915 2440 2971 nomine
2475 2918 2745 2975 Gnillelmi
2785 2923 3226 2980 continebantur.
3285 2927 3381 2982 llic
3419 2937 3587 2982 autem
3623 2925 3759 2980 codex

2221 3005 2377 3061 datus
2429 3009 2532 3063 fuit
2572 3009 2882 3067 Carthusiae
2929 3012 3347 3072 Monstcrolcnsi
3411 3018 3548 3072 circa
3597 3030 3758 3070 annum

542 3095 561 3125 σ
609 3088 726 3134 rent
777 3081 1090 3140 defunctum
1131 3087 1182 3142 in
1219 3090 1495 3159 sepultura
1548 3107 1871 3166 pra-parata,
1920 3100 2114 3156 iterum
2145 3137 2190 3196 ϐ
2225 3097 2378 3158 1550.
2416 3111 2474 3155 ut
2511 3101 2566 3156 in
2596 3119 2661 3158 eo
2688 3103 2902 3174 legitur,
2963 3123 2982 3157 ι
3015 3106 3120 3162 Par
3152 3106 3406 3165 Messires
3451 3109 3660 3164 Roberts
3684 3107 3759 3159 lia-

543 3185 562 3196 .
609 3171 874 3196 ι-Ι...-...-.2ι.
901 3192 914 3196 -
974 3175 1135 3196 ,I,_,.,
1179 3179 1216 3196 ἢ
1257 3181 1268 3193 ο
1294 3180 1305 3192 υ
1370 3184 1402 3196 η
1441 3185 1453 3196 ι
1636 3187 1650 3196 ι
2326 3191 2380 3196 ---
2445 3191 2474 3196 -

541 3185 562 3219 ί
607 3171 874 3228 clamavit'
901 3192 914 3227 :
965 3175 1147 3233 «Justo
1179 3179 1268 3236 Dei
1288 3180 1492 3250 judicio
1513 3187 1901 3246 condenmatns
1929 3208 2107 3248 sum.»

544 3276 565 3312 ι
609 3261 748 3318 Dieti
777 3275 952 3320 autem
979 3269 1242 3339 magistri.
1268 3275 1454 3330 audito
1475 3277 1579 3332 hoc
1605 3280 1768 3333 verbo
1799 3291 1853 3336 et
1883 3293 2115 3339 tractatu

543 3372 562 3404 ι
606 3352 792 3410 habito
837 3358 1098 3428 diligenti,
1149 3363 1426 3430 dixerunt,
1471 3381 1594 3422 eum
1627 3385 1746 3426 esse
1779 3373 2113 3431 damnatum.

541 3463 557 3493 ι
606 3444 734 3499 Erat
771 3455 950 3502 autem
985 3459 1110 3506 tunc
1147 3457 1407 3525 temporis
1434 3457 1652 3525 quidam
1684 3463 1978 3520 cauoaicus
2010 3466 2116 3522 Re-

542 3554 561 3584 «
609 3537 829 3602 mensis,
875 3541 1132 3611 magister
1186 3543 1238 3598 in
1297 3547 1584 3619 theologia.
1641 3553 1858 3608 nomine
1911 3554 2112 3624 Bruno,

542 3643 560 3675 ι
607 3642 814 3698 magna:
838 3631 1146 3688 sanctitatis
1175 3643 1228 3688 et
1256 3635 1506 3704 profundi
1533 3655 1744 3708 sensus,
1771 3645 1886 3715 qui,
1912 3657 2117 3704 attente

545 3733 565 3767 ι
608 3731 722 3773 rem
773 3721 1014 3776 auditam
1067 3727 1442 3798 considerans,
1483 3733 1698 3790 vocavit
1741 3738 2004 3805 quosdam
2050 3741 2117 3796 de

541 3826 558 3857 α
604 3810 943 3870 scholaribus
959 3816 1071 3872 suis
1096 3829 1306 3877 secreto
1333 3831 1388 3877 et
1416 3823 1488 3879 ait
1523 3825 1658 3881 illis:
1692 3827 2110 3899 «Ecce,videtis,

539 3917 559 3952 ι
609 3903 830 3971 ....quid
856 3919 1016 3976 agere
1039 3909 1353 3969 debeamus.
1386 3914 1443 3970 Si
1469 3915 1630 3972 homo
1659 3927 1822 3976 tantm
1852 3922 2113 3989 scientiae,

540 4006 560 4040 ο
606 3999 770 4050 tanta:
793 3996 945 4064 vitae,
979 4007 1142 4057 tanta:
1179 4001 1358 4071 famae,
1401 4005 1533 4062 dicit
1573 4025 1632 4065 se
1665 4023 1998 4080 accusatum,
2024 4015 2113 4085 ju-

541 4102 558 4134 ι
604 4084 865 4153 dicatum,
895 4093 1338 4161 condemnatum,
1371 4099 1500 4166 quid
1545 4116 1644 4156 nos
1687 4117 1910 4173 sperare
1955 4095 2116 4160 debe-

540 4195 558 4230 ι
607 4193 746 4242 mus,
780 4181 962 4238 miseri
991 4197 1304 4257 peccatores
1327 4191 1376 4244 ?l
1407 4211 1424 4243 ι
1469 4191 1710 4264 Cumque
1745 4197 1988 4252 dicerent
2017 4199 2064 4253 ei
2099 4219 2112 4255 :

542 4289 561 4321 ι
610 4269 884 4343 Magister,
919 4277 972 4331 in
1002 4281 1259 4335 omnibus
1302 4283 1480 4352 parati
1524 4301 1713 4343 sumus
1762 4296 1853 4344 tuo
1897 4292 2116 4360 acquie-

537 4381 555 4411 ι
604 4379 756 4419 scere
785 4369 1074 4434 consilio;i
1104 4371 1206 4426 ait:
1239 4372 1598 4441 «Consulo,ut
1620 4381 2117 4452 mundum,et.qua:

2226 3209 2244 3241 ι
2271 3191 2416 3246 taille
2437 3191 2686 3249 Canoenc
2713 3196 2779 3250 de
2803 3196 3046 3267 Longprc
3073 3213 3138 3267 en
3164 3199 3394 3256 Santers
3424 3217 3482 3255 as
3501 3199 3758 3255 Chartreux

2225 3300 2244 3333 ι
2268 3282 2333 3336 de
2359 3283 2704 3340 Monstrevel.
2739 3307 2756 3339 ι
2788 3287 2866 3341 Ex
2895 3290 2978 3343 his
3003 3289 3194 3358 liquet,
3231 3291 3373 3347 hanc
3401 3292 3657 3347 historiam
3681 3289 3760 3342 sub

2220 3372 2435 3426 initium
2467 3375 2648 3430 szeculi
2694 3377 2874 3445 quarti
2913 3379 3105 3432 decimi
3149 3378 3319 3436 fuisse
3350 3382 3679 3443 notissimam.
3710 3391 3759 3430 ac

2218 3464 2371 3532 proin
2400 3464 2515 3534 ejus
2545 3466 2810 3536 originem
2841 3467 3282 3538 antiquissimam
3308 3472 3379 3526 fui
3414 3489 3498 3538 se;
3531 3487 3618 3526 nec
3642 3471 3757 3523 enim

2223 3552 2515 3608 verisimile
2560 3564 2673 3617 cst,
2727 3571 2847 3611 eam
2899 3559 3092 3614 eodem
3163 3570 3407 3634 tempore
3449 3573 3520 3618 tot
3561 3564 3607 3617 in
3654 3560 3758 3615 locis

2219 3643 2457 3697 unanimi
2500 3660 2765 3700 consensu
2801 3647 2969 3703 fuisse
3015 3653 3405 3722 excogitatam.
3444 3673 3461 3706 ι
3514 3653 3656 3708 llisce
3679 3651 3754 3704 oh-

2216 3733 2478 3799 servatis,
2526 3734 2922 3792 Carthusianus
2971 3755 3276 3814 anonymus
3330 3744 3634 3800 testimoniis
3668 3739 3759 3809 jam

2216 3824 2462 3881 adductis
2499 3825 2748 3899 infraque
2769 3831 2946 3886 adhuc
2982 3832 3319 3891 adducendis
3345 3837 3580 3907 picturas
3611 3848 3667 3888 ac
3698 3841 3762 3884 ta-

2215 3915 2386 3971 bellas
2415 3917 2666 3989 antiquas
2696 3917 2995 3983 interserit,
3024 3937 3145 3993 quae
3181 3939 3310 3979 cum
3341 3925 3507 3980 ferale
3534 3919 3758 3982 doctoris,

2217 4007 2530 4061 damnatum
2577 4024 2635 4063 se
2676 4008 2981 4076 vociferati,
3051 4015 3422 4082 spectaculum
3483 4014 3758 4071 exhibeant,

2221 4103 2759 4174 testimoniorumque
2833 4105 2950 4160 loco
3016 4107 3144 4163 hinc
3219 4124 3344 4164 esse
3407 4104 3761 4180 quodammodo

2215 4202 2438 4261 queant,
2478 4193 2641 4248 verba
2679 4195 2864 4260 etiam,
2901 4195 3098 4266 quibus
3138 4197 3189 4252 id
3232 4198 3386 4264 facit,
3425 4199 3652 4271 proxime
3669 4194 3760 4264 jam

2218 4282 2456 4338 recitatis
2483 4283 2739 4356 adjungo.

2283 4373 2414 4427 2‘20.
2441 4373 2533 4429 Sic
2565 4374 2765 4431 habent
2793 4395 2806 4431 :
2838 4397 2855 4429 ι
2889 4378 3240 4436 Innocentius
3267 4381 3428 4452 hujus
3451 4379 3664 4438 nominis
3687 4373 3760 4440 Vl,

540 4469 558 4504 ι
603 4465 724 4509 sunt
757 4461 961 4524 mundi,
997 4461 1286 4533 fugiamus,
1319 4475 1372 4522 et
1404 4467 1709 4526 habitemus
1747 4472 1797 4526 in
1826 4473 2115 4530 solitudine

2224 4481 2464 4523 summus
2503 4468 2776 4538 pontifex,
2825 4470 2876 4524 in
2931 4471 3218 4528 refectorio
3272 4475 3568 4531 Carthusia)
3615 4471 3762 4526 Villa:-

495 4564 504 4572 -
542 4561 563 4593 ¢
609 4547 902 4602 secundum
934 4550 1091 4606 illud:
1123 4555 1310 4619 «Ecce,
1336 4559 1582 4630 elongavi
1612 4561 1913 4634 fugiens,et
1941 4566 2112 4620 mansi

538 4653 559 4688 ι
607 4636 660 4691 in
702 4639 986 4699 solitudine
1012 4644 1185 4713 (Paul.
1217 4665 1323 4717 ων,
1355 4651 1431 4722 8).
1467 4673 1484 4704 ι
1514 4653 1576 4708 Ει
1608 4656 1932 4726 incipiamus
1962 4657 2113 4712 ordi-

539 4746 560 4780 r
601 4744 724 4784 ncm
758 4733 913 4788 nobis
941 4738 1159 4805 puenitci
1186 4741 1270 4795 tia:
1297 4751 1350 4797 et
1381 4745 1710 4802 securitatis.
1734 4768 1753 4801 ι

600 4822 727 4879 218.
775 4843 794 4876 ‹
832 4826 896 4882 Et
927 4828 1169 4884 addidit:
1221 4851 1239 4883 ι
1284 4836 1378 4889 Est
1425 4838 1581 4892 nobis
1625 4840 1841 4908 quidam
1890 4851 2114 4898 sanctus

539 4931 560 4965 ι
607 4916 888 4986 cpisc0pus
923 4919 976 4974 in
1008 4907 1601 5000 partilms'Burgundize
1644 4907 1697 4985 in
1726 4933 1947 4988 civitate
1979 4931 2114 4990 Cra-

538 5025 558 5058 c
603 5009 895 5081 tianopoli,
937 5013 991 5068 in
1021 5013 1176 5084 cujus
1205 5018 1522 5090 episcopatu
1569 5032 1693 5078 sunt
1728 5023 1843 5080 loca
1872 5025 2112 5092 deserta,

540 5117 560 5150 ι
606 5108 660 5153 et
703 5117 839 5169 pene
886 5103 1300 5162 inaccessibilia.
1347 5109 1546 5166 Eamus
1589 5113 1656 5167 ad
1699 5115 1858 5181 eum’,
1895 5123 1952 5170 et
1998 5115 2114 5186 ejus

539 5207 560 5243 ι
605 5193 832 5248 consilio
852 5197 1033 5250 omnia
1059 5197 1375 5256 faciamus.)
1411 5203 1686 5260 Venerunt
1711 5204 1876 5276 igitur
1906 5213 2112 5275 septem

539 5299 558 5334 ι
606 5287 893 5342 unanimes
923 5298 974 5342 et
1003 5289 1161 5345 unius
1206 5291 1518 5350 voluntatis.
1569 5296 1814 5367 Cumque
1845 5299 2114 5352 intrarent

535 5390 556 5426 ι
598 5378 914 5460 priedii-tain
940 5379 1235 5445 civitatem,
1261 5385 1474 5446 accidit,
1507 5394 1564 5441 ut
1585 5398 1806 5444 sanctus
1831 5389 1914 5442 vir
1935 5389 2113 5444 dictus

539 5481 558 5514 ε
603 5467 886 5538 episcopus
922 5471 1257 5530 obdormiret
1295 5473 1346 5529 in
1375 5489 1590 5532 camera
1621 5493 1740 5532 sua.
1777 5477 2028 5548 Viditque
2059 5478 2111 5532 in

540 5572 560 5605 ι
609 5558 834 5621 somnis,
881 5571 956 5627 et,
987 5577 1142 5626 ecce,
1195 5573 1400 5634 septem
1455 5566 1624 5622 stellae
1671 5567 1936 5622 cadebant
1985 5575 2113 5621 ante

539 5665 558 5697 α
606 5650 768 5718 pedes
807 5649 922 5719 ejus
970 5663 1021 5708 et
1070 5665 1254 5725 postea
1308 5647 1677 5728 ascendebant
1726 5674 1822 5729 per
1867 5659 2110 5714 diversos

541 5760 558 5792 ‹
607 5756 816 5801 montes
865 5755 916 5804 et
962 5748 1124 5802 multa
1172 5751 1385 5807 deserta
1415 5769 1583 5826 usque
1619 5754 1685 5810 ad
1714 5753 2000 5826 quemdam
2033 5754 2110 5807 Io-

2219 4555 2402 4622 Novae,
2432 4575 2592 4628 quam
2627 4560 2865 4616 fundavit
2904 4579 3046 4619 anno
3084 4566 3242 4632 1556,
3280 4568 3438 4636 jussit
3470 4565 3761 4638 depingiur-

2219 4655 2329 4701 tum
2354 4659 2406 4702 et
2430 4665 2772 4721 progressum
2799 4654 3006 4709 ordinis
3029 4655 3456 4726 Carlhusiensis,
3489 4651 3764 4725 incipiendi?

2216 4753 2245 4792 a
2279 4743 2453 4797 sancti
2507 4743 2778 4798 Bruuonis
2826 4753 2880 4799 et
2925 4746 3198 4802 sociorum
3250 4747 3368 4816 ejus
3422 4745 3761 4804 conversione,

2217 4831 2399 4903 ibique
2434 4835 2728 4890 etiamnum
2773 4837 2916 4891 inter
2951 4838 3087 4893 alias
3126 4841 3352 4897 tabellas
3389 4856 3492 4896 una
3530 4835 3760 4894 cernitur.

2215 4928 2527 4997 exprimens
2571 4928 2698 4983 illud
2735 4930 3202 4999 expavescendum
3264 4934 3502 4987 damnati
3559 4925 3762 4985 hominis

2216 5013 2602 5089 Spectaculu'm.
2631 5020 2742 5074 Etsi
2767 5022 3004 5090 picturas
3033 5031 3089 5076 et
3118 5021 3330 5079 colores
3362 5025 3411 5078 in
3439 5024 3534 5077 hac
3563 5015 3760 5076 historia

2216 5114 2603 5182 contempserit
2647 5121 2702 5166 ct
2750 5113 2984 5167 irriserit
3029 5112 3334 5180 Launoius,
3370 5131 3472 5169 non
3509 5119 3761 5183 possumus

2215 5197 2454 5271 praifatis
2489 5201 2700 5255 tabellis
2736 5219 2840 5255 non
2875 5210 3121 5257 attexere
3162 5203 3522 5272 precatorinui
3568 5200 3757 5253 librum.

2215 5308 2323 5364 quo
2377 5308 2505 5348 usus
2556 5303 2640 5348 est
2684 5293 2942 5358 Joannes,
2993 5293 3101 5348 dux
3151 5291 3523 5356 Bituricensis,
3566 5283 3765 5344 Joannis

2216 5385 2359 5454 regis
2395 5385 2636 5440 Francia:
2690 5385 2852 5449 filius,
2908 5397 3067 5440 natus
3113 5401 3252 5441 anno
3278 5386 3432 5450 1510,
3463 5394 3516 5440 et
3549 5389 3766 5477 mortuus

2215 5493 2356 5534 anno
2382 5477 2536 5533 1416.
2566 5478 2718 5533 llunc
2741 5478 2935 5532 librum
2954 5479 3177 5534 modoin
3201 5479 3483 5534 Carthusia
3509 5471 3760 5532 conszituti

2215 5587 2326 5642 pra:
2375 5571 2622 5626 manibus
2653 5571 2936 5634 habemus,
2983 5571 3162 5642 politis
3190 5572 3533 5640 venustisquc
3567 5561 3755 5620 litteris.

2215 5663 2487 5718 deauratis
2538 5663 2842 5718 intersertis
2887 5663 3321 5730 characteribus,
3369 5669 3664 5752 exaratum,
3705 5663 3758 5752 ac

2215 5756 2457 5827 pluribus
2507 5755 2777 5827 exquisito
2829 5754 2994 5810 oleari
3057 5754 3312 5812 subactus
3358 5768 3514 5822 opere
3556 5745 3759 5816 dt‘llicus
