4016 6310
40 5646 44 5793 ἱ

446 366 562 435 im

469 489 770 547 Carthusiaa
799 479 1357 558 priorumChronicon
1390 474 1533 543 scrip

474 580 710 637 tbusiani
735 577 989 646 anonymi
1006 569 1277 642 Opinione)
1296 565 1568 634 annisjam
1593 563 1840 617 ducentis
1860 568 1913 613 et
1935 573 2047 610 am-

473 673 615 741 plius
646 679 770 723 ante
800 666 1057 720 Gersonis
1089 662 1316 723 obitum,
1359 676 1377 708 ι
1411 656 1498 725 qui
1538 671 1681 708 anno
1708 652 1843 706 1429
1871 648 2045 703 conti-

474 766 571 832 git,
600 781 618 812 ι
654 759 850 813 litteris
881 757 1043 811 fuisse
1072 754 1396 816 mandatam,
1427 761 1587 802 ruunt
1630 745 1851 800 Launoii
1890 758 2049 810 argu-

476 858 653 904 menta
683 889 697 912 ,
738 848 935 917 quibus
983 844 1113 898 tanti
1166 843 1263 895 viri
1314 839 1674 895 testiinonium
1730 835 2051 903 dispungere

475 938 623 992 nisus
649 947 748 991 est.
791 957 807 988 ι

541 1031 669 1084 224.
727 1049 745 1081 ι
809 1028 913 1082 Sed
965 1027 1030 1080 de
1064 1040 1129 1079 eo
1181 1024 1373 1078 iterum
1424 1019 1583 1074 infra.
1639 1014 1896 1070 Gersonis
1941 1012 2052 1066 fere

474 1121 693 1187 :equalis
726 1119 823 1172 fuit
866 1118 923 1171 S.
957 1118 1287 1178 Antoninus,
1322 1114 1411 1182 qui
1444 1114 1557 1164 fuse
1589 1111 1727 1163 hanc
1773 1107 2051 1161 historiam

477 1210 749 1263 describit.
803 1208 954 1261 l‘lunc
1002 1208 1257 1259 Sanctum
1304 1204 1575 1256 Lanuuius
1618 1199 1811 1253 asserit
1861 1212 1974 1250 rem
2022 1211 2051 1249 a

476 1300 717 1352 tiersone
741 1299 986 1350 traditam
1012 1296 1191 1348 multis
1210 1310 1242 1349 e
1265 1310 1361 1346 suo
1383 1301 1555 1345 marte
1581 1290 1813 1343 auxisse.
1840 1288 1909 1341 At
1924 1301 2052 1339 con-

480 1391 705 1442 trarium
747 1398 892 1458 patet
922 1403 983 1440 ex
1018 1388 1195 1440 verbis
1228 1384 1480 1454 anonymi
1504 1379 1927 1440 Carthusiensis,
1963 1376 2053 1445 qui

477 1479 746 1533 scribebat
774 1478 1033 1549 (quinque
1061 1477 1354 1546 primorum
1384 1488 1574 1541 nempe
1594 1469 1892 1525 Carthusim
1915 1468 2057 1537 prio-

480 1588 599 1625 rum
630 1572 956 1639 Cbronicon)
982 1571 1124 1624 circa
1154 1584 1353 1621 annum
1386 1566 1515 1635 (adi,
1541 1579 1660 1631 qua:
1693 1564 1796 1615 huc
1828 1560 2053 1623 faciunt,

478 1678 627 1715 num.
656 1663 720 1715 12
746 1672 797 1715 et
823 1678 974 1730 seqq.
1030 1661 1211 1729 allata)
1266 1658 1418 1719 l'220,
1471 1655 1716 1723 superius
1753 1652 1977 1715 citatis;
2024 1665 2052 1703 a

478 1768 584 1821 quo
609 1753 909 1807 Antoninus
937 1751 1148 1804 videtur
1174 1765 1325 1802 suam
1370 1745 1733 1812 desuiupsisse
1784 1742 2052 1795 narratio-

478 1857 623 1904 nem,
671 1842 891 1896 mutatis
946 1848 1150 1893 tantum
1190 1837 1328 1907 stylo
1366 1844 1420 1889 et
1466 1833 1732 1902 aliquibus
1770 1830 1967 1894 verbis,
2002 1837 2060 1881 ut

478 1940 601 1984 Stllll
630 1946 873 1984 ECCLESIA
912 1946 1007 1999 [ὶΓο
1054 1944 1211 1989 ΑυΙΑ,
1265 1938 1568 1981 SEPULCRUM
1619 1938 1713 1991 pro
1763 1934 2013 1974 ECCLESIA
2042 1957 2058 1982 ν

477 2030 532 2073 et
552 2020 673 2074 aliis
697 2021 882 2088 paucis
911 2019 1196 2073 similibus.
1229 2017 1379 2082 Quod
1426 2014 1641 2085 quidem
1685 2021 1810 2065 ante
1838 2026 1959 2065 cum
1983 2009 2061 2062 fe-

478 2120 629 2164 cerat
653 2111 787 2163 alter
815 2125 1131 2180 anonymus.
1168 2110 1255 2177 qui
1287 2108 1591 2162 Cbronicon
1623 2103 1921 2158 Carthusia:
1950 2101 2061 2156 col-

487 2200 615 2269 legit
634 2200 777 2254 circa
803 2216 1001 2253 annum
1030 2198 1186 2261 1560,
1214 2206 1269 2250 ut
1296 2193 2057 2261 suolocojamannotavimus.

486 2289 734 2361 Nihilque
760 2307 980 2361 prorsus
1002 2290 1203 2344 addidit
1229 2290 1284 2343 S.
1317 2289 1619 2341 Antoninus
1646 2295 1838 2356 praeter
1873 2285 2054 2354 sepul-

487 2388 665 2432 turam
696 2380 982 2432 asininam.
1023 2379 1209 2433 Oratio
1239 2392 1452 2446 quoque
1498 2376 1554 2429 S.
1586 2376 1853 2429 Brunouis
1880 2375 1946 2428 ad
1976 2390 2061 2429 so-

482 2469 596 2522 cios
624 2510 637 2533 ,
677 2486 836 2539 quam
883 2469 1153 2523 Launoius
1202 2469 1374 2538 carpit
1430 2467 1578 2537 quasi
1611 2484 1638 2519 a
1673 2467 1731 2521 S.
1787 2467 2061 2522 Antonino

486 2560 795 2627 confictam,
830 2561 1094 2630 reperitur
1125 2560 1264 2631 apud
1305 2569 1546 2613 nostrum
1589 2557 1873 2621 Bosoueni,
1912 2576 1929 2608 ι
1966 2566 2060 2611 aut

484 2641 862 2709 certe(videsis
880 2643 1018 2694 dicta
1045 2657 1190 2695 num.
1225 2641 1278 2709 8)
1306 2640 1446 2708 apud
1470 2649 1735 2692 tractatus
1759 2640 1833 2693 De
1855 2639 2062 2709 origine

487 2738 543 2783 et
568 2731 793 2785 veritate
827 2730 1078 2801 perfectae
1122 2730 1393 2800 religionis
1429 2738 1724 2792 auctorem,
1763 2748 1780 2779 ι
1815 2729 1908 2796 qui
1940 2743 2058 2782 eam

488 2836 553 2875 ex
584 2822 770 2876 eodem
799 2836 1067 2892 anonymo
1112 2829 1383 2874 mutuatus
1420 2820 1614 2882 fuerat,
1650 2828 1706 2871 nt
1736 2820 1900 2871 etiam
1933 2830 2054 2885 pro-

488 2911 618 2964 bare
645 2918 725 2965 est
754 2926 818 2964 ex
854 2912 1037 2965 codice
1064 2911 1341 2973 Thuaneo,
1372 2910 1424 2962 in
1453 2925 1557 2978 quo
1582 2917 1692 2962 tota
1718 2906 2057 2969 describitur,

488 3010 648 3068 prout
672 3002 726 3056 in
756 3003 1139 3056 vetustioribus
1170 3002 1443 3056 codicibus
1472 3001 1764 3071 legebatur.
1800 2999 1906 3053 Nec
1940 3015 2061 3067 pro-

485 3102 672 3158 pterea
697 3105 816 3143 cum
843 3090 1117 3145 Antonino
1145 3092 1449 3160 carpendus
1493 3092 1637 3143 venit
1672 3090 1757 3143 illc
1790 3104 1939 3144 vetus
1973 3106 2061 3141 au-

486 3187 623 3244 ctor,
657 3178 746 3247 qui
776 3179 930 3248 juxta
964 3196 1168 3234 morem
1202 3180 1488 3233 multorum
1523 3180 1901 3234 historicorum
1932 3195 2057 3232 san-

487 3278 632 3322 ctum
662 3268 969 3323 Brunonem
996 3271 1281 3339 descripsit
1323 3286 1446 3324 suos
1492 3271 1853 3339 alloquentem
1888 3271 2061 3323 socios

486 3371 543 3415 ct
566 3364 634 3417 ad
655 3363 839 3416 mundi
867 3372 1229 3432 contemptum
1253 3364 1651 3424 adhortantem,
1685 3377 1787 3415 non
1816 3361 2061 3429 equidem

489 3455 730 3524 ipsismet
754 3455 896 3510 beati
924 3455 1030 3507 Viri
1059 3455 1255 3519 vertis,
1288 3456 1380 3509 sed
1407 3454 1692 3515 similibus,
1719 3463 1772 3505 ut
1801 3453 1914 3520 ipse
1942 3466 2064 3519 pro-

493 3550 752 3607 fiteretur,
774 3546 852 3600 sic
867 3547 1109 3599 scribens
1135 3564 1147 3598 :
1180 3568 1196 3595 ι
1231 3546 1358 3599 Erat
1381 3546 1449 3598 ibi
1476 3545 1731 3612 magister
1750 3544 1949 3604 Brimo,
1970 3543 2059 3610 qui

497 3656 515 3687 ι
559 3637 881 3706 supradlctis
909 3638 1127 3691 vocibus
1152 3637 1441 3691 salubriter
1475 3638 1693 3690 territus
1722 3646 1884 3703 atque
1913 3652 2062 3687 com-

496 3745 514 3777 ι
562 3736 811 3797 punctus,
852 3728 1114 3799 allocutus
1142 3737 1223 3782 est
1247 3729 1508 3798 quosdam
1546 3726 1722 3780 socios
1768 3742 1915 3789 suos,
1961 3725 2064 3779 ibi-

498 3836 515 3865 ι
566 3818 685 3870 dem
712 3827 1024 3885 prtescntes,
1060 3819 1123 3872 iis
1171 3818 1251 3872 vel
1294 3818 1559 3871 similibus
1589 3818 1787 3875 verbis.
1824 3836 1841 3867 ι
1885 3827 1992 3869 etc.

568 3928 586 3963 σ
615 3910 737 3962 223.
757 3910 881 3964 l'ost
901 3912 1259 3964 testimonium
1287 3908 1729 3964 sanctiAntonini
1746 3907 2064 3979 (Lauricius)

493 4001 663 4065 addit,
676 4003 1017 4070 seprazterire
1040 4002 1283 4058 consulto
1300 4001 1608 4071 Dionysium
1627 4000 1697 4054 Ca
1709 4012 1748 4051 rt
1761 4001 2063 4065 basianum,

492 4088 751 4144 Joannem
782 4090 1120 4154 Nauclerum,
1159 4092 1548 4144 llartmannum
1580 4089 1928 4149 Scliedclem.
1969 4092 2067 4143 l’o-

494 4179 738 4249 lydorqu
775 4181 1099 4251 Vergilium,
1155 4182 1362 4234 Sixtum
1414 4181 1729 4245 Senenseiu,
1766 4180 2065 4234 Gabrielem

495 4272 803 4325 Prateolum
837 4283 889 4327 et
927 4273 1253 4326 recentiores
1284 4272 1438 4334 alios,
1473 4286 1607 4340 quos
1637 4272 1831 4325 asserit
1878 4290 1894 4321 ι
1935 4271 2066 4325 nihil

499 4381 518 4412 ι
564 4361 731 4416 ferme
757 4372 991 4416 mutasse
1016 4364 1065 4415 in
1092 4362 1398 4415 narratione
1419 4361 1693 4421 Antonini,
1721 4363 1844 4415 licet
1866 4363 1913 4416 al
1940 4362 2066 4431 quid

500 4468 520 4500 ι
568 4451 619 4504 in
658 4450 922 4504 locutione
961 4450 1238 4502 mutarint.
1280 4468 1296 4500 ι
1336 4449 1387 4502 ld
1424 4450 1639 4519 quidem
1676 4466 1859 4504 verum
1894 4461 1974 4503 est
2000 4450 2064 4504 de

495 4542 780 4607 Nauclcro,
821 4528 1082 4597 Scliedele
1109 4552 1157 4595 et
1199 4541 1471 4606 Prateolo,
1517 4544 1610 4596 sed
1655 4559 1760 4597 non
1812 4546 1878 4597 de
1925 4545 2063 4598 aliis.

493 4633 628 4687 Nam
667 4635 954 4705 Dionysius
984 4646 1166 4687 noster
1215 4635 1537 4687 mentionem
1588 4645 1793 4688 tantum
1843 4635 1969 4688 facit
2000 4636 2067 4691 de

496 4724 668 4777 tribus
693 4725 898 4789 diebus,
928 4725 1123 4791 quibus
1152 4738 1309 4778 voces
1334 4725 1449 4778 illas
1482 4726 1753 4779 terribiles
1780 4725 2067 4779 daumatus

493 4814 752 4882 protulit,
783 4816 875 4869 sed
910 4815 1038 4868 nihil
1073 4816 1232 4867 habet
1280 4816 1344 4869 de
1385 4816 1638 4878 ecclesia,
1688 4821 1751 4872 de
1789 4818 2066 4885 sepultura

494 4904 702 4958 asinina
734 4915 785 4959 et
812 4907 876 4961 de
898 4908 1140 4961 oratione
1156 4909 1324 4961 sancti
1358 4908 1623 4962 Brunonis
1652 4913 1717 4962 ad
1745 4910 1937 4972 socios,
1964 4910 2065 4963 sic-

494 5006 555 5048 ut
600 5011 699 5049 nec
735 4995 1030 5066 Polydorus
1061 4997 1349 5067 Vergilius,
1377 5008 1430 5051 ct
1462 5000 1644 5052 Sixtus
1671 4999 1949 5062 Senensis,
1975 5001 2064 5069 qui

493 5087 679 5155 paucis
709 5088 885 5142 verbis
918 5088 1139 5154 dicunt,
1174 5101 1421 5146 sanctum
1468 5090 1773 5148 Brinnonem
1818 5108 1939 5147 cum
1971 5108 2065 5149 au-

496 5179 683 5240 dissct,
713 5179 997 5246 quemdam
1047 5194 1201 5232 suum
1247 5182 1478 5235 amicum
1525 5192 1647 5251 post
1694 5193 1920 5239 mortem
1959 5188 2069 5242 cla-

496 5276 768 5320 mantem:
804 5286 821 5317 ι
853 5265 1006 5320 Justo
1038 5268 1125 5321 Dei
1160 5269 1363 5338 judicio
1392 5272 1679 5328 damnatus
1704 5290 1842 5337 sum,
1880 5295 1899 5327 ι
1943 5278 2069 5333 hinc

498 5359 747 5411 territum
778 5374 898 5411 cum
936 5359 1253 5427 quibusdam
1285 5362 1447 5416 sociis
1489 5363 1538 5415 in
1574 5362 1746 5429 locum
1794 5366 2067 5420 desertum

498 5448 787 5502 seceSsisse
814 5464 827 5512 ;
859 5449 908 5501 in
948 5451 1143 5517 quibus
1168 5462 1313 5506 certe
1342 5462 1450 5507 tota
1481 5454 1557 5509 rei
1605 5456 1913 5509 continetur
1938 5458 2067 5511 sub-

499 5536 716 5599 stantia,
739 5552 896 5604 quam
922 5539 1254 5593 verissimam
1274 5545 1585 5596 asserimus.
1624 5563 1642 5593 ι
1673 5544 1862 5598 Subdit
1888 5546 2066 5610 modo,

499 5623 590 5692 qui
626 5625 736 5678 lizec
764 5627 949 5681 scribit
990 5627 1379 5686 Carthusianus
1412 5648 1743 5703 anonymus,
1774 5635 2069 5704 smpissime

501 5716 769 5785 laudatus,
800 5736 924 5775 num
962 5721 1065 5776 215
1098 5724 1200 5777 huc
1227 5725 1550 5795 transcripta
1582 5727 1765 5793 verba,
1793 5727 1986 5798 quibus
2014 5730 2067 5784 in

1292 363 1349 417 S.
1392 357 1739 414 DRUNONIS
1776 344 2416 410 CARTIIUSIANORUM
2458 334 2939 398 INSTITUTORIS

1541 483 1648 527 tum
1686 473 1891 533 statuit,
1914 469 2046 521 Car—
2078 479 2119 527 Α
2159 480 2176 510 ι
2226 460 2281 513 S.
2311 458 2577 512 Brunouis
2616 476 2632 508 ι
2672 455 2835 520 Viue,
2865 467 3025 523 quam
3057 449 3378 506 Bertholdus
3409 446 3747 504 Remboldus

3618 328 3720 385 Ιὸὶ

2152 564 2292 602 anno
2332 547 2460 602 1508
2501 546 2729 600 Lutetia}
2768 544 2908 613 typis
2935 542 3190 613 vulgavit,
3227 549 3504 595 auctorem
3530 554 3742 610 anony-

2154 654 2296 691 mmu
2333 636 2573 705 quaedam
2612 638 2884 699 observat,
2920 648 2985 688 ac
3024 633 3217 686 deinde
3265 630 3522 685 nonnulla
3571 628 3744 683 etiam

2152 731 2203 785 in
2237 747 2348 785 rem
2386 744 2538 784 suam
2570 728 2788 781 disserit
2811 730 2876 780 de
2916 724 3240 780 Theoderici
3285 722 3500 777 abbatis
3534 719 3751 775 Trudo-

2153 823 2469 893 nopolitani,
2501 835 2666 890 supra
2689 819 2801 888 jam
2846 817 3067 879 laudati,
3103 814 3448 881 testimonio;
3496 812 3642 883 quod
3676 821 3730 865 ta

2154 929 2276 967 men
2310 911 2676 983 genuinumne
2700 949 2714 974 ,
2767 926 2832 962 an
2866 906 3263 977 supposititium
3299 905 3388 969 sit,
3430 918 3551 958 sese
3584 900 3749 956 dubi-

2156 1014 2301 1067 tare,
2331 1003 2463 1055 satis
2490 1001 2704 1063 innuit;
2739 1010 2795 1053 et
2827 998 3021 1053 merito
3050 1011 3179 1050 sane
3204 1036 3219 1061 ,
3248 996 3326 1049 uti
3366 1010 3433 1050 ex
3477 995 3569 1060 iis,
3616 1009 3744 1064 quae

2157 1093 2184 1164 §
2214 1092 2458 1162 sequenti
2485 1092 2535 1144 in
2566 1090 2798 1144 medium
2831 1088 3114 1151 adducam,
3145 1083 3491 1140 manifestum
3519 1084 3742 1138 evadet.

2156 1225 2182 1297 ᾗ
2223 1225 2355 1278 Xlll.
2389 1224 2469 1300 An
2498 1222 2841 1300 scriptoribus
2866 1222 3000 1300 ,lqui
3030 1235 3123 1300 pro
3149 1218 3379 1300 doctoris
3424 1215 3753 1300 Parisienft's

2226 1295 2460 1348 unastosi
2486 1334 2499 1358 ,
2542 1295 2801 1362 Imjusque
2841 1293 3108 1359 udjunctis
3155 1293 3328 1342 testati
3353 1298 3518 1362 _s_unt_,
3559 1293 3752 1362 merito

2225 1367 2486 1417 accenscri
2531 1357 2682 1433 queat
2715 1357 3087 1425 ’Teodort'cus,
3134 1362 3294 1412 abbas
3351 1357 3752 1426 Trudonoiioti-

2226 1444 2402 1487 tuitus.

2226 1542 2619 1597 Cartliusiauus
2673 1554 3012 1609 anonymns,
3062 1536 3152 1607 (lui
3190 1535 3480 1590 Annalium
3529 1534 3756 1590 Ordinis

2158 1634 2239 1687 sui
2283 1633 2477 1685 librum
2526 1640 2780 1699 quartum
2827 1631 3088 1684 hactenus
3142 1643 3248 1682 non
3295 1626 3573 1696 vulgatum
3622 1641 3758 1681 con-

2163 1724 2353 1787 texuit,
2383 1722 2677 1790 scriptores
2715 1720 3048 1790 antiquiores
3074 1758 3089 1783 ,
3122 1717 3215 1787 qui
3246 1717 3348 1771 etsi
3395 1714 3758 1770 Carthusiani

2092 1808 2131 1866 Β
2162 1830 2266 1868 nou
2300 1814 2525 1876 fuerint,
2557 1812 2922 1865 testimonium
2972 1820 3151 1864 tamen
3183 1822 3281 1876 pro
3331 1806 3572 1861 doctoris
3602 1804 3761 1860 Pari-

2163 1906 2356 1960 siensis
2382 1903 2620 1958 anastasi
2648 1901 3043 1972 prtecipuisque
3068 1900 3207 1954 hanc
3248 1898 3526 1953 comitatis
3556 1898 3759 1968 adjun-

2163 1998 2265 2050 ctis
2311 1994 2611 2065 praebuere,
2662 1995 2714 2047 in
2763 1994 2997 2047 medium
3032 1992 3386 2056 adducturus,
3433 1989 3619 2060 operis
3667 1988 3760 2044 sui

2163 2106 2309 2143 num.
2338 2088 2404 2141 73
2441 2088 2510 2140 ila
2540 2086 2794 2156 praefatur
2820 2099 2833 2137 :
2862 2102 2880 2135 ι
2922 2083 3194 2153 Expositis
3219 2082 3471 2152 superius
3503 2082 3761 2137 testimo-

2164 2180 2269 2235 niis
2313 2180 2378 2232 ab
2401 2178 2716 2233 auctoribus
2735 2176 3139 2232 Cartbusiensis
3160 2174 3514 2245 professionis
3530 2174 3758 2229 desum-

2164 2273 2307 2341 ptis,
2350 2271 2416 2323 ad
2451 2269 2754 2323 testimonia
2810 2268 3103 2321 transimus
3143 2277 3427 2320 auctorum
3459 2277 3763 2320 extraneo-

2164 2375 2303 2424 rum,
2332 2360 2445 2413 sive
2472 2359 2559 2427 qui
2588 2363 2652 2411 de
2686 2357 3059 2412 Carthusiensi
3077 2357 3267 2410 ordine
3292 2371 3400 2411 non
3430 2366 3578 2411 sunt.
3603 2356 3760 2411 Inter

2163 2466 2299 2519 quos
2328 2450 2531 2505 referre
2566 2465 2846 2519 possemus
2892 2449 3286 2504 Theodericum
3319 2450 3573 2503 abbatem
3628 2463 3763 2503 san-

2163 2544 2234 2597 cti
2272 2542 2542 2596 Trudonis
2571 2541 2779 2595 ordinis
2807 2543 2978 2595 sancti
3012 2540 3309 2603 Benedicti,
3339 2540 3591 2595 ditecesis
3617 2539 3765 2595 Leo-

2164 2636 2386 2697 diensis,
2421 2645 2475 2689 et
2514 2635 2582 2687 ab
2611 2650 2675 2687 eo
2701 2636 2894 2688 seriem
2928 2636 3069 2688 hanc
3108 2634 3385 2697 inchoare,
3436 2648 3563 2702 quia
3614 2633 3763 2687 vixit

2163 2727 2306 2781 circa
2334 2743 2532 2780 annum
2570 2725 2725 2789 ll00,
2756 2736 2811 2779 et
2836 2725 2932 2779 fuit
2973 2741 3184 2780 comvus
3212 2726 3387 2780 sancti
3437 2726 3759 2789 Brunonis;

2163 2818 2257 2871 sed
2293 2833 2414 2869 eum
2461 2816 2811 2870 nihilominus
2859 2818 3351 2885 praetermittimus,
3405 2818 3530 2887 quia
3584 2833 3759 2887 opera

2165 2907 2281 2973 ejus
2314 2924 2418 2962 non
2449 2908 2719 2973 vidimus,
2760 2907 2886 2962 licet
2933 2924 2960 2961 a
3021 2910 3149 2962 viris
3202 2908 3304 2961 fide
3355 2908 3532 2977 dignis
3580 2911 3759 2964 verba

2164 2999 2281 3063 ejus
2307 3001 2543 3052 sciamus
2572 2998 2757 3063 relata,
2782 3000 2979 3067 quibus
3011 3000 3147 3053 hanc
3179 3018 3195 3048 ι
3232 2998 3448 3054 infausti
3472 2999 3762 3055 Parisien-

2164 3092 2239 3142 sis
2268 3090 2507 3143 ductoris
2541 3108 2559 3139 ‹
2600 3088 2879 3143 historiam
2914 3091 3175 3144 narravit.
3204 3092 3279 3145 De
3305 3107 3369 3145 ea
3400 3102 3577 3145 tatnen
3607 3090 3757 3147 infe-

2165 3178 2296 3242 rius,
2321 3180 2441 3231 data
2464 3180 2773 3246 occasione,
2799 3178 2968 3234 fusius
2990 3195 3233 3248 agemus.
3269 3199 3287 3231 ι
3324 3179 3447 3236 llaec
3476 3181 3565 3236 ille
3589 3198 3606 3247 ;
3633 3184 3762 3251 qui,

2166 3271 2305 3337 quod
2336 3271 2386 3322 iu
2418 3269 2523 3322 fine
2546 3270 2632 3323 hic
2657 3270 2947 3337 promittit,
2980 3270 3218 3324 recitatis
3248 3272 3578 3340 scriptorum
3610 3288 3762 3328 non-

2166 3361 2435 3414 nullorum
2488 3371 2866 3415 extraneorum
2919 3365 3261 3431 testimoniis,
3319 3380 3376 3419 re
3422 3365 3537 3434 ipsa
3582 3365 3763 3420 etiam

2166 3450 2497 3516 exsequitur,
2550 3449 2741 3517 Operis
2769 3451 2850 3505 sui
2885 3468 3031 3505 num.
3066 3457 3134 3509 86
3157 3455 3236 3509 sic
3274 3455 3569 3510 scribens:
3601 3473 3619 3507 ι
3658 3455 3765 3511 Est

2167 3553 2220 3594 et
2252 3544 2408 3606 alius,
2442 3542 2529 3609 qui
2562 3542 2767 3610 primus
2789 3544 2985 3599 dicitur
3013 3546 3204 3600 horum
3233 3549 3545 3611 verborum,
3586 3568 3603 3599 ι
3640 3547 3753 3603 Le-

2168 3633 2363 3686 ctionis
2395 3634 2603 3687 scilicet
2627 3643 2852 3703 quarue,
2886 3637 2950 3690 ad
2981 3653 3099 3706 qua:
3143 3638 3329 3694 infelix
3362 3642 3551 3693 doctor
3576 3641 3763 3716 primo

2168 3739 2225 3778 se
2260 3736 2591 3788 accusatum,
2627 3728 2864 3781 secundo
2883 3726 3183 3796 judicatum
3227 3746 3291 3785 ac
3324 3732 3482 3785 tertio
3530 3732 3762 3788 tandem

2168 3817 2501 3881 damnatura,
2538 3818 2897 3887 responderit,
2933 3820 3145 3875 initium
3178 3821 3229 3876 in
3254 3823 3534 3877 recitando
3564 3824 3632 3879 de
3663 3826 3765 3881 de-

2171 3906 2365 3961 functis
2407 3907 2583 3963 oliicio
2614 3910 3053 3964 constituentium
3078 3951 3092 3973 ,
3133 3930 3151 3963 ι
3195 3924 3385 3967 auctor
3432 3922 3486 3965 et
3518 3915 3766 3983 scriptor

2167 3998 2428 4061 oculatus,
2463 4014 2653 4068 nempe
2682 3999 3049 4054 Theodericus
3075 4002 3238 4055 abbas
3268 4004 3441 4057 sancti
3475 4003 3761 4059 Trudonis

2167 4090 2255 4158 qui
2287 4090 2493 4143 vivebat
2521 4092 2660 4143 circa
2680 4108 2878 4145 annum
2917 4093 3070 4156 110),
3093 4094 3171 4146 vel
3201 4094 3320 4156 ille.
3354 4094 3762 4165 qudiscunque

2169 4184 2258 4243 sit,
2291 4194 2479 4235 auctor
2509 4184 2629 4237 libri
2663 4203 2678 4233 ι
2718 4184 2791 4236 De
2833 4199 2986 4237 sacra
3021 4185 3228 4239 ratione
3264 4194 3609 4255 temporum,
3642 4207 3660 4239 ι
3703 4189 3764 4243 in

2169 4287 2275 4338 quo
2331 4272 2626 4340 prodigium
2680 4271 3054 4325 Parisiense...
3102 4274 3335 4345 describi
3390 4284 3666 4329 asserunt.
3736 4295 3757 4327 ι

2172 4357 2348 4412 Verba
2391 4375 2540 4412 nttm.
2573 4360 2675 4412 2H
2697 4360 2809 4427 jam
2840 4364 3161 4431 transcripta
3187 4363 3413 4432 ideoque
3442 4364 3528 4418 hic
3556 4364 3764 4419 iterum

2100 4480 2141 4532 η
2171 4465 2275 4502 non
2308 4452 2735 4514 transcribenda,
2768 4453 2962 4522 quibus
2992 4455 3078 4507 hic
3116 4454 3168 4507 in
3195 4469 3360 4523 opere
3393 4455 3484 4509 illo
3525 4457 3640 4510 lieri
3674 4471 3764 4512 as-

2170 4542 2387 4603 seritur,
2439 4542 2830 4597 Carthusianus
2878 4560 3176 4615 auonymus
3224 4547 3383 4601 modo
3432 4548 3644 4612 recitat,
3690 4565 3762 4604 ac

2168 4633 2362 4687 deinde
2390 4636 2461 4685 ita
2495 4636 2836 4702 prosequitur
2861 4653 2873 4687 :
2907 4654 2924 4685 ι
2960 4635 3014 4689 Si
3042 4646 3313 4691 constaret
3336 4638 3401 4692 de
3422 4641 3762 4696 auctoritate

2170 4722 2331 4791 hujus
2368 4725 2717 4786 narrationis,
2752 4725 2886 4779 nihil
2917 4726 3116 4780 clarius
3149 4736 3244 4783 aut
3287 4730 3490 4783 certius
3520 4730 3759 4800 proferri

2169 4824 2347 4883 posset
2370 4816 2437 4868 a.l
2467 4817 2810 4870 astruendam
2840 4816 2995 4887 hujus
3029 4818 3267 4873 historia:
3300 4821 3611 4875 veritatem.

2237 4906 2361 4958 2'27.
2393 4924 2409 4955 ι
2445 4905 2656 4958 Primus
2681 4908 2769 4973 qui
2795 4906 3188 4962 'l‘heodoricum
3221 4910 3270 4960 in
3297 4912 3760 4981 testemadduxit,

2169 4991 2269 5046 fuit
2304 4994 2537 5049 Joannes
2560 4994 2833 5050 Galaudus
2861 5001 3115 5052 sacerdos
3144 4999 3441 5055 Tolosanus
3474 5011 3528 5055 et
3560 5004 3763 5059 doctor

2172 5088 2448 5158 theologus
2493 5094 2582 5160 qui
2617 5091 2726 5159 pio,
2772 5092 2823 5144 in
2855 5093 3096 5147 ordinem
3129 5094 3609 5151 Cbarthusiensem
3656 5099 3765 5153 dtt-

2170 5188 2287 5231 ctus
2317 5178 2532 5243 affectu,
2563 5180 2868 5235 Chronicou
2901 5182 3044 5237 illius
3074 5200 3218 5239 anno
3255 5185 3391 5239 16ιῦ
3425 5193 3759 5258 composuit.

2170 5270 2321 5336 Quod
2344 5287 2464 5324 cum
2496 5274 2632 5342 typis
2659 5283 2832 5329 morte
2860 5290 3166 5343 pneventus
3187 5278 3317 5333 dare
3340 5296 3443 5334 non
3466 5283 3759 5351 potuisset,

2169 5363 2468 5417 Cai‘tliusiae
2513 5363 2800 5419 Parisiensi
2844 5366 3057 5437 reliquit
3101 5379 3261 5437 atque
3307 5371 3545 5425 donavit.
3590 5373 3647 5427 In
3689 5390 3762 5430 ea

2170 5471 2364 5524 opere,
2402 5456 2488 5509 tibi
2533 5457 2600 5510 de
2649 5458 2883 5512 doctoris
2929 5462 3167 5513 anastasi
3225 5450 3459 5523 disserit.
3511 5466 3579 5518 ast
3630 5479 3759 5519 eam

2170 5546 2498 5616 probandam
2530 5547 2757 5601 duorum
2797 5558 3076 5603 auctorum
3128 5552 3449 5607 testimoniis
3481 5570 3611 5608 usus
3641 5568 3759 5621 est,

2172 5637 2419 5691 videlicet
2449 5639 2665 5693 Catsarii
2700 5640 3127 5697 Eisterbacensis
3151 5684 3165 5708 ,
3208 5653 3263 5698 et
3299 5642 3620 5700 Theoderici
3653 5647 3760 5701 ab-

2173 5732 2309 5785 batis
2337 5729 2517 5785 Sancti
2549 5732 2589 5784 Τ
2597 5733 2816 5787 rudouis
2847 5734 2899 5787 in
2944 5736 3160 5793 dioecesi
3186 5738 3489 5804 Leodiensi,
3524 5756 3759 5803 quorum
