4016 6310
239 341 317 398 εδδ
1700 318 1899 375 ACTA.

3334 326 3433 384 131

232 451 318 515 ipsa
343 441 683 506 verba’pmm
720 451 750 491 a
799 436 954 491 nobis
1006 435 1258 507 superius
1305 432 1548 504 exeripta
1601 442 1749 496 sunt,
1783 455 1827 511 Α
1853 429 2968 498 aliutorium,Domineexaudiorationem
2994 449 3166 489 meam
3188 442 3431 498 auribus.

230 535 318 603 ipse
338 528 509 591 retulit,
539 527 724 580 dicens
767 525 832 579 de
861 523 1220 590 Theoderico,
1265 524 1405 592 quod
1451 523 1563 576 haec
1595 521 1755 575 verba

230 623 381 677 haheat
403 639 418 668 ‹
459 619 505 670 in
530 631 627 668 suo
651 614 983 685 pereleganti
1005 614 1279 669 volumine
1302 614 1378 667 De
1406 623 1596 667 sancta
1622 622 1755 666 tem-
1824 636 1834 642 θ

232 734 245 766 ι
279 728 437 782 porum
475 710 714 773 ratione;
756 727 773 758 ι
807 709 947 760 unde
990 718 1160 775 patet,
1198 706 1583 761 Carthusianos
1615 704 1754 758 hanc

227 803 457 860 historiam
486 814 584 853 non
616 816 634 847 ι
674 814 815 852 novo
845 798 1150 862 cumulasse
1178 797 1487 861 mendacio,
1519 814 1539 847 ι
1573 802 1631 847 ιιι
1660 809 1753 848 ex-

227 896 406 965 probrat
452 890 720 945 Launoius
785 890 839 942 in
901 889 1247 943 conclusione
1304 887 1496 956 capitis
1553 884 1749 954 quinti,

226 983 398 1055 quando
439 980 500 1033 ad
545 993 664 1033 eam
717 977 1144 1032 confirmandam
1186 973 1477 1029 Bartholdo
1527 971 1752 1026 Nihusio

226 1070 493 1131 Theoderici
519 1069 900 1124 auctoritatem
934 1068 1033 1120 sub
1069 1066 1207 1120 bona
1235 1065 1341 1119 fide
1368 1063 1618 1128 Galaudi,
1650 1061 1749 1115 viri

224 1164 394 1220 honesti
426 1170 475 1215 et
500 1160 642 1215 docti
675 1159 1059 1212 exhibuerunt.
1100 1158 1314 1212 Scimus
1351 1167 1527 1211 tamen
1575 1170 1672 1210 nec
1717 1169 1747 1209 a

224 1253 490 1314 Trithemio,
525 1266 622 1305 nec
653 1266 683 1304 a
711 1249 1007 1305 Pessevino
1037 1249 1177 1303 inter
1204 1249 1386 1311 libros,
1425 1264 1454 1301 a
1478 1248 1623 1301 dicto
1648 1246 1747 1301 ab-

220 1349 316 1402 bate
355 1344 697 1412 conscriptos,
746 1342 1065 1395 nominatim
1117 1342 1388 1396 rccenseri
1436 1340 1745 1394 Chronicon

223 1453 263 1496 at
285 1440 452 1494 librutn
473 1438 569 1491 sub
601 1435 756 1492 titulo
788 1454 806 1486 ι
842 1436 918 1491 De
947 1451 1101 1491 Sacra
1133 1444 1433 1505 temporum
1464 1436 1695 1499 ratione,
1721 1453 1739 1484 ι

220 1548 348 1604 quem
383 1530 427 1585 ei
457 1528 726 1585 Galaudus
750 1528 1022 1596 ascripsit,
1050 1528 1151 1581 nisi
1184 1528 1362 1581 forsan
1399 1527 1746 1581 contineatur

220 1626 298 1682 sub
320 1625 407 1679 hac
426 1622 657 1693 generali
690 1622 975 1675 Trithemii
1007 1620 1376 1685 conclusione,
1401 1639 1419 1671 ι
1451 1619 1611 1674 Multa
1639 1620 1742 1673 alia

223 1739 238 1772 ε
274 1715 475 1785 scripsit,
505 1729 624 1784 qum
655 1713 723 1767 ad
754 1729 839 1768 me
869 1728 972 1767 non
1001 1721 1384 1782 pervenerunt.
1420 1731 1438 1765 ι
1472 1711 1541 1767 Ut
1569 1721 1625 1765 ut
1650 1710 1737 1776 sit,

1864 518 2197 574 Versiculus:
2226 520 2483 588 Requiem
2512 531 2793 577 :cternam.
2839 542 2857 575 ι

1926 606 2050 663 229.
2082 607 2288 675 Quibus
2317 610 2369 662 in
2399 610 2575 665 verbis
2611 610 2754 664 nulla
2782 611 2961 679 plane,
2996 612 3140 682 quod
3174 615 3311 671 bene
3343 634 3433 671 no-

1859 701 2099 765 tandum,
2128 699 2466 765 Lectionum,
2517 701 2609 770 qui
2637 711 2759 755 tunc
2782 702 2835 755 in
2864 703 3238 760 defunctorum
3261 707 3435 764 ofIicic

1856 790 2057 845 fuerint
2105 791 2413 854 recitandae,
2468 792 2674 845 mentio
2703 794 2962 847 occurrit.
3013 794 3094 848 Ad
3125 797 3239 851 haec
3273 799 3435 868 (teste

1855 880 2095 935 Launoio
2115 882 2303 935 eodem
2328 883 2427 937 loc.
2460 882 2704 952 proxime
2731 885 2851 954 cit.)
2882 886 2948 939 de
2976 885 3263 957 Dagoberti
3294 892 3435 963 regis

1853 970 2246 1037 anniversario,
2297 972 2439 1040 quod
2469 973 2641 1027 Adam
2693 974 3193 1047 San-dionysianus
3245 980 3434 1043 abbas.

1853 1057 2065 1128 Sugerii
2119 1075 2443 1122 successor,
2507 1061 2668 1130 paulo
2728 1072 2847 1132 post
2900 1065 3168 1122 Brunonis
3224 1069 3434 1124 obitmn

1850 1152 2201 1220 praescripsit,
2218 1152 2284 1204 ad
2308 1152 2504 1205 veteris
2530 1151 2885 1224 Martyralogii
2904 1156 3106 1210 calcem
3134 1160 3247 1213 haec
3271 1162 3434 1216 verba

1848 1244 2196 1309 reperiuntur
2229 1260 2243 1296 :
2278 1263 2296 1295 ι
2349 1244 2473 1299 llaec
2512 1246 2698 1300 eadem
2735 1246 2876 1317 (quae
2919 1249 2971 1302 in
3003 1248 3276 1325 Vcsperis)
3301 1264 3355 1308 et
3382 1256 3435 1309 in

1849 1332 2125 1388 Matutinis
2150 1336 2558 1401 constituimus;
2582 1347 2818 1406 quatuor
2850 1343 3143 1409 (cantores)
3174 1344 3225 1396 in
3248 1346 3437 1415 carpis

1849 1425 2219 1480 lnvitatorium
2268 1426 2579 1492 det-autent,
2629 1427 2829 1483 habitis
2882 1432 3039 1499 primi
3103 1446 3157 1488 et
3209 1437 3434 1491 secundi

1845 1516 2103 1572 Nocturni
2155 1518 2222 1572 de
2267 1518 2558 1588 Evangelio
2587 1519 2952 1584 Lectioiibus,
3002 1525 3186 1579 ultima
3214 1528 3281 1582 de
3330 1529 3437 1583 vita

1846 1610 2017 1679 ipsius
2043 1620 2097 1665 et
2117 1610 2340 1665 decessu
2385 1621 2702 1679 sequantur.
2739 1632 2758 1663 ›
2812 1613 3096 1669 Lectiones
3132 1633 3284 1688 ergo,
3314 1634 3438 1689 qua:

1847 1701 1899 1755 in
1932 1702 2033 1756 hoc
2060 1702 2127 1756 de
2166 1702 2437 1756 defunctis
2467 1700 2653 1757 Oflicio
2682 1703 2921 1758 recitatae
2950 1705 3187 1771 fuerunt,
3230 1724 3337 1763 non
3366 1725 3438 1764 ex

220 1808 322 1862 ﬁdes
342 1814 536 1861 maneat
564 1803 703 1873 apud
733 1802 1056 1868 Galaudum,
1100 1802 1259 1871 hujus
1306 1810 1483 1856 textus
1509 1800 1741 1870 prinunn
1772 1796 1816 1855 Β
1849 1792 1985 1847 libro
2006 1792 2127 1858 Job,
2148 1794 2239 1847 sed
2262 1808 2325 1847 ex
2356 1792 2648 1862 Evangelia
2673 1803 2828 1848 erant
2849 1795 3207 1866 depromptre;
3244 1813 3436 1869 quare,

219 1897 577 1965 exscriptorem,
607 1894 780 1948 donec
800 1892 926 1962 quid
958 1894 1159 1947 certius
1189 1892 1472 1948 reveletur.
1507 1910 1525 1943 ι
1555 1891 1749 1946 llacte-

218 2005 297 2044 nus
327 1987 699 2042 Carthusianus
750 1980 1054 2054 auunytnus
1111 1985 1414 2052 smpissime
1472 1983 1742 2048 laudatus,

218 2080 371 2134 merito
399 2092 522 2133 sane
550 2075 891 2138 existimans,
915 2074 1047 2128 nihil
1080 2074 1146 2128 ad
1179 2074 1337 2128 fidem
1386 2072 1744 2126 indubitatam

217 2170 486 2239 prodigiose
519 2166 761 2222 doctoris
789 2163 1111 2219 Parisiensis
1161 2164 1399 2217 anastasi
1451 2161 1741 2217 concilian-

215 2261 312 2314 dam
325 2258 473 2324 magis
487 2267 667 2327 aptum
682 2255 1277 2322 accommodatnmque,
1293 2268 1452 2322 quam
1470 2269 1620 2306 num.
1640 2251 1747 2305 214

215 2349 298 2403 huc
323 2348 708 2416 transcriptum,
749 2346 793 2398 si
824 2344 982 2398 modo
1007 2345 1071 2396 de
1099 2342 1254 2411 hujus
1276 2342 1583 2396 sinceritate
1612 2357 1746 2394 con-

215 2447 366 2503 staret,
395 2436 708 2492 Theodorici
735 2434 951 2489 abbatis
992 2432 1470 2502 Trudoquolitani
1503 2432 1746 2486 testimo-

216 2529 352 2590 nium,
386 2541 533 2595 posse
562 2523 768 2579 aﬂ‘trri.

267 2618 374 2673 228.
407 2618 496 2671 Ast
536 2614 939 2685 supposititimn
990 2612 1116 2666 illud
1162 2625 1306 2675 esse,
1358 2626 1487 2666 vero
1532 2610 1743 2664 similli—

214 2726 332 2765 mum
364 2711 554 2764 idcirco
577 2717 825 2777 apparet,
857 2707 1022 2775 quod,
1061 2720 1181 2775 qua:
1224 2718 1254 2757 a
1291 2703 1518 2757 veritate
1568 2702 1743 2757 aliena

213 2811 339 2864 sunt,
388 2796 819 2866 Theodoricoque
864 2796 1128 2865 proinde,
1184 2794 1387 2849 auctori
1440 2794 1746 2865 synchrono

211 2891 330 2960 juxta
350 2906 406 2945 ac
432 2890 546 2943 testi
576 2886 817 2951 oculato,
863 2902 971 2942 non
997 2884 1374 2954 congruentia,
1405 2883 1745 2938 verosimilli-

211 2997 279 3036 me
307 2981 700 3051 complectatur.
745 2977 854 3033 Res
878 2992 943 3032 ex
968 2975 1079 3044 jam
1112 2991 1257 3029 nunc
1304 2974 1547 3030 dicendis
1588 2984 1746 3043 pate-

210 3082 337 3151 κει..
362 3070 684 3134 Lectionein,
717 3084 836 3138 quae
865 3069 933 3123 ab
963 3069 1108 3122 hisce
1132 3066 1376 3133 vocibus,
1411 3086 1429 3119 ς
1458 3065 1744 3136 Responde

1848 1899 1970 1939 cmn
2011 1895 2294 1954 praeterea,
2328 1884 2550 1940 Parisiis
2579 1885 2630 1939 in
2664 1886 3041 1942 defunctorum
3077 1889 3264 1946 Officio
3294 1893 3436 1945 San-

1848 1977 1920 2030 cti
1952 1977 2120 2031 nostri
2149 1986 2304 2031 actate
2328 1976 2588 2031 lectiones
2609 1975 2775 2034 fuisse
2802 1980 3084 2045 recitatas,
3116 1983 3262 2038 nullo
3277 1985 3439 2055 plane

1849 2076 2188 2136 argumento,
2219 2067 2434 2121 aliunde
2485 2078 2726 2137 accepto,
2757 2080 2923 2138 queat
2956 2071 3197 2140 probari,
3225 2074 3277 2129 id
3305 2089 3440 2129 sane

1848 2156 1931 2208 vel
1974 2164 2101 2210 tunc
2130 2170 2235 2210 non
2274 2154 2502 2222 factum,
2531 2157 2614 2211 vcl
2639 2173 2733 2214 eas
2777 2160 2994 2216 aliunde
3024 2177 3188 2231 quam
3229 2178 3261 2219 e
3299 2164 3440 2222 libro

1845 2246 1947 2301 Job
1970 2247 2137 2303 fuisse
2161 2259 2433 2318 acet-ptas,
2457 2266 2525 2304 ex
2553 2248 2778 2306 Joannis
2806 2252 3158 2309 Ahrincensis
3185 2256 3429 2329 episcopi

1850 2338 2047 2401 verbis,
2080 2340 2274 2409 iisque,
2308 2356 2428 2410 quae
2472 2340 2540 2396 ad
2582 2340 2947 2413 lllartyrologii
2992 2346 3215 2410 veteris,
3241 2363 3270 2400 a
3297 2347 3442 2400 Latt-

1848 2432 1972 2483 noio
1999 2430 2223 2493 laudati,
2249 2430 2453 2485 calcem
2498 2434 2865 2502 reperiuntur,
2894 2435 3254 2491 verosimilius
3274 2451 3443 2506 appa-

1849 2534 1950 2576 ret.
1980 2521 2101 2576 Jam
2132 2537 2260 2577 vero
2289 2538 2410 2578 cum
2444 2522 2497 2577 id
2541 2525 2612 2577 ita
2639 2525 2733 2588 sit,
2769 2526 3138 2581 testimonium
3165 2527 3231 2582 de
3256 2528 3443 2597 prodi-

1846 2612 1995 2681 giosa
2025 2612 2262 2667 doctoris
2311 2612 2631 2669 Parisiensis
2659 2616 2896 2671 auastasi
2927 2633 3089 2687 supra
3121 2618 3226 2673 huc
3254 2628 3439 2674 trans-

1847 2704 2121 2771 criptum,
2175 2704 2320 2773 quod
2386 2705 2729 2772 Theudorici,
2804 2707 3017 2764 abbatis
3082 2708 3442 2779 TrudtiiIOpo-

1848 2793 2027 2857 litani,
2074 2796 2292 2850 nomine
2343 2796 2746 2862 circumfertur,
2811 2813 2841 2851 a
2894 2813 3024 2853 vero
3072 2802 3442 2857 verosimiiius

1845 2881 2043 2944 deviat,
2074 2884 2201 2937 dum
2243 2883 2554 2950 lectionem,
2585 2902 2704 2956 quae
2744 2887 2812 2941 ah
2842 2888 2991 2943 hisce
3017 2890 3262 2956 vocibus,
3296 2908 3315 2943 ‹
3337 2891 3442 2945 lte-

1853 2992 1869 3024 ι
1885 2975 2089 3043 sponde
2107 2975 2259 3040 mihi,
2274 2993 2296 3028 ι
2314 2977 2599 3046 inciperet,
2616 2978 3005 3049 desumptaque
3020 2981 3441 3050 proindeelibro

1848 3064 1948 3122 Job
1989 3078 2155 3134 esset,
2195 3069 2249 3123 in
2282 3068 2575 3124 Parisiensi
2612 3071 2987 3127 defunctorum
3031 3072 3219 3129 Ofﬁcio
3247 3072 3439 3131 Sancti

211 3140 333 3226 mihi,
370 3182 387 3213 ι
419 3161 697 3229 inciperet,
728 3159 1117 3228 desumptaqne
1142 3158 1366 3227 proinde
1390 3172 1454 3211 ex
1480 3155 1617 3211 libro
1645 3154 1746 3211 Job
1774 3140 1817 3198 θ
1852 3159 2023 3212 nostri
2052 3168 2213 3215 aetate
2233 3158 2421 3226 fuisse,
2442 3161 2663 3215 indicat.

209 3260 340 3316 esset,
361 3252 410 3304 in
436 3248 728 3305 Parisiensi
751 3246 1124 3302 defunctorum
1164 3245 1341 3301 oflicio
1362 3244 1548 3300 Sancti
1576 3245 1747 3299 nostri

208 3353 336 3397 etate
361 3342 540 3405 fuisse,
572 3339 914 3410 apertissime
945 3339 1127 3406 utique
1149 3337 1259 3407 (adi
1297 3352 1449 3390 num.
1487 3336 1614 3406 2H)
1665 3337 1747 3390 in-

207 3438 355 3502 dicat;
386 3451 567 3491 verum
587 3434 828 3489 Joannes
849 3433 1199 3488 Ahrinceusis
1221 3432 1505 3501 episcopus
1534 3433 1585 3485 in
1612 3431 1747 3485 libro

206 3545 335 3600 quem
363 3529 434 3583 De
481 3528 674 3582 olliciis
720 3527 1102 3581 ecclesiasticis
1145 3545 1161 3576 ι
1201 3526 1260 3579 S.
1294 3524 1559 3578 Brunonis
1588 3534 1747 3579 aetate

205 3622 512 3690 conscripsit,
543 3620 661 3674 haec
691 3618 1005 3687 sequentia,
1050 3616 1311 3680 Launoio,
1340 3617 1425 3670 cui
1458 3618 1562 3670 hac
1594 3617 1645 3669 in
1689 3631 1747 3670 re

204 3708 334 3764 fidem
363 3727 391 3764 a
434 3710 647 3765 nemine
678 3716 928 3778 negatam
969 3707 1203 3772 invenio,
1255 3706 1310 3759 in
1346 3720 1441 3760 sua
1490 3705 1565 3759 De
1617 3719 1744 3758 vera

206 3820 336 3860 causa
357 3821 601 3861 secessus
638 3823 657 3856 ι
696 3803 755 3858 S.
784 3803 1054 3858 Brunonis
1088 3823 1106 3855 ι
1145 3804 1195 3857 in
1226 3818 1468 3857 eremum
1498 3803 1748 3858 disserta-

206 3898 323 3952 tione
347 3914 461 3968 cap.
494 3898 528 3951 3
560 3906 809 3959 testante,
845 3898 1118 3951 memoria:
1144 3895 1322 3966 prodit
1357 3911 1372 3951 :
1407 3914 1423 3946 c
1458 3896 1513 3949 ln
1550 3895 1744 3950 crastio

202 4003 256 4041 no
279 3990 505 4042 omnium
544 3988 869 4043 Sanctorum
915 3988 1009 4042 fiat
1056 3988 1244 4042 festiva
1285 3987 1579 4042 celebratio
1631 4001 1747 4041 om-

203 4077 321 4129 nium
348 4088 700 4141 mortuorum,
732 4077 783 4131 in
816 4093 919 4147 qua
963 4094 1067 4132 non
1111 4079 1323 4132 dicatur
1373 4078 1605 4147 hymnus
1654 4087 1747 4131 aut

200 4165 560 4221 iuvitatoriutn.
622 4164 744 4219 Bini
803 4166 983 4220 clerici
1046 4175 1266 4220 cantent
1319 4165 1745 4235 unumquodque

201 4260 593 4327 responsorium,
625 4259 731 4312 duo
759 4267 945 4327 regant
971 4258 1216 4322 chorum,
1241 4256 1346 4311 duo
1376 4257 1586 4326 cappati
1617 4256 1747 4310 Gra-

200 4348 313 4412 dale,
353 4358 586 4418 quatuor
618 4358 838 4403 cantent
875 4348 1130 4403 Tractum
1171 4348 1463 4414 Matutinrc,
1504 4358 1559 4403 et
1589 4347 1747 4402 liora:

200 4440 281 4494 diei
308 4444 444 4497 nullo
475 4443 638 4497 modo
666 4441 1169 4512 praetermittantur,
1199 4441 1291 4496 sed
1340 4444 1439 4497 has
1484 4440 1746 4495 ferialiter

200 4533 339 4588 dictas
382 4535 607 4607 Agenda
652 4544 989 4587 mortuorum
1022 4536 1210 4588 festiva
1239 4544 1516 4603 sequatur.
1562 4533 1742 4587 Prima

199 4625 330 4689 dicta,
362 4636 466 4683 tres
490 4626 712 4698 psalmi,
743 4624 954 4680 scilicet
980 4626 1059 4680 Ad
1090 4626 1398 4689 Dominum,
1427 4640 1551 4679 cum
1576 4625 1745 4678 tribu-

198 4712 329 4781 larer,
356 4716 576 4781 Levavi,
628 4715 869 4769 Lanatus
912 4730 1053 4783 sum,
1092 4716 1149 4771 in
1186 4724 1317 4769 tono
1345 4716 1619 4778 dicantur,
1666 4723 1742 4779 et,

199 4820 326 4860 versu
353 4811 512 4873 dicto,
542 4808 711 4879 Kyrie
742 4810 943 4877 cleison
974 4816 1241 4862 cantetur.
1269 4806 1528 4861 Oratione
1560 4806 1741 4860 Domi-

199 4894 292 4951 nica
322 4898 459 4954 finita
481 4940 497 4966 ,
527 4916 657 4956 cum
689 4900 865 4970 primo
894 4907 1098 4952 tantum
1125 4914 1246 4967 cap.
1296 4897 1555 4966 Requiem
1587 4904 1746 4950 teter-

198 5004 313 5053 nam,
341 4994 510 5048 oratio
540 5003 824 5063 sequatur.
862 4992 1062 5047 Eodem
1088 4992 1247 5046 modo
1275 4989 1327 5043 in
1355 4991 1568 5044 ueteris
1592 5029 1608 5055 ,
1642 4988 1746 5044 llo-

199 5080 256 5134 ris
275 5086 499 5155 exceptis
528 5094 583 5140 et
622 5084 924 5139 Mattttinis.
983 5084 1038 5138 In
1086 5083 1269 5138 Tertia
1312 5081 1393 5135 Ad
1444 5090 1496 5136 te
1544 5080 1739 5146 levavi,

200 5169 285 5225 Nisi
307 5178 421 5243 quia
468 5177 754 5241 Dominus,
802 5176 903 5242 Qui
928 5175 1231 5231 confidunt.
1258 5174 1570 5230 Versiculus
1615 5172 1741 5240 erit,

197 5262 379 5332 Aporta
403 5268 582 5323 inferi.
614 5268 673 5322 lu
703 5275 882 5332 sexta,
909 5268 969 5321 lu
1004 5268 1388 5331 convertendo,
1420 5265 1529 5322 Nisi
1565 5266 1748 5321 Domi-

198 5366 275 5407 nus
294 5358 656 5423 :edilicaverit,
686 5358 838 5412 Beati
876 5373 1083 5412 omnes.
1114 5356 1266 5413 Vers.
1309 5357 1426 5412 Non
1475 5359 1644 5411 intres
1690 5357 1742 5410 in

197 5440 519 5507 iudiciumJn
560 5451 737 5517 Nona,
787 5450 942 5519 Saape
977 5458 1437 5521 expugnaverunt,
1494 5448 1569 5503 De
1618 5463 1744 5519 pro-

199 5534 367 5605 fundis,
408 5542 634 5598 Domine
679 5559 787 5597 non
827 5552 930 5598 est.
982 5544 1329 5611 Versicnlus,
1378 5543 1435 5598 In
1481 5543 1741 5598 memoria

200 5636 381 5689 uerna.
413 5635 470 5692 ln
493 5634 884 5708 Completoriu,
910 5636 1050 5693 Deus
1093 5639 1438 5703 misereatur,
1490 5636 1633 5693 Deus
1686 5636 1742 5691 in

1920 3248 2045 3303 250.
2087 3251 2261 3319 Atque
2311 3252 2415 3305 hoc
2460 3254 2695 3321 primum
2743 3262 2847 3318 est,
2896 3254 2947 3308 in
2988 3270 3096 3324 quo
3132 3271 3163 3310 a
3206 3258 3440 3314 veritate

1850 3340 2237 3396 verosimiliter
2262 3340 2500 3397 deflectit
2524 3343 2842 3399 attributum
2867 3346 3230 3414 Theodorico,
3252 3349 3439 3406 abbati

1850 3428 2368 3499 Trudonoyolitano,
2425 3434 2812 3489 testimonium.
2866 3434 3049 3503 Aliud,
3109 3439 3161 3493 in
3218 3455 3327 3509 quo
3379 3440 3436 3496 id

1847 3520 2036 3573 eodem
2067 3537 2217 3577 [ιωνο
2241 3524 2620 3579 verosimiliter
2640 3527 2803 3580 etiarn
2835 3527 3068 3595 laborat,
3103 3546 3247 3586 nunc
3278 3533 3437 3588 habe.

1850 3610 2243 3667 Theodericum
2297 3625 2445 3681 tunc,
2502 3633 2623 3671 cutn
2694 3618 2858 3674 ferale
2918 3622 3158 3679 doctoris
3206 3625 3438 3681 redivivi

1852 3704 2220 3771 Spectaculum
2270 3706 2496 3762 Parisiis
2543 3711 2763 3773 accidit,
2805 3715 3107 3768 studiotum
3148 3731 3311 3771 causa
3339 3717 3442 3772 ilii-

1848 3793 1971 3847 dcm
2006 3793 2173 3850 fuisse
2202 3807 2496 3863 versatum,
2531 3801 2731 3857 diserte
2768 3805 2956 3859 tradit.
2987 3805 3181 3861 Verum
3215 3818 3442 3878 praeter-

1846 3900 2007 3955 quam
2035 3889 2196 3957 quod,
2233 3889 2629 3946 Theodericum
2672 3895 2869 3951 litteris
2915 3914 3171 3968 umquam
3208 3916 3433 3970 operam

1847 3977 2072 4035 Parisiis
2115 3982 2351 4047 dedisse,
2390 3984 2538 4039 nullo
2596 4000 2820 4054 prorsus
2869 3999 3035 4058 queat
3060 3992 3284 4061 antiquo
3321 4008 3442 4061 pro-

1847 4068 2096 4139 bataeque
2126 4071 2248 4126 fidei
2287 4088 2641 4130 monumento
2668 4088 2938 4149 utcunque
2968 4082 3210 4150 probari,
3244 4099 3274 4137 a
3308 4098 3441 4138 vero

1848 4161 1900 4217 id
1930 4162 2185 4228 alienum,
2236 4182 2267 4219 e
2336 4169 2666 4239 conscripto,
2717 4175 2861 4241 quod
2914 4175 3055 4242 apud
3112 4175 3439 4231 Dacherium

1851 4262 1978 4307 tom.
2030 4254 2136 4308 \‘ll.
2187 4256 2458 4326 Spicilcgii
2499 4270 2696 4324 exstat,
2736 4276 2831 4331 per
2855 4260 3219 4331 Radulphuzn,
3254 4266 3439 4333 proxi-

1849 4362 1993 4399 mum
2051 4362 2081 4400 a
2142 4347 2501 4415 Theodorico,
2546 4352 2613 4406 de
2658 4368 2765 4421 quo
2816 4354 2906 4407 hic
2954 4369 3155 4417 sermo,
3207 4356 3441 4411 ablatizn

1776 4477 1823 4535 υ
1850 4437 2358 4507 TrudOnopolitana:
2418 4441 2689 4508 abbatem,
2737 4443 3009 4499 Chronico
3040 4444 3439 4517 Trudonopoli-

1849 4539 1974 4585 tano
2004 4540 2245 4600 apparet.
2288 4532 2659 4588 Theodericus
2698 4536 2866 4601 enim,
2902 4536 2979 4591 uti
3025 4536 3130 4592 hoc
3165 4552 3287 4609 pag.
3331 4537 3441 4594 396

1845 4635 1900 4682 et
1928 4626 2070 4681 binis
2114 4642 2268 4696 seqq.
2318 4629 2495 4692 docet,
2541 4630 2608 4683 ad
2653 4630 2883 4685 abbatize
2929 4631 3440 4702 Trudonopolitana:

1846 4718 2114 4787 regimen,
2154 4719 2207 4772 in
2237 4735 2342 4788 qua
2388 4720 2458 4774 ab
2486 4720 2709 4776 ineunte.
2742 4731 2902 4778 aetate
2931 4724 3192 4780 educatus
3233 4724 3435 4791 fuerat,

1847 4808 2279 4877 monachumque
2316 4810 2512 4865 deinde
2543 4811 2815 4879 induerat,
2848 4827 2878 4867 e
2907 4812 3183 4869 Gandensi
3237 4814 3296 4869 S.
3334 4814 3440 4871 Pe—

1848 4900 1915 4954 tri
1948 4903 2302 4966 monasterio,
2348 4917 2480 4971 quo,
2520 4902 2610 4958 illa
2652 4904 2913 4959 miserum
2936 4905 2990 4959 in
3018 4906 3238 4961 modum
3264 4905 3440 4963 turbis

1846 4990 2071 5061 agitata,
2099 5003 2464 5060 concesserat,
2491 4995 2561 5050 ab
2590 4994 2814 5051 Olherto
2837 4995 3120 5052 Leodiensi
3151 4997 3435 5068 episcopo,

1845 5082 2236 5155 monachisque
2267 5085 2802 5155 Trudonopolitanis,
2828 5086 3090 5141 fratribus
3122 5086 3257 5152 suis,
3291 5100 3437 5140 anno

1850 5175 2007 5240 1099,
2046 5191 2139 5231 seu
2182 5177 2380 5246 potius,
2406 5186 2465 5233 ut
2504 5179 2646 5234 idem
2676 5178 3230 5247 Trudonopolitanum
3264 5176 3437 5232 Chro-

1847 5267 2006 5321 nicon
2030 5268 2169 5337 apud
2201 5283 2301 5323 nos
2328 5284 2433 5323 ms.
2460 5269 2645 5334 habet,
2677 5283 2820 5324 anno
2854 5269 2990 5326 l098
3025 5268 3123 5322 fuit
3152 5275 3429 5334 emeatus,

1847 5366 2101 5428 tuncque,
2133 5374 2254 5414 cum
2280 5359 2333 5414 id
2372 5358 2576 5415 factum
2600 5369 2703 5425 est,
2737 5361 2820 5415 vir
2849 5371 2966 5415 erat
2994 5358 3303 5414 liberalibus
3344 5374 3434 5412 ar.

1849 5447 1991 5503 tibus
2018 5449 2263 5519 apprime
2310 5450 2565 5517 imbutus,
2613 5452 2737 5523 styli
2791 5454 2904 5507 sive
2943 5454 3089 5524 ligati
3126 5452 3241 5507 sive
3269 5449 3431 5506 soluti

1844 5539 2040 5608 peritia
2072 5539 2204 5595 nulli
2234 5541 2315 5595 sui
2344 5542 2601 5611 temporis
2623 5542 2891 5611 secundus
2914 5551 3074 5613 atque
3097 5542 3166 5605 ad
3197 5539 3432 5596 mediam

1844 5641 2081 5702 aetatem,
2106 5642 2166 5690 ut
2201 5634 2436 5706 loquitur
2466 5636 2606 5692 idem
2629 5634 2955 5701 Chronicon,
2986 5633 3096 5706 jam
3125 5642 3431 5705 provectus.
