4016 6310
556 324 657 379 155

1389 319 1445 374 S.
1488 321 1837 380 BRUNONIS
1880 324 2524 385 CABTliUSlANORUM
2573 330 3056 390 INSTITUTORIS

3736 346 3831 400 136

550 430 670 485 ⁸ιτιιιι
709 445 861 498 vero,
894 447 1016 486 cum
1078 431 1128 487 id
1170 431 1243 487 ita
1292 432 1384 496 sit,
1422 431 1792 488 Theodericus
1848 448 1998 498 tunc,
2038 449 2133 487 seu
2167 449 2207 505 Α
2238 436 2572 505 Lanzonein,
2620 440 2804 499 Sancti
2862 445 3130 500 Vincentii
3183 444 3339 503 Motis
3389 450 3663 516 abbatem,
3715 472 3830 525 ροει

552 522 697 576 dicto
729 537 871 577 anno
904 524 1040 579 1098
1075 530 1187 587 aut,
1217 523 1259 577 si
1293 521 1485 585 mavis,
1523 523 1680 586 i099,
1707 539 1935 591 quorum
1967 523 2137 577 altero

552 613 825 667 abbatiam
857 613 1403 683 Trudormpolitanam
1425 616 1712 681 regendam
1741 616 1972 684 accepit,
2003 632 2138 684 qua-

551 702 797 769 draginta
830 714 883 757 u',
920 702 1199 771 minimum
1242 717 1503 755 annorum
1534 703 1821 765 exstiterit,
1859 719 1921 755 ac
1959 704 2134 771 proin,

549 809 671 845 cum
703 796 1029 848 monachum
1056 794 1243 863 viginti
1272 794 1431 847 anuis
1478 795 1712 847 nondum
1752 803 1907 847 natus
1949 798 2002 847 in
2047 810 2137 849 ea-

549 884 672 938 dem
699 880 1193 954 Tiudonopolitana
1245 886 1484 949 abbatia,
1527 888 1577 938 in
1612 900 1739 953 qua,
1769 894 1826 937 ut
1858 886 2081 950 dictum,
2106 902 2136 941 τι

547 976 733 1043 pueris
769 977 1029 1028 educatus
1060 975 1260 1031 fuerat.
1288 975 1693 1029 verosimillune
1731 973 1984 1038 induerit,
2009 990 2139 1029 con-

547 1069 835 1120 sccmrinm
865 1069 941 1130 lit,
971 1076 1027 1121 ιιι
1063 1067 1110 1120 id
1138 1068 1540 1121 vcrosimillime
1571 1065 1762 1120 fecerit
1782 1078 1909 1121 ante
1937 1083 2137 1122 annum

546 1161 707 1221 1082,
734 1177 863 1230 quo,
914 1168 972 1211 ut
1023 1159 1295 1211 laudatum
1321 1156 1875 1225 Trudonopolitanum
1909 1159 2138 1213 Chroni-

547 1270 645 1307 ca-n
708 1254 849 1324 apud
901 1252 1221 1305 Dachcrium
1273 1266 1393 1319 pag.
1446 1250 1551 1304 569
1603 1250 1763 1304 tidem
1815 1249 1967 1313 facit,
1998 1251 2140 1305 Ade—

549 1345 736 1399 lardus
797 1344 863 1409 ll,
917 1341 1445 1411 Trudmiopolitaaus
1499 1340 1707 1405 abbas,
1768 1356 1798 1396 e
1848 1341 1983 1395 vivis
2038 1356 2137 1395 ex-

544 1436 730 1491 cessit.

610 1530 745 1584 231.
786 1528 960 1597 Atque
1005 1528 1056 1582 id
1097 1528 1316 1597 quidem
1358 1526 1515 1596 longe
1569 1526 1745 1579 adlmc
1775 1523 2137 1579 verosimilius

544 1620 812 1675 evaditex
842 1635 928 1683 eo,
958 1619 1123 1689 quod,
1163 1618 1417 1672 Lanzone
1462 1627 1515 1671 et
1563 1615 1805 1687 Luipone
1834 1626 1951 1686 post
1993 1616 2137 1670 Ade-

543 1716 677 1771 lardi
699 1717 903 1771 obitmn
934 1717 1001 1771 de
1023 1717 1252 1770 abbalia:
1279 1714 1621 1784 praefectura,
1651 1714 1793 1785 quod
1818 1730 1963 1769 anno
1993 1713 2134 1770 1085

542 1808 653 1879 (adi
703 1807 1057 1863 Trudoncnse
1088 1809 1396 1862 Chl'OlliCOll
1429 1823 1549 1877 pag.
1584 1784 1687 1861 570
1720 1818 1772 1861 et
1833 1811 1975 1875 seq.)
2023 1807 2133 1875 pri-
2165 1784 2208 1842 Β

540 1918 686 1954 ιιιιιιιι
712 1903 933 1970 incepit,
964 1902 1435 1962 contendentibus,
1470 1902 1535 1953 ad
1581 1900 1869 1955 Gandense
1901 1899 1957 1953 S.
1985 1898 2132 1953 Petri

541 1995 957 2055 monasterimn,
1000 2002 1056 2044 ut
1109 1992 1247 2044 idem
1301 1991 1606 2044 Cln'ouiron
1649 2007 1770 2060 pag.
1806 1992 1912 2045 596
1937 1992 2131 2045 itermu

534 2086 717 2147 docet,
750 2100 871 2138 sese
900 2082 1426 2150 Trudonopolitanus
1450 2083 1561 2152 jam:
1597 2084 1891 2135 monachus
1916 2096 2133 2149 recepe-

538 2177 632 2237 rit,
662 2175 917 2243 tmlloqaze
965 2176 1122 2226 inodo
1164 2174 1471 2226 verosimile
1522 2182 1803 2242 appareant,
1854 2188 1976 2226 cum
2032 2172 2132 2225 sub

540 2266 813 2329 Lamzone,
842 2266 957 2334 qui,
993 2267 1275 2335 agentibus
1317 2265 1548 2318 llenrico
1578 2263 1860 2318 Leodieaasi
1892 2274 1949 2317 et
1978 2263 2132 2316 Heri-

539 2372 736 2410 mauno
758 2356 981 2410 Metensi
1025 2356 1314 2425 episcopis,
1343 2356 1394 2408 in
1429 2354 1678 2408 Adclardi
1705 2354 1744 2408 ll
1777 2353 2018 2409 defuncti
2050 2354 2131 2407 lo-

538 2464 678 2512 cum,
755 2447 1035 2501 monachis
1080 2448 1302 2501 omnino
1363 2446 1568 2510 invitis,
1625 2446 1804 2499 fuerat
1848 2445 2126 2508 suffectus,

538 2540 914 2593 monachicum
944 2539 1185 2593 habitum
1216 2540 1448 2609 primum
1477 2540 1803 2609 suscepisse.
1827 2538 1945 2593 Jam
1980 2555 2125 2598 vero.

539 2647 663 2685 cum
689 2631 1077 2695 Thcodoricus,
1112 2631 1189 2684 uti
1222 2646 1355 2683 sane
1394 2646 1457 2684 ex
1480 2628 1592 2697 jam
1632 2631 1792 2684 dictis
1820 2630 2128 2684 verosimil-

537 2724 723 2777 limum
771 2733 1014 2794 apparet,
1071 2725 1172 2778 sub
1209 2723 1479 2777 Adelardo
1528 2723 1567 2776 ll
1600 2724 1966 2794 Tl'lttiOllOpOli
2017 2742 2129 2778 mo-

537 2817 774 2868 nachum
823 2814 1081 2877 induerit,
1135 2815 1344 2883 hocque
1384 2813 2129 2883 Trudonoriolitanamabba-

532 2905 666 2957 tiam
696 2904 908 2958 abbatis
957 2918 1179 2957 munere
1209 2903 1567 2972 gubernante,
1612 2903 1846 2956 maxime
1877 2902 1928 2956 in
1956 2918 2040 2967 ea,
2073 2913 2130 2958 ut

537 2995 788 3049 Historiae
831 2994 1111 3049 litterariae
1163 2993 1410 3049 Francia:
1467 2993 1763 3062 scriptores
1794 3007 1857 3047 ex
1913 2993 2129 3047 lamlato

530 3087 807 3144 Chronico
849 3087 1347 3157 Trudonopolitano
1387 3096 1515 3140 tom.
1557 3087 1666 3151 Vll,
1721 3103 1842 3157 pag.
1876 3086 1945 3139 50
1980 3096 2128 3140 recte

537 3181 757 3244 docent,
786 3179 1089 3233 litterarum
1137 3178 1373 3231 studium
1424 3176 1692 3238 ﬂoruerit,
1731 3174 2126 3231 Theodericum

532 3272 642 3342 iam
699 3271 1027 3325 tuonachum
1065 3269 1303 3323 Parisios
1360 3277 1510 3332 tunc,
1563 3276 1621 3320 ut
1672 3266 1872 3321 ibidem
1932 3268 2128 3321 litteris

533 3376 756 3429 operam
805 3362 983 3423 daret,
1035 3374 1065 3412 e
1121 3358 1624 3427 Trudonopolitano
1667 3359 2020 3421 monasterio,
2072 3360 2127 3413 in

537 3469 647 3523 quo
669 3453 932 3507 educatus
956 3451 1258 3520 litterisque
1291 3451 1467 3505 adhuc
1499 3465 1634 3520 puer
1658 3450 1831 3504 fuerat
1858 3452 2124 3517 eruditus,

537 3547 899 3609 concessisse,
959 3558 1053 3599 seu
1112 3546 1180 3597 ab
1246 3542 1441 3596 abbate
1492 3558 1588 3597 suo
1647 3544 1869 3597 missum
1936 3542 2124 3609 fuisse,

536 3639 853 3707 neutiquam
886 3635 1197 3705 verosimile
1240 3646 1487 3704 apparet,
1515 3634 1749 3687 maxime
1783 3649 1903 3687 cum
1935 3633 2126 3702 praefa-

538 3739 654 3784 tum
682 3727 1035 3783 Trudoncnse
1078 3725 1385 3780 Cbronicon
1427 3724 1624 3778 nullius
1655 3724 1811 3791 plane
1838 3722 2127 3778 Trudono-

536 3822 759 3890 politani
799 3819 1073 3881 monachi,
1107 3819 1223 3887 qui,
1255 3818 1525 3871 Adclardo
1570 3819 1784 3880 abbate,
1820 3818 2123 3871 litterarum

538 3915 987 3969 addiscendarum
1020 3928 1179 3966 causa
1218 3912 1454 3966 Parisios
1498 3915 1855 3976 eunceSserit,
1903 3914 2126 3967 mentio-

538 4022 660 4061 nem
694 4007 876 4067 faciat,
906 4019 1025 4069 nec,
1068 4014 1127 4059 ut
1155 4019 1277 4058 eum
1318 4005 1370 4057 in
1395 4004 1554 4058 linem
1584 4005 1812 4059 abbatiae
1844 4004 2125 4058 Trudono-

537 4098 792 4169 politana:
823 4097 1050 4161 alumni,
1082 4106 1269 4165 utpote
1309 4098 1506 4164 quibus
1548 4096 1691 4149 domi
1726 4114 1753 4149 a
1795 4097 2122 4151 necessariis

539 4191 606 4244 ad
660 4190 870 4245 litteras
905 4190 1193 4244 discendas
1236 4189 1497 4243 subsidiis
1542 4189 1758 4243 abunde
1807 4197 1952 4242 esset
1999 4203 2124 4257 pro-

537 4293 804 4354 spectum,
851 4281 1090 4335 Parisios
1117 4295 1239 4334 sese
1271 4278 1603 4344 conferrent,
1637 4287 1783 4333 esset
1814 4295 1861 4331 ιιι
1881 4293 2117 4332 cessum.

532 4375 712 4443 Atque
754 4374 827 4425 ita
860 4372 1078 4441 quidem
1120 4386 1186 4425 ex
1237 4372 1395 4425 modo
1422 4371 1582 4425 dictis
1619 4370 1899 4431 habemus,
1941 4368 2119 4423 Theo-

2237 531 2487 588 Adelardi
2539 536 2744 590 obitum
2797 554 2960 603 anno,
3020 548 3079 593 ut
3114 552 3358 610 apparet.
3400 545 3538 599 1085
3577 547 3826 614 praefece-

2242 635 2387 688 runt,
2420 626 2654 695 hincque
2679 645 2867 683 omnes
2911 630 3023 685 fere
3051 632 3533 703 TrudonOpolitani
3572 643 3821 696 monachi

2240 715 2473 768 maxime
2501 718 2644 781 irati;
2671 735 2790 772 cum
2816 736 2934 774 sese
2963 733 3223 790 praetcrea
3251 726 3301 778 in
3330 727 3582 780 exsilium
3619 731 3827 797 pellen-

2239 802 2335 856 dos
2360 804 2745 874 intelligerent,
2776 812 3167 864 tnottasterinm
3197 829 3375 877 suum,
3407 817 3530 870 aliis
3567 817 3675 873 alio
3698 834 3825 872 con-

2239 896 2575 960 cedentibus,
2607 897 2726 967 fuga
2757 900 2947 969 dilapsi
2994 904 3361 973 t'eliqttcruul;
3394 908 3556 970 unde,
3587 909 3831 965 Theodo-

2241 982 2410 1037 ricum
2441 983 2679 1041 Parisios
2717 999 2844 1043 tunc
2896 992 3134 1059 petiisse,
3181 995 3419 1062 suspicio
3460 1004 3640 1066 potest
3677 1000 3825 1053 oriri.

2240 1072 2460 1141 Verum,
2493 1093 2599 1145 (ιιιο
2628 1079 2765 1133 hanc
2791 1082 2965 1145 tollas,
3002 1084 3290 1151 ipsummet
3327 1089 3489 1141 etiam
3522 1090 3826 1146 Clitonicon

2239 1163 2791 1236 Trudonopolitamum
2844 1172 2910 1225 iis
2958 1174 3089 1241 ipsis
3127 1176 3281 1242 locis,
3311 1178 3507 1247 quibus
3531 1180 3647 1248 jam
3688 1183 3827 1238 dicta

2240 1269 2552 1323 narrantur,
2578 1264 2906 1330 suppeditat.
2940 1264 3004 1319 Ut
3033 1282 3119 1321 res
3149 1270 3437 1324 manifesta
3469 1274 3688 1337 evadat,
3720 1274 3828 1344 ipsa

2238 1348 2493 1403 Chronici
2534 1352 2717 1417 verba,
2745 1369 2863 1422 quae
2896 1354 3033 1410 libro
3061 1356 3177 1423 ejus
3208 1375 3245 1412 ιι
3269 1370 3321 1412 et
3348 1376 3405 1415 ιιι
3439 1359 3547 1428 iam
3575 1362 3696 1416 citt.
3731 1367 3829 1418 huc

2238 1441 2540 1508 spectantia
2565 1453 2884 1507 occurrunt,
2911 1449 3233 1502 transcribo.
3261 1449 3406 1503 Libri
3433 1467 3471 1505 ιι
3506 1453 3693 1522 itaque
3722 1456 3827 1509 haec

2238 1539 2365 1582 smit
2396 1548 2409 1582 :
2445 1548 2464 1580 ι
2499 1531 2744 1602 Episcopi
2778 1534 3056 1604 (Metensis
3099 1554 3292 1607 nempe
3336 1540 3727 1607 llcrimannns,
3776 1555 3827 1598 et

2235 1620 2553 1679 Leodiensis
2587 1625 2870 1698 Henricus)
2911 1644 3011 1684 nec
3041 1630 3201 1699 justae
3228 1633 3473 1700 petitioni
3514 1646 3824 1690 nOStrornm

2239 1714 2666 1780 acquiescentes,
2695 1732 2797 1771 nec
2834 1717 3001 1772 Deum
3038 1720 3090 1773 in
3118 1736 3177 1775 se
3208 1735 3425 1778 nostros
3452 1727 3709 1794 persequi
3735 1743 3827 1795 pro

2237 1804 2470 1871 peccatis
2501 1814 2607 1858 tam
2645 1805 2779 1871 suis,
2809 1821 2970 1874 quam
3001 1810 3201 1864 nostris
3227 1811 3613 1882 ititelhgeiites,
3645 1825 3824 1883 spreta

2236 1902 2545 1949 nostrorum
2594 1895 2753 1964 digna
2815 1898 3078 1954 electione
3123 1910 3180 1954 et
3215 1917 3335 1970 quae
3389 1903 3672 1972 reprobari
3727 1920 3825 1959 non

2236 1993 2448 2051 poterat
2479 1985 2657 2052 aliqua
2694 1986 2925 2057 regulari
2956 1990 3281 2057 objecriOne,
3312 1992 3590 2061 sicutjam
3625 1998 3823 2050 dudum

2234 2073 2732 2128 deliberaverant...
2784 2080 3129 2145 stupentibus
3187 2080 3359 2136 oculis
3407 2087 3821 2148 monachorum,

2182 2170 2183 2173 “
2235 2168 2648 2226 introduxerunt
2692 2174 2744 2226 in
2803 2176 3192 2228 monasterium
3229 2185 3474 2232 ιιοξιιιιιιι
3517 2177 3824 2233 Lanzoncm

2234 2262 2522 2329 quemdam
2573 2264 2638 2317 de
2668 2264 2915 2318 coenobio
2944 2266 3115 2319 sancti
3153 2266 3421 2322 Vincentii
3464 2268 3623 2323 Motis
3663 2272 3826 2324 abta-

2234 2359 2435 2405 tem....
2471 2353 2564 2407 Die
2597 2368 2724 2407 vero
2750 2356 2969 2423 capituli
3001 2370 3372 2412 convenerunt
3405 2361 3457 2414 in
3493 2362 3729 2415 chorum
3761 2362 3824 2416 ad

2236 2441 2503 2512 Vesperas
2526 2459 2714 2499 omnes
2735 2448 3037 2503 confratres
3060 2450 3250 2513 nostri,
3280 2452 3574 2506 vestientcs
3597 2454 3824 2507 chorum

2233 2530 2487 2589 formosis
2539 2538 2669 2591 viris
2722 2553 3039 2606 ntagn.:rum
3091 2556 3444 2610 personarum
3493 2554 3547 2598 et
3594 2546 3824 2599 eruditis

2232 2627 2473 2695 apprime
2522 2628 2576 2682 in
2624 2630 2878 2685 oumibus
2909 2630 3113 2686 Olliciis
3142 2633 3636 2690 ecclesiasticarum
3675 2638 3826 2692 insti-

2234 2727 2496 2770 tulaonum

2303 2808 2430 2861 9.55.
2461 2827 2478 2860 ι
2506 2808 2652 2864 Felix
2679 2811 2896 2879 quidem
2923 2811 3151 2866 ecclesia
3183 2822 3256 2868 tot
3278 2822 3331 2869 et
3364 2813 3559 2869 talibus
3582 2824 3637 2869 et
3664 2815 3825 2869 tantis

2233 2899 2388 2959 vitis,
2429 2900 2472 2953 si
2504 2915 2608 2955 non
2638 2901 2833 2954 iratum
2864 2902 3141 2957 habuisset
3171 2904 3337 2958 Deum
3367 2903 3604 2968 Patrem,
3648 2907 3697 2959 si
3729 2920 3823 2974 pro

2233 2990 2468 3057 peccatis
2490 2992 2598 3043 suis
2628 2990 2707 3043 vel
2732 2990 2868 3043 iram
2899 2992 3015 3060 ejus
3041 2993 3290 3046 scivisset
3312 3004 3529 3061 portare
3557 2995 3610 3047 in
3648 2993 3822 3048 humi.

2232 3079 2382 3132 litate
2411 3081 2591 3135 cordis
2610 3091 2663 3135 et
2693 3083 3021 3138 contritione
3052 3086 3255 3138 carnis.
3291 3086 3395 3138 Sed
3428 3086 3556 3154 quid
3597 3087 3821 3140 moror?

2234 3171 2491 3226 Eamdem
2556 3184 2713 3227 nocte
2761 3175 3121 3243 intelligentes
3183 3176 3250 3229 ab
3281 3177 3496 3242 amicis,
3535 3178 3687 3245 quod
3738 3192 3822 3232 se-

2230 3265 2415 3334 quenti
2454 3267 2542 3321 die
2564 3268 2829 3322 violenter
2866 3278 2920 3323 et
2950 3270 3341 3324 contumeliose
3364 3273 3823 3326 contruderentur

2232 3354 2285 3408 in
2318 3355 2589 3420 exsilium,
2629 3356 2673 3409 si
2718 3358 2769 3409 in
2814 3356 3051 3411 claustro
3076 3366 3263 3413 essent
3294 3360 3452 3423 uniti,
3484 3376 3693 3428 pavore
3719 3360 3823 3414 dis-

2231 3448 2388 3500 soluti
2422 3450 2503 3517 (ut
2525 3458 2607 3502 cst
2634 3449 2865 3501 humana
2900 3458 3091 3502 natura
3126 3461 3180 3504 et
3207 3450 3442 3504 maxime
3470 3450 3823 3507 formidolosa

2230 3538 2554 3605 sitnplititas
2619 3539 3027 3609 monachorum)
3078 3539 3201 3609 fuga
3252 3542 3354 3595 sibi
3407 3542 3820 3597 consuluerunt.

2230 3627 2382 3682 Unus
2410 3637 2614 3680 tantum
2645 3642 2829 3681 eorum
2856 3627 3023 3697 Lnipo
3046 3644 3114 3681 no
3138 3630 3280 3694 rine,
3295 3632 3486 3685 exsilio
3501 3633 3602 3687 sibi
3627 3634 3821 3703 magis,

2228 3735 2390 3789 quam
2428 3719 2581 3789 fuga,
2626 3720 2820 3786 electo,
2873 3723 3224 3776 transmissus
3275 3732 3359 3777 est
3410 3723 3677 3778 Leodium
3723 3728 3821 3780 sub

2227 3813 2554 3882 Berengario
2585 3812 2781 3866 abbate
2814 3815 2953 3881 apud
2982 3824 3226 3867 sanctum
3255 3815 3608 3870 Laurentium
3634 3835 3650 3881 ;
3685 3834 3820 3887 pau-

2225 3906 2432 3961 cissimi
2493 3920 2621 3958 vero
2670 3920 2793 3958 cum
2847 3906 3042 3958 abbate
3096 3905 3349 3961 Lanzone
3411 3914 3818 3970 remanserunt,

2225 3995 2500 4051 Gerardus
2523 3994 2730 4048 scilicet
2760 3995 3105 4064 praepositus.
3132 3997 3221 4050 ille
3253 4009 3557 4053 nostrorum
3589 3998 3818 4061 electus,

2227 4101 2325 4139 nec
2378 4100 2483 4137 non
2523 4091 2577 4136 et
2616 4083 2927 4153 Blingcrus,
2969 4083 3331 4140 lierimannus
3382 4102 3599 4155 quoque
3635 4088 3821 4141 senior

2234 4190 2357 4229 cum
2385 4172 2492 4226 alio
2523 4172 2856 4227 Herimanno
2899 4182 3096 4243 nepote
3128 4189 3249 4239 suo,
3289 4184 3452 4245 atque
3481 4177 3629 4246 Eugo
3660 4175 3821 4246 paulo

2225 4274 2347 4335 post
2376 4264 2571 4319 missus
2598 4273 2683 4319 est
2714 4264 2868 4319 Metis
2899 4266 2951 4319 in
2988 4265 3257 4327 exsilium,
3293 4277 3617 4323 caeterorum
3656 4270 3821 4339 pluri-

2227 4357 2331 4410 mis
2359 4371 2455 4423 per
2478 4354 2785 4409 Flandriaan
2808 4366 2864 4408 et
2892 4355 3162 4425 Angliam,
3191 4357 3405 4412 Daciam
3425 4368 3480 4414 et
3502 4358 3800 4413 Saxoniam

529 4468 804 4531 «doricum,
859 4464 1126 4519 Adelardo
1182 4462 1222 4516 11
1277 4463 1588 4516 monasterii
1639 4460 2119 4530 'l'rudonOpolitani
2154 4465 2199 4518 Ῑ)
2226 4444 2451 4517 regnum
2496 4461 2711 4517 quoque
2748 4447 3202 4503 Theutonicornm
3227 4451 3507 4518 dispersis.
3533 4452 3673 4505 Pars
3716 4453 3818 4506 mi-

542 4558 749 4619 sbbate,
788 4568 912 4611 ante
941 4571 1139 4610 annum
1176 4554 1331 4617 108°),
1359 4569 1466 4621 quo
1490 4553 1577 4607 hic
1599 4553 1704 4625 (adi
1732 4554 1923 4607 iterum
1951 4551 2126 4607 Chro-

540 4651 700 4707 nicon
750 4649 1305 4717 Trudonopolitanum
1356 4663 1477 4717 pag.
1520 4647 1647 4715 369)
1704 4648 1887 4701 vivere
1940 4645 2119 4709 desiit,

534 4739 761 4795 Parisiis
805 4741 1107 4793 litterarum
1147 4738 1596 4791 addisccndarnm
1646 4751 1806 4789 causa
1848 4746 2121 4789 versatum

536 4830 943 4886 lrerosimillime
993 4846 1094 4881 non
1124 4843 1262 4881 esse.
1314 4826 1509 4881 Verum
1543 4840 1682 4879 anne
1717 4841 1782 4881 eo
1819 4834 1940 4895 post
1978 4828 2123 4881 Ade-

532 4917 676 4971 lardi
704 4922 908 4973 obitum
950 4918 1031 4970 vel
1070 4919 1181 4985 ipso
1215 4917 1360 4970 dicto
1404 4931 1546 4968 anno
1584 4914 1740 4980 1082,
1770 4902 1877 4985 quo
1902 4915 2126 4970 circiter

532 5009 848 5078 prodigiosa
906 5007 1144 5060 doctoris
1194 5005 1515 5059 Parisiensis
1563 5006 1834 5059 anastasis
1878 5007 2127 5058 evenisse

532 5108 815 5162 narratur,
847 5097 931 5151 vel
957 5096 1202 5165 sequenti
1243 5108 1360 5149 sese
1392 5093 1639 5148 eamdem
1665 5094 1735 5147 ob
1766 5108 1984 5147 causam
2018 5109 2125 5148 non

528 5187 801 5241 contulit?

608 5279 732 5331 232.
774 5278 892 5332 Erit
920 5292 1049 5329 sane
1089 5274 1335 5329 fortassis
1381 5290 1485 5329 non
1516 5290 1695 5338 nemo,
1724 5273 1817 5343 qui
1850 5273 1901 5327 id
1924 5288 1954 5326 ε
1984 5273 2124 5327 Tru-

530 5368 923 5437 donupolitano
956 5364 1226 5418 Chronico
1258 5364 1372 5432 jam
1407 5366 1604 5433 saepius
1630 5365 1851 5418 laudato
1882 5366 2126 5433 suspice-

533 5469 659 5522 tur;
694 5460 1057 5513 Herimannus
1086 5456 1257 5519 etaim,
1305 5458 1379 5509 uti
1411 5456 1511 5511 hoc
1550 5457 1641 5512 lib.
1673 5474 1710 5513 ιι
1747 5469 1801 5513 et
1831 5474 1891 5513 ιιι
1924 5474 2129 5514 memo-

537 5551 637 5603 ria:
660 5548 861 5617 prodit,
892 5545 1146 5600 Metcnsis
1174 5555 1229 5619 et
1264 5545 1528 5601 llenricus
1552 5546 1863 5604 Leodiensis
1890 5550 2127 5620 episcopi

543 5639 771 5692 abbatiae
838 5635 1388 5702 Trudonopolitanae,
1452 5640 1671 5709 rcjecto,
1748 5656 1909 5709 quem
1973 5644 2130 5712 hujus

545 5732 749 5788 alumni
780 5732 1029 5788 abbatem
1072 5745 1103 5786 e
1140 5732 1349 5801 gremio
1380 5746 1477 5787 suo
1507 5732 1801 5805 elegerant,
1842 5732 2087 5790 Gerardo
2109 5774 2123 5800 ,

2227 4540 2392 4597 nima.
2450 4539 2633 4594 habitu
2692 4540 2791 4594 sibi
2852 4549 3089 4605 retento,
3155 4556 3253 4609 per
3303 4541 3519 4597 diversa
3567 4543 3818 4597 cteraobia

2226 4627 2661 4698 hospitabantnr,
2695 4644 2819 4698 pars
2857 4630 3114 4693 maxima,
3143 4630 3276 4683 nihil
3314 4631 3417 4686 sibi
3449 4633 3514 4686 de
3545 4634 3818 4686 monacho

2226 4733 2459 4788 retento,
2491 4724 2932 4793 presbyterorum
2958 4738 3106 4778 more
3127 4738 3224 4792 per
3253 4725 3495 4778 diversas
3525 4727 3818 4793 parochias

2232 4819 2479 4888 vagando
2511 4817 2843 4871 ferebantur.
2891 4816 2997 4870 Sed
3029 4825 3080 4870 et
3128 4815 3315 4870 Leodii
3343 4825 3398 4869 et
3427 4816 3666 4870 Coloniae
3698 4824 3820 4884 post

2227 4907 2321 4962 irae
2343 4907 2433 4961 Dei
2456 4922 2617 4975 super
2646 4906 2820 4960 locmn
2864 4914 3105 4960 nostrmn
3142 4907 3519 4975 paenitentiam
3546 4916 3601 4960 et
3634 4907 3817 4962 reddi-

2230 5008 2338 5053 tam
2384 5000 2583 5054 nostris
2626 4998 2991 5053 miserationis
3020 5012 3129 5052 sua:
3156 4999 3386 5067 gratiam
3420 4998 3652 5054 vidimus
3676 5015 3819 5054 non-

2229 5091 2402 5145 nullos
2445 5106 2633 5144 eormn
2669 5092 2807 5143 inter
2840 5089 3070 5145 clericos
3113 5090 3212 5144 sub
3258 5089 3580 5144 clericorum
3625 5091 3817 5145 habitu

2226 5182 2578 5236 COIlSt‘llUiSSG
2626 5182 2678 5236 in
2727 5182 2918 5237 ordine
2960 5183 3342 5237 canonicorum
3379 5182 3561 5238 Leodii
3607 5183 3658 5236 in
3704 5198 3821 5237 mo-

2230 5273 2468 5327 nasterio
2499 5272 2711 5328 Sanctae
2751 5274 2960 5337 Crucis,
3016 5288 3114 5327 nec
3164 5290 3269 5327 non
3321 5275 3505 5329 Sancti
3548 5273 3818 5328 Johannis

2229 5363 2463 5419 Colonia:
2481 5364 2535 5418 in
2550 5365 2875 5418 monasterio
2900 5362 3084 5419 Sancti
3110 5364 3348 5433 Georgii;
3380 5366 3501 5419 librt
3523 5365 3667 5418 tertii
3688 5379 3819 5419 vero

2231 5455 2332 5509 ista
2360 5474 2371 5508 :
2400 5458 2557 5510 Anno
2590 5456 2752 5526 igitur
2779 5457 3070 5512 Dominicae
3099 5455 3495 5511 lncarnationis
3527 5455 3817 5510 millesimo

2233 5550 2559 5617 octogesimo
2587 5553 2823 5603 secundo
2848 5548 2982 5601 obiit
3006 5548 3176 5603 abbas
3204 5547 3504 5601 Adelardus
3529 5546 3593 5605 ll.
3619 5555 3818 5603 octavo

2233 5642 2356 5696 ldus
2400 5643 2739 5706 Decembris;
2789 5642 2948 5697 tertio
2994 5656 3122 5697 vero
3168 5641 3289 5696 ldus
3324 5643 3463 5712 Aug.
3514 5641 3814 5711 capitulum

2234 5746 2413 5789 actum
2441 5746 2522 5792 est
2543 5749 2704 5806 super
2730 5734 3033 5791 confratres
3062 5744 3278 5790 nostros
3312 5752 3341 5789 a
3373 5736 3583 5791 duobus
3602 5734 3817 5803 episco-
