4016 6310
214 350 290 408 ίὸἷ

1676 324 1870 383 ACTA.

3305 330 3402 385 158

211 466 291 537 νίς,
326 455 622 513 Hei-imarum
670 448 879 505 scilicet
915 444 1136 503 Metensi
1188 455 1243 501 et
1297 444 1530 500 Henrico
1583 439 2000 503 Leo-Abante,
2071 438 2338 537 diuturnis
2407 438 2849 537 dissensionibus
2904 446 2969 498 ad
3046 446 3239 501 incitas
3294 449 3412 504 fere

209 535 359 611 diensi,
405 559 498 615 qua
557 549 718 595 nocte
761 539 985 609 dispersi
1025 546 1152 594 sunt
1201 551 1390 593 omnes
1426 535 1730 590 confratres

211 638 343 697 nostri
390 640 567 705 praeter
625 645 870 700 paucos,
932 643 1068 699 quos
1120 627 1369 697 superius
1426 625 1729 680 nominavi-

210 745 317 785 tuus.
343 745 358 776 ι

262 818 364 872 251.
403 813 505 870 Etsi
542 826 696 884 ergo,
730 811 808 866 uti
827 828 890 867 ex
913 811 999 866 his
1035 810 1213 866 verbis
1252 809 1443 880 liquet,
1475 817 1597 877 post
1635 807 1732 863 ob-

210 910 315 966 itum
344 905 567 961 Adelardi
601 905 642 958 ll
670 904 884 959 abbatis
906 904 987 958 sui
1012 919 1200 959 omnes
1227 902 1342 957 fere
1375 902 1733 971 'l‘rudonopo-

210 1001 327 1065 litani
356 998 581 1053 monachi
636 1011 667 1052 e
709 997 1043 1050 monasterio
1088 1009 1185 1051 suo
1224 994 1348 1066 fuga
1397 994 1588 1063 dilapsi
1630 992 1736 1047 alio

211 1088 501 1152 secesserint,
549 1087 757 1155 hosque
792 1086 935 1140 inter
966 1084 1357 1148 Theudoricus,
1390 1093 1572 1152 utpote
1608 1098 1739 1152 pau-

209 1186 289 1247 cis,
342 1181 423 1250 qui
471 1181 608 1249 apud
677 1178 986 1235 Lanzunem
1052 1180 1305 1233 abbatem
1374 1177 1738 1246 Trudonopuli

210 1281 493 1336 manserunt,
554 1288 585 1325 a
648 1271 932 1342 [tadulphu
992 1271 1082 1326 hic
1148 1284 1256 1325 non
1331 1278 1740 1334 annumeratus,

209 1362 556 1419 verosimillime
604 1362 897 1428 exstiterit,
937 1360 1178 1416 Parisios
1229 1368 1408 1414 tamen
1436 1358 1583 1413 illum
1616 1368 1743 1413 tunc

209 1469 290 1508 non
311 1450 643 1514 eoiicessisse,
680 1466 749 1504 ex
779 1452 967 1506 iisdem
991 1452 1104 1522 jam
1134 1448 1377 1505 recitatis
1405 1448 1583 1503 verbis
1608 1464 1740 1503 con-

209 1541 478 1597 cludendum
518 1550 770 1610 apparet,
824 1550 1007 1610 utpote
1053 1540 1252 1611 quibus
1302 1539 1444 1594 inter
1498 1540 1743 1610 regiones

212 1634 426 1695 diversas,
498 1630 567 1684 ad
623 1646 760 1699 quas
815 1640 941 1688 tunc
989 1632 1203 1702 profugi
1264 1631 1744 1699 Trudonupulitaui

209 1723 411 1777 monachi
430 1736 545 1776 sese
572 1723 873 1786 contulere.
903 1739 1009 1778 non
1035 1722 1233 1789 Gallia,
1265 1722 1318 1777 in
1345 1738 1450 1791 qua
1474 1722 1745 1777 Parisien-

1835 532 2085 595 redactae,
2115 530 2404 586 subvenire
2432 530 2761 589 decrevisset
2791 533 3066 602 Olbcrtus,
3098 537 3415 595 Leodiensis

1834 620 2141 690 episcopus)
2185 618 2614 691 diligentissime,
2648 624 2691 677 si
2721 626 2842 693 quis
2867 630 3259 696 superessetde
3291 630 3417 685 tiliis

1836 720 2036 766 nostrae
2087 709 2352 777 ecclesias,
2398 712 2481 766 cui
2520 712 2714 769 idonee
2744 717 3009 771 committi
3057 728 3239 788 posset
3288 736 3425 777 cura

1837 800 2189 855 subveniendi
2241 802 2402 855 matri
2446 818 2576 856 suac.
2613 801 2777 857 Aiunt
2821 803 3020 860 fratres
3064 808 3260 874 nostri,
3314 825 3418 865 nec

1840 906 1946 945 non
1975 891 2153 946 clerici
2186 901 2240 947 et
2284 893 2425 959 laici,
2457 896 2547 964 qui
2576 911 2699 950 eum
2744 909 3128 968 cognoverant,
3157 904 3247 971 qui
3275 901 3422 959 Gan-

1841 979 1921 1035 da:
1969 981 2021 1035 in
2073 984 2403 1040 monasterio
2450 987 2621 1041 sancti
2653 987 2797 1043 Petri
2831 1000 3138 1045 moraretur
3179 1008 3317 1049 unus
3355 997 3424 1049 de

1841 1073 2042 1126 nostris
2089 1072 2371 1140 fratribus,
2424 1078 2640 1133 nomine
2680 1079 3073 1148 Theudoricus,
3104 1083 3196 1151 qui
3241 1099 3270 1136 a
3302 1082 3423 1140 loco

1843 1170 2028 1215 nostro
2051 1174 2350 1218 recesserat
2369 1167 2471 1221 sub
2494 1171 2840 1226 contentione
2862 1172 3117 1228 abbatum
3147 1174 3427 1230 Lanzonis

1840 1263 1895 1306 et
1916 1252 2194 1322 Luipouis.
2231 1255 2330 1309 Hic
2362 1258 2405 1310 si
2433 1268 2614 1327 posset
2640 1262 2850 1317 extrahi
2886 1264 3030 1330 inde,
3059 1265 3285 1323 idoneus
3313 1267 3425 1323 illis

1842 1344 2056 1399 videtur
2079 1345 2147 1400 ad
2174 1349 2461 1416 regendam
2487 1350 2781 1418 abbatiam,
2810 1356 3061 1423 quoniam
3090 1358 3427 1416 Theutonica

1841 1443 1898 1490 et
1924 1433 2220 1491 Gualicana
2253 1436 2581 1513 [Walonica]
2615 1444 2920 1514 expeditus,
2952 1447 3265 1506 liberalibus
3295 1453 3428 1506 arti-

1847 1522 1951 1579 bus
1978 1526 2194 1595 egregie
2232 1527 2475 1583 eruditus
2532 1531 2583 1584 in
2625 1549 2782 1601 prosa
2812 1544 2870 1589 et
2920 1552 3078 1592 versu
3108 1540 3236 1595 nulli
3283 1553 3430 1597 esset

1845 1629 1944 1669 suo
1975 1624 2218 1686 tempore
2246 1619 2538 1685 secundus,
2588 1621 2729 1678 dulci
2781 1634 2837 1680 et
2881 1626 3141 1683 altissima
3198 1647 3430 1688 sonurus

1846 1708 2158 1773 vocalitate,
2194 1710 2402 1776 brevis,
2453 1712 2548 1767 sed
2579 1716 2803 1783 pulchra
2849 1735 3101 1789 persona,
3145 1724 3432 1793 mediaque

207 1813 264 1866 sis
287 1812 449 1866 civitas
493 1813 599 1866 sita
629 1822 734 1877 est,
786 1814 882 1869 sed
908 1814 1165 1869 Flandria
1214 1815 1496 1882 duntaxat,
1526 1814 1736 1884 Anglia,

1855 1807 2024 1865 etate,
2086 1800 2179 1870 qui
2239 1803 2406 1858 etiam
2455 1803 2686 1860 fratrum
2752 1783 2971 1863 suorum
3023 1783 3431 1870 iuiirmitatibus

206 1904 349 1967 Dacia,
370 1904 600 1958 Saxonia
629 1912 685 1959 et
710 1904 1031 1959 Alcmannia
1057 1915 1466 1960 recenseautur.
1498 1905 1567 1959 At
1588 1921 1739 1975 vero,

205 1995 369 2064 inquiet
399 2010 499 2049 non
535 2010 720 2059 nemo,
746 2011 853 2065 quo
885 2012 1018 2065 ergo
1056 1996 1449 2065 Theudoricus,
1472 2012 1592 2052 cum
1625 1998 1741 2068 plu—

204 2086 323 2137 rimis
353 2083 462 2140 aliis
500 2100 537 2141 e
573 2086 1073 2158 Trudouopolitano
1105 2104 1203 2142 suo
1245 2088 1579 2142 monasterio
1622 2099 1743 2157 post

205 2176 458 2230 Lanzouem
501 2178 561 2232 in
612 2179 667 2233 id
698 2180 974 2234 inductum
1016 2180 1298 2251 profugus,
1345 2194 1465 2236 sesc
1493 2181 1743 2250 recepit?

206 2265 512 2336 Trudonopoli
544 2268 693 2323 baud
723 2269 911 2339 procul
940 2271 1245 2326 substitisse
1275 2270 1420 2325 illum
1467 2272 1741 2327 existimo.

206 2354 375 2409 Etenim
406 2371 435 2410 e
479 2357 1001 2429 Trudonopulitanis
1046 2361 1151 2416 illis
1188 2362 1487 2426 monachis,
1520 2362 1741 2432 quibus-

204 2460 298 2498 cum
358 2445 722 2502 Theudoricus
800 2448 1165 2521 Trudonupoli
1248 2463 1376 2507 tunc
1446 2452 1742 2518 discessit,

204 2537 413 2591 exstitere
452 2540 722 2606 nonnulli,
762 2543 856 2612 qui
904 2560 1011 2599 non
1050 2544 1120 2599 ita
1159 2544 1359 2599 dudum
1392 2556 1533 2615 post,
1561 2562 1745 2602 assen-

206 2626 337 2680 tiente
360 2627 629 2695 Lanzunc,
666 2632 735 2686 ad
785 2634 1171 2689 monasterium
1210 2651 1367 2689 suum
1414 2636 1643 2690 rediere.
1671 2635 1745 2688 ita

207 2716 363 2771 iterum
390 2720 664 2792 colligitur
700 2738 732 2777 e
759 2723 1253 2795 Trudonopolitann
1282 2726 1574 2788 Chronico,
1603 2727 1746 2797 quod

205 2813 316 2880 apud
356 2815 677 2869 Dacberium
736 2826 870 2873 tum.
918 2817 1191 2890 Spicilegii
1230 2820 1321 2873 cit.
1373 2835 1492 2890 pag.
1535 2819 1639 2873 570
1683 2820 1749 2873 de

210 2902 422 2973 Luipone,
480 2908 985 2980 Trutlonopulitanu
1040 2912 1326 2977 monacho,
1377 2912 1650 2975 exsilium,
1694 2912 1746 2967 in

206 2998 338 3062 quod,
358 2996 605 3053 Lanzouc
629 2997 744 3067 jam
781 3000 1278 3072 TrudonOpulitano
1305 3004 1521 3068 abbate,
1563 3004 1749 3073 pulsus

1848 1892 2040 1946 melius
2090 1893 2253 1949 sciret
2291 1895 2549 1965 compali,
2587 1904 2839 1968 tanquam
2874 1915 2904 1955 a
2952 1915 3119 1971 puero
3150 1903 3254 1959 illis
3295 1920 3429 1959 con-

1844 1983 2108 2049 nutritus,
2132 1995 2187 2040 et
2219 1985 2311 2056 qui
2344 1987 2554 2043 viderat
2585 1998 2642 2043 et
2670 1990 2918 2047 audierat
2938 1992 3104 2058 mala,
3134 2009 3253 2063 quae
3288 1998 3436 2065 passi

1844 2085 2002 2131 erant
2034 2077 2085 2130 in
2111 2077 2223 2133 suis
2252 2078 2709 2136 tribulationibus.
2738 2101 2757 2134 ι
2795 2082 2872 2137 lta
2909 2084 3188 2141 laudatum
3208 2086 3439 2142 Chroni-

1845 2182 1969 2222 cun.
2020 2165 2138 2222 Jam
2178 2183 2326 2234 vero,
2371 2186 2493 2225 cum
2541 2170 2933 2242 Theudoricus,
2975 2178 3053 2232 uti
3084 2192 3152 2232 ex
3186 2178 3439 2233 omnibus

1839 2258 1950 2328 jam
1972 2260 2130 2316 dictis
2148 2262 2480 2334 intelligitur,
2495 2262 2733 2321 Parisios
2756 2282 2893 2338 sese,
2914 2284 3036 2324 cum
3057 2271 3439 2335 Adclardusll.

1846 2354 2369 2427 Trudonopolitanus
2411 2357 2609 2427 abbas,
2660 2379 2804 2419 anno
2854 2365 2993 2420 1082
3033 2365 3281 2433 ubiisset,
3329 2382 3440 2422 non

1846 2446 2162 2513 contulerit;
2221 2449 2373 2505 brevi
2434 2461 2639 2519 autem,
2708 2467 2997 2527 postquam
3045 2464 3439 2520 monasterium

1847 2552 2025 2605 suum,
2060 2540 2282 2597 inducto
2326 2544 2377 2597 in
2410 2545 2462 2600 id
2490 2561 2635 2602 anno
2666 2549 2804 2603 1085
2827 2551 3103 2620 Lanzone,
3160 2554 3437 2613 deseruis—

1848 2638 1951 2695 set,
2001 2645 2034 2686 e
2084 2632 2263 2688 vicino
2305 2634 2446 2702 loco,
2488 2654 2597 2708 quo
2637 2654 2963 2710 secesserat,
3016 2646 3438 2721 Trudonopolim

1848 2720 2013 2776 fuerit
2038 2737 2312 2791 reversus,
2334 2728 2662 2801 ibidemque,
2687 2742 2748 2787 ut
2768 2744 3013 2804 apparet,
3039 2753 3161 2793 cum
3184 2720 3443 2799 Lanzuue

1848 2813 1915 2866 ad
1944 2829 2146 2870 annum
2176 2832 2348 2887 usque
2376 2822 2533 2887 1085,
2569 2841 2699 2896 quo,
2733 2838 2852 2883 orta
2885 2831 3028 2887 hunc
3063 2833 3205 2888 inter
3234 2845 3287 2889 ct
3315 2836 3445 2892 Lui-

1851 2922 2046 2976 ponem
2078 2913 2445 2980 contentione,
2469 2916 2790 2976 Gandavum
2812 2939 2932 2980 sese
2955 2927 3023 2981 ad
3053 2926 3110 2981 S.
3141 2928 3285 2985 Petri
3325 2948 3446 2986 mo-

1853 3001 2146 3055 nasterium
2180 3005 2403 3074 recepit,
2434 3007 2598 3063 fuerit
2632 3025 3018 3083 commoratus,
3045 3022 3444 3076 consectarium

209 3081 365 3150 fuerat,
388 3090 562 3145 adhuc
589 3093 850 3161 palieme,
877 3095 955 3150 sic
978 3095 1137 3151 habet
1166 3110 1183 3149 ε
1218 3114 1236 3147 ε
1257 3096 1356 3164 Qui
1381 3097 1596 3169 (ιιιῑρο)
1626 3112 1747 3152 cum
1778 3124 1823 3183 C
1857 3088 1935 3153 iit,
1970 3100 2033 3183 ut
2058 3090 2279 3148 Parisiis
2310 3111 2454 3151 anno
2479 3099 2701 3156 circiter
2741 3104 2901 3171 1082,
2931 3081 3116 3176 utpote
3146 3120 3270 3167 ante
3300 3112 3445 3169 hunc

208 3188 283 3240 per
304 3192 498 3244 omnes,
539 3197 682 3250 quos
727 3184 888 3239 utiles
932 3185 1033 3240 sibi
1084 3185 1201 3239 fore
1240 3188 1608 3253 existimabat,
1656 3203 1753 3258 per

209 3262 571 3341 ipsumquoquc
598 3274 983 3343 imperatorem
1006 3280 1144 3346 apud
1175 3279 1420 3334 abbatem
1451 3278 1758 3335 Lanzunem

204 3359 323 3412 omni
343 3361 643 3421 humilitate
670 3378 876 3437 ageret,
907 3380 963 3423 ut
1008 3379 1257 3440 receptus
1285 3371 1337 3425 in
1369 3373 1605 3427 claustro
1636 3389 1757 3433 suo,

208 3460 292 3515 quo
309 3455 529 3511 nutritus
550 3457 760 3525 fuerat,
779 3462 993 3527 ordine,
1017 3479 1124 3528 quo
1147 3473 1201 3517 et
1222 3463 1333 3528 alii,
1351 3464 1532 3519 venire
1554 3478 1756 3533 posset,

206 3538 324 3594 nullo
344 3545 496 3600 modo
526 3547 827 3617 impetrare
846 3552 1031 3605 valuit.
1057 3571 1075 3602 ›
1104 3552 1311 3619 Quibus
1328 3552 1508 3607 verbis
1532 3553 1760 3622 aliisque

209 3634 516 3698 sequentibus
574 3638 835 3705 innititur,
881 3658 948 3697 eo
986 3651 1227 3713 tempore
1256 3658 1373 3708 seu,
1410 3643 1487 3697 uti
1525 3659 1590 3698 ex
1617 3644 1760 3713 ejus-

206 3715 303 3775 dem
356 3724 608 3783 Chronici
653 3729 773 3787 loco
839 3734 1085 3801 proxime
1134 3734 1228 3790 cit.
1302 3744 1550 3805 apparet,
1615 3751 1760 3790 anno

210 3808 336 3877 1085,
374 3833 477 3888 quo
514 3821 716 3893 Luipo,
772 3834 832 3879 ut
867 3828 935 3881 ad
998 3827 1553 3897 Trudouopolitanum
1602 3844 1759 3883 suum

206 3912 562 3965 monasterium
622 3914 800 3969 redire
842 3916 942 3971 sibi
981 3916 1064 3971 fas
1106 3927 1272 3981 esset,
1318 3918 1611 3988 impetrare
1658 3916 1762 3973 fuit

208 4006 415 4062 conatus,
462 4001 606 4056 alius
664 4006 953 4061 nonnullos
999 4006 1068 4061 ad
1131 4007 1186 4063 id
1233 4007 1761 4077 Trudonopolitanos

207 4092 485 4156 monachos,
534 4096 629 4164 qui
660 4096 802 4161 inde,
841 4115 950 4155 non
980 4100 1199 4170 quidem
1236 4099 1290 4154 in
1317 4099 1566 4155 exsilium
1595 4099 1757 4169 pulsi,

210 4179 283 4230 sed
309 4178 421 4252 fuga
450 4185 648 4255 dilapsi
679 4188 1057 4257 discesserant,
1106 4191 1275 4247 fuisse
1310 4192 1425 4262 jam
1471 4206 1755 4256 reversos;

208 4263 252 4317 bi
272 4278 434 4325 autem
456 4284 647 4345 utpote
671 4278 738 4332 ad
773 4281 1178 4345 monasterium,
1212 4280 1357 4350 quod
1386 4281 1756 4349 deseruerant,

207 4355 328 4413 haud
363 4364 433 4418 ita
460 4368 669 4422 dudum
717 4380 859 4440 post,
902 4372 978 4426 uti
1025 4371 1246 4427 etiame
1270 4371 1524 4427 Clirouici
1556 4373 1759 4429 Trudo-

1858 3181 2162 3237 studiorum
2204 3202 2368 3242 causa
2408 3190 2605 3247 ibidem
2636 3194 2821 3261 etiam,
2856 3206 2914 3253 ut
2940 3214 3102 3270 supra
3132 3198 3310 3269 docui,
3335 3220 3443 3260 non

1859 3284 2130 3341 versatus,
2152 3279 2534 3337 verosimiliter
2563 3300 2668 3340 non
2701 3288 2986 3345 studuerit.

1930 3364 2055 3418 236.
2099 3366 2249 3433 Quod
2298 3380 2358 3424 ut
2392 3374 2695 3431 evidentius
2736 3377 2849 3445 tiat,
2905 3381 3013 3437 imu
3046 3383 3443 3444 Theodericum

1859 3454 2083 3512 Parisiis
2132 3476 2403 3529 nunquam
2452 3467 2724 3521 studuisse
2766 3478 2976 3539 pateat,
3007 3476 3189 3531 omnia
3221 3478 3338 3547 ejus
3374 3482 3444 3534 ab

1859 3548 2081 3603 ineunte
2128 3561 2290 3605 aetate
2331 3554 2400 3608 ad
2446 3554 2575 3609 illud
2624 3574 2794 3628 usque
2825 3569 3056 3630 tempus,
3105 3581 3213 3635 quo
3248 3567 3441 3623 Gauda

1861 3651 2143 3697 revocatus
2168 3644 2439 3700 abbatiam
2462 3646 3006 3721 Trudunupolitanam
3035 3658 3441 3726 gubernandam

1861 3733 2089 3802 accepit,
2119 3744 2272 3803 gesta
2308 3736 2451 3790 hunc
2486 3737 2540 3792 in
2570 3740 2788 3797 modum
2815 3748 3138 3815 compendio
3176 3758 3231 3803 et
3252 3751 3445 3806 ordine

1860 3838 2091 3895 expono.
2121 3826 2263 3881 Puer
2290 3828 2466 3883 adhuc
2494 3830 2548 3885 in
2590 3836 2921 3913 monasterio
2950 3836 3446 3910 Trudonopolitann

1856 3925 1960 3982 pro
1987 3919 2287 3981 temporum
2318 3912 2534 3969 illorum
2557 3931 2710 3973 mure
2742 3917 2846 3974 fuit
2866 3922 3128 3977 educatus
3157 3940 3221 3979 ac
3250 3924 3448 3984 litteris

1861 4002 2204 4058 addiscendis
2249 4005 2519 4070 admotus,
2553 4022 2786 4079 cumque
2827 4012 3022 4069 deinde
3061 4015 3238 4071 factus
3285 4027 3449 4072 aetate

1859 4090 2119 4161 grandior
2165 4091 2444 4146 monachis
2490 4092 2561 4147 ab
2607 4095 2874 4153 Adelardu
2922 4097 2966 4153 ιι
3009 4099 3205 4156 abbate
3251 4100 3445 4157 fuisset

1860 4184 2162 4255 ascriptus,
2209 4184 2406 4239 litteris
2445 4185 2685 4242 animum
2725 4190 2792 4243 ad
2830 4204 3032 4245 annum
3068 4207 3239 4262 usque
3276 4194 3449 4261 1082,

1860 4292 1968 4347 quo
1990 4277 2078 4331 hic
2104 4276 2286 4332 vivere
2320 4277 2499 4342 desiit,
2533 4278 2588 4333 in
2618 4282 2932 4336 monasterii
2958 4283 3041 4336 sui
3080 4285 3291 4351 schola,
3322 4302 3445 4355 qua:

1860 4377 1989 4425 tunc
2033 4385 2102 4426 ex
2154 4371 2313 4425 dictis
2345 4371 2580 4425 maxime
2609 4371 2858 4438 florebat,
2907 4376 3146 4443 perrexit
3174 4378 3442 4438 excolere.

209 4453 474 4520 nopolitaui
531 4460 654 4515 loco
684 4465 931 4532 proxime
976 4463 1193 4518 laudato
1236 4473 1484 4534 apparet,
1537 4465 1763 4531 reversi,
1797 4466 1843 4522 D
1872 4460 2139 4517 Adelardo
2167 4463 2359 4518 deinde
2385 4480 2527 4519 anno
2556 4464 2693 4520 1082
2729 4467 2836 4520 vita
2871 4467 3075 4535 functo,
3105 4475 3451 4528 monasterii-

210 4543 429 4608 regiones
463 4550 655 4619 procul
701 4551 935 4617 dissitas,
978 4568 1114 4624 cum
1161 4553 1287 4624 fuga
1329 4554 1453 4608 inde
1482 4569 1600 4609 sese
1630 4555 1761 4610 sub-

210 4628 408 4699 duxere,
434 4639 633 4695 adiisse
663 4658 771 4696 non
811 4622 1076 4705 viileniur,
1123 4658 1186 4697 ac
1208 4642 1365 4712 proin
1392 4658 1491 4698 nec
1518 4643 1765 4699 Theodo-

210 4720 352 4790 ricus,
388 4738 577 4799 utpote
600 4733 693 4802 qui
724 4747 788 4786 ex
837 4733 901 4786 iis
931 4750 1070 4787 unus
1098 4734 1387 4799 exstiterit,
1422 4734 1500 4788 uti
1531 4749 1763 4803 pronum

207 4821 280 4866 est
299 4830 485 4875 eruere
508 4835 575 4875 ex
606 4838 695 4888 eo,
723 4825 886 4892 quod,
932 4823 1185 4881 Lanzune
1211 4837 1400 4896 postea
1430 4836 1485 4881 et
1520 4825 1779 4896 Luiponel

212 4921 319 4963 mox
343 4924 642 4969 memorato
666 4916 734 4972 de
759 4918 978 4972 abbatia
1002 4918 1497 4989 Trudonopulitana
1534 4928 1762 4975 conten-

208 4994 458 5068 dentibus,
492 5003 817 5062 Gandavum
855 5010 982 5064 inde
1009 5010 1076 5064 ad
1108 5007 1167 5065 S.
1194 5009 1343 5065 Petri
1377 5011 1765 5066 mouasterimu

209 5098 314 5142 sese
338 5095 622 5163 receperit,
666 5097 1120 5166 quemadmodum
1160 5100 1356 5154 iterum
1385 5099 1527 5169 apud
1552 5099 1767 5156 Daclie-

208 5172 335 5233 rium
361 5191 491 5237 tom.
522 5184 793 5257 Spicilegii
819 5188 912 5243 cit.
952 5203 1075 5261 pag.
1098 5189 1202 5245 569
1230 5198 1288 5244 et
1319 5204 1435 5259 seq.
1460 5188 1767 5247 Chronicon

214 5264 747 5343 Trudonopolitanum
775 5278 954 5335 docet.

270 5360 388 5418 235.
430 5366 629 5437 Verba,
654 5371 851 5440 quibus
898 5373 949 5427 id
987 5373 1182 5427 ibidem
1209 5372 1364 5438 facit,
1392 5373 1607 5444 aliaque
1634 5389 1771 5429 non-

215 5449 359 5519 nulla,
393 5455 544 5513 hisce
569 5460 759 5515 eodem
790 5461 907 5519 loco
926 5462 1198 5530 adjuncta,
1225 5465 1367 5534 quod
1398 5466 1676 5536 pleraque,
1704 5466 1771 5522 de

215 5536 534 5605 Theoderico
562 5551 627 5605 ad
652 5566 892 5621 praesens
924 5553 1223 5609 institutum
1248 5553 1359 5622 jam
1387 5557 1553 5622 dicta,
1579 5557 1771 5612 hausta

220 5645 275 5685 ex
309 5634 370 5690 iis
399 5639 532 5705 sint,
565 5642 671 5697 huc
712 5644 1038 5700 transcribo.
1084 5642 1175 5699 Sic
1211 5643 1457 5699 habent:
1494 5664 1513 5696 ι
1555 5645 1772 5713 Quaere-

221 5723 360 5782 batur
385 5746 515 5803 ergo
557 5734 701 5806 (cum
731 5732 846 5802 jam
897 5734 1100 5789 scilicet
1137 5734 1642 5805 Trudunupolitana:
1672 5737 1769 5792 ab-

630 5827 909 5888 PATROL.
955 5825 1134 5891 CLII.

1865 4564 1971 4618 que
2019 4550 2271 4618 regimini
2321 4552 2592 4619 Lanzone,
2640 4555 2823 4610 invitis
2853 4558 3155 4624 monachis,
3203 4558 3449 4627 admoto,

1866 4658 1989 4697 cum
2020 4643 2270 4713 plurimis
2308 4660 2375 4696 ex
2429 4645 2513 4699 bis
2544 4644 2906 4718 Trudonopoli
2933 4651 3185 4717 excessit,
3216 4667 3453 4724 cumque

1867 4733 2061 4788 deinde
2099 4748 2130 4788 e
2170 4734 2289 4788 loco
2316 4733 2459 4789 haud
2489 4737 2698 4805 proeul,
2723 4747 2780 4791 ut
2804 4750 3049 4809 apparet,
3081 4742 3209 4798 hinc
3236 4744 3451 4810 dissito,

1867 4838 1975 4890 quo
2013 4837 2133 4878 sese
2182 4834 2489 4894 receperat,
2540 4826 2607 4881 ad
2660 4831 3072 4897 monasterium,
3118 4834 3454 4890 assentiente

1866 4907 2120 4964 Lauzune
2149 4909 2362 4976 abbate,
2392 4910 2577 4967 luisset
2602 4928 2872 4979 reversus,
2896 4917 3280 4990 contentioque
3307 4920 3454 4981 hunc

1871 4995 2010 5050 inter
2037 5003 2092 5050 et
2139 4994 2437 5066 Luipunem
2473 5013 2615 5053 anno
2659 4999 2797 5055 1085
2822 5011 2968 5057 esset
2994 5012 3203 5069 exorta,
3239 5004 3455 5061 Gauda-

1869 5102 2018 5150 vum,
2065 5085 2254 5141 relicto
2296 5087 2490 5143 iterum
2543 5093 2897 5158 monasterio,
2937 5096 3227 5161 concessit,
3273 5097 3454 5165 ibique

1872 5176 1924 5229 in
1953 5176 2010 5232 S.
2035 5176 2180 5231 Petri
2209 5178 2421 5234 abbatia
2453 5193 2820 5239 commoratus
2845 5194 2931 5240 est
2965 5186 3032 5240 ad
3055 5201 3257 5242 annum
3281 5202 3453 5255 usque

1874 5266 2011 5322 1099
2061 5283 2154 5323 seu
2187 5278 2338 5323 certe
2384 5270 2543 5337 1098.
2573 5288 2803 5342 quorum
2855 5274 3029 5330 altero
3076 5275 3206 5330 hinc
3246 5276 3454 5333 Olberti
3530 5298 3533 5299 '

1874 5357 2191 5413 Leodiensis
2234 5361 2472 5431 episcopi
2522 5364 2716 5420 litteris
2757 5374 3014 5422 evocatus
3062 5368 3454 5424 monasterium

1874 5453 2428 5523 Trudonopolitanum
2496 5454 2709 5510 abbatis
2765 5471 2987 5511 munere
3040 5455 3453 5526 gubernandum

1875 5546 2106 5616 accepit.
2155 5543 2309 5599 Talia
2362 5552 2489 5600 sunt
2536 5543 2855 5600 Theudorici
2896 5546 2961 5600 ad
3002 5556 3212 5616 tempus
3259 5560 3452 5616 usque,

1874 5652 1983 5707 quo
2013 5636 2116 5691 hoc
2161 5633 2365 5690 factum
2390 5644 2494 5701 est,
2526 5644 2697 5706 gesta,
2725 5649 2845 5704 quae
2873 5648 3024 5702 sane,
3057 5643 3117 5689 ut
3160 5633 3455 5689 Theodori-

1876 5746 2000 5790 cum
2043 5728 2268 5786 Parisiis
2310 5742 2544 5797 unquam
2593 5742 2656 5781 ac
2700 5724 3019 5781 nominatim
3049 5740 3192 5785 anno
3238 5723 3454 5781 circiter

2892 5819 2935 5881 5
