3862 6310
547 249 650 309 159

1339 250 1396 305 S.
1439 248 1786 306 BRUNONIS
1818 247 2480 317 'CARTHUSIANORUM
2518 258 3013 320 lNSTlTUTORlS

3667 269 3753 326 NO

547 367 686 421 1082
715 363 988 420 studuisse
1029 361 1335 427 credamus,
1371 363 1685 431 permittere
1725 378 1830 418 non
1862 365 2132 422 videntur.
2165 373 2215 433 Α
2241 369 2366 426 libri
2410 375 2588 442 quarti
2617 373 2882 430 hactenus
2925 391 3034 431 non
3058 375 3265 446 vulgati
3289 386 3465 434 auctor
3489 379 3538 434 in
3567 379 3755 441 obscure

546 455 668 510 Jam
694 467 842 515 vero,
871 467 992 506 cum
1019 452 1072 505 id
1104 452 1177 504 ita
1205 451 1296 515 sit,
1327 452 1692 507 testimonium
1718 469 1867 510 num.
1892 455 1998 510 214
2028 458 2132 514 huc

547 541 935 611 transcriptum
982 555 1045 596 ac
1083 539 1426 596 Theoderico
1457 543 1796 612 attributum,
1849 560 1957 614 quo
1990 547 2131 602 istud

545 634 844 698 astruitur,
886 633 1289 702 suppesitittum
1347 635 1892 706 cemmentitiumque
1930 640 2135 694 verosi-

545 725 776 781 millime
833 732 942 790 est,
992 724 1151 794 quale
1200 725 1364 780 etiam
1395 725 1465 782 ob
1500 723 1628 793 alia,
1665 741 1782 797 qua:
1822 726 1937 798 jam
1973 729 2133 786 dictis

547 818 799 887 adjungn,
829 823 1074 885 apparet.

618 902 746 956 237.
787 899 1180 957 Testimonium
1227 903 1354 958 illud
1383 913 1508 960 ante
1541 903 1717 960 Saeculi
1749 907 1992 978 proxime
2024 908 2134 964 ela-

546 1002 632 1073 psi
675 1002 889 1056 initium
931 1017 1022 1058 seu
1062 1013 1188 1059 ante
1221 1019 1417 1060 annum
1459 1005 1615 1071 1615,
1671 1022 1777 1076 quo
1817 1024 1848 1063 a
1892 1009 2133 1068 Galaudo

551 1095 834 1151 sacerdote
875 1095 1153 1150 laudatum
1196 1095 1380 1162 fuisse,
1411 1096 1811 1155 Carthusianus
1835 1117 2134 1172 anenymus

550 1187 735 1240 verbis
800 1201 961 1256 supra
1026 1187 1130 1242 huc
1179 1189 1518 1258 trauscriptis
1574 1189 1822 1258 afﬁrmat,
1877 1193 2136 1263 ipsosmet

552 1278 945 1333 Carthusianes
975 1277 1194 1334 latuisse
1227 1277 1472 1347 videtur,
1504 1281 1580 1336 uti
1632 1283 1793 1338 etiam
1826 1285 2156 1340 damnatum.

551 1370 833 1425 doctorem
890 1370 1213 1440 appellatum
1263 1372 1426 1427 fuisse
1475 1373 1853 1444 ltaymundum
1885 1377 2133 1432 Malliban

551 1460 648 1515 Seu
699 1459 982 1525 Milleban,
1041 1470 1162 1526 aut,
1214 1469 1273 1516 ut
1329 1461 1420 1515 alii
1473 1463 1692 1529 volunt,
1755 1463 2135 1535 Raymundum

545 1551 820 1604 Dicerem.
874 1549 978 1605 Fas
1012 1561 1096 1606 est
1133 1552 1183 1607 id
1226 1552 1478 1622 colligere
1515 1553 1600 1607 vel
1645 1568 1710 1608 ex
1758 1554 1874 1610 sele
1902 1556 2135 1624 Petrteo,

548 1641 856 1696 Carthusiae
897 1639 1235 1698 Coloniensis
1262 1643 1502 1711 alumne,
1535 1645 1625 1714 qui
1660 1645 1771 1700 suis
1803 1647 1856 1702 in
1903 1649 2155 1718 primum.

548 1731 802 1787 Chronici
826 1733 1246 1800 Carthusiensis,
1289 1749 1318 1788 a
1349 1735 1614 1790 Dorlando
1639 1738 1896 1804 contexti,
1939 1739 2134 1794 librum

547 1824 1040 1890 Elucidationibus,
1089 1841 1232 1879 anno
1289 1824 1422 1879 1608
1465 1827 1704 1894 excusis,
1743 1827 1770 1899 §
1822 1830 2137 1900 particulari

553 1914 792 1968 studiose
822 1913 1060 1982 inquirit,
1099 1933 1115 1965 ι
1150 1915 1258 1968 Cur
1282 1915 1518 1970 damnati
1558 1931 1622 1971 ac
1675 1924 1759 1970 ter
1785 1901 2014 1974 infelicis
2044 1921 2139 1976 do-

547 2003 720 2058 cteris
762 2005 917 2058 istius
960 2004 1072 2073 (qui
1115 2004 1320 2059 scilicet
1357 2006 1478 2060 'sese
1507 2006 1819 2062 damnatum
1857 2008 2080 2064 Parisiis
2107 2024 2138 2064 e

546 2096 752 2151 feretro
799 2095 1166 2166 proclatnarit)
1202 2111 1398 2151 nomen
1440 2098 1742 2154 litterarum
1774 2104 2136 2159 monumentis

548 2187 920 2256 consignatum
954 2202 1059 2240 non
1105 2187 1194 2242 sit.
1232 2206 1249 2238 ι
1279 2185 1356 2242 Ne
1385 2204 1514 2244 vero
1546 2190 1632 2244 hic
1667 2206 1879 2248 errasse
1908 2192 2137 2251 arbitre-

545 2276 624 2330 ris
669 2275 952 2341 Petraeum,
1008 2275 1199 2331 Petrus
1242 2277 1422 2344 Sutor,
1469 2279 1768 2334 Carthusiae
1799 2271 2136 2340 Parisiensis

546 2367 718 2435 prior,
775 2381 917 2421 anno
965 2365 1101 2420 1557
1139 2383 1168 2421 e
1214 2368 1350 2422 vivis
1401 2369 1666 2432 sublatus,
1716 2369 1870 2440 cujus
1902 2388 2036 2442 epus
2069 2375 2134 2430 de

546 2459 656 2512 vita
687 2457 1047 2513 Carthusiana
1089 2474 1230 2512 anno
1271 2459 1408 2513 1609
1455 2460 1592 2530 typis
1617 2461 2025 2520 Celeniensibus
2057 2465 2136 2520 lu-

546 2561 664 2600 cem
687 2547 918 2617 primum
943 2548 1175 2618 aspexit,
1209 2547 1299 2602 lib.
1337 2547 1497 2617 hujus
1523 2550 1716 2618 primo,
1746 2559 1902 2606 tract.
1927 2553 1978 2619 1,
2009 2569 2129 2624 cap.

545 2638 605 2704 5,
653 2639 728 2692 ita
770 2639 958 2693 scribit
992 2655 1005 2692 :
1037 2657 1055 2690 ι
1093 2639 1352 2694 Falernur
1382 2642 1612 2710 ingenue
1657 2644 1860 2696 nullum
1899 2644 2132 2701 doctoris

547 2727 691 2782 illius
719 2727 1064 2800 (Parisiensis
1085 2727 1350 2798 damnati)
1376 2743 1570 2784 nomen
1595 2745 1692 2799 per
1712 2746 1811 2786 nos
1842 2733 2132 2789 adductum

547 2837 685 2884 esse,
722 2821 862 2890 quod
902 2820 1106 2874 nullum
1153 2821 1223 2875 sit
1254 2821 1556 2875 litterarum
1591 2823 1953 2890 monimentis,
1988 2825 2130 2895 quod

545 2913 862 2973 viderimus,
892 2913 1193 2982 proditum;
1226 2912 1410 2981 itaque
1434 2923 1539 2968 non
1567 2912 2008 2985 iingere'novum,
2035 2917 2129 2972 sed

2235 463 2512 534 relinquit.
2557 463 2762 521 Iudicat
2821 466 3036 535 quidem
3081 465 3377 522 Galaudum
3421 468 3580 526 virum
3619 471 3756 530 hone-

2238 563 2378 608 Stum
2417 568 2480 608 ac.
2512 554 2730 608 doctum
2774 554 2970 624 fuisse;
3018 571 3208 611 verum
3256 557 3375 627 quis
3404 557 3522 614 hinc
3565 573 3756 630 asserat,

2238 645 2378 698 acuti
2411 646 2546 701 adeo
2567 645 2755 714 judicii
2783 647 3054 703 hominem
3077 649 3372 714 exstitisse,
3399 660 3568 716 utnec
3596 653 3654 706 ab
3679 655 3760 708 inn-

2238 743 2460 805 pestore
2507 721 2705 808 decipi,
2756 753 2857 793 nec
2910 754 3066 809 opus,
3113 739 3256 808 quod
3306 739 3622 796 Theoderico
3647 753 3762 799 esset

2240 827 2598 897 suppositum,
2642 843 2740 898 pro
2766 845 2894 884 vera
2944 828 3106 898 hujus
3149 829 3513 884 lucubratione
3557 832 3764 901 accipere

2237 916 2508 990 potuerit?
2539 916 2838 972 Fatendum
2881 917 3099 971 interim
3144 925 3228 972 est
3273 916 3601 972 Bertholdum
3625 918 3762 973 Nihu-

2239 1009 2380 1064 sium
2425 1017 2538 1074 aut,
2572 1009 2618 1063 si
2664 1010 2858 1074 mavis,
2901 1009 3315 1072 Carthusianos,
3347 1009 3434 1077 qui
3468 1010 3534 1072 ei,
3559 1011 3682 1079 quod
3721 1013 3762 1067 in

2239 1103 2376 1157 datis
2425 1103 2493 1158 ad
2547 1102 2817 1157 Andream
2873 1103 3221 1170 Saussceium,
3273 1103 3593 1180 didascalica:
3637 1105 3764 1174 hujus

2239 1193 2478 1262 epistolae
2517 1209 2659 1246 anno
2691 1180 2832 1248 ’1645
2865 1195 3162 1265 impressze,
3209 1195 3440 1265 prmﬁais
3467 1195 3641 1249 litteris
3675 1196 3766 1248 lau.

2239 1284 2351 1350 dat,
2385 1283 2750 1337 testimonium
2784 1274 3105 1339 Theoderici
3138 1285 3603 1355 Trudenopelitani
3631 1287 3763 1340 abba-

2241 1374 2310 1428 tis
2336 1373 2714 1438 exhibuerant,
2746 1389 3028 1443 perperam
3061 1365 3132 1429 ob
3163 1375 3315 1440 illud,
3349 1391 3442 1430 seu
3465 1376 3667 1429 citatum
3687 1391 3764 1430 seu

2239 1459 2540 1514 exhibitum
2567 1477 2595 1514 a
2624 1461 2866 1515 Lanuoie
2894 1463 2946 1516 in
2978 1463 3361 1518 dissertatione
3396 1463 3460 1518 de
3492 1478 3605 1517 vera
3631 1479 3762 1518 causa

2240 1567 2486 1608 secessus
2515 1551 2572 1606 S.
2603 1552 2868 1607 Brunonis
2898 1553 2950 1607 in
2989 1569 3256 1619 eremum,
3283 1569 3381 1624 cap
3427 1553 3479 1618 5,
3512 1552 3539 1625 ᾗ
3580 1554 3610 1608 3
3647 1567 3767 1610 men-

2241 1643 2379 1697 dacii
2413 1641 2744 1710 insimulari;
2775 1643 2826 1698 id
2855 1644 2996 1698 enim
3023 1653 3078 1699 et
3111 1661 3143 1700 a
3173 1645 3398 1700 Nihusie
3420 1645 3646 1709 citari,et
3667 1645 3768 1698 huic

2241 1749 2273 1788 a
2334 1733 2710 1790 Carthusianis
2747 1751 2777 1790 e
2810 1734 3051 1790 Galaudo
3103 1747 3382 1806 acceptum
3409 1735 3635 1791 exhiberi
3655 1737 3767 1790 bona

2240 1823 2344 1880 [lde
2367 1825 2562 1894 potuit.
2587 1823 2708 1892 ,Sed
2735 1825 2839 1878 alia
2867 1827 3024 1880 modo
3049 1826 3158 1881 huc
3197 1825 3514 1896 spectantia,
3537 1840 3643 1894 qua:
3663 1824 3768 1880 Car-

2240 1917 2527 1972 tltusianus
2557 1932 2857 1987 anonymus
2907 1917 3153 1972 recitatis
3198 1934 3350 1972 num.
3379 1918 3478 1972 2'27
3507 1919 3665 1972 verbis
3686 1932 3769 1971 non

2237 2005 2482 2071 inclusit,
2504 2005 2874 2061 discutiamus.
2906 2005 3247 2069 Testimonii,
3281 2007 3421 2074 quod
3453 1994 3767 2068 Theoderico,

2238 2091 2418 2151 abbati
2448 2095 2964 2164 Trutlonepelitano,
2992 2096 3326 2160 attribuitur,
3357 2095 3560 2150 diversa
3580 2083 3768 2147 diversis

2235 2194 2267 2242 e
2305 2187 2450 2242 locis
2499 2187 2768 2241 submissa
2823 2187 3156 2257 exemplaria
3207 2201 3372 2256 penes
3423 2201 3516 2240 nos
3560 2193 3766 2249 exstant,

2237 2283 2404 2334 unum
2435 2290 2614 2334 autem
2646 2281 2759 2334 haec
2808 2279 2948 2334 inter
2975 2280 3028 2333 in
3058 2279 3240 2348 capite
3282 2277 3498 2348 praefert
3527 2276 3766 2346 sequentia

2235 2373 2352 2428 haec
2375 2373 2535 2428 verba
2566 2389 2580 2428 :
2617 2390 2637 2423 ι
2683 2369 2932 2426 Andreas
2961 2369 3337 2438 Quercetanus
3361 2369 3459 2440 (Du
3487 2367 3694 2438 Chesne)
3724 2367 3766 2420 in

2242 2461 2588 2532 Fragmentis
2640 2461 2886 2516 Historia:
2931 2461 3043 2516 'lib.
3086 2477 3140 2516 1v
3187 2463 3315 2517 citat
3355 2477 3455 2516 ms.
3507 2458 3771 2514 monasterii

2236 2551 2296 2607 S.
2330 2553 2649 2610 Theoderici
2681 2569 2848 2623 prope
2885 2547 3110 2619 Remos,
3139 2555 3228 2608 cui
3267 2553 3450 2608 titulus
3480 2560 3558 2607 est
3604 2550 3666 2604 De
3689 2550 3773 2606 Ba-

2236 2644 2380 2699 tione
2429 2643 2748 2714 temporum,
2800 2647 2891 2700 ubi
2939 2641 3169 2715 legitur;
3210 2665 3230 2698 ι
3281 2645 3471 2715 quibus
3523 2641 3771 2713 prwmissis

2236 2734 2627 2800 lestimbnium,
2659 2753 2807 2791 num.
2837 2737 2941 2791 214
2977 2737 3080 2791 huc
3121 2737 3464 2806 transcriptis
3486 2735 3649 2790 verbis
3668 2747 3771 2786 con-

2233 2835 2470 2895 ceptum,
2505 2825 2868 2896 subjungitur,
2901 2843 2966 2882 ac
2995 2819 3192 2884 deinde
3219 2816 3274 2883 in
3321 2829 3426 2884 line
3453 2843 3545 2900 pro
3569 2824 3770 2881 clausula

2232 2917 2448 2971 additur
2483 2936 2501 2969 ‹
2547 2917 2670 2973 Haec
2697 2920 2786 2974 ibi.
2823 2938 2841 2972 ι

544 3005 881 3072 incognitum
928 3013 1123 3057 tacere
1177 3000 1466 3058 voluimus.
1505 3021 1524 3054 ι
1580 3001 1690 3058 Nec
1743 3013 1825 3058 est
1893 3020 1990 3059 cur
2043 3005 2131 3062 hic
2164 3044 2207 3107 C
2307 3005 2435 3062 259.
2479 3006 2612 3062 Cu'm
2660 3009 2892 3079 primum
2929 3011 2979 3064 in
3006 3003 3458 3076 hec—testimonii,
3485 3006 3774 3064 Theoderico

545 3115 786 3170 epponas
807 3099 865 3154 S.
899 3100 1168 3154 Bl‘lmOlliS
1192 3099 1366 3154 Vitam
1398 3113 1522 3162 ms.,
1553 3113 1582 3152 a
1609 3099 1972 3156 Carthusiano
2000 3115 2134 3156 ano-

547 3206 708 3258 nymo
751 3205 849 3259 per
877 3191 1040 3246 verba
1079 3204 1231 3243 num.
1274 3189 1380 3244 209
1421 3189 1647 3244 recitata
1682 3188 1791 3257 jam
1828 3189 2132 3258 laudatam,

548 3295 667 3347 qua:
703 3281 756 3333 in
795 3280 1122 3335 bibliotheca
1179 3279 1474 3334 Basileensi
1525 3290 1855 3347 asservatur,
1889 3286 2138 3351 annoque

551 3373 690 3428 14-86
725 3387 791 3428 ac
835 3373 990 3441 proin
1041 3373 1128 3426 ditt
1159 3381 1286 3426 ante
1334 3371 1587 3426 saeculum
1624 3375 1835 3426 sextum
1867 3373 2138 3428 decimum

551 3461 918 3530 conscriptam
940 3503 954 3526 ,
1001 3461 1104 3515 etsi
1133 3460 1278 3514 enim
1308 3459 1361 3514 in
1400 3460 1527 3525 hac,
1560 3468 1618 3513 ut
1650 3461 1703 3514 in
1739 3459 1972 3530 Operum
2000 3460 2142 3516 Latt-

550 3549 659 3603 noii
692 3555 971 3601 auctorum
1001 3561 1063 3600 ac
1091 3545 1480 3599 illustratorum
1514 3553 1640 3598 tom.
1665 3545 1725 3608 ll,
1753 3556 1888 3614 part.
1915 3563 1976 3610 tt,
1999 3559 2141 3603 anno

553 3638 682 3693 1751
703 3635 936 3690 Coloniae
961 3634 1304 3704 Allobregum
1326 3649 1523 3689 excusa
1547 3651 1666 3704 pag.
1701 3635 1803 3690 576
1825 3637 1876 3690 in
1903 3637 2142 3694 inferi'ori

552 3728 711 3797 hujus
729 3725 971 3796 margine
991 3734 1230 3780 notatum
1254 3725 1492 3790 invenio,
1514 3727 1796 3794 sequentia
1816 3727 1928 3781 haec
1947 3728 2138 3783 verba:

557 3841 576 3874 ε
614 3820 854 3890 Contigit
895 3819 1039 3874 circa
1081 3833 1282 3872 annum
1319 3818 1530 3873 Domini
1579 3819 1719 3875 1082
1757 3819 1991 3875 Parisiis
2018 3836 2145 3891 pro-

554 3912 760 3982 digium
805 3909 1136 3964 herrendum
1167 3909 1218 3964 in
1247 3911 1480 3979 quedam
1509 3911 1796 3982 magistre,
1821 3914 1906 3968 cui
1948 3919 2144 3970 se‘cun-

554 4005 682 4059 dum
743 4003 1006 4072 quosdam
1065 4015 1257 4056 nomen
1311 4009 1428 4057 erat
1476 4002 1844 4073 Raymundus,
1888 4023 1906 4056 ι
1943 4007 2144 4076 scripta

557 4095 935 4158 inveniantur,
998 4089 1300 4163 Raymu‘ndi
1369 4101 1558 4148 tamen
1633 4095 1836 4149 nomini
1905 4095 2146 4154 additum

559 4186 728 4253 aliud,
771 4200 880 4254 quo
909 4192 962 4239 et
996 4183 1237 4247 Diocrcs,
1270 4191 1363 4236 aut
1389 4183 1552 4238 etiam
1583 4181 1854 4251 Milleban,
1898 4193 1953 4240 ut
1980 4187 2151 4242 ascri-

555 4287 711 4347 ptum
782 4273 1120 4330 Theodorico
1183 4273 1364 4328 abbati
1427 4272 1918 4342 Trudenopelitane
1986 4277 2146 4332 testi-

2242 3101 2504 3172 ascripti,
2549 3103 2821 3174 exemplar
2875 3104 3205 3172 incideram,
3267 3103 3539 3170 recitatis,
3591 3115 3693 3170 qua:
3734 3096 3774 3151 ci

2236 3193 2456 3264 praeﬁxa
2490 3193 2758 3259 videbam,
2801 3195 2980 3251 verbis
3005 3186 3214 3251 excitus
3261 3195 3506 3266 Historiae
3546 3187 3776 3247 Francia:

2239 3281 2577 3352 Scriptorum
2621 3282 2852 3338 Andreae
2888 3285 3210 3351 Quercetani
3245 3301 3339 3340 seu
3370 3281 3579 3340 Chesnii
3605 3279 3773 3333 librum

2241 3379 2493 3441 quartmn
2553 3373 2710 3429 avide
2775 3374 3017 3446 arripui,
3069 3381 3348 3445 totumque
3410 3391 3440 3429 a
3510 3371 3666 3440 capite
3723 3364 3774 3418 ad

2242 3461 2446 3516 calcem
2502 3464 2688 3518 sedtilo
2746 3465 2979 3520 excussi.
3040 3464 3148 3520 Sed
3196 3467 3298 3521 en!
3337 3482 3458 3538 pag.
3505 3462 3636 3527 162,
3691 3457 3775 3526 qui!

2242 3553 2353 3608 sola
2405 3553 2456 3608 in
2511 3563 2622 3610 toto
2674 3555 2763 3609 ille
2815 3554 3033 3611 Chesnii
3080 3556 3220 3614 libro
3251 3573 3347 3613 seu
3374 3568 3513 3612 temo
3543 3554 3666 3606 liber
3694 3562 3774 3602 ms.

2243 3647 2555 3702 monasterii
2606 3646 2664 3702 S.
2695 3643 3016 3705 Theoderici
3061 3650 3227 3720 prope
3271 3651 3484 3709 Remos,
3516 3646 3592 3701 cui
3623 3639 3777 3696 titulus

2243 3747 2326 3793 est
2381 3757 2400 3790 ‹
2437 3737 2512 3793 De
2556 3739 2766 3794 ratione
2783 3738 3099 3811 temporum
3141 3760 3160 3793 ι
3201 3736 3424 3806 citatur,
3465 3739 3776 3807 fragmenlum

2245 3829 2564 3884 historicum
2605 3829 3008 3899 suppeditatur,
3055 3832 3109 3887 in
3159 3847 3292 3901 quo,
3329 3822 3488 3901 uti-id
3515 3817 3778 3896 ins'picienl'l

2245 3926 2508 3990 patescet,
2541 3934 2608 3974 ne
2638 3927 2769 3990 ape'x
2801 3908 3016 3990 quidem
3043 3922 3128 3977 vel
3153 3913 3542 3992 de'predigiosa
3579 3910 3778 3972 doctoris

2246 4008 2568 4066 Parisiensis
2592 4011 2851 4076 anaStasi,
2869 4011 2962 4066 "vel
2995 4013 3061 4067 de
3091 4013 3244 4083 pulso
3271 4030 3339 4070 ex
3377 4013 3475 4068 hac
3501 4010 3549 4064 in
3577 4016 3777 4061 eremum

2249 4099 2306 4154 S.
2349 4100 2598 4153 Brunone
2623 4100 2881 4154 occurrit.
2915 4099 3054 4155 Hinc
3077 4101 3337 4166 intellexi,
3369 4102 3660 4159 verberum,
3683 4103 3778 4159 qum

2249 4188 2492 4259 proxime
2537 4188 2780 4252 recitavi,
2838 4189 3228 4260 desc‘ripterem
3278 4191 3628 4262 signiﬁcatum
3657 4181 3778 4236 hisce

2251 4277 2504 4342 voluisse,
2533 4277 2922 4344 testimonium,
2958 4278 3294 4335 Theoderico
3337 4278 3512 4335 abbati
3537 4271 3781 4329 Trudeno-

557 4366 800 4420 ntonium
831 4366 1028 4435 prodit,
1075 4364 1239 4420 fuerit
1271 4373 1514 4430 vocatus,
1566 4363 1836 4421 infelicem
1867 4366 2143 4423 doctorem
2177 4381 2221 4439 ι)
2252 4371 2489 4440 politane
2534 4369 2875 4445 attributum,
2907 4387 3009 4426 non
3041 4373 3187 4428 ‘lihre
3206 4387 3301 4428 seu
3329 4368 3551 4427 tomelV
3574 4359 3779 4422 Chesnii.

559 4453 923 4509 Parisiensem
960 4456 1235 4521 habuisse,
1282 4453 1684 4511 consectarium
1732 4455 1856 4512 inde
1903 4473 2008 4513 non
2038 4468 2142 4526 est,

561 4538 865 4614 meritaque
894 4547 1130 4616 proinde
1160 4547 1288 4602 illud
1311 4547 1394 4602 vel
1436 4563 1533 4618 pro
1560 4547 1906 4617 supposititio
1937 4551 2016 4605 vel
2050 4568 2146 4622 pro

564 4635 855 4690 admodum
888 4648 1140 4706 suspecto
1169 4647 1348 4706 potest
1380 4638 1588 4706 haberi,
1627 4640 1726 4694 nisi
1754 4641 1896 4696 forte
1931 4640 2090 4709 liber,
2117 4659 2148 4699 e

563 4743 672 4797 quo
697 4741 725 4779 a
756 4726 998 4782 Galaudo
1027 4725 1408 4797 depromptum
1441 4730 1659 4794 dicitur,
1691 4731 1743 4784 in
1776 4731 1948 4787 lucem
1969 4735 2149 4805 profe-

563 4827 737 4882 ratur,
773 4831 976 4889 proque
1005 4819 1238 4890 genuino
1271 4818 1595 4875 Theoderici
1632 4821 1742 4877 fetu
1771 4823 2055 4882 habeatur.

635 4907 763 4963 258.
811 4907 1004 4962 Verum
1030 4923 1138 4979 quo
1173 4909 1262 4964 hic
1287 4909 1685 4982 loco,'cujusve
1713 4912 1765 4967 in
1805 4915 2148 4976 bibliothecae

565 4998 764 5069 angulo
799 5000 1088 5054 servatur?
1115 4999 1270 5056 Unde
1320 4999 1489 5066 illum,
1528 5012 1640 5069 aut,
1695 5005 1740 5059 si
1767 5006 1957 5072 mavis,
2006 5009 2148 5066 illius

565 5088 868 5159 exemplar,
895 5105 924 5144 e
953 5104 1058 5158 quo
1086 5091 1248 5146 verba
1295 5105 1446 5145 num.
1480 5092 1584 5146 2M
1611 5093 1835 5149 recitata
1862 5100 2148 5168 excerpse-

565 5182 662 5246 rit,
710 5178 986 5236 Galaudus
1047 5182 1148 5236 sibi
1199 5184 1564 5252 comparavit?
1607 5185 1689 5240 An
1743 5186 2145 5259 bibliothecam,

564 5281 944 5340 persenamve,
972 5287 1002 5325 a
1029 5274 1452 5342 quarpretiosum
1487 5273 1793 5342 huiusmodi
1824 5292 2147 5337 monumen-

567 5369 680 5414 tum
707 5375 890 5416 secum
933 5359 1097 5416 fuerit
1123 5364 1604 5430 communicattnn,
1639 5368 1690 5422 in
1713 5357 2018 5440 conscripto
2040 5387 2069 5425 τι
2094 5388 2150 5430 se

566 5449 1052 5506 Carthusianorum
1101 5453 1374 5510 Chronico
1407 5459 1614 5526 uspiam
1659 5460 1930 5516 declarat?
1959 5463 2148 5521 Omnia

566 5539 682 5593 hazc
727 5555 1050 5611 anonymus,
1085 5558 1117 5598 e
1163 5559 1272 5614 quo
1323 5544 1438 5600 sole
1471 5548 1601 5614 fere,
1635 5563 1755 5618 quae
1797 5550 1864 5604 de
1908 5551 2150 5609 Galaudo

564 5634 676 5704 jam
705 5629 840 5700 dixi,
891 5629 1098 5691 discere
1139 5634 1313 5706 licuit,
1354 5635 1646 5694 Annalium
1684 5637 2150 5700 Carthusiensium

2249 4475 2408 4530 quem
2449 4458 2650 4523 laudat,
2715 4460 2810 4514 sed
2861 4475 2964 4515 ms.
3007 4478 3026 4512 ι
3078 4460 3154 4516 De
3203 4470 3502 4532 temporum
3549 4455 3731 4512 ratione
3761 4467 3776 4496 ι

2248 4551 2410 4617 libre,
2448 4566 2478 4606 c
2531 4559 2639 4622 quo
2696 4551 3062 4624 fragmentum
3127 4554 3442 4608 historicum
3504 4549 3553 4603 in
3613 4551 3780 4599 ιοιιιιιιη

2250 4640 2395 4698 illum
2429 4641 2695 4699 Chesnius
2724 4642 2926 4710 intulit,
2967 4659 3087 4699 esse
3121 4644 3462 4714 inscriptum.
3492 4639 3674 4694 Verum
3703 4641 3782 4684 nec

2251 4734 2302 4790 id
2330 4734 2542 4789 veritati
2572 4749 2865 4789 consonum
2893 4735 3168 4801 existimo,
3203 4737 3348 4806 quod
3377 4743 3462 4790 res
3505 4732 3630 4794 haec,
3657 4724 3696 4779 si
3722 4722 3779 4776 ἱιε

2249 4824 2502 4889 haberet,
2558 4839 2590 4878 a
2643 4822 2888 4893 pluribus
2935 4824 3056 4880 aliis
3121 4825 3478 4895 scriptoribus
3519 4817 3782 4895 memorata

2249 4913 2653 4970 verosimillime
2681 4913 3037 4981 inveniretur,
3079 4931 3182 4970 nec
3211 4925 3390 4970 tamen
3433 4915 3708 4968 memorata
3729 4894 3784 4952 ab

2250 5005 2358 5060 ullo
2393 5007 2656 5060 hactenus
2695 5019 2724 5058 a
2768 5021 2853 5059 me
2880 5005 3114 5059 inveniri
3149 5006 3401 5076 potuerit.
3427 5003 3494 5058 At
3521 5012 3638 5054 vero
3661 4998 3780 5054 sunt:

2254 5095 2328 5149 uti
2354 5110 2422 5149 ex
2458 5095 2685 5161 notitiis,
2713 5109 2847 5166 quas
2888 5096 2953 5148 ad
2989 5111 3204 5150 manum
3235 5098 3426 5158 habeo,
3454 5094 3611 5152 disco,
3633 5083 3710 5154 qui

2253 5185 2735 5256 Trudenopelitani
2813 5186 3066 5241 ditecesis
3112 5186 3438 5242 ‘Leodiensis
3511 5167 3783 5267 monasterii

2251 5276 2578 5332 biblimheca
2623 5277 2885 5346 jactatum
2941 5279 3283 5344 Theoderici,
3329 5279 3380 5332 id
3435 5275 3556 5330 olim
3605 5265 3784 5322 abbatis

2254 5383 2476 5423 munere
2508 5369 2792 5435 moderati,
2850 5370 2917 5424 de
2967 5369 3135 5424 Sacra
3185 5381 3481 5442 temporum
3525 5362 3710 5418 ratione
3735 5352 3784 5403 li-

2252 5459 2431 5524 brum,
2464 5459 2516 5513 in
2545 5473 2651 5528 quo
2676 5461 2763 5514 hic
2792 5477 2889 5531 pro
2910 5463 3217 5532 prodigiosa
3242 5463 3474 5518 doctoris
3502 5445 3784 5512 Parisiensis

2255 5551 2492 5605 anastasi
2521 5550 2886 5606 testimonium
2923 5569 3069 5606 num.
3111 5554 3216 5608 2M
3249 5555 3529 5610 recitatum
3559 5541 3782 5631 praebeat.

2255 5640 2528 5698 asservari
2559 5638 2850 5712 afﬁrmant,
2885 5644 3145 5700 addentes
3174 5645 3358 5715 etiam,
3390 5644 3574 5701 mirum
3613 5627 3783 5690 nemini
