3862 6310
97 340 161 401 Nl

1558 320 1682 379 Αυι
1693 329 1759 377 Δ.

3189 342 3291 397 id?

94 460 241 511 debere
266 440 499 506 accidere
532 444 784 501 llartenct
813 448 867 498 et
898 442 1157 508 Durandi,
1184 440 1393 499 ordinis
1423 439 1480 493 S.
1507 438 1611 494 Be-
1637 449 1689 508 Α
1716 433 1848 490 illud
1870 437 2309 509 complectentia,
2344 432 2676 500 transcribit,
2726 441 3063 514 prolixeque,
3107 462 3213 519 quo
3242 455 3294 507 id

93 543 241 601 "edicti
278 540 615 609 scriptorum,
664 536 717 588 in
757 533 957 588 itinere
1020 546 1118 587 suo
1162 529 1468 594 litterario,
1516 525 1607 581 ubi

92 640 138 693 de
158 637 228 691 illa
251 633 443 689 ordinis
472 630 559 683 sui
584 626 797 683 abbatia
814 624 1039 697 ejusque
1059 623 1389 681 bibliotheca
1416 628 1604 694 agunt,

92 730 138 784 de
158 727 271 781 libro
295 723 380 778 illo
407 721 711 777 silentium.

136 819 231 873 210.
274 818 344 871 lta
370 813 751 886 pronuntiant,
780 812 926 883 quod
968 810 1083 868 bini
1125 811 1177 866 hi
1210 811 1509 882 scriptores
1542 809 1608 862 li-

90 913 254 965 brorum
268 922 388 962 mss.
413 905 681 969 omnium,
712 905 803 975 qui
827 903 881 958 in
903 902 1416 973 Trudonopolitante
1434 900 1605 956 abba-

92 1004 151 1055 tia:
186 1000 487 1055 bibliotheca
544 1005 855 1062 servantur,
892 995 1261 1066 cognitionem
1306 992 1605 1063 perfectam

92 1110 165 1147 non
199 1091 484 1156 habuerint,
522 1090 602 1145 uti
659 1089 877 1159 ipsimet
920 1088 1221 1152 declarant,
1276 1086 1462 1157 operis
1507 1085 1604 1140 cit.

92 1198 182 1238 tom.
200 1183 393 1254 quidem
444 1184 626 1253 primo
678 1181 1002 1245 scribentes,
1044 1170 1603 1248 Trudenopolitanam

92 1276 398 1330 bibliothecam
449 1289 576 1329 esse
621 1274 755 1330 satis
792 1274 1015 1338 bonam,
1060 1270 1325 1341 librisque
1357 1283 1489 1323 mss.
1522 1277 1605 1323 sat

93 1367 321 1438 insignibus
345 1367 675 1422 instructam
703 1382 716 1431 ;
745 1373 877 1420 tom.
911 1372 1094 1419 autem
1123 1363 1360 1418 secundo
1387 1360 1602 1416 traden-

93 1470 158 1524 tes,
183 1471 298 1524 sese,
327 1474 446 1513 cum
484 1458 555 1512 ad
604 1457 881 1512 ahbatiam
916 1454 1468 1525 Trudonopolitanam
1498 1453 1602 1507 ite-

94 1567 171 1604 rnm
201 1550 560 1613 accessissent,
588 1548 864 1618 librosque
894 1546 1058 1617 hujus
1087 1561 1218 1602 mss.
1247 1547 1424 1602 denuo
1450 1559 1604 1600 seru-

93 1643 159 1695 uri
200 1642 389 1708 vellent,
433 1642 690 1697 obtinere
739 1640 793 1695 id
828 1640 896 1696 ab
942 1640 1140 1695 abbate
1184 1654 1291 1694 non
1336 1640 1597 1709 potuisse.

93 1733 311 1798 lline,ctsi
352 1735 514 1791 etiam
552 1748 658 1787 ms.
706 1732 855 1786 illum
895 1732 961 1787 de
999 1746 1157 1787 sacra
1189 1742 1489 1801 temporum
1514 1747 1602 1785 ra-

1710 526 2002 586 Parisiensi
2048 533 2294 604 prodigio
2343 531 2625 601 suli‘ragari
2664 533 2875 603 probet,
2925 548 3115 594 contra
3145 540 3290 599 Lau-

1710 620 1893 676 noium
1939 622 2177 678 disserit.
2210 623 2387 680 Verba
2416 622 2535 692 ejus
2581 625 2794 688 omnia,
2846 641 2917 681 ne
2944 628 3073 697 quid
3099 631 3167 686 de
3199 648 3291 687 ar-

1708 724 2114 783 gumentorum,
2174 717 2241 772 iis
2280 716 2633 782 inclusorum,
2672 716 2724 770 vi
2753 718 3055 775 detraxisse
3082 724 3290 789 videar,

1708 803 1815 859 huc
1866 805 2187 871 transcribo,
2224 807 2293 862 ad
2319 806 2526 861 calcem
2566 803 2733 861 etiam
2764 807 3043 874 nonnulla,
3076 826 3195 880 quae
3235 815 3290 869 in

1706 892 1823 950 haec
1868 895 2202 951 observanda
2278 896 2506 963 duxero,
2570 896 2903 967 adjecturus.
2959 899 3051 956 Sic
3105 902 3291 973 itaque

1708 986 1910 1042 habent
1948 1005 1961 1042 ε
2004 1007 2022 1039 ι
2078 988 2179 1044 Hic
2234 988 2520 1060 (Caesarius
2574 987 3030 1063 Eisterbacensis)
3085 993 3139 1048 in
3192 1012 3289 1053 suo

1706 1094 1889 1150 opere,
1921 1080 2087 1150 quod,
2131 1080 2184 1134 in
2228 1079 2395 1137 libros
2418 1080 2700 1136 duodecim
2730 1080 2798 1135 ad
2833 1079 3062 1137 formam
3092 1083 3289 1156 dialogi

1707 1171 1997 1242 digestum,
2062 1190 2080 1223 ι
2138 1172 2215 1226 De
2272 1170 2573 1226 illustribus
2625 1173 2901 1229 miraculis
2946 1184 3003 1231 et
3049 1175 3291 1232 historiis

1712 1283 1730 1315 ι
1772 1262 2234 1328 memorabilibus,
2274 1279 2395 1334 qua:
2442 1271 2568 1316 ante
2610 1262 2696 1315 vel
2734 1264 2879 1319 circa
2919 1280 3015 1319 sua
3047 1274 3291 1336 tempora

1712 1371 1731 1405 ι
1769 1356 2112 1426 contigerant
2136 1358 2189 1409 in
2216 1354 2527 1419 Germania,
2554 1354 2705 1407 italia
2723 1354 2992 1423 etC-allia,
3030 1378 3050 1411 ι
3082 1374 3290 1429 praeno-

1707 1447 1873 1514 tavit,
1927 1447 2067 1502 libro
2114 1463 2200 1513 χι,
2261 1448 2354 1517 qui
2413 1447 2489 1501 De
2552 1445 2935 1517 Morientibus,
3000 1451 3291 1523 inscriptus

1706 1549 1807 1606 est,
1858 1540 1960 1596 hoc
1995 1538 2365 1609 spectaculum
2416 1539 2501 1594 his
2538 1554 2764 1608 prorsus
2807 1540 2987 1595 verbis
3016 1545 3239 1613 exponit
3272 1565 3285 1599 :

1711 1648 1730 1682 ι
1759 1630 1886 1686 Fuit
1921 1631 1979 1685 in
2017 1646 2185 1700 regno
2217 1630 2461 1686 Francia:
2502 1629 2733 1685 clericus
2761 1631 2980 1700 quidam
3010 1635 3208 1691 nobilis
3237 1648 3293 1692 et

1710 1743 1728 1775 (
1768 1723 1938 1790 dives,
1964 1737 2083 1793 quae
2114 1722 2222 1779 duo
2251 1736 2399 1793 saepe
2430 1721 2680 1776 homines
2699 1721 2986 1790 extollunt,
3026 1724 3293 1795 malisque

94 1824 191 1880 tione
212 1826 385 1879 librum
432 1827 485 1879 in
520 1822 1006 1894 Trudonopolitani
1051 1823 1367 1878 monasterii
1401 1821 1593 1878 biblio~

1710 1835 1728 1868 ι
1767 1816 1917 1871 vitiis
1936 1814 2258 1885 subjiciunt;
2287 1815 2380 1886 qui
2406 1830 2531 1869 cum
2556 1823 2804 1869 mortuus
2828 1826 2973 1871 esset
2995 1827 3049 1871 et
3074 1817 3127 1872 in
3151 1817 3290 1874 fere-

94 1909 201 1970 theca
221 1916 390 1981 latere,
421 1917 714 1988 aegerrime
735 1916 790 1969 in
812 1915 1050 1969 animum
1080 1930 1295 1986 possem
1321 1916 1599 1980 inducere,

91 2007 125 2057 in
164 2023 249 2060 rem
311 2016 509 2072 tamen,
563 2021 635 2060 ne
703 2005 864 2075 quid,
914 2004 1059 2075 quod
1112 2004 1180 2059 ad
1232 2005 1602 2061 conversionis

92 2094 368 2152 S.Brunonis
412 2112 640 2152 causam
684 2094 1042 2167 indagandam
1071 2096 1242 2166 possit
1277 2097 1598 2163 conducere,

92 2188 315 2257 neglexisse
336 2188 572 2253 viderer,
609 2186 796 2241 sedulo
822 2187 1205 2257 inquirendum
1229 2186 1382 2252 duxi,
1410 2203 1601 2258 meque

92 2276 134 2329 ad
160 2278 506 2333 monasterium
539 2275 1121 2345 Trudottopolitanum,
1165 2276 1210 2331 si
1240 2277 1402 2331 modo
1423 2292 1601 2331 asser-

92 2376 195 2420 vates
234 2368 278 2421 in
340 2368 497 2438 hujus
552 2366 901 2422 bibliotheca.
931 2365 1100 2421 libros
1142 2380 1268 2421 mss.
1322 2367 1598 2422 scrutandi

93 2453 326 2510 facultatem
359 2458 491 2512 mihi
535 2454 955 2526 impertiendam
1002 2454 1306 2520 scivissem,
1350 2456 1600 2511 conferre

98 2557 278 2612 paratus,
303 2550 643 2614 enixissime,
668 2557 728 2602 ut
753 2548 868 2604 haec
895 2548 1028 2601 mihi
1057 2550 1469 2615 concederetur,
1504 2565 1600 2619 per

92 2638 233 2692 amicos
278 2640 423 2709 petii;
456 2655 678 2706 verum,
710 2640 791 2695 uti
836 2654 901 2695 ea
937 2641 1211 2696 Marteneo
1238 2650 1292 2695 et
1321 2640 1596 2707 Durando,

93 2728 141 2780 ita
155 2740 195 2783 et
210 2731 318 2787 mihi
356 2731 456 2785 fuit
486 2742 713 2803 negata.
741 2730 1031 2786 Prtel'atum
1068 2732 1287 2788 interim
1315 2731 1511 2787 librum
1543 2734 1597 2787 in

92 2816 500 2895 Trudonopolitana
542 2825 763 2880 abbatia
808 2840 916 2880 non
967 2826 1215 2895 reperiri,
1242 2834 1334 2879 aut
1360 2834 1511 2881 certe
1543 2826 1596 2879 in

93 2924 273 2981 eosupra
314 2916 413 2971 huc
446 2915 846 2984 transcriptum
890 2930 991 2985 pro
1022 2916 1328 2987 prodigiosa
1359 2916 1600 2973 doctoris

93 3000 330 3060 Parisiensis
356 3007 605 3062 anastasi
647 3007 1015 3062 testimonium
1058 3024 1167 3064 non
1191 3009 1482 3075 contineri,
1511 3008 1598 3064 lit-

1708 1932 1726 1961 ι
1771 1920 1852 1965 tro
1874 1913 2102 1979 positus,
2126 1907 2469 1963 multitudine
2496 1906 2679 1978 populi
2703 1906 3151 1972 circumsedente,
3176 1918 3288 1965 tam

1709 2021 1727 2053 ι
1765 2017 1830 2057 ex
1858 2002 2072 2057 clericis
2092 2017 2253 2071 quam
2286 2015 2355 2056 ex
2399 1999 2572 2067 laicis,
2601 2001 2715 2070 ipse
2750 2014 2810 2055 se
2846 2001 3040 2067 erexit,
3074 2003 3290 2057 cunctis

1709 2112 1726 2144 ι
1764 2093 2126 2159 audientibus,
2173 2092 2228 2145 in
2267 2091 2383 2147 haec
2421 2092 2583 2147 verba
2618 2105 3014 2162 prorumpens:
3052 2112 3072 2146 ι
3099 2093 3287 2149 Justus

1701 2182 1868 2240 .ludex
1906 2183 2191 2252 judicavit,
2213 2182 2509 2251 judicatum
2534 2183 2933 2250 condemnavit,
2958 2185 3289 2240 condemna-

1704 2285 1816 2329 tum
1847 2275 2067 2349 tradidit
2095 2275 2150 2328 in
2174 2286 2363 2328 manus
2392 2273 2702 2341 impiorum.
2733 2291 2751 2325 ι
2789 2274 2995 2341 Quibus
3014 2275 3197 2343 dictis,
3228 2292 3289 2331 se

1708 2384 1727 2417 ‹
1769 2366 2040 2421 rechnans
2087 2366 2282 2420 iterum
2330 2379 2445 2423 non,
2487 2364 2834 2433 obdormivit,
2866 2368 2961 2422 sed
2998 2368 3066 2423 de
3102 2371 3288 2439 requie

1706 2476 1724 2509 ι
1766 2457 2015 2512 transivit
2053 2458 2121 2511 ad
2149 2457 2391 2511 laborem
2424 2497 2440 2523 ,
2473 2455 2538 2511 de
2564 2456 2775 2511 deliciis
2802 2456 2872 2511 ad
2899 2458 3194 2515 miseriam.
3230 2481 3246 2511 ι

1768 2548 1895 2603 242.
1916 2568 1934 2601 ι
1953 2549 2048 2605 llis
2070 2548 2338 2604 Caesarius
2364 2547 2705 2619 paucissimis
2719 2549 2901 2605 verbis
2923 2565 3290 2620 expavescen-

1700 2640 1829 2696 dum
1860 2640 2104 2696 damnati
2148 2639 2386 2695 hominis
2415 2639 2787 2708 spectaculum
2814 2641 3054 2709 perfecte
3089 2658 3289 2713 reprae-

1699 2741 1877 2789 sentat
1912 2733 2128 2803 utrique
2175 2732 2528 2788 conl‘ormiter
2570 2733 2889 2800 narrationi,
2920 2750 3082 2803 quam
3128 2751 3288 2806 supe—

1699 2826 1812 2881 rius
1865 2834 1986 2880 tum‘
2022 2840 2090 2880 ex
2131 2838 2402 2896 anonymo
2425 2823 2823 2893 Carthusiensi,
2860 2836 2969 2882 tum
3004 2844 3071 2884 ex
3099 2831 3288 2885 codice

1699 2911 1862 2982 (infra
1907 2912 2028 2983 plus
2063 2912 2229 2968 semel
2255 2912 2343 2967 hic
2362 2914 2736 2983 memorando)
2774 2915 2985 2987 collegii
3032 2918 3287 2975 Metensis

1697 3004 2106 3075 descripsimus,
2145 3007 2218 3059 ita
2258 3005 2486 3060 utnulla
2513 3006 2584 3060 sit
2613 3009 2793 3076 quoad
2824 3011 2901 3063 rei
2926 3011 3286 3066 substantiam

97 3102 178 3146 terte
214 3096 317 3151 inde
363 3099 589 3169 scriptae
624 3096 886 3166 suadent;
934 3114 1069 3168 quas
1108 3100 1252 3155 inter
1297 3102 1460 3157 etiam
1487 3116 1593 3156 una
1625 3137 1667 3198 Γ
1703 3097 1845 3152 inter
1865 3098 2083 3153 eosdem
2111 3106 2359 3153 auctores
2385 3098 2778 3167 discrepantia,
2809 3100 2921 3155 imo
2944 3117 3043 3157 nec
3067 3104 3121 3157 in
3153 3104 3285 3171 ipsis

96 3192 160 3246 est,
179 3186 232 3239 ab
254 3188 688 3255 ipsometabbate
708 3205 852 3246 anno
873 3190 1010 3245 1745
1038 3202 1281 3259 exarata,
1308 3195 1361 3247 in
1386 3209 1489 3263 qua
1510 3194 1599 3247 hic
1627 3177 1669 3199 u
1703 3189 2132 3246 circumstantiis
2196 3190 2584 3260 repugnantia;
2646 3192 2786 3247 unde
2836 3196 3112 3251 neminem
3166 3199 3286 3253 fore

94 3275 139 3327 sic
163 3279 347 3334 scribit:
379 3300 397 3333 ι
431 3281 718 3337 Recordor
739 3295 826 3336 me
847 3296 876 3335 a
904 3282 1093 3350 paucis
1114 3284 1270 3338 annis
1290 3285 1354 3338 ad
1384 3285 1598 3354 petitio-

94 3379 171 3419 nem
198 3367 618 3430 Reverentissimi
647 3373 850 3449 domini
877 3375 1090 3431 abbatis
1118 3378 1289 3431 sancti
1320 3376 1598 3433 Laurentii

92 3453 185 3509 idem
218 3466 593 3533 transumptum
621 3463 948 3534 (testimonii
983 3464 1219 3532 scilicet,
1262 3466 1598 3523 Theoderico

94 3542 216 3599 abbati
245 3552 497 3612 attributi)
522 3552 749 3619 vidisse,
782 3560 838 3607 et
860 3553 1145 3624 diligenter
1165 3566 1292 3611 tunc
1318 3556 1592 3627 inquisivi,

93 3635 120 3687 si
155 3638 193 3691 in
227 3643 512 3702 authentico
557 3644 801 3702 invenire
846 3647 1164 3716 potuissem,
1205 3647 1299 3704 Sed
1330 3664 1595 3720 nusquam

95 3734 211 3797 reperi
239 3735 283 3791 in
307 3736 599 3796 Chronicis
629 3740 953 3804 Theoderici
1002 3742 1234 3808 abbatis,
1265 3743 1408 3800 unde
1431 3759 1594 3814 appa-

92 3834 213 3878 renter
253 3836 643 3903 transumptum
681 3846 805 3888 esse
844 3842 1043 3902 potest.
1080 3853 1099 3886 ι
1140 3837 1258 3889 .lam
1287 3849 1439 3901 vero,
1468 3851 1591 3890 eum

91 3926 153 3967 me
176 3916 284 3973 liber
317 3922 421 3989 ille,
453 3924 537 3979 uti
585 3938 654 3979 ex
706 3923 922 3990 litteris,
963 3938 1087 3995 post
1130 3941 1244 3982 rem
1294 3927 1592 3999 diligentis-

90 4006 178 4062 sime
205 4015 543 4071 examinatam
576 4017 642 4071 ad
673 4032 759 4072 me
796 4019 1035 4087 scriptis,
1066 4019 1235 4088 disco,
1281 4022 1334 4074 in
1373 4022 1596 4077 abbatia’

90 4091 314 4158 5.l'ictoris
342 4121 502 4177 prepe
528 4106 858 4174 Parisios,in
887 4125 992 4179 qua
1026 4118 1207 4165 tamen
1232 4111 1377 4165 illum
1407 4129 1586 4167 asser-

90 4188 159 4239 ῖῑιτὶ
199 4203 411 4251 notatum
464 4200 634 4254 etiam
680 4201 1013 4267 inveneram,
1074 4205 1399 4271 reperiatur,
1437 4205 1587 4259 testi-

90 4281 257 4337 monium
298 4286 617 4343 Theoderici
669 4291 903 4357 abbatis,
952 4292 1098 4361 quod
1168 4292 1243 4347 illi
1294 4293 1494 4348 includi
1553 4310 1583 4348 a

88 4372 281 4428 noritiullis
338 4379 624 4444 asseritur,
675 4395 773 4450 pro
829 4382 1051 4436 omnino
1098 4384 1471 4440 commentitio
1515 4400 1582 4438 ex

87 4459 263 4516 tmnibus
280 4463 383 4530 iam
410 4469 575 4524 dictis
606 4471 816 4524 videtur
838 4472 1162 4528 habendum.

90 4538 227 4607 HIV.
259 4549 467 4609 Ca’sarii
506 4558 924 4614 Eisterbacensis
965 4564 1320 4618 testimonium
1358 4582 1589 4622 recense-

179 4627 263 4683 ιιι,
284 4634 327 4675 et
363 4628 487 4696 quid
512 4629 577 4681 de
596 4631 693 4682 hoc
721 4632 787 4684 sit
815 4632 1148 4698 censendum,
1172 4637 1441 4691 statuitur.

112 4701 491 4787 iiLAnonymus
502 4719 788 4775 Annalium
800 4720 1261 4780 Carthusiensium
1274 4726 1585 4798 libriquarti

90 4794 276 4861 hactenus
299 4824 397 4865 non
426 4812 631 4884 vulgati
661 4824 870 4880 auctor,
910 4815 964 4869 in
993 4818 1228 4873 medium
1257 4794 1586 4877 adduc—turbs

89 4886 239 4950 (εῖδειήὶ
263 4899 677 4961 Eisterbacensis
707 4920 804 4976 pro
837 4909 1143 4980 prodigiosa
1174 4913 1408 4969 doctoris
1433 4914 1586 4969 Pari-

90 4986 219 5040 διαθείς
256 4996 474 5052 anastasi
527 4997 914 5063 testimonium,
966 5000 1041 5054 ita
1079 5000 1338 5070 praefatur
1369 5022 1381 5057 :
1413 5023 1432 5055 ι
1467 5005 1582 5059 Pri-

90 5082 165 5168 Httts
193 5115 204 5127 .
239 5119 252 5131 .
290 5120 303 5133 .
338 5084 478 5141 inter
500 5096 813 5154 extraneos,
843 5090 988 5160 apud
1011 5105 1170 5159 quem
1209 5092 1368 5164 hujus
1398 5096 1581 5165 prodi-

91 5170 134 5224 ἔπι
151 5172 463 5231 narrationem
507 5177 756 5249 legimus,
789 5193 848 5235 se
878 5179 1039 5235 oll'ert
1078 5181 1347 5240 Cassarius
1375 5186 1577 5242 Eister—

90 5249 266 5342 Wsis
287 5268 483 5324 ordinis
509 5270 907 5338 Cisterciensis,
935 5274 1025 5342 qui
1048 5273 1161 5342 jam
1190 5274 1415 5334 ﬂorebat
1435 5295 1579 5337 anno

94 5338 194 5447 “'33.
212 5351 257 5407 id
277 5367 371 5422 est,
389 5361 771 5435 quinquaginta
796 5338 1012 5420 circiter
1031 5338 1189 5421 anuis
1208 5379 1330 5437 post
1347 5380 1575 5428 mortem

95 5451 307 5505 prunorum
331 5453 542 5514 Patrum
570 5460 777 5515 ordinis
802 5460 1211 5518 Carthusiensis
1237 5479 1359 5519 cum
1387 5476 1574 5524 sancto

96 5526 269 5597 Brutone
308 5546 695 5617 institutorum;
738 5561 829 5608 aut
876 5553 1070 5610 saltem
1118 5555 1294 5625 primo
1330 5558 1396 5613 ab
1423 5558 1571 5615 obitu

98 5628 211 5681 sancti
231 5630 473 5696 Brunonis
495 5642 706 5708 saeculo,
732 5644 786 5698 in
812 5658 920 5713 quo
943 5653 999 5699 et
1031 5645 1169 5700 vixit
1193 5646 1385 5718 viginti
1413 5651 1573 5708 circi-

100 5719 309 5785 temnitis:
344 5747 360 5784 ι
403 5747 463 5788 ac
491 5734 681 5792 deinde
707 5734 926 5794 Caesarii
957 5736 1146 5811 verba,
1201 5740 1569 5807 testimonium

1529 5854 1618 5879 ’,ᾖ

1703 3283 2057 3348 arbitramur,
2108 3282 2203 3352 qui
2246 3281 2458 3351 judicet
2507 3286 2752 3339 eamdem
2790 3302 2897 3342 non
2925 3302 3045 3344 esse
3088 3306 3285 3348 narra-

1703 3373 1944 3440 tionem,
2019 3374 2365 3441 quantumvis
2431 3360 2690 3431 reclantet
2749 3377 3044 3437 Launoius.
3104 3383 3285 3455 Magni

1698 3465 1923 3534 proinde
1946 3465 2199 3534 ponderis
2224 3474 2307 3520 est
2332 3468 2436 3522 hoc
2468 3467 2864 3538 testimonium,
2892 3489 2921 3526 a
2951 3477 3293 3548 perantiquor

1699 3552 1965 3623 scriptore
2002 3554 2208 3621 datum,
2258 3569 2483 3611 summac
2510 3561 2853 3616 auctoritatis
2884 3564 3025 3631 viro,
3077 3568 3283 3635 pietate

1698 3649 1751 3698 et
1791 3642 2037 3699 doctrina
2087 3644 2466 3713 celeberrimo,
2500 3662 2658 3715 quem
2706 3651 3047 3711 Coloniensis
3095 3662 3282 3715 archi-

1696 3732 1982 3804 episcopus
2032 3733 2300 3790 Henricus
2339 3737 2404 3791 de
2431 3736 2759 3808 Molenarek,
2785 3744 2885 3798 sub
2911 3763 3019 3817 quo
3043 3750 3276 3816 vivebat,

1694 3823 1868 3879 solum
1922 3838 1987 3880 ex
2016 3828 2405 3887 sensatissimis
2439 3828 2746 3888 Germania:
2787 3835 2971 3908 elegit,
3016 3844 3108 3910 qui
3141 3858 3282 3911 prae~

1694 3911 1995 4006 decessoris
2033 3914 2091 3970 S.
2141 3917 2451 3987 Engelberti
2482 3922 2879 3998 archiepiscopi
2926 3939 2981 3984 et
3021 3937 3283 4006 martyris

1694 4002 1861 4098 vitam
1899 4006 2063 4060 nobili
2107 4008 2245 4077 ston
2280 4024 2589 4069 exornaret.
2620 4016 2788 4088 Cujus
2819 4031 2873 4076 et
2898 4038 3122 4092 operum
3163 4002 3283 4098 ejus

1691 4094 1884 4149 merita
1911 4098 2117 4165 paucis,
2161 4101 2257 4154 sed
2303 4104 2562 4170 gravibus
2601 4111 2945 4183 succidisque
2981 4118 3163 4175 verbis
3192 4094 3280 4176 sic

1690 4190 2031 4244 commendat
2083 4192 2375 4249 cardiualis
2412 4196 2557 4252 Bona
2593 4217 2606 4255 :
2642 4221 2659 4253 ι
2697 4202 2966 4263 Caesarius
3007 4210 3282 4268 Eisterba~

1696 4293 1715 4327 ‹
1746 4278 1924 4334 censis
1944 4280 2151 4337 ordinis
2170 4282 2571 4357 Cisterciensis,
2600 4291 2653 4346 in
2676 4293 2930 4355 Historiis
2948 4306 3276 4360 memorabi-

1694 4386 1712 4419 ι
1743 4368 1883 4425 libus
1901 4372 2042 4441 pius,
2058 4389 2222 4430 verax
2245 4385 2301 4441 et
2324 4377 2609 4456 simplegm
2635 4383 2804 4451 Quem
2825 4388 2989 4443 etiam
3014 4403 3136 4461 post
3156 4395 3275 4451 obi-

1609 4476 1663 4536 ι)
1688 4466 1800 4513 tum
1821 4460 2099 4519 miraculis
2114 4464 2392 4534 claruisse,
2413 4471 2655 4535 scribunt
2674 4460 3277 4544 Cistercienses.Ca:sa«

1691 4550 1756 4649 rii
1787 4552 2176 4612 validissimam
2204 4562 2583 4619 auctoritatem
2606 4576 2663 4621 ut
2688 4569 2933 4630 eluderet
2962 4574 3271 4649 Launoius,

1688 4643 1971 4701 historiam
1994 4648 2073 4704 sic
2101 4650 2170 4706 ab
2200 4667 2264 4707 eo
2288 4653 2511 4709 relatam
2533 4670 2761 4718 conatus
2779 4672 2865 4721 est
2894 4669 3126 4737 probare
3150 4643 3275 4730 esse

1688 4737 1959 4793 diversam
1991 4742 2060 4795 ab
2088 4758 2176 4808 ea,
2227 4761 2387 4814 quam
2436 4748 2493 4803 S.
2538 4754 2844 4815 Antoninus
2870 4765 3131 4822 narravit.
3164 4768 3275 4825 Sed

1688 4848 1827 4889 vane
1854 4836 2135 4893 desudavit
2175 4840 2264 4896 ille
2302 4844 2634 4907 conferendo
2672 4857 3043 4917 narrationem
3074 4861 3134 4917 S.
3163 4864 3275 4919 An-

1689 4924 1859 4979 tonini
1887 4940 2011 4981 cum
2036 4931 2353 4989 narratione
2396 4935 2639 5006 Caesarii,
2671 4946 2826 5013 quasi
2876 4946 2931 5003 S.
2965 4951 3274 5009 Antoninus

1682 5015 2085 5111 primus‘illam
2113 5024 2441 5095 evulgasset.
2480 5028 2614 5086 Nam
2663 5049 2851 5092 revera
2886 5039 2959 5105 id,
2992 5044 3135 5111 quod
3186 5060 3271 5098 re-

1682 5118 1871 5203 censet
1894 5109 2185 5181 Cesarius,
2217 5121 2514 5175 concordat
2556 5139 2681 5178 cum
2722 5109 3267 5203 chronicisvantiquis

1681 5197 1905 5255 Ordinis
1933 5207 2183 5271 superius
2214 5208 2418 5275 citatis,
2455 5228 2576 5281 quae
2606 5215 2856 5275 ducentis
2893 5232 2946 5275 ct
2991 5197 3261 5291 quinqua-

1680 5292 1826 5362 ginta
1855 5292 1971 5349 fere
1999 5298 2157 5353 annis
2186 5309 2312 5356 ante
2342 5306 2687 5374 Antoninum,
2727 5322 2780 5365 et
2810 5318 2994 5370 eodem
3024 5330 3055 5369 it
3084 5336 3263 5387 mpure

1678 5400 1785 5455 quo
1808 5388 2025 5442 vivebat
2055 5389 2346 5457 Ctesarius,
2379 5396 2585 5465 digesta
2617 5415 2761 5459 sunt.
2990 5392 2993 5396 ’

1745 5478 1872 5534 245.
1908 5496 1928 5531 r
1986 5480 2185 5537 Verum
2232 5486 2357 5554 quia
2410 5488 2466 5541 S.
2516 5489 2822 5552 Antoninus
2866 5514 2973 5554 non
3030 5502 3259 5559 multttm

1675 5566 1855 5625 differt
1882 5586 1913 5625 a
1955 5571 2272 5641 Chronicis,
2323 5577 2601 5635 videamus
2647 5600 2809 5654 nunc,
2846 5589 2889 5643 si
2940 5600 3124 5646 mutua
3166 5594 3258 5651 illa

1673 5664 1973 5729 contentio,
1997 5679 2161 5733 quam
2199 5665 2470 5725 Launoitts
2498 5672 2754 5730 Antonini
2784 5678 2925 5735 inter
2952 5692 3007 5737 et
3033 5684 3267 5741 Caesarii.

1670 5755 2017 5815 narrationes
2050 5757 2162 5818 vult
2187 5761 2438 5832 reperiri,
2471 5771 2617 5820 tanta
2648 5769 2752 5837 sit,
2798 5783 2853 5829 ut
2885 5790 2989 5834 una
3017 5776 3254 5851 dici,me«
