4016 6310
572 306 676 359 HS

1361 300 1418 357 S.
1461 300 1809 359 BRUNONIS
1849 298 2489 357 CARTl‘lUSlANORUM
2529 299 3019 359 lNSTlTUTORlS

3720 305 3806 363 l“

569 417 675 473 rito
704 416 896 473 debeat
931 418 1154 471 ‘dtversa
1201 416 1269 470 ab
1311 408 1513 483 altera,
1553 431 1616 471 ac
1655 416 1877 486 proinde
1925 414 2152 468 subruat
2186 421 2230 475 Α
2267 430 2285 462 ι
2330 413 2620 481 probitatis
2665 414 3072 470 existimatione
3107 417 3341 471 ﬂoreret.
3382 435 3400 468 ι
3444 415 3571 471 llaec
3616 415 3823 489 objectio

573 508 741 564 totius
770 510 1011 564 historice
1037 508 1260 562 veritas.
1292 506 1383 562 Sic
1409 507 1571 578 igitur
1598 515 1883 576 utramque
1914 502 2158 574 aggredi-

570 608 660 653 tur
689 600 983 653 Laumius.
1024 617 1041 647 ι
1079 597 1380 666 imprimis,
1421 616 1439 649 ›
1479 598 1653 666 inquit
1682 597 1789 661 ille,
1825 613 1843 645 σ
1893 594 2158 649 Caesarius

574 708 591 739 ί
645 704 750 743 ηοιι
778 689 1024 759 designat
1048 699 1257 743 certum
1284 698 1515 759 tempus,
1542 704 1651 758 quo
1674 702 1829 743 suum
1853 686 2155 756 prodigium

573 797 591 831 ι
638 782 886 835 evenerit
913 797 926 846 ;
957 780 1263 833 Antoninus
1292 795 1420 835 vero
1447 781 1693 851 designat
1723 793 1922 832 annum
1961 778 2155 848 ipsum,

573 890 591 920 ε
640 886 748 940 quo
772 886 927 927 suum
962 869 1267 939 prodigium
1306 871 1585 926 acciderit.
1628 889 1648 921 ›
1676 868 1782 923 Sed
1833 868 1885 921 in
1926 867 2029 922 hoc
2077 869 2158 922 vel

567 962 850 1015 minimam
882 961 1021 1013 inter
1051 968 1343 1030 utrumque
1371 971 1647 1016 auctorem
1683 959 2008 1015 discordiam
2033 960 2157 1029 quis

564 1047 737 1101 lector
768 1049 1118 1116 quantumvis
1144 1064 1307 1120 sagax
1340 1051 1749 1120 deprehendet?
1782 1050 1941 1105 Certe
1963 1051 2007 1105 si
2038 1051 2154 1106 Cae-

566 1139 744 1193 sarius
796 1149 1005 1193 certum
1055 1149 1267 1209 tempus
1314 1157 1342 1195 a
1392 1152 1668 1212 tempore,
1727 1144 1868 1211 quod
1911 1143 2159 1215 designat

565 1227 895 1295 Antoninus,
922 1230 1193 1285 diversum
1224 1240 1279 1285 et
1315 1232 1382 1286 ab
1421 1233 1606 1288 eodem
1632 1235 1858 1289 multum
1889 1245 2154 1290 remotum

566 1321 897 1391 designaret,
930 1323 983 1377 iu
1017 1324 1119 1378 hoc
1156 1324 1373 1393 quidem
1405 1317 1692 1395 appareret
1717 1328 1994 1383 contentio
2021 1346 2036 1394 ;
2064 1330 2154 1383 sed

565 1426 687 1466 cum
714 1421 924 1479 tempus
944 1414 1121 1479 sileat,
1137 1415 1272 1468 nihil
1292 1416 1562 1471 Antonino
1583 1419 1916 1473 contrarium
1930 1420 2149 1490 profert.

567 1518 632 1557 ac
663 1504 890 1572 proinde
937 1504 1218 1574 utriusque
1265 1506 1594 1563 narrationis
1640 1510 1937 1564 substantia
1969 1511 2154 1567 eadem

568 1603 833 1649 remanet.
868 1594 1004 1650 lluic
1036 1606 1298 1665 prteterea
1338 1607 1393 1653 et
1423 1601 1777 1669 sequentibus
1805 1600 2032 1658 Launoii
2056 1603 2155 1659 ob-

558 1682 889 1751 jectionibus
923 1687 1085 1742 unico
1114 1691 1386 1757 possimus
1436 1705 1693 1761 responso
1723 1693 2060 1759 satisfacere,
2108 1694 2150 1749 si

2260 517 2366 556 non
2397 505 2614 574 majoris
2650 514 2734 561 est
2777 505 3052 575 ponderis,
3106 522 3267 576 quam
3313 507 3699 576 praecedentes.
3740 509 3822 565 Ni-

2261 593 2337 647 hil
2382 596 2524 650 enim
2572 612 2638 652 ex
2683 613 2747 652 ea
2784 597 3154 665 concluditur,
3188 600 3552 655 autconcludi
3578 610 3744 672 potest
3764 607 3821 661 ad

2260 685 2733 741 demonstrandam
2784 690 2867 742 vel
2896 690 3172 743 minimam
3211 693 3355 746 inter
3393 692 3491 747 bas
3542 693 3674 749 duas
3715 711 3826 751 nar-

2260 776 2498 831 rationes
2545 777 2929 834 dill‘erentiam.
2980 779 3097 834 Non
3141 782 3285 835 enim
3333 781 3625 849 Cic-sarius,
3666 786 3823 854 qualis

2267 878 2411 923 esset
2437 869 2524 925 ille
2549 870 2799 936 clericus,
2830 888 2897 927 an
2928 873 3210 943 superbus,
3244 875 3510 946 malisque
3549 877 3689 933 vitiis
3710 881 3822 936 sub-

2253 959 2430 1030 jectus
2475 964 2737 1032 exponit;
2770 966 2863 1020 sed
2912 968 3057 1035 quod
3103 976 3249 1022 esset
3286 988 3303 1019 ε
3340 969 3533 1023 nobilis
3574 979 3627 1023 et
3666 971 3822 1038 dives,

2265 1068 2284 1101 ι
2330 1066 2448 1121 quae
2479 1054 2587 1108 duo
2615 1070 2757 1123 saepe
2783 1056 3029 1112 homines
3064 1058 3354 1124 extollunt,
3391 1060 3655 1130 malisque
3693 1062 3824 1120 vitiis

2264 1159 2282 1192 ι
2330 1142 2639 1212 subjiciunt.
2672 1162 2695 1197 ι
2730 1145 2797 1199 Et
2817 1146 2932 1201 lucc
2960 1163 3065 1203 non
3096 1158 3395 1219 repugnant
3420 1151 3689 1204 communi
3715 1168 3824 1205 nar-

2260 1230 2487 1295 rationi,
2524 1248 2644 1301 quaa
2686 1235 2958 1289 hominem
3006 1236 3168 1290 istum
3213 1238 3470 1293 describit
3496 1258 3513 1289 ι
3552 1237 3825 1296 eminentia

2262 1336 2282 1372 l
2328 1322 2564 1378 scientiae
2590 1334 2640 1377 et
2668 1325 2937 1394 probitate
2963 1326 3088 1381 vitae
3117 1335 3170 1382 et
3199 1329 3432 1382 tnaxima
3459 1326 3603 1381 fama
3629 1328 3823 1398 polleno

2262 1432 2282 1465 ι
2331 1424 2455 1481 tem,
2500 1436 2517 1468 ι
2560 1418 2655 1472 sed
2701 1426 2905 1471 tantum
2930 1417 3084 1487 juxta
3138 1434 3200 1474 ea
3238 1436 3356 1489 quae
3398 1419 3642 1475 exterius
3672 1435 3825 1491 appa-

2260 1505 2469 1559 rebant.
2495 1504 2665 1573 Quam
2697 1507 2765 1561 ob
2792 1523 2905 1561 rem
2935 1509 3139 1563 codicis
3168 1508 3424 1565 Meteusis
3458 1520 3647 1565 auctor
3682 1520 3827 1581 putat

2256 1609 2379 1649 eum
2418 1598 2733 1651 damnatum
2761 1599 2829 1653 ob
2855 1600 3042 1653 vitium
3077 1616 3231 1656 vanas
3260 1601 3464 1673 gloriae.

2325 1684 2451 1741 ‘2l5.
2489 1705 2506 1737 ι
2536 1686 2617 1741 Ab
2644 1688 2744 1742 hac
2773 1687 3072 1755 objectione
3103 1692 3170 1744 ad
3201 1693 3444 1761 quintam
3473 1694 3663 1747 transit
3688 1692 3821 1747 Lan-

565 1778 832 1844 dieamus,
866 1780 1008 1846 quod
1039 1780 1382 1835 verissimum
1429 1792 1535 1847 est,
1564 1784 1858 1839 Caesarium
1900 1787 2039 1841 hanc
2067 1787 2151 1840 hi—
2187 1755 2231 1814 Β
2257 1780 2433 1845 "Olus.
2459 1797 2621 1852 quam
2660 1783 2742 1837 Sic
2788 1784 3011 1851 CIPOItil
3039 1796 3054 1836 ε
3087 1803 3105 1835 ι
3159 1784 3427 1839 Caesarius
3481 1784 3826 1841 Parisiensem

560 1871 793 1924 storiam
855 1872 1178 1939 compendio
1248 1882 1454 1927 tantum
1510 1877 1773 1946 attigisse.
1832 1876 1988 1931 Unde
2047 1894 2152 1932 non

559 1959 783 2025 mirum,
814 1960 858 2014 si
901 1960 1103 2014 multas
1134 1964 1365 2016 tacuerit
1395 1971 1579 2033 postea
1610 1965 1678 2018 ab
1702 1964 1978 2021 Antonino
2012 1968 2151 2022 rela-

561 2056 646 2102 tas
678 2049 1144 2104 circumstantias.
1185 2068 1203 2100 α
1240 2052 1460 2118 Deinde,
1485 2054 1632 2108 addit
1660 2054 1953 2120 Launoius,
1979 2056 2153 2111 Cmsa-

568 2159 585 2189 ι
634 2141 747 2194 rius
777 2155 884 2195 non
912 2140 1100 2194 definit
1126 2152 1334 2215 certum
1366 2143 1419 2196 in
1468 2159 1636 2214 regno
1672 2144 1915 2201 Francize
1950 2148 2147 2211 locum,

566 2249 583 2280 σ
627 2233 928 2290 Antoninus
963 2252 1089 2292 vero
1126 2249 1333 2295 certum
1391 2242 1441 2295 in
1480 2257 1644 2314 regno
1692 2244 1933 2298 Francia:
1976 2244 2150 2299 locum

568 2341 585 2371 ε
635 2323 843 2392 definit,
878 2328 929 2382 id
957 2339 1059 2395 est,
1091 2331 1378 2386 Lutetiam.
1426 2354 1443 2385 ι
1478 2334 1682 2389 Similis
1702 2336 1869 2405 priori
1893 2336 2147 2405 objectio,

560 2430 683 2484 quae
713 2418 890 2474 simile
934 2432 1174 2477 meretur
1212 2438 1549 2495 responsum,
1598 2443 1791 2497 nempe
1845 2429 2044 2483 nullam
2077 2429 2149 2482 ibi

470 2558 471 2561 η
561 2510 792 2578 reperiri
850 2513 991 2569 inter
1033 2524 1324 2584 utrumque
1352 2528 1629 2573 auctorem
1667 2519 2145 2586 contrarietatem;

561 2615 690 2668 qua:
742 2603 1092 2671 reperiretur,
1138 2606 1181 2660 si
1236 2607 1505 2663 Caesarius
1555 2607 1889 2679 Hispaniam,
1941 2610 2146 2665 Italiam

559 2690 648 2744 vel
677 2692 911 2762 aliquam
944 2695 1100 2748 aliam
1133 2698 1405 2767 regionem
1446 2700 1560 2754 sive
1601 2716 1822 2770 regnum
1870 2702 2146 2758 deﬁnitis-

561 2797 665 2842 set.
706 2790 773 2845 At
821 2791 955 2846 dixit
1006 2793 1125 2855 ille,
1178 2796 1319 2863 quod
1377 2796 1479 2850 hoc
1528 2797 1831 2866 prodigium
1878 2799 1930 2851 in
1979 2814 2146 2869 regno

559 2880 804 2938 Francia:
834 2886 1087 2939 acciderit
1116 2903 1130 2948 ;
1165 2887 1472 2944 Antoninus
1498 2904 1645 2955 vero,
1699 2893 1842 2961 quod
1891 2892 2141 2957 Lutetiae,

558 2991 680 3045 quae
711 2984 794 3030 est
841 2976 892 3030 in
942 2994 1107 3048 regno
1159 2979 1421 3035 Francia).
1458 2982 1641 3051 Itaque
1689 2985 1828 3053 quod
1876 2984 2145 3040 Caesarius

554 3068 853 3134 omiserat,
886 3069 944 3122 B.
983 3071 1287 3127 Antoninus
1336 3074 1620 3142 supplevit.
1655 3075 1720 3128 Et
1751 3076 1875 3130 huic
1910 3091 2009 3146 par
2060 3088 2139 3131 est
2177 3103 2215 3154 ρ

554 3159 905 3215 eruditissimi
930 3162 1160 3217 Andreae
1181 3162 1434 3219 Saussazii
1460 3167 1525 3218 ad
1547 3165 1877 3234 probandum
1901 3169 2144 3221 eamdem

553 3266 675 3305 esse
708 3255 1075 3307 narrationem
1122 3256 1324 3325 optima
1383 3257 1747 3321 ratiocinatio,
1802 3262 2146 3326 quantumvis

554 3343 688 3398 dure
734 3344 786 3399 in
831 3361 949 3400 eam
994 3348 1263 3403 exclamet
1314 3348 1607 3415 Laintoius,
1664 3369 1683 3401 ‹
1734 3350 1778 3405 Ο
1837 3352 2144 3408 miserabile

559 3449 578 3481 ς
624 3431 881 3503 elfugium
911 3436 922 3486 ἒ

622 3524 748 3577 2-H.
791 3544 807 3577 ι
845 3528 1115 3582 Ca‘sarius
1150 3529 1217 3582 de
1246 3529 1449 3585 clerico
1475 3532 1709 3600 quodam
1744 3533 1907 3588 nobili
1956 3550 2019 3589 ac
2062 3537 2145 3591 di-

556 3636 575 3668 ι
624 3619 732 3671 vite
759 3635 1064 3674 sermonem
1102 3622 1263 3675 habet
1291 3639 1304 3681 ;
1350 3622 1660 3677 Antoninus
1690 3640 1817 3679 vero
1847 3629 2135 3694 quemdam

555 3723 575 3756 ‹
620 3709 879 3761 eximium
910 3709 1184 3763 doctorem
1216 3709 1494 3765 describit.
1533 3732 1551 3763 ι
1590 3712 1712 3767 llaec
1750 3716 2145 3780 verba,cu;nt-

548 3815 645 3854 cus
684 3808 738 3854 et
782 3815 1009 3863 nomen,
1058 3800 1259 3869 aliquid
1309 3802 1452 3856 inter
1495 3818 1553 3857 se
1596 3804 1924 3860 discriminis
1970 3810 2141 3876 prima

548 3891 731 3958 specie
765 3890 1018 3944 videntur
1043 3891 1265 3955 habere,
1305 3893 1397 3947 sed
1426 3909 1546 3963 qua:
1573 3895 1730 3951 facile
1758 3899 2139 3953 conciliantur.

549 3980 707 4036 Viros
735 3981 881 4035 enim
909 3981 1214 4037 litteratura
1246 3992 1302 4038 et
1326 3985 1628 4042 eruditione
1652 3992 1974 4057 conspicuos
1998 4004 2142 4061 smpe

548 4078 723 4131 dictos
774 4076 942 4131 fuisse
997 4079 1262 4143 clericos,
1309 4081 1476 4137 variis
1540 4084 1798 4138 docemur
1856 4086 2138 4155 exemplis.

552 4167 710 4235 Apud
752 4167 1072 4222 Ordericum
1107 4169 1334 4225 Vitalem
1365 4172 1455 4227 lib.
1483 4190 1540 4227 ιιι
1572 4192 1585 4226 :
1623 4192 1644 4225 ‹
1677 4174 1919 4231 Clericus
1948 4191 2142 4247 cogno-

551 4282 570 4312 ς
617 4261 853 4316 minatus
889 4272 994 4327 est,
1028 4264 1159 4333 quia
1199 4265 1394 4333 peritia
1449 4267 1756 4322 litterarum
1804 4268 2142 4337 aliarumque

553 4373 576 4405 ι
621 4355 821 4408 artium
853 4357 1095 4425 apprime
1130 4359 1369 4413 imbutus
1405 4368 1507 4414 est.
1539 4380 1557 4412 ι
1591 4359 1647 4413 ln
1693 4360 1979 4414 historiam
2027 4360 2141 4429 epi-

2262 1890 2280 1924 ε
2326 1872 2658 1928 academiam
2699 1874 2879 1928 hicne
2914 1875 3077 1930 verbo
3125 1877 3341 1944 quidem
3379 1877 3596 1947 attingit
3625 1893 3638 1941 ;
3667 1878 3826 1931 Anto-

2260 1981 2281 2014 ‹
2323 1963 2481 2018 ninus
2527 1979 2655 2017 vero
2700 1964 2846 2018 illam
2896 1968 3172 2033 praedicat.
3231 1966 3295 2018 Et
3347 1976 3526 2021 tamen
3566 1965 3828 2022 Caesarius

2259 2071 2280 2105 ‹
2327 2054 2416 2110 ille
2444 2054 2631 2110 multis
2665 2056 2717 2109 in
2750 2056 2883 2110 locis
2919 2066 2971 2110 et
3002 2057 3321 2114 l’arisiensis
3350 2059 3643 2113 academiae
3672 2068 3722 2114 et
3748 2073 3829 2112 re-

2260 2163 2278 2194 ε
2310 2160 2427 2198 rum
2457 2145 2508 2199 in
2539 2145 2830 2199 Parisieusi
2875 2146 3149 2199 acadctnia
3196 2157 3471 2215 gustarunt
3504 2148 3767 2203 meminit.
3800 2164 3819 2200 ι

2256 2234 2454 2290 Deinde
2486 2236 2808 2304 multiplices
2852 2252 2913 2289 ex
2958 2235 3192 2291 Cmsario
3235 2238 3521 2292 citationcs
3566 2237 3831 2293 Launoius

2253 2327 2480 2396 colligit,
2510 2328 2561 2381 in
2590 2328 2787 2397 quibus
2818 2326 3084 2402 Caesarius
3114 2328 3240 2382 lecit
3290 2330 3618 2382 mentionem
3649 2330 3832 2383 nonde-

2252 2418 2373 2473 mite
2402 2418 2743 2474 Parisieusis.
2771 2419 2876 2472 Sed
2906 2421 2973 2473 ad
2999 2420 3124 2488 quid
3177 2421 3256 2474 hic
3297 2420 3586 2475 citationes
3616 2420 3639 2472 ?
3688 2420 3832 2475 Sicut

2250 2512 2393 2565 enim
2444 2512 2779 2566 ostendimus
2827 2526 2930 2565 non
2988 2522 3131 2565 recte
3174 2512 3421 2567 concludi
3473 2514 3831 2570 narrationem

2250 2601 2470 2657 Caesarii
2496 2603 2656 2657 aliam
2695 2617 2813 2658 esse
2848 2604 2915 2658 ab
2952 2603 3205 2657 Antonini
3240 2606 3569 2672 narratione,
3601 2620 3666 2659 eo
3697 2607 3831 2675 quod

2249 2697 2339 2751 ille
2371 2714 2477 2752 non
2512 2697 2781 2752 deﬁnierit
2807 2707 3011 2751 certum
3057 2700 3106 2749 in
3141 2712 3306 2767 regno
3349 2697 3594 2753 Francia:
3633 2698 3829 2764 locum,

2250 2804 2409 2858 quem
2440 2788 2530 2842 hic
2569 2787 2798 2849 deﬁnit;
2841 2787 2914 2841 ita
2963 2803 3060 2841 nec
3096 2788 3257 2841 ullam
3300 2789 3691 2844 dissonantiam
3734 2790 3832 2844 im-

2249 2889 2467 2949 portare
2508 2887 2686 2949 potest
2712 2879 2984 2934 silentium
3014 2880 3231 2935 Caesarii
3263 2880 3329 2935 de
3376 2882 3656 2937 academia
3686 2882 3831 2937 Pari-

2250 2974 2441 3040 siensi,
2469 2987 2633 3042 quam
2663 2972 2968 3026 Antoninus
2988 2974 3266 3042 praedicat.
3300 2973 3406 3028 Sed
3433 2974 3501 3027 ad
3529 2973 3664 3029 alias
3688 2974 3833 3029 Lau-

2251 3064 2361 3120 noii
2399 3064 2731 3131 objectiones
2778 3063 3059 3119 dituendas
3106 3079 3480 3134 properemus.
3512 3084 3531 3116 ι
3569 3067 3836 3121 Cmsarius

2259 3170 2277 3204 ε
2324 3161 2511 3222 aperte
2559 3151 2830 3224 significat
2894 3153 3148 3208 clericum
3193 3170 3350 3208 suum
3399 3171 3505 3209 uno
3540 3157 3838 3227 eodemque

2257 3266 2276 3298 ι
2324 3258 2565 3315 tempore
2578 3247 2783 3301 dixisse
2802 3267 2813 3299 ;
2831 3245 3015 3302 Justus
3027 3246 3199 3302 Judex
3229 3247 3513 3316 judicavit,
3536 3250 3836 3319 judicatum

2257 3355 2274 3388 ι
2320 3338 2742 3397 condemnavit,
2794 3338 3209 3391 condemnatum
3273 3339 3493 3393 tradidit
3536 3339 3593 3395 in
3648 3356 3839 3396 manus

2253 3447 2274 3481 ι
2322 3430 2631 3498 impiorum.
2663 3429 2967 3483 Antoninus
2982 3444 3109 3483 vero
3127 3429 3326 3483 diserte
3341 3432 3835 3487 asseritdoctorem

2254 3539 2273 3571 ι
2316 3536 2471 3575 suum
2499 3520 2669 3575 tribus
2699 3520 2967 3574 distinctis
2990 3519 3177 3574 diebus
3208 3518 3446 3574 locutum
3482 3536 3620 3577 esse.
3661 3542 3681 3574 ι
3718 3520 3835 3575 .lam

2248 3612 2482 3667 vidimus
2522 3627 2707 3680 supra,
2756 3627 2823 3667 ex
2862 3612 3040 3667 citatis
3086 3612 3401 3667 auctoribus
3428 3610 3841 3669 Cartltusiensis

2246 3704 2456 3758 ordinis
2501 3704 2763 3773 quosdam
2808 3703 3114 3773 scripsisse,
3158 3704 3295 3759 hanc
3338 3704 3538 3759 trinam
3570 3721 3762 3761 vocem
3807 3720 3837 3759 a

2248 3801 2506 3855 damnato
2551 3800 2814 3871 prolatam
2853 3799 3018 3855 fuisse
3048 3814 3157 3854 uno
3199 3800 3498 3869 eodemque
3522 3801 3631 3864 die,
3676 3816 3841 3870 quos-

2246 3890 2368 3945 dam
2405 3905 2536 3945 vcro
2571 3891 2745 3945 tribus
2792 3890 3062 3945 distinctis
3111 3890 3321 3945 diebus.
3381 3890 3580 3960 Sicque
3611 3891 3839 3946 Czesarii

2248 3980 2410 4035 verba
2438 3980 2771 4036 concordant
2810 3995 2931 4034 cum
2981 3979 3217 4047 primis;
3262 3981 3522 4035 Antonini
3556 3996 3690 4036 vero
3718 3996 3840 4035 cum

2244 4068 2488 4134 ultimis;
2521 4084 2620 4125 nec
2642 4077 2925 4140 propterea
2954 4070 3072 4121 duae
3100 4069 3384 4123 censenda:
3406 4079 3533 4123 sunt
3563 4068 3838 4123 narratiu-

2244 4176 2342 4217 nes
2370 4162 2618 4226 diversae,
2650 4179 2773 4217 cum
2819 4163 2875 4216 in
2907 4175 2965 4216 re
3007 4160 3352 4217 conveniant.
3402 4158 3680 4216 Praeterea
3732 4178 3844 4216 non

2245 4253 2319 4307 ita
2357 4262 2564 4321 aperte,
2599 4263 2655 4306 ut
2699 4255 2812 4308 vult
2857 4254 3153 4319 Launoius,
3203 4254 3476 4309 Cmsarius
3530 4253 3834 4324 signiﬁcat,

2244 4344 2500 4398 clericum
2548 4358 2705 4398 suum
2767 4358 2874 4399 uno
2928 4344 3227 4412 eodemque
3285 4352 3527 4413 tempore
3583 4343 3839 4397 locutum

544 4459 832 4513 scaporum
876 4446 1267 4516 Eystetentium
1299 4462 1313 4501 :
1348 4466 1367 4500 ι
1413 4449 1519 4504 [ste
1572 4447 1809 4503 Joannes
1847 4449 2133 4518 episcopus

2251 4451 2386 4497 asse;
2414 4452 2516 4490 non
2543 4435 2687 4490 enim
2716 4435 2968 4492 distincte
3009 4435 3285 4505 exprimit,
3320 4435 3463 4504 quod
3516 4435 3632 4490 hare
3668 4436 3839 4488 verba

551 4555 569 4587 ι
619 4553 848 4607 magnus
871 4538 1103 4594 clericus
1138 4541 1190 4593 in
1217 4542 1341 4611 jure
1364 4541 1626 4595 canonico
1666 4540 1785 4593 fuit.
1839 4558 1857 4590 ι
1901 4539 2136 4594 Joannes

544 4642 765 4696 quoque
794 4626 1064 4695 Birellius,
1089 4630 1237 4700 prior
1263 4631 1585 4692 Cartltusize,
1613 4630 1683 4684 ab
1708 4629 2024 4683 innocentia
2049 4629 2133 4693 Vl,

545 4720 636 4788 qui
663 4734 786 4774 eum
817 4720 1017 4776 obiisse
1040 4722 1308 4788 audierat,
1344 4740 1362 4772 ε
1382 4721 1621 4776 Clericus
1646 4719 1826 4773 mundi
1847 4737 1866 4768 ι
1896 4717 2133 4786 appella-

545 4824 630 4869 tus
654 4823 757 4881 est,
796 4824 854 4869 ut
895 4816 963 4869 ad
1009 4830 1212 4869 annum
1263 4815 1407 4870 1560
1444 4813 1765 4868 videbimus.
1806 4825 1912 4864 non
1962 4810 2134 4865 solum

541 4907 667 4975 quia
712 4915 833 4960 erat
862 4906 1139 4976 perfectus
1189 4907 1487 4960 monachus
1532 4901 1811 4973 (monachi
1848 4902 1991 4955 enim
2039 4901 2135 4954 ali-

540 5000 757 5066 quando
784 5000 950 5054 etiam
985 4999 1170 5055 clerici
1206 4998 1334 5054 dicti
1384 4996 1548 5064 sunt),
1595 4995 1689 5049 sed
1727 4993 1963 5047 maxime
2007 4994 2135 5062 quia

542 5105 650 5147 tam
681 5095 733 5147 in
760 5094 941 5147 divina
970 5093 1217 5155 scientia,
1246 5104 1409 5157 quam
1437 5089 1488 5140 in
1536 5088 1773 5141 humana
1801 5084 2132 5153 superiorem

538 5184 773 5240 habebat
799 5186 1096 5239 nominent.
1134 5184 1272 5252 Ergo
1302 5181 1572 5236 Caesarius
1607 5188 1662 5234 et
1698 5179 2003 5232 Antoninus
2031 5178 2131 5232 sibi

540 5275 772 5329 invicem
823 5291 930 5331 non
986 5274 1364 5336 adversantur,
1414 5286 1538 5326 cum
1589 5270 1680 5325 ille
1717 5268 1999 5337 clericum,
2048 5270 2135 5323 hic

539 5380 668 5419 vero
702 5366 963 5419 eximium
998 5364 1298 5428 doctorem,
1350 5361 1618 5416 infelicem
1663 5361 1939 5416 hominem
1976 5358 2131 5414 dixe-

540 5468 687 5511 runt.
732 5458 838 5511 Sed
893 5458 1056 5511 instat
1087 5456 1359 5511 Launoius
1398 5466 1458 5510 nt
1503 5457 1769 5527 sequitur.
1809 5473 1826 5505 ι
1861 5453 2133 5509 Caesarius

549 5568 565 5598 ι
616 5550 816 5602 indicat
872 5549 1126 5603 clericum
1178 5565 1335 5603 suum
1384 5551 1667 5605 nobilitate
1712 5564 1777 5603 ac
1828 5547 2032 5601 divitiis
2078 5546 2129 5598 in

545 5660 563 5689 ς
615 5642 889 5695 hominem
961 5643 1251 5712 superbum
1313 5644 1584 5703 evasisse,
1638 5641 1945 5697 Antoninus
2000 5652 2131 5690 vero

548 5752 567 5781 ι
606 5746 730 5785 eum
770 5732 1038 5802 signiticet
1085 5734 1385 5802 doctorem,
1417 5735 1505 5804 qui
1554 5748 1746 5805 magna
1790 5729 2027 5787 scicntizc
2076 5738 2133 5781 et

2243 4528 2400 4584 sinntl
2428 4539 2481 4582 et
2512 4528 2681 4584 semel
2708 4527 2789 4580 vel
2817 4527 2984 4581 tribus
3006 4526 3279 4580 distinctis
3303 4525 3535 4591 vicibus,
3563 4525 3666 4580 sed
3692 4540 3845 4580 sumo

2242 4619 2429 4674 matim
2461 4628 2690 4685 tantum,
2740 4619 2883 4689 quod
2935 4619 3051 4673 haec
3085 4618 3498 4687 pronuntiavit:
3552 4630 3683 4686 quae
3718 4622 3847 4671 sunt

2245 4713 2435 4767 eadem
2489 4713 2665 4781 quoad
2704 4727 2957 4777 sensum,
3014 4726 3137 4781 qua:
3188 4710 3496 4764 Antoninus
3552 4710 3843 4764 doctorem

2242 4785 2398 4856 stium
2442 4802 2825 4870 pronuntiasse
2877 4808 3145 4866 testatur,
3194 4814 3301 4854 non
3358 4798 3576 4869 quidem
3644 4799 3849 4855 iisdem

2239 4907 2463 4961 prorsus
2490 4893 2695 4957 verbis,
2728 4906 2828 4947 nee
2872 4891 3062 4946 eodem
3116 4892 3275 4946 modo
3334 4893 3498 4955 dicta,
3552 4892 3657 4947 sed
3721 4891 3851 4946 aliis

2239 4981 2381 5037 idem
2418 4982 2872 5053 signiﬁcantibus,
2899 4982 2972 5036 ita
3013 4990 3070 5035 ut
3095 4981 3238 5035 nulla
3277 4981 3350 5036 sit
3377 4982 3431 5035 in
3478 4984 3728 5038 essentia
3766 4981 3847 5037 rei

2236 5075 2621 5140 contrarietas,
2668 5090 2768 5129 nec
2795 5074 3119 5139 diversitas,
3161 5074 3262 5128 nisi
3298 5083 3509 5129 tantum
3540 5076 3695 5145 quod
3730 5074 3850 5131 Cte-

2238 5168 2437 5234 sarius,
2466 5168 2716 5224 brevitati
2751 5168 2992 5232 studens,
3023 5183 3141 5224 rem
3168 5183 3276 5223 non
3307 5175 3420 5223 tam
3469 5168 3589 5223 fuse
3627 5185 3701 5224 ac
3734 5168 3850 5223 late

2239 5259 2449 5313 curavit
2471 5260 2795 5328 exprimere.

2310 5351 2440 5406 246.
2480 5371 2497 5402 ‹
2536 5352 2839 5407 Notandum
2869 5352 3031 5406 etiam
3064 5360 3340 5407 auctorem
3386 5352 3590 5408 codicis
3626 5351 3850 5408 Meten-

2236 5444 2331 5512 sis,
2369 5447 2433 5500 de
2458 5462 2567 5516 quo
2593 5462 2776 5517 supra,
2813 5447 3008 5499 trinam
3035 5446 3178 5501 illam
3205 5446 3449 5501 damnati
3478 5444 3853 5501 vociferatio-

2236 5552 2358 5591 nem
2389 5537 2579 5591 iisdem
2617 5536 2728 5591 lere
2766 5536 2946 5591 verbis
2990 5537 3345 5605 expressisse,
3376 5537 3575 5607 quibus
3603 5544 3671 5591 et
3717 5546 3859 5591 ante

2234 5645 2356 5687 eum
2375 5644 2504 5683 usus
2522 5627 2995 5683 fueratCazsarius.
3013 5627 3183 5682 Porro
3194 5636 3326 5698 quot
3348 5637 3404 5683 et
3425 5634 3655 5698 quanta:
3680 5626 3850 5681 simi-

2236 5729 2313 5781 les
2343 5720 2661 5779 dill‘erentize
2698 5720 2753 5778 in
2782 5720 2953 5780 sacris
2983 5719 3280 5790 Scripturis
3307 5728 3631 5788 occurrunt,
3668 5718 3851 5776 etiam
