4016 6310
217 353 299 407 ἱειῆ
1708 350 1906 410 ACTA‘.
3338 358 3358 408 l
3372 353 3440 409 Mi

211 472 328 526 inter
348 469 552 520 nam
579 468 979 538 magelistas,
1003 482 1116 524 rem
1137 468 1380 524 eamdem
1405 467 1618 524 diverso
1639 485 1765 523 nar-
1794 470 1840 526 A
1868 468 2013 521 xium
2049 464 2211 520 nimis
2248 465 2298 519 in
2346 463 2737 535 exaggerandis
2773 462 3079 535 huiusmodi
3129 466 3449 524 differentiis

213 565 366 619 rantes
391 556 565 621 modo,
592 572 737 626 quos
761 568 1041 630 propterea
1063 560 1164 615 sibi
1190 560 1416 615 invicem
1447 561 1751 615 contrarios
1860 556 2116 611 studium.
2163 573 2181 605 ι
2225 555 2507 611 Postremo
2535 554 2805 610 Caesarius
2844 555 2977 609 nihil
3023 555 3185 609 habet
3218 557 3287 612 de
3334 567 3447 612 toto

211 665 296 705 non
321 647 479 703 solum
525 647 733 713 dicere,
784 650 878 704 sed
922 660 978 704 et
1025 649 1263 715 cogitare
1306 650 1511 704 crimen
1564 649 1752 703 esset?
1866 668 1883 701 ι
1933 649 2022 704 illo
2052 648 2300 707 lectionis
2339 657 2547 718 quartae
2592 646 2907 717 Vigiliarum
2939 663 3038 717 pro
3074 649 3303 705 mortuis
3355 667 3461 709 ne-_

209 739 439 795 Caesarius
484 752 591 793 non
640 739 859 804 scribit,
892 757 910 791 ι
952 738 1205 794 clericum
1260 754 1414 794 suum
1457 740 1555 794 has
1596 754 1755 794 voces
1863 758 1881 790 ι
1922 741 2105 809 gotio,
2151 741 2292 810 quod
2343 748 2464 810 post
2505 740 2761 794 Antonini
2803 748 3015 809 tempus
3060 740 3128 794 ab
3175 730 3457 813 anonymo

215 851 230 883 ι
265 830 509 892 omisisse,
545 830 676 883 dum
710 839 972 885 statutum
1002 830 1070 885 ab
1118 829 1360 886 Ecclesia
1390 844 1487 899 pro
1523 829 1755 884 mortuis
1863 850 1881 882 ι
1929 832 2061 887 Vita:
2090 832 2357 887 Brunonis
2382 832 2641 902 scriptore
2669 839 2957 886 tractatuum
2984 840 3088 885 est.
3124 850 3142 883 ι
3194 830 3300 886 Sed
3331 848 3431 887 nec

212 944 233 974 ι
264 921 474 977 cilicium
513 921 925 988 celebraretur;
953 923 1256 978 Antoninus
1299 937 1427 977 vero
1456 922 1508 977 id
1537 922 1756 976 omnino
1858 924 2163 980 Antoninus
2194 924 2396 994 aliquid
2423 925 2582 979 habet
2614 925 2680 978 de
2706 932 2818 979 toto
2845 923 2936 978 illo
2962 923 3210 979 lectionis
3239 934 3447 993 quarta:

213 1033 233 1065 t
265 1012 453 1068 scribi.
488 1031 509 1065 ο
536 1011 672 1079 Quis
698 1028 806 1068 non
831 1013 1061 1067 miretur
1091 1012 1250 1067 talem
1282 1028 1312 1066 a
1343 1012 1613 1075 Launoio,
1637 1013 1755 1067 viro
1859 1016 2116 1085 negotio;
2164 1030 2293 1085 ergo
2329 1030 2434 1068 non
2498 1012 2677 1069 diﬂ'ert
2717 1029 2747 1068 a
2796 1012 3055 1068 Cmsario.
3110 1011 3219 1068 Nec
3271 1012 3440 1067 etiam

209 1110 392 1159 sensato
432 1116 484 1157 et
527 1102 727 1166 docto.
774 1102 1042 1172 objectam
1092 1104 1511 1159 diversitatem?
1557 1104 1754 1159 Verum
1858 1114 2070 1160 veteres
2099 1106 2536 1169 Carthusienses,
2579 1113 2636 1159 ut
2670 1103 2828 1173 hujus
2876 1104 3123 1159 lectionis
3164 1111 3370 1171 quartae
3394 1106 3458 1156 el

210 1205 401 1258 est,nec
421 1210 617 1266 negare
638 1210 921 1265 possumus
950 1196 1243 1251 Caesarium
1276 1197 1618 1251 manifestam
1650 1212 1755 1251 non
1859 1198 2147 1250 verborum
2178 1216 2194 1246 ι
2234 1196 2519 1265 Responde
2544 1196 2673 1250 tnilti
2707 1216 2724 1248 ι
2759 1196 3142 1251 meminerunt.
3172 1194 3312 1264 Ergo
3342 1206 3448 1247 nec

213 1286 375 1342 iccisse
406 1286 733 1342 mentionem
769 1286 944 1343 Ollicii
995 1297 1353 1342 mortuorum.
1396 1287 1502 1343 Sed
1527 1289 1647 1357 quis
1671 1289 1753 1342 in-
1861 1287 1961 1356 ipsi
1996 1285 2233 1340 Caésario
2269 1296 2389 1341 sunt
2426 1286 2706 1341 contrarii.

214 1375 336 1433 licias
365 1375 480 1440 iret,
534 1390 659 1431 eum
708 1377 837 1430 illtnl
869 1378 1128 1443 innuisse,
1157 1378 1298 1447 quod
1350 1379 1590 1448 scripsit,
1613 1379 1757 1447 quod
1929 1379 2053 1432 2i8.
2091 1398 2107 1428 t
2161 1378 2428 1432 Praeterea
2482 1378 2751 1432 Launoius
2800 1378 3017 1432 Cmsarii
3066 1378 3447 1432 auctoritatem

215 1468 463 1524 defunctus
492 1467 579 1523 ille
615 1485 634 1519 α
670 1469 723 1523 in
752 1468 954 1525 feretro
982 1471 1191 1540 positus
1219 1480 1386 1536 esset,
1415 1471 1758 1527 multitudine
1858 1480 2089 1525 conatur
2117 1468 2423 1538 deprimere
2449 1470 2772 1523 auctoritate
2800 1468 3083 1522 clarissimi
3107 1484 3167 1523 ac
3194 1483 3448 1522 reveren-

218 1580 234 1611 t
281 1560 442 1629 populi
491 1561 912 1616 circumsidente
960 1570 1071 1616 tam
1106 1577 1174 1617 ex
1206 1562 1421 1617 clericis
1471 1578 1635 1633 quam
1687 1578 1755 1618 ex
1860 1562 2071 1616 dissimi
2107 1561 2208 1615 viri
2247 1559 2450 1614 Nicolai
2480 1557 2754 1623 Cocﬂ‘clei,
2806 1558 3127 1613 Parisieusis
3181 1558 3446 1628 theologi,

216 1668 240 1703 ε
267 1648 442 1704 laicis?
475 1667 494 1702 ι
539 1648 814 1705 Caesarius
860 1652 1171 1721 neutiquam
1204 1652 1475 1722 significat
1516 1672 1535 1705 t
1579 1662 1758 1709 utrum
1859 1654 1950 1722 qui
1982 1653 2033 1706 in
2068 1651 2418 1722 responsione
2467 1651 2532 1704 ad
2581 1650 2900 1720 mysterium
2945 1650 3251 1719 iniquitatis
3289 1650 3441 1713 dicit,

216 1760 237 1792 ι
269 1728 473 1795 clericus
526 1742 894 1797 ecclesiastica
947 1743 1220 1813 sepultura
1272 1743 1516 1813 privatus
1564 1744 1754 1812 fuerit,
1792 1806 1830 1813 _
1861 1743 2082 1799 Caesarii
2120 1741 2370 1810 Dialogos
2421 1739 2723 1794 fabularum
2754 1754 2876 1794 esse
2914 1740 3121 1809 plenos.
3170 1738 3279 1795 Sed
3323 1754 3445 1792 cum

216 1851 235 1884 ι
274 1847 421 1887 necne
446 1850 458 1897 ;
484 1832 791 1887 Antoninus
818 1849 946 1889 vero
981 1806 1167 1904 aperte
1198 1806 1485 1906 significat.
1525 1854 1545 1890 ο
1575 1806 1761 1908 Neque
1792 1806 1834 1864 Β
1862 1833 2165 1890 Coell'eteus
2194 1806 2346 1887 suam
2380 1830 2702 1886 sententiam
2732 1806 2938 1883 tantum
2986 1828 3272 1884 confirmet
3309 1828 3449 1883 Cou-

211 1922 255 1976 id
279 1922 419 1976 etiam
444 1922 815 1992 significarunt
846 1924 995 1978 citati
1024 1932 1273 1980 auctores
1301 1925 1756 1993 Carthusieuses;
1864 1928 1977 1982 radi
2027 1926 2276 1989 Gcsueri,
2325 1924 2559 1978 hominis
2597 1921 2900 1992 Zuingliani
2929 1961 2943 1985 ,
2971 1921 3196 1990 judicio,
3230 1929 3287 1974 ut
3338 1921 3450 1990 ipse

210 2028 322 2084 ergo
342 2024 391 2069 et
411 2014 505 2083 ipsi
529 2025 654 2069 sunt
681 2014 956 2071 Antonino
983 2017 1238 2073 contrarii
1265 2036 1281 2086 ;
1315 2033 1445 2088 ergo
1480 2027 1535 2074 et
1568 2033 1757 2074 eorum
1864 2020 2067 2073 fatetur
2096 2017 2387 2082 Lauricius,
2420 2014 2679 2069 cardinali
2712 2014 2891 2078 Bome,
2920 2013 3037 2067 viro
3084 2028 3240 2083 atque
3268 2013 3359 2083 pio
3386 2029 3450 2066 ac

211 2110 421 2165 narratio
440 2110 647 2165 diversa
694 2119 779 2166 est
826 2112 895 2167 ab
941 2112 1200 2168 Antonini
1248 2114 1582 2168 narratione.
1627 2114 1761 2181 Quis
1862 2112 2049 2175 docto,
2074 2109 2250 2180 potius
2297 2107 2567 2163 credimus
2612 2106 2704 2176 qui
2748 2104 3040 2161 Caesarium
3089 2105 3292 2169 laudat,
3328 2115 3451 2159 tan-

211 2201 301 2255 hoc
340 2201 630 2269 cogitaret?
678 2222 697 2253 ι
763 2203 1033 2259 (he-sarius
1091 2219 1199 2260 non
1262 2206 1395 2260 dicit
1451 2205 1757 2261 Brunonem
1861 2217 2022 2270 quam
2050 2200 2102 2254 in
2132 2199 2375 2254 historiis
2410 2197 3151 2269 memorabilibusveracem.
3199 2195 3307 2250 Nec
3353 2196 3449 2249 im-

212 2312 231 2344 ο
262 2290 614 2348 Carthusianae
646 2294 925 2364 religionis
953 2305 1227 2351 auctorem
1256 2299 1587 2367 spectaculo,
1617 2300 1761 2369 (μιυά
1864 2293 2078 2356 merito,
2110 2308 2230 2345 cum
2256 2291 2368 2360 ipse
2391 2290 2658 2344 C:esarius
2690 2304 2747 2343 se
2781 2288 2913 2343 nihil
2942 2288 3162 2342 ﬁnxisse
3203 2288 3449 2341 sanctis-

214 2400 230 2432 ι
265 2391 456 2448 narrat,
491 2383 841 2450 interfuisse;
881 2385 1193 2441 Antoninus
1223 2400 1352 2441 vero
1382 2387 1515 2441 dicit
1551 2397 1762 2458 specta-
1862 2387 1997 2441 sime
2037 2387 2209 2455 juret,
2252 2385 2439 2439 dicens
2479 2402 2490 2436 :
2532 2403 2549 2435 t
2604 2382 2784 2436 Testis
2827 2381 2958 2434 mihi
3008 2390 3093 2434 est
3142 2381 3301 2445 Deus,
3354 2393 3455 2437 nrc

212 2488 237 2521 ι
263 2469 388 2537 culo,
412 2472 549 2541 quod
585 2473 876 2539 describit,
904 2473 1208 2529 Brunonem
1238 2473 1610 2529 Carlhnsiana:
1640 2474 1760 2530 rcli-
1869 2497 1887 2528 ι
1938 2494 2101 2531 unum
2130 2477 2344 2546 quidem
2388 2474 2681 2544 capitulum
2729 2473 2783 2527 in
2824 2473 2927 2527 hoc
2968 2471 3191 2543 Dialogo
3224 2487 3309 2527 me
3341 2472 3445 2524 fitt-

214 2580 233 2612 t
267 2562 423 2630 gionis
440 2572 712 2618 auctorem
739 2562 1069 2619 interfuisse.
1095 2582 1113 2616 ι
1148 2563 1254 2619 Sed
1275 2565 1442 2619 tacuit
1471 2564 1759 2630 Caesarius,
1868 2591 1886 2625 ι
1936 2574 2098 2627 xissc.
2139 2591 2155 2620 ι
2194 2568 2447 2625 ϐορίῐυιρὶ
2482 2569 2661 2638 itaque
2688 2576 2741 2620 ct
2772 2566 2999 2621 Gesneri
3031 2564 3453 2619 auctoritatibus

209 2654 315 2723 quia
348 2653 518 2709 forsan
550 2654 804 2719 nescivit.
836 2663 1085 2710 sanctum
1115 2655 1421 2709 Brunonem
1450 2655 1761 2710 interfuisse
1862 2664 2199 2734 prtul'tbl‘illtus
2220 2661 2570 2716 auctoritates
2599 2656 3245 2722 illustrissimiSaussaeii,
3272 2665 3326 2711 et
3355 2653 3451 2710 Ja-

213 2747 524 2816 Ipeciaculo;
551 2762 677 2802 nam
706 2747 915 2802 duobus
943 2757 1151 2803 tantum
1181 2749 1338 2803 annis
1364 2759 1483 2818 post
1510 2748 1638 2802 illud
1672 2766 1760 2818 pa-
1863 2756 1981 2810 eobi
2016 2754 2235 2808 Bl‘cunii
2278 2754 2477 2821 pietate
2506 2762 2560 2805 et
2591 2752 2833 2805 doctrina
2865 2749 3112 2819 insignis,
3144 2758 3197 2803 et
3223 2749 3451 2804 aliorum

210 2847 382 2899 tratum
424 2838 474 2892 in
514 2837 861 2893 Carthusiam
888 2840 1133 2895 secessit.
1164 2837 1291 2906 Vel.
1323 2839 1365 2895 si
1396 2839 1554 2893 scivit
1581 2841 1761 2895 Caesa-
1863 2851 1953 2918 qui
1983 2849 2047 2903 de
2073 2846 2306 2901 Caesario
2330 2845 2776 2899 honorificentius
2808 2842 3212 2912 judicaverunt,
3236 2851 3291 2896 et
3314 2858 3454 2910 pra:—

211 2930 324 2994 rius,
356 2928 520 2984 noluit
555 2939 736 2986 tamen
796 2931 997 2997 dicere,
1054 2930 1196 2999 quod
1260 2944 1289 2983 a
1342 2945 1441 2984 suo
1492 2931 1763 2999 proposito
1864 2939 2051 2993 scrtim
2094 2937 2280 2991 eximii
2336 2950 2504 2991 sacra:
2551 2933 2833 3001 theologia:
2886 2933 3145 2997 doctoris,
3191 2944 3245 2985 et
3284 2932 3351 2984 ad
3386 2932 3447 2984 ὃ.

208 3020 413 3075 alienum
442 3030 604 3077 CSSCL
634 3020 774 3075 Nam
824 3020 1158 3091 ρτοροεὶιυηι
1189 3018 1305 3089 ο]ῠὸ
1343 3029 1481 3083 eral.
1522 3022 1669 3075 Vario
1698 3022 1763 3076 (ίο
1864 3030 2160 3084 Gcreonem
2184 3025 2674 3080 Colouitecanonici
2699 3023 3463 3093 TilmauniBrcdembracltiia

209 3114 533 3169 morientibus
560 3113 806 3183 exempla
841 3126 1172 3182 proponere,
1214 3126 1322 3167 non
1358 3113 1758 3179 conversiones,
1790 3138 1834 3200 ρ
1869 3119 2051 3173 multis
2081 3127 2135 3172 et
2166 3117 2404 3172 scientia:
2426 3125 2479 3171 ct
2504 3116 2763 3169 virtutum
2796 3115 2964 3170 titulis
2979 3115 3287 3184 spectabilis
3312 3131 3326 3179 ;
3356 3129 3453 3169 cu--

208 3206 301 3261 sive
322 3207 563 3261 ordinum
593 3206 961 3261 institutiones
987 3205 1282 3275 explicare.
1854 3213 1943 3283 jus
1964 3209 2140 3264 studio
2170 3217 2224 3262 et
2250 3207 2435 3263 labore
2468 3207 2519 3260 in
2554 3206 2725 3260 lucem
2758 3214 2886 3261 sunt
2910 3204 3057 3259 edita
3108 3204 3274 3259 multa
3304 3213 3450 3259 vete-

267 3297 378 3351 ΞΠ.
409 3317 429 3350 t
464 3298 668 3354 Deinde
689 3300 871 3353 Sancti
919 3298 1188 3354 Brunonis
1234 3295 1516 3354 conversio
1548 3315 1651 3353 non
1684 3298 1759 3353 fa-
1863 3318 1979 3369 rum
2002 3301 2327 3371 scriptorum
2353 3309 2728 3363 monumenta;
2752 3299 2842 3368 qtti
2866 3299 3030 3354 etiam
3056 3311 3452 3368 recognoscere

206 3397 276 3443 cta
297 3389 443 3443 estin
490 3389 730 3459 publico,
790 3389 929 3443 sicut
982 3404 1080 3443 nec
1124 3397 1356 3452 constat,
1400 3399 1579 3444 utrum
1634 3389 1760 3444 illud
1863 3394 1944 3451 dis
1966 3393 2434 3465 expurgandisque
2468 3390 2689 3446 Caesarii
2719 3391 3060 3461 Dialogorum
3110 3390 3267 3443 libris
3315 3389 3452 3443 ntul-

208 3479 544 3546 spectaculum
594 3480 647 3534 in
678 3477 930 3545 ecclesia,
963 3478 1046 3534 vel
1092 3479 1145 3533 in
1178 3478 1299 3534 aula
1326 3479 1565 3534 defuncti
1596 3479 1762 3549 (quod

1866 3497 1976 3543 tum
2006 3486 2206 3540 laboris
2233 3484 2434 3554 posuit,
2463 3483 2517 3537 in
2546 3482 2719 3538 lucem
2748 3496 2842 3537 eos
2877 3481 3198 3547 emissurus,
3225 3480 3300 3545 tti,
3326 3497 3448 3535 eum

209 3579 363 3625 tamen
393 3571 740 3626 verisimilius
763 3571 866 3639 est)
889 3586 1073 3625 coram
1112 3572 1317 3638 multis,
1348 3572 1427 3626 vel
1458 3573 1641 3641 paucis
1666 3574 1762 3627 ho-
1857 3578 1968 3647 jam
1999 3593 2134 3648 pene
2158 3577 2223 3630 ad
2250 3575 2451 3630 calcem
2490 3574 2850 3644 pervenisset,
2881 3573 2947 3627 ad
2979 3573 3223 3627 cmlestia
3257 3571 3455 3626 fuisSct

208 3662 416 3719 minibus
444 3663 712 3719 evenerit.
743 3662 928 3731 Neque
967 3663 1131 3718 etiam
1172 3665 1456 3718 conversio
1499 3664 1762 3719 Brunonis
1865 3678 2141 3724 evocatus.
2176 3667 2243 3720 At
2272 3683 2338 3720 ne
2371 3666 2504 3721 tanti
2530 3664 2626 3718 viri
2653 3664 2739 3733 pia
2773 3665 2946 3718 stud'a
2977 3663 3240 3732 perirent,
3272 3659 3461 3715 effecit

207 3751 328 3806 facta
353 3763 435 3808 est
461 3752 651 3808 eodem
686 3754 941 3818 instanti,
993 3768 1100 3823 quo
1143 3754 1346 3808 dictum
1379 3755 1763 3823 spectaculum,

1868 3762 2008 3814 inter
2032 3757 2168 3811 alios
2190 3754 2422 3810 Jacobus
2440 3754 2931 3820 Fischerus,sacr:e
2946 3751 3444 3819 lliOOlogitBtIOClOl‘,

207 3845 284 3896 sed
311 3845 444 3899 intra
474 3846 719 3917 privatos
759 3847 1028 3916 parietes,
1064 3855 1119 3903 et
1172 3847 1261 3902 diu
1295 3858 1415 3918 post
1464 3848 1594 3903 illttd
1634 3862 1760 3918 per-
1866 3851 1979 3923 qui,
2008 3849 2149 3919 quod
2184 3847 2270 3901 ille
2311 3847 2628 3916 incmperat,
2658 3844 2905 3914 perfecit,
2929 3852 2984 3897 et
3013 3844 3069 3897 in
3118 3858 3213 3899 sua
3260 3843 3453 3912 prmfa-

206 3942 385 4001 actum,
418 3948 478 3991 ut
505 3944 725 3992 constat
749 3951 819 3991 ex
847 3937 1032 3992 citatis
1066 3938 1399 3993 auctoribus.
1433 3938 1580 3994 Unde
1609 3955 1707 3994 nec
1733 3954 1762 3992 a
1870 3943 2015 3995 tione
2065 3937 2294 3995 Gesneri
2337 3937 2403 3991 de
2445 3934 2680 3990 Caesarie
2725 3934 3051 3989 calumniam
3100 3935 3268 4006 probe
3302 3933 3449 3988 refu-

208 4027 420 4092 nemine,
456 4028 551 4096 qui
601 4028 749 4083 dicto
794 4028 1107 4098 Spectacula
1152 4027 1491 4093 interfuerat,
1535 4028 1764 4097 perspici
1871 4030 2022 4085 tavit.

203 4117 372 4181 potuit.
401 4116 717 4173 Antoninus
741 4132 872 4173 vero
904 4118 958 4172 id
1010 4118 1165 4186 dixit,
1210 4119 1335 4188 quia
1387 4119 1465 4174 sic
1504 4121 1764 4189 scriptum
1937 4122 2059 4177 249.
2096 4140 2114 4174 ‹
2155 4120 2396 4190 Denique
2442 4117 2714 4173 Launoius
2764 4116 2817 4171 in
2866 4116 3207 4172 conclusione
3255 4118 3449 4186 capitis

202 4203 309 4277 legit
327 4216 378 4262 et
415 4218 705 4265 narratum
736 4209 961 4264 audivit.
996 4228 1014 4260 ι
1051 4208 1321 4265 Caesarius
1363 4225 1468 4264 non
1514 4210 1761 4275 ailirmat,
1869 4216 2013 4270 tertii
2040 4230 2149 4270 suae
2171 4195 2566 4268 dissertationis
2596 4209 2923 4265 Saussaeium
2955 4210 3125 4262 virum
3150 4209 3447 4271 eruditum,

204 4315 218 4343 ε
255 4313 312 4351 ex
340 4315 437 4355 suo
459 4300 780 4370 spectaculo
824 4300 1131 4356 Brunonem
1166 4302 1505 4357 instituenda:
1548 4303 1762 4372 religio-
1868 4305 2019 4373 quasi
2051 4304 2335 4359 ridiculum
2366 4300 2732 4371 prosequitur,
2765 4300 2906 4369 quod
2931 4300 2983 4352 in
3008 4297 3227 4352 Ctesarii
3259 4312 3447 4351 narra-

204 4404 227 4435 ι.
256 4388 333 4443 nis
352 4404 463 4445 sua:
488 4390 843 4446 occasionem
871 4391 1117 4459 cepisse;
1142 4391 1442 4447 Antoninus
1464 4407 1591 4446 vero
1617 4391 1763 4446 aflir-
1868 4396 2016 4451 tione
2053 4394 2411 4451 substantiam
2440 4393 2514 4447 rei
2545 4392 2611 4446 ab
2639 4389 2759 4457 ejus
2787 4388 3210 4444 circumstantiis
3248 4387 3450 4441 dixerit

202 4495 221 4525 ι
255 4488 373 4534 mat.
414 4498 434 4531 ι
464 4479 597 4535 Haec
631 4480 862 4535 Launoii
898 4480 1135 4551 objectio
1181 4497 1288 4537 non
1340 4489 1425 4537 est
1468 4481 1677 4535 diversa
1730 4497 1759 4536 θ
1794 4491 1838 4545 D
1863 4504 1983 4545 esse
2010 4486 2460 4558 distinguendam,
2490 4487 2733 4554 hancque
2759 4481 3440 4538 Saussmiidistinetionem

196 4570 499 4634 pmcedenti
528 4588 545 4637 ;
577 4571 675 4626 sed
704 4570 759 4626 in
789 4570 896 4625 duo
931 4570 1131 4635 divisit,
1159 4572 1301 4641 quod
1328 4573 1485 4627 simul
1517 4582 1571 4628 et
1598 4573 1766 4629 semel
1867 4590 2052 4634 contra
2068 4578 2145 4633 fas
2160 4576 2528 4632 omneinsulse
2544 4572 3447 4644 LaunoiusretorquetinJoannam

196 4657 282 4712 dici
312 4668 656 4729 poterallut,
685 4662 829 4731 quod
856 4661 1043 4717 solidis
1067 4663 1367 4718 rationibus
1392 4680 1495 4718 non
1527 4674 1758 4734 poterat,
1866 4672 2164 4742 Papissam.
2193 4669 2297 4723 Sed
2321 4683 2441 4722 cum
2467 4668 2815 4738 profiteantur
2839 4665 3089 4734 iniuriam
3113 4664 3306 4733 injuria
3336 4680 3447 4717 non

197 4746 354 4803 multis
381 4750 583 4806 saltem
618 4750 801 4805 verbis
829 4759 1125 4805 conaretur
1156 4752 1411 4808 obruere.
1441 4752 1576 4808 lluic
1602 4754 1765 4824 igitur
1866 4760 2201 4831 prepulsare,
2229 4757 2446 4812 lectoris
2475 4757 2681 4828 judicio
2719 4756 3097 4827 relinquimus,
3136 4771 3265 4809 num
3306 4756 3450 4825 cpti-

195 4834 458 4905 οδὶθειὶοηί
487 4840 699 4896 factum
721 4850 806 4897 est
828 4842 962 4896 salis
984 4856 1052 4896 ex
1097 4842 1446 4912 responsione
1474 4845 1761 4914 superiori.
1870 4852 1996 4906 tima
2028 4851 2099 4904 sit
2128 4850 2243 4903 hare
2269 4849 2575 4918 disputandi
2607 4847 2743 4903 ratio
2781 4848 2846 4901 ad
2871 4847 3217 4902 asserendam
3244 4849 3448 4901 verita-

199 4925 314 4994 Quid
339 4933 484 4987 enim
512 4934 743 4999 mirum,
776 4934 821 4989 si
844 4932 1133 4999 Caesarius,
1163 4935 1252 5003 qui
1281 4935 1347 4989 de
1368 4934 1617 4989 Brunone
1647 4936 1767 4990 nul-
1873 4951 1978 4995 tem
2013 4950 2066 4994 ct
2096 4954 2442 5009 quoscunque
2478 4946 2748 5001 auctores,
2781 4938 3139 4992 diversitnode
3164 4952 3275 4989 rem
3297 4951 3447 4990 eam-

199 5018 284 5075 lam
330 5022 539 5080 fecerat
592 5026 957 5093 mentionem,
1010 5027 1323 5081 instituendi
1372 5028 1579 5082 ordinis
1631 5027 1763 5083 Car-
1868 5031 1986 5085 dem
2016 5029 2401 5089 dcscribentes,
2424 5027 2805 5082 conciliandos.
2835 5026 3031 5080 Verum
3056 5024 3323 5079 Saussaeio
3349 5024 3446 5077 itit-

201 5112 469 5173 thusiensis
492 5120 846 5175 occasionem
867 5120 1031 5175 etiam
1058 5120 1284 5175 tacuerit
1306 5129 1527 5189 propter
1545 5120 1763 5175 easdem
1870 5122 2020 5191 ponit
2044 5120 2332 5184 Launoius,
2373 5120 2559 5174 dicens
2607 5132 2729 5174 eum
2764 5118 2817 5171 in
2843 5131 2909 5171 eo
2937 5116 3181 5185 posuisse
3214 5114 3288 5168 rei
3320 5115 3444 5168 sub

198 5208 422 5275 rationes,
454 5227 599 5281 quas
634 5213 886 5282 superius
933 5213 1241 5282 tetigimus?
1282 5231 1301 5265 t
1348 5213 1618 5269 Czesarius
1652 5230 1761 5269 non
1866 5211 2140 5272 stantiam,
2164 5213 2306 5278 quod
2325 5208 2594 5263 Cmsarius
2619 5226 2636 5258 t
2668 5206 2967 5277 prodigium
2998 5215 3174 5259 actum
3201 5204 3251 5257 in
3285 5217 3444 5269 regno

204 5315 218 5346 ι
254 5301 403 5356 tradit
440 5302 757 5373 prodigium
796 5318 952 5358 suum
986 5303 1209 5358 Parisiis
1232 5303 1564 5373 contigisse;
1598 5304 1765 5359 Antoo
1873 5319 1893 5350 ι
1938 5300 2197 5361 Francize.
2227 5314 2324 5353 nec
2367 5313 2465 5353 suo
2516 5307 2757 5367 tempore
2789 5305 2965 5350 aetum
3004 5293 3219 5349 referat.
3257 5313 3274 5343 ι
3314 5288 3444 5343 Nam

205 5406 219 5438 ι
254 5390 401 5448 uinus
427 5408 563 5449 vero
596 5394 779 5449 tradit.
821 5413 843 5447 ι
876 5394 1002 5450 Hart:
1022 5395 1187 5450 etiam
1213 5395 1446 5463 objectio
1470 5395 1655 5448 eadem
1681 5403 1765 5450 est
1866 5390 2088 5445 minime
2115 5389 2241 5442 illud
2271 5387 2575 5443 Saussmius
2605 5388 2759 5442 dixit.
2784 5386 3074 5454 Postquam
3106 5382 3249 5436 enim
3279 5388 3443 5433 totam

203 5492 254 5536 ac
274 5486 495 5541 secunda
520 5503 537 5552 ;
570 5488 719 5555 quod
750 5487 895 5541 enim
924 5486 1012 5543 hic
1034 5486 1166 5542 dicit
1191 5485 1480 5552 Launoius,
1509 5486 1648 5541 idem
1672 5502 1764 5541 su-
1867 5480 2091 5536 Caesarii
2119 5479 2486 5534 narrationem
2519 5476 2726 5544 retulit,
2756 5478 2940 5533 addit:
2972 5495 2990 5526 α
3032 5473 3157 5528 Haec
3179 5472 3441 5526 Caesarius

204 5573 357 5638 peritis
382 5578 631 5632 secundo
685 5576 805 5632 loco
844 5576 1081 5642 dixerat,
1125 5576 1345 5631 mutatis
1394 5576 1765 5631 tantummodo
1872 5591 1892 5624 ι
1939 5573 2031 5642 qui
2061 5570 2415 5626 substantiam
2444 5570 2544 5635 rei,
2586 5569 2655 5624 de
2687 5584 2792 5637 qua
2839 5580 3017 5621 sermo
3061 5571 3173 5629 est,
3201 5570 3440 5631 patenter

208 5663 451 5724 vocabulis
476 5678 535 5725 et
558 5668 724 5723 modo
748 5668 1019 5736 loquendi.
1054 5668 1165 5722 lmo
1194 5678 1249 5723 ct
1277 5679 1505 5736 utraque
1534 5666 1765 5734 objectio
1873 5686 1891 5719 ι
1938 5663 2349 5733 comprehendit
2376 5662 2428 5715 in
2457 5661 2818 5729 descriptione
2846 5660 2968 5711 ista.
3012 5675 3029 5708 ι
3064 5655 3156 5711 Sic
3184 5657 3345 5725 igitur
3367 5655 3435 5708 di-

210 5755 382 5818 quintte
412 5759 645 5815 multum
675 5758 870 5814 similis
901 5769 1002 5814 est.
1040 5758 1192 5815 Unde
1222 5768 1369 5830 patet
1398 5756 1621 5814 Launoii
1667 5775 1761 5812 an—
1868 5771 1996 5811 cens
2024 5753 2341 5817 Sattssarius,
2378 5760 2558 5807 monet
2601 5749 2837 5819 quidem,
2876 5747 3229 5802 substantiam
3264 5743 3341 5797 rei
3391 5743 3439 5796 ir
