  <div class='ocr_page' id='page_1' title='image "/cluster/home/n/w/nwhite01/storage/ocr_20150623/152/hvd.32044015473804/079.png"; bbox 0 0 4016 6310; ppageno 0'>
   <div class='ocr_carea' id='block_1_1' title="bbox 636 359 736 416">
    <p class='ocr_par' dir='ltr' id='par_1_1' title="bbox 636 359 736 416">
     <span class='ocr_line' id='line_1_1' title="bbox 636 359 736 416; baseline 0.05 -5"><span class='ocrx_word' id='word_1_1' title='bbox 636 359 736 416; x_wconf 74' lang='lat' dir='ltr'><strong>N7</strong></span> 
     </span>
    </p>
   </div>
   <div class='ocr_carea' id='block_1_2' title="bbox 1422 358 3068 427">
    <p class='ocr_par' dir='ltr' id='par_1_2' title="bbox 1422 358 3068 427">
     <span class='ocr_line' id='line_1_2' title="bbox 1422 358 3068 427; baseline -0.002 -6"><span class='ocrx_word' id='word_1_2' title='bbox 1422 364 1477 421; x_wconf 86' lang='lat' dir='ltr'><strong>S.</strong></span> <span class='ocrx_word' id='word_1_3' title='bbox 1518 367 1863 427; x_wconf 74' lang='lat' dir='ltr'><strong>BRUNONIS</strong></span> <span class='ocrx_word' id='word_1_4' title='bbox 1902 359 2544 425; x_wconf 69' lang='lat' dir='ltr'><strong>CARTllUSIANORUM</strong></span> <span class='ocrx_word' id='word_1_5' title='bbox 2582 358 3068 420; x_wconf 83' lang='lat' dir='ltr'><strong>lNSTlTUTORlS</strong></span> 
     </span>
    </p>
   </div>
   <div class='ocr_carea' id='block_1_3' title="bbox 3786 366 3878 424">
    <p class='ocr_par' dir='ltr' id='par_1_3' title="bbox 3786 366 3878 424">
     <span class='ocr_line' id='line_1_3' title="bbox 3786 366 3878 424; baseline 0.043 -4"><span class='ocrx_word' id='word_1_6' title='bbox 3786 366 3878 424; x_wconf 80' lang='lat' dir='ltr'><strong>N8</strong></span> 
     </span>
    </p>
   </div>
   <div class='ocr_carea' id='block_1_4' title="bbox 629 469 3878 554">
    <p class='ocr_par' dir='ltr' id='par_1_4' title="bbox 629 469 3878 554">
     <span class='ocr_line' id='line_1_4' title="bbox 629 469 3878 554; baseline 0 -22"><span class='ocrx_word' id='word_1_7' title='bbox 629 477 849 533; x_wconf 65' lang='lat' dir='ltr'><strong>Caesarii</strong></span> <span class='ocrx_word' id='word_1_8' title='bbox 874 477 1234 549; x_wconf 75' lang='lat' dir='ltr'><strong>descriptione</strong></span> <span class='ocrx_word' id='word_1_9' title='bbox 1264 479 1511 550; x_wconf 85' lang='lat' dir='ltr'><strong>reperiri,</strong></span> <span class='ocrx_word' id='word_1_10' title='bbox 1545 484 1639 539; x_wconf 87' lang='lat' dir='ltr'><strong>sed</strong></span> <span class='ocrx_word' id='word_1_11' title='bbox 1684 485 1741 538; x_wconf 90' lang='lat' dir='ltr'><strong>in</strong></span> <span class='ocrx_word' id='word_1_12' title='bbox 1790 498 1897 554; x_wconf 91' lang='lat' dir='ltr'><strong>quo</strong></span> <span class='ocrx_word' id='word_1_13' title='bbox 1923 483 2205 543; x_wconf 71' lang='lat' dir='ltr'><strong>consistat,</strong></span> <span class='ocrx_word' id='word_1_14' title='bbox 2241 488 2283 545; x_wconf 74' lang='grc' dir='ltr'><strong>Α</strong></span> <span class='ocrx_word' id='word_1_15' title='bbox 2313 473 2566 531; x_wconf 90' lang='lat' dir='ltr'><strong>Chronici</strong></span> <span class='ocrx_word' id='word_1_16' title='bbox 2606 483 2828 531; x_wconf 85' lang='lat' dir='ltr'><strong>auctore</strong></span> <span class='ocrx_word' id='word_1_17' title='bbox 2872 485 3143 544; x_wconf 79' lang='lat' dir='ltr'><strong>anonymo</strong></span> <span class='ocrx_word' id='word_1_18' title='bbox 3185 469 3608 542; x_wconf 79' lang='lat' dir='ltr'><strong>suppeditatam,</strong></span> <span class='ocrx_word' id='word_1_19' title='bbox 3637 471 3878 545; x_wconf 72' lang='lat' dir='ltr'><strong>afficiunt,</strong></span> 
     </span>
    </p>
   </div>
   <div class='ocr_carea' id='block_1_5' title="bbox 628 571 2200 641">
    <p class='ocr_par' dir='ltr' id='par_1_5' title="bbox 628 571 2200 641">
     <span class='ocr_line' id='line_1_5' title="bbox 628 571 2200 641; baseline 0.001 -18"><span class='ocrx_word' id='word_1_20' title='bbox 628 586 734 624; x_wconf 90' lang='lat' dir='ltr'><strong>non</strong></span> <span class='ocrx_word' id='word_1_21' title='bbox 758 571 1011 641; x_wconf 79' lang='lat' dir='ltr'><strong>explicat.</strong></span> <span class='ocrx_word' id='word_1_22' title='bbox 1033 572 1235 628; x_wconf 84' lang='lat' dir='ltr'><strong>Deinde</strong></span> <span class='ocrx_word' id='word_1_23' title='bbox 1259 573 1441 628; x_wconf 85' lang='lat' dir='ltr'><strong>statim</strong></span> <span class='ocrx_word' id='word_1_24' title='bbox 1463 574 1530 630; x_wconf 89' lang='lat' dir='ltr'><strong>de</strong></span> <span class='ocrx_word' id='word_1_25' title='bbox 1551 575 1969 631; x_wconf 82' lang='lat' dir='ltr'><strong>circumstantiis</strong></span> <span class='ocrx_word' id='word_1_26' title='bbox 1989 573 2200 628; x_wconf 84' lang='lat' dir='ltr'><strong>subdit:</strong></span> 
     </span>
    </p>
   </div>
   <div class='ocr_carea' id='block_1_6' title="bbox 635 658 2206 734">
    <p class='ocr_par' dir='ltr' id='par_1_6' title="bbox 635 658 2206 734">
     <span class='ocr_line' id='line_1_6' title="bbox 635 658 2206 734; baseline 0.001 -20"><span class='ocrx_word' id='word_1_27' title='bbox 635 678 653 706; x_wconf 83' lang='grc'><em>‹</em></span> <span class='ocrx_word' id='word_1_28' title='bbox 700 658 815 725; x_wconf 89' lang='lat' dir='ltr'><strong>Qua</strong></span> <span class='ocrx_word' id='word_1_29' title='bbox 871 662 1311 734; x_wconf 77' lang='lat' dir='ltr'><strong>(descriptione)</strong></span> <span class='ocrx_word' id='word_1_30' title='bbox 1362 665 1460 719; x_wconf 91' lang='lat' dir='ltr'><strong>etsi</strong></span> <span class='ocrx_word' id='word_1_31' title='bbox 1526 681 1631 720; x_wconf 91' lang='lat' dir='ltr'><strong>non</strong></span> <span class='ocrx_word' id='word_1_32' title='bbox 1689 679 1877 720; x_wconf 91' lang='lat' dir='ltr'><strong>omnes</strong></span> <span class='ocrx_word' id='word_1_33' title='bbox 1926 664 2206 733; x_wconf 86' lang='lat' dir='ltr'><strong>adaequate</strong></span> 
     </span>
    </p>
   </div>
   <div class='ocr_carea' id='block_1_7' title="bbox 632 750 2203 826">
    <p class='ocr_par' dir='ltr' id='par_1_7' title="bbox 632 750 2203 826">
     <span class='ocr_line' id='line_1_7' title="bbox 632 750 2203 826; baseline 0.003 -23"><span class='ocrx_word' id='word_1_34' title='bbox 632 766 652 797; x_wconf 72' lang='grc' dir='ltr'><strong><em>ι</em></strong></span> <span class='ocrx_word' id='word_1_35' title='bbox 698 750 1138 809; x_wconf 81' lang='lat' dir='ltr'><strong>circumstantias</strong></span> <span class='ocrx_word' id='word_1_36' title='bbox 1184 762 1273 808; x_wconf 87' lang='lat' dir='ltr'><strong>eat</strong></span> <span class='ocrx_word' id='word_1_37' title='bbox 1322 770 1658 826; x_wconf 83' lang='lat' dir='ltr'><strong>expressum,</strong></span> <span class='ocrx_word' id='word_1_38' title='bbox 1702 771 1824 809; x_wconf 92' lang='lat' dir='ltr'><strong>cum</strong></span> <span class='ocrx_word' id='word_1_39' title='bbox 1865 768 2064 807; x_wconf 88' lang='lat' dir='ltr'><strong>annum</strong></span> <span class='ocrx_word' id='word_1_40' title='bbox 2098 769 2203 808; x_wconf 92' lang='lat' dir='ltr'><strong>non</strong></span> 
     </span>
    </p>
   </div>
   <div class='ocr_carea' id='block_1_8' title="bbox 632 841 2205 914">
    <p class='ocr_par' dir='ltr' id='par_1_8' title="bbox 632 841 2205 914">
     <span class='ocr_line' id='line_1_8' title="bbox 632 841 2205 914; baseline 0.006 -25"><span class='ocrx_word' id='word_1_41' title='bbox 632 859 647 888; x_wconf 74' lang='grc' dir='ltr'>ι</span> <span class='ocrx_word' id='word_1_42' title='bbox 698 841 998 912; x_wconf 83' lang='lat' dir='ltr'><strong>consignet,</strong></span> <span class='ocrx_word' id='word_1_43' title='bbox 1042 859 1143 899; x_wconf 91' lang='lat' dir='ltr'><strong>nec</strong></span> <span class='ocrx_word' id='word_1_44' title='bbox 1185 846 1471 914; x_wconf 80' lang='lat' dir='ltr'><strong>specialem</strong></span> <span class='ocrx_word' id='word_1_45' title='bbox 1523 846 1708 901; x_wconf 86' lang='lat' dir='ltr'><strong>Galliae</strong></span> <span class='ocrx_word' id='word_1_46' title='bbox 1757 845 1955 909; x_wconf 91' lang='lat' dir='ltr'><strong>locum,</strong></span> <span class='ocrx_word' id='word_1_47' title='bbox 2008 844 2205 913; x_wconf 86' lang='lat' dir='ltr'><strong>quibus</strong></span> 
     </span>
    </p>
   </div>
   <div class='ocr_carea' id='block_1_9' title="bbox 630 931 2199 1003">
    <p class='ocr_par' dir='ltr' id='par_1_9' title="bbox 630 931 2199 1003">
     <span class='ocr_line' id='line_1_9' title="bbox 630 931 2199 1003; baseline 0.003 -19"><span class='ocrx_word' id='word_1_48' title='bbox 630 949 648 979; x_wconf 83' lang='grc'><em>‹</em></span> <span class='ocrx_word' id='word_1_49' title='bbox 696 931 798 986; x_wconf 87' lang='lat' dir='ltr'><strong>ista</strong></span> <span class='ocrx_word' id='word_1_50' title='bbox 854 949 973 1003; x_wconf 87' lang='lat' dir='ltr'><strong>quae</strong></span> <span class='ocrx_word' id='word_1_51' title='bbox 1026 936 1193 995; x_wconf 78' lang='lat' dir='ltr'><strong>refert</strong></span> <span class='ocrx_word' id='word_1_52' title='bbox 1250 945 1560 992; x_wconf 84' lang='lat' dir='ltr'><strong>evenerunt.</strong></span> <span class='ocrx_word' id='word_1_53' title='bbox 1610 954 1629 987; x_wconf 77' lang='grc' dir='ltr'><strong><em>ι</em></strong></span> <span class='ocrx_word' id='word_1_54' title='bbox 1665 936 1731 990; x_wconf 88' lang='lat' dir='ltr'><strong>Et</strong></span> <span class='ocrx_word' id='word_1_55' title='bbox 1783 950 1860 991; x_wconf 75' lang='lat' dir='ltr'><strong>ere</strong></span> <span class='ocrx_word' id='word_1_56' title='bbox 1917 944 2042 990; x_wconf 89' lang='lat' dir='ltr'><strong>sunt</strong></span> <span class='ocrx_word' id='word_1_57' title='bbox 2094 936 2199 991; x_wconf 86' lang='lat' dir='ltr'><strong>cir-</strong></span> 
     </span>
    </p>
   </div>
   <div class='ocr_carea' id='block_1_10' title="bbox 625 1026 2206 1098">
    <p class='ocr_par' dir='ltr' id='par_1_10' title="bbox 625 1026 2206 1098">
     <span class='ocr_line' id='line_1_10' title="bbox 625 1026 2206 1098; baseline 0.004 -23"><span class='ocrx_word' id='word_1_58' title='bbox 625 1026 989 1093; x_wconf 72' lang='lat' dir='ltr'><strong>cumstantirc,</strong></span> <span class='ocrx_word' id='word_1_59' title='bbox 1031 1030 1190 1083; x_wconf 88' lang='lat' dir='ltr'><strong>etiam</strong></span> <span class='ocrx_word' id='word_1_60' title='bbox 1226 1044 1254 1083; x_wconf 92' lang='lat' dir='ltr'><strong>a</strong></span> <span class='ocrx_word' id='word_1_61' title='bbox 1297 1028 1533 1082; x_wconf 84' lang='lat' dir='ltr'><strong>Launoio</strong></span> <span class='ocrx_word' id='word_1_62' title='bbox 1578 1036 1805 1092; x_wconf 60' lang='lat' dir='ltr'><strong>notatae,</strong></span> <span class='ocrx_word' id='word_1_63' title='bbox 1847 1043 1983 1098; x_wconf 85' lang='lat' dir='ltr'><strong>quas</strong></span> <span class='ocrx_word' id='word_1_64' title='bbox 2046 1027 2206 1082; x_wconf 87' lang='lat' dir='ltr'><strong>Saus-</strong></span> 
     </span>
    </p>
   </div>
   <div class='ocr_carea' id='block_1_11' title="bbox 627 1112 2203 1188">
    <p class='ocr_par' dir='ltr' id='par_1_11' title="bbox 627 1112 2203 1188">
     <span class='ocr_line' id='line_1_11' title="bbox 627 1112 2203 1188; baseline 0.006 -26"><span class='ocrx_word' id='word_1_65' title='bbox 627 1112 790 1167; x_wconf 67' lang='lat' dir='ltr'><strong>sanius</strong></span> <span class='ocrx_word' id='word_1_66' title='bbox 819 1118 1127 1171; x_wconf 86' lang='lat' dir='ltr'><strong>summatim</strong></span> <span class='ocrx_word' id='word_1_67' title='bbox 1155 1118 1208 1170; x_wconf 90' lang='lat' dir='ltr'><strong>in</strong></span> <span class='ocrx_word' id='word_1_68' title='bbox 1239 1116 1457 1172; x_wconf 68' lang='lat' dir='ltr'><strong>Caesarii</strong></span> <span class='ocrx_word' id='word_1_69' title='bbox 1506 1117 1870 1187; x_wconf 84' lang='lat' dir='ltr'><strong>descriptione</strong></span> <span class='ocrx_word' id='word_1_70' title='bbox 1912 1118 2203 1188; x_wconf 83' lang='lat' dir='ltr'><strong>perstringi</strong></span> 
     </span>
    </p>
   </div>
   <div class='ocr_carea' id='block_1_12' title="bbox 623 1204 2205 1277">
    <p class='ocr_par' dir='ltr' id='par_1_12' title="bbox 623 1204 2205 1277">
     <span class='ocr_line' id='line_1_12' title="bbox 623 1204 2205 1277; baseline 0.006 -23"><span class='ocrx_word' id='word_1_71' title='bbox 623 1204 849 1270; x_wconf 85' lang='lat' dir='ltr'><strong>asserit,</strong></span> <span class='ocrx_word' id='word_1_72' title='bbox 902 1222 1024 1261; x_wconf 89' lang='lat' dir='ltr'><strong>cum</strong></span> <span class='ocrx_word' id='word_1_73' title='bbox 1085 1208 1239 1275; x_wconf 90' lang='lat' dir='ltr'><strong>paulo</strong></span> <span class='ocrx_word' id='word_1_74' title='bbox 1284 1215 1403 1277; x_wconf 91' lang='lat' dir='ltr'><strong>post</strong></span> <span class='ocrx_word' id='word_1_75' title='bbox 1454 1207 1629 1263; x_wconf 87' lang='lat' dir='ltr'><strong>dicit:</strong></span> <span class='ocrx_word' id='word_1_76' title='bbox 1668 1226 1685 1259; x_wconf 73' lang='grc' dir='ltr'>ι</span> <span class='ocrx_word' id='word_1_77' title='bbox 1723 1208 2079 1265; x_wconf 82' lang='lat' dir='ltr'><strong>Nihilominus</strong></span> <span class='ocrx_word' id='word_1_78' title='bbox 2124 1218 2205 1264; x_wconf 92' lang='lat' dir='ltr'><strong>to-</strong></span> 
     </span>
    </p>
   </div>
   <div class='ocr_carea' id='block_1_13' title="bbox 626 1297 2204 1371">
    <p class='ocr_par' dir='ltr' id='par_1_13' title="bbox 626 1297 2204 1371">
     <span class='ocr_line' id='line_1_13' title="bbox 626 1297 2204 1371; baseline 0.005 -26"><span class='ocrx_word' id='word_1_79' title='bbox 626 1314 644 1344; x_wconf 72' lang='lat' dir='ltr'><strong>r</strong></span> <span class='ocrx_word' id='word_1_80' title='bbox 693 1304 802 1349; x_wconf 89' lang='lat' dir='ltr'><strong>tum</strong></span> <span class='ocrx_word' id='word_1_81' title='bbox 856 1299 987 1353; x_wconf 82' lang='lat' dir='ltr'><strong>dicit</strong></span> <span class='ocrx_word' id='word_1_82' title='bbox 1050 1297 1354 1368; x_wconf 63' lang='lat' dir='ltr'><strong>(Caesarius)</strong></span> <span class='ocrx_word' id='word_1_83' title='bbox 1414 1314 1534 1353; x_wconf 88' lang='lat' dir='ltr'><strong>cum</strong></span> <span class='ocrx_word' id='word_1_84' title='bbox 1584 1299 1636 1354; x_wconf 89' lang='lat' dir='ltr'><strong>id</strong></span> <span class='ocrx_word' id='word_1_85' title='bbox 1695 1309 1873 1354; x_wconf 89' lang='lat' dir='ltr'><strong>actum</strong></span> <span class='ocrx_word' id='word_1_86' title='bbox 1935 1302 1987 1355; x_wconf 93' lang='lat' dir='ltr'><strong>in</strong></span> <span class='ocrx_word' id='word_1_87' title='bbox 2041 1316 2204 1371; x_wconf 87' lang='lat' dir='ltr'><strong>regno</strong></span> 
     </span>
    </p>
   </div>
   <div class='ocr_carea' id='block_1_14' title="bbox 627 1387 2203 1460">
    <p class='ocr_par' dir='ltr' id='par_1_14' title="bbox 627 1387 2203 1460">
     <span class='ocr_line' id='line_1_14' title="bbox 627 1387 2203 1460; baseline 0.004 -20"><span class='ocrx_word' id='word_1_88' title='bbox 627 1405 645 1434; x_wconf 76' lang='grc' dir='ltr'><strong>ε</strong></span> <span class='ocrx_word' id='word_1_89' title='bbox 690 1387 936 1442; x_wconf 60' lang='lat' dir='ltr'><strong>Francia:</strong></span> <span class='ocrx_word' id='word_1_90' title='bbox 985 1398 1218 1453; x_wconf 85' lang='lat' dir='ltr'><strong>asserat,</strong></span> <span class='ocrx_word' id='word_1_91' title='bbox 1280 1404 1378 1444; x_wconf 91' lang='lat' dir='ltr'><strong>nec</strong></span> <span class='ocrx_word' id='word_1_92' title='bbox 1427 1406 1524 1445; x_wconf 88' lang='lat' dir='ltr'><strong>suo</strong></span> <span class='ocrx_word' id='word_1_93' title='bbox 1579 1402 1846 1460; x_wconf 86' lang='lat' dir='ltr'><strong>tempore,</strong></span> <span class='ocrx_word' id='word_1_94' title='bbox 1892 1393 1985 1447; x_wconf 81' lang='lat' dir='ltr'><strong>sed</strong></span> <span class='ocrx_word' id='word_1_95' title='bbox 2040 1403 2203 1459; x_wconf 84' lang='lat' dir='ltr'><strong>ante,</strong></span> 
     </span>
    </p>
   </div>
   <div class='ocr_carea' id='block_1_15' title="bbox 616 1480 2196 1557">
    <p class='ocr_par' dir='ltr' id='par_1_15' title="bbox 616 1480 2196 1557">
     <span class='ocr_line' id='line_1_15' title="bbox 616 1480 2196 1557; baseline 0.005 -27"><span class='ocrx_word' id='word_1_96' title='bbox 616 1490 713 1542; x_wconf 88' lang='lat' dir='ltr'><strong>per</strong></span> <span class='ocrx_word' id='word_1_97' title='bbox 772 1480 992 1532; x_wconf 80' lang='lat' dir='ltr'><strong>verbum</strong></span> <span class='ocrx_word' id='word_1_98' title='bbox 1066 1495 1230 1543; x_wconf 74' lang='lat' dir='ltr'><strong>FUIT,</strong></span> <span class='ocrx_word' id='word_1_99' title='bbox 1296 1482 1428 1536; x_wconf 89' lang='lat' dir='ltr'><strong>satis</strong></span> <span class='ocrx_word' id='word_1_100' title='bbox 1489 1483 1766 1538; x_wconf 84' lang='lat' dir='ltr'><strong>evidenter</strong></span> <span class='ocrx_word' id='word_1_101' title='bbox 1837 1485 2121 1557; x_wconf 80' lang='lat' dir='ltr'><strong>significet.</strong></span> <span class='ocrx_word' id='word_1_102' title='bbox 2177 1504 2196 1538; x_wconf 72' lang='grc' dir='ltr'><em>ι</em></span> 
     </span>
    </p>
   </div>
   <div class='ocr_carea' id='block_1_16' title="bbox 618 1568 2199 1644">
    <p class='ocr_par' dir='ltr' id='par_1_16' title="bbox 618 1568 2199 1644">
     <span class='ocr_line' id='line_1_16' title="bbox 618 1568 2199 1644; baseline 0.006 -23"><span class='ocrx_word' id='word_1_103' title='bbox 618 1568 783 1635; x_wconf 72' lang='lat' dir='ltr'><strong>Igitur</strong></span> <span class='ocrx_word' id='word_1_104' title='bbox 846 1586 941 1639; x_wconf 86' lang='lat' dir='ltr'><strong>per</strong></span> <span class='ocrx_word' id='word_1_105' title='bbox 998 1572 1110 1627; x_wconf 76' lang='lat' dir='ltr'><strong>lucc</strong></span> <span class='ocrx_word' id='word_1_106' title='bbox 1179 1573 1342 1627; x_wconf 88' lang='lat' dir='ltr'><strong>verba</strong></span> <span class='ocrx_word' id='word_1_107' title='bbox 1398 1591 1412 1627; x_wconf 91' lang='lat'><strong>:</strong></span> <span class='ocrx_word' id='word_1_108' title='bbox 1470 1592 1488 1624; x_wconf 72' lang='grc' dir='ltr'>ι</span> <span class='ocrx_word' id='word_1_109' title='bbox 1537 1573 1731 1629; x_wconf 87' lang='lat' dir='ltr'><strong>Totum</strong></span> <span class='ocrx_word' id='word_1_110' title='bbox 1776 1576 1942 1644; x_wconf 89' lang='lat' dir='ltr'><strong>dicit,</strong></span> <span class='ocrx_word' id='word_1_111' title='bbox 1992 1596 2013 1630; x_wconf 86' lang='grc'><strong>›</strong></span> <span class='ocrx_word' id='word_1_112' title='bbox 2070 1587 2199 1643; x_wconf 88' lang='lat' dir='ltr'><strong>etc.,</strong></span> 
     </span>
    </p>
   </div>
   <div class='ocr_carea' id='block_1_17' title="bbox 616 1659 2201 1739">
    <p class='ocr_par' dir='ltr' id='par_1_17' title="bbox 616 1659 2201 1739">
     <span class='ocr_line' id='line_1_17' title="bbox 616 1659 2201 1739; baseline 0.009 -29"><span class='ocrx_word' id='word_1_113' title='bbox 616 1660 862 1728; x_wconf 87' lang='lat' dir='ltr'><strong>intelligit</strong></span> <span class='ocrx_word' id='word_1_114' title='bbox 904 1659 1203 1717; x_wconf 61' lang='lat' dir='ltr'><strong>Saussatius</strong></span> <span class='ocrx_word' id='word_1_115' title='bbox 1238 1665 1674 1722; x_wconf 85' lang='lat' dir='ltr'><strong>circumstantias</strong></span> <span class='ocrx_word' id='word_1_116' title='bbox 1720 1667 1858 1734; x_wconf 85' lang='lat' dir='ltr'><strong>illas,</strong></span> <span class='ocrx_word' id='word_1_117' title='bbox 1888 1684 2022 1739; x_wconf 89' lang='lat' dir='ltr'><strong>quas</strong></span> <span class='ocrx_word' id='word_1_118' title='bbox 2044 1669 2201 1739; x_wconf 90' lang='lat' dir='ltr'><strong>paulo</strong></span> 
     </span>
    </p>
   </div>
   <div class='ocr_carea' id='block_1_18' title="bbox 609 1752 2203 1831">
    <p class='ocr_par' dir='ltr' id='par_1_18' title="bbox 609 1752 2203 1831">
     <span class='ocr_line' id='line_1_18' title="bbox 609 1752 2203 1831; baseline 0.01 -29"><span class='ocrx_word' id='word_1_119' title='bbox 609 1760 735 1804; x_wconf 84' lang='lat' dir='ltr'><strong>ante</strong></span> <span class='ocrx_word' id='word_1_120' title='bbox 764 1752 974 1808; x_wconf 73' lang='lat' dir='ltr'><strong>dixerat</strong></span> <span class='ocrx_word' id='word_1_121' title='bbox 1003 1770 1032 1808; x_wconf 89' lang='lat' dir='ltr'><strong>a</strong></span> <span class='ocrx_word' id='word_1_122' title='bbox 1063 1755 1299 1811; x_wconf 73' lang='lat' dir='ltr'><strong>Cmsario</strong></span> <span class='ocrx_word' id='word_1_123' title='bbox 1337 1773 1441 1812; x_wconf 93' lang='lat' dir='ltr'><strong>non</strong></span> <span class='ocrx_word' id='word_1_124' title='bbox 1474 1774 1593 1814; x_wconf 85' lang='lat' dir='ltr'><strong>esse</strong></span> <span class='ocrx_word' id='word_1_125' title='bbox 1629 1778 1647 1812; x_wconf 84' lang='grc'><strong><em>‹</em></strong></span> <span class='ocrx_word' id='word_1_126' title='bbox 1679 1760 1955 1830; x_wconf 73' lang='lat' dir='ltr'><strong>adrequate</strong></span> <span class='ocrx_word' id='word_1_127' title='bbox 1973 1776 2203 1831; x_wconf 77' lang='lat' dir='ltr'><strong>expres-</strong></span> 
     </span>
    </p>
   </div>
   <div class='ocr_carea' id='block_1_19' title="bbox 2310 563 3880 636">
    <p class='ocr_par' dir='ltr' id='par_1_19' title="bbox 2310 563 3880 636">
     <span class='ocr_line' id='line_1_19' title="bbox 2310 563 3880 636; baseline 0 -18"><span class='ocrx_word' id='word_1_128' title='bbox 2310 576 2473 636; x_wconf 83' lang='lat' dir='ltr'><strong>atque</strong></span> <span class='ocrx_word' id='word_1_129' title='bbox 2508 580 2539 619; x_wconf 90' lang='lat' dir='ltr'><strong>a</strong></span> <span class='ocrx_word' id='word_1_130' title='bbox 2583 567 2919 631; x_wconf 87' lang='lat' dir='ltr'><strong>narratione,</strong></span> <span class='ocrx_word' id='word_1_131' title='bbox 2968 565 3035 620; x_wconf 90' lang='lat' dir='ltr'><strong>de</strong></span> <span class='ocrx_word' id='word_1_132' title='bbox 3084 564 3359 626; x_wconf 89' lang='lat' dir='ltr'><strong>defuncto,</strong></span> <span class='ocrx_word' id='word_1_133' title='bbox 3404 564 3496 635; x_wconf 86' lang='lat' dir='ltr'><strong>qui</strong></span> <span class='ocrx_word' id='word_1_134' title='bbox 3535 563 3736 635; x_wconf 89' lang='lat' dir='ltr'><strong>pariter</strong></span> <span class='ocrx_word' id='word_1_135' title='bbox 3774 583 3880 627; x_wconf 78' lang='lat' dir='ltr'><strong>sese</strong></span> 
     </span>
    </p>
   </div>
   <div class='ocr_carea' id='block_1_20' title="bbox 2309 654 3880 720">
    <p class='ocr_par' dir='ltr' id='par_1_20' title="bbox 2309 654 3880 720">
     <span class='ocr_line' id='line_1_20' title="bbox 2309 654 3880 720; baseline 0.003 -10"><span class='ocrx_word' id='word_1_136' title='bbox 2309 657 2622 711; x_wconf 90' lang='lat' dir='ltr'><strong>damnatum</strong></span> <span class='ocrx_word' id='word_1_137' title='bbox 2650 672 2681 712; x_wconf 93' lang='lat' dir='ltr'><strong>e</strong></span> <span class='ocrx_word' id='word_1_138' title='bbox 2707 655 2910 711; x_wconf 82' lang='lat' dir='ltr'><strong>feretro</strong></span> <span class='ocrx_word' id='word_1_139' title='bbox 2938 655 3267 712; x_wconf 75' lang='lat' dir='ltr'><strong>vociferatus</strong></span> <span class='ocrx_word' id='word_1_140' title='bbox 3295 655 3386 720; x_wconf 85' lang='lat' dir='ltr'><strong>sit,</strong></span> <span class='ocrx_word' id='word_1_141' title='bbox 3411 669 3443 708; x_wconf 90' lang='lat' dir='ltr'><strong>a</strong></span> <span class='ocrx_word' id='word_1_142' title='bbox 3477 654 3716 710; x_wconf 78' lang='lat' dir='ltr'><strong>Caesario</strong></span> <span class='ocrx_word' id='word_1_143' title='bbox 3740 661 3880 715; x_wconf 75' lang='lat' dir='ltr'><strong>exui-</strong></span> 
     </span>
    </p>
   </div>
   <div class='ocr_carea' id='block_1_21' title="bbox 2309 746 3877 819">
    <p class='ocr_par' dir='ltr' id='par_1_21' title="bbox 2309 746 3877 819">
     <span class='ocr_line' id='line_1_21' title="bbox 2309 746 3877 819; baseline 0.001 -17"><span class='ocrx_word' id='word_1_144' title='bbox 2309 748 2439 812; x_wconf 80' lang='lat' dir='ltr'><strong>hita,</strong></span> <span class='ocrx_word' id='word_1_145' title='bbox 2482 750 2699 813; x_wconf 88' lang='lat' dir='ltr'><strong>absunt,</strong></span> <span class='ocrx_word' id='word_1_146' title='bbox 2750 748 2946 804; x_wconf 90' lang='lat' dir='ltr'><strong>merito</strong></span> <span class='ocrx_word' id='word_1_147' title='bbox 2991 748 3142 819; x_wconf 85' lang='lat' dir='ltr'><strong>argui</strong></span> <span class='ocrx_word' id='word_1_148' title='bbox 3181 747 3299 818; x_wconf 67' lang='lat' dir='ltr'><strong>{non</strong></span> <span class='ocrx_word' id='word_1_149' title='bbox 3349 760 3529 817; x_wconf 85' lang='lat' dir='ltr'><strong>posse,</strong></span> <span class='ocrx_word' id='word_1_150' title='bbox 3568 746 3656 801; x_wconf 87' lang='lat' dir='ltr'><strong>vel</strong></span> <span class='ocrx_word' id='word_1_151' title='bbox 3701 763 3877 803; x_wconf 85' lang='lat' dir='ltr'><strong>narra-</strong></span> 
     </span>
    </p>
   </div>
   <div class='ocr_carea' id='block_1_22' title="bbox 2311 839 3878 911">
    <p class='ocr_par' dir='ltr' id='par_1_22' title="bbox 2311 839 3878 911">
     <span class='ocr_line' id='line_1_22' title="bbox 2311 839 3878 911; baseline 0.002 -18"><span class='ocrx_word' id='word_1_152' title='bbox 2311 842 2512 895; x_wconf 89' lang='lat' dir='ltr'><strong>tionem</strong></span> <span class='ocrx_word' id='word_1_153' title='bbox 2587 841 2847 897; x_wconf 82' lang='lat' dir='ltr'><strong>Antonini</strong></span> <span class='ocrx_word' id='word_1_154' title='bbox 2903 854 2997 895; x_wconf 88' lang='lat' dir='ltr'><strong>seu</strong></span> <span class='ocrx_word' id='word_1_155' title='bbox 3068 839 3327 911; x_wconf 79' lang='lat' dir='ltr'><strong>anonymi</strong></span> <span class='ocrx_word' id='word_1_156' title='bbox 3399 852 3523 893; x_wconf 90' lang='lat' dir='ltr'><strong>cum</strong></span> <span class='ocrx_word' id='word_1_157' title='bbox 3593 841 3878 897; x_wconf 84' lang='lat' dir='ltr'><strong>substantia</strong></span> 
     </span>
    </p>
   </div>
   <div class='ocr_carea' id='block_1_23' title="bbox 2309 929 3879 1002">
    <p class='ocr_par' dir='ltr' id='par_1_23' title="bbox 2309 929 3879 1002">
     <span class='ocr_line' id='line_1_23' title="bbox 2309 929 3879 1002; baseline 0.001 -16"><span class='ocrx_word' id='word_1_158' title='bbox 2309 932 2638 987; x_wconf 87' lang='lat' dir='ltr'><strong>narrationis</strong></span> <span class='ocrx_word' id='word_1_159' title='bbox 2687 931 2906 987; x_wconf 80' lang='lat' dir='ltr'><strong>Caesarii</strong></span> <span class='ocrx_word' id='word_1_160' title='bbox 2957 945 3223 1002; x_wconf 85' lang='lat' dir='ltr'><strong>pugnare,</strong></span> <span class='ocrx_word' id='word_1_161' title='bbox 3269 929 3355 984; x_wconf 91' lang='lat' dir='ltr'><strong>vel</strong></span> <span class='ocrx_word' id='word_1_162' title='bbox 3394 929 3721 999; x_wconf 84' lang='lat' dir='ltr'><strong>prodigium,</strong></span> <span class='ocrx_word' id='word_1_163' title='bbox 3751 934 3879 1000; x_wconf 87' lang='lat' dir='ltr'><strong>quod</strong></span> 
     </span>
    </p>
   </div>
   <div class='ocr_carea' id='block_1_24' title="bbox 2310 1021 3879 1093">
    <p class='ocr_par' dir='ltr' id='par_1_24' title="bbox 2310 1021 3879 1093">
     <span class='ocr_line' id='line_1_24' title="bbox 2310 1021 3879 1093; baseline -0.001 -15"><span class='ocrx_word' id='word_1_164' title='bbox 2310 1023 2466 1093; x_wconf 85' lang='lat' dir='ltr'><strong>hujus</strong></span> <span class='ocrx_word' id='word_1_165' title='bbox 2520 1032 2897 1093; x_wconf 82' lang='lat' dir='ltr'><strong>argumentum</strong></span> <span class='ocrx_word' id='word_1_166' title='bbox 2946 1032 3051 1089; x_wconf 88' lang='lat' dir='ltr'><strong>est,</strong></span> <span class='ocrx_word' id='word_1_167' title='bbox 3107 1038 3136 1077; x_wconf 88' lang='lat' dir='ltr'><strong>a</strong></span> <span class='ocrx_word' id='word_1_168' title='bbox 3186 1023 3456 1093; x_wconf 84' lang='lat' dir='ltr'><strong>prodigio,</strong></span> <span class='ocrx_word' id='word_1_169' title='bbox 3506 1021 3651 1092; x_wconf 89' lang='lat' dir='ltr'><strong>quod</strong></span> <span class='ocrx_word' id='word_1_170' title='bbox 3692 1021 3777 1075; x_wconf 89' lang='lat' dir='ltr'><strong>illa</strong></span> <span class='ocrx_word' id='word_1_171' title='bbox 3820 1025 3879 1078; x_wconf 91' lang='lat' dir='ltr'><strong>ob</strong></span> 
     </span>
    </p>
   </div>
   <div class='ocr_carea' id='block_1_25' title="bbox 2306 1112 3878 1184">
    <p class='ocr_par' dir='ltr' id='par_1_25' title="bbox 2306 1112 3878 1184">
     <span class='ocr_line' id='line_1_25' title="bbox 2306 1112 3878 1184; baseline 0 -15"><span class='ocrx_word' id='word_1_172' title='bbox 2306 1114 2491 1169; x_wconf 86' lang='lat' dir='ltr'><strong>oculos</strong></span> <span class='ocrx_word' id='word_1_173' title='bbox 2529 1115 2771 1184; x_wconf 87' lang='lat' dir='ltr'><strong>ponitur,</strong></span> <span class='ocrx_word' id='word_1_174' title='bbox 2809 1115 3030 1169; x_wconf 87' lang='lat' dir='ltr'><strong>indubie</strong></span> <span class='ocrx_word' id='word_1_175' title='bbox 3062 1129 3184 1169; x_wconf 90' lang='lat' dir='ltr'><strong>esse</strong></span> <span class='ocrx_word' id='word_1_176' title='bbox 3226 1115 3526 1169; x_wconf 89' lang='lat' dir='ltr'><strong>diversum.</strong></span> <span class='ocrx_word' id='word_1_177' title='bbox 3574 1112 3711 1179; x_wconf 83' lang='lat' dir='ltr'><strong>Quid</strong></span> <span class='ocrx_word' id='word_1_178' title='bbox 3749 1116 3878 1169; x_wconf 89' lang='lat' dir='ltr'><strong>enim</strong></span> 
     </span>
    </p>
   </div>
   <div class='ocr_carea' id='block_1_26' title="bbox 2308 1204 3876 1275">
    <p class='ocr_par' dir='ltr' id='par_1_26' title="bbox 2308 1204 3876 1275">
     <span class='ocr_line' id='line_1_26' title="bbox 2308 1204 3876 1275; baseline 0.002 -17"><span class='ocrx_word' id='word_1_179' title='bbox 2308 1205 2482 1275; x_wconf 80' lang='lat' dir='ltr'><strong>magis</strong></span> <span class='ocrx_word' id='word_1_180' title='bbox 2528 1206 2778 1269; x_wconf 87' lang='lat' dir='ltr'><strong>obvium,</strong></span> <span class='ocrx_word' id='word_1_181' title='bbox 2823 1221 2986 1275; x_wconf 83' lang='lat' dir='ltr'><strong>quam</strong></span> <span class='ocrx_word' id='word_1_182' title='bbox 3043 1206 3184 1261; x_wconf 87' lang='lat' dir='ltr'><strong>facta</strong></span> <span class='ocrx_word' id='word_1_183' title='bbox 3246 1206 3507 1261; x_wconf 87' lang='lat' dir='ltr'><strong>historica</strong></span> <span class='ocrx_word' id='word_1_184' title='bbox 3558 1204 3816 1270; x_wconf 78' lang='lat' dir='ltr'><strong>invenire,</strong></span> <span class='ocrx_word' id='word_1_185' title='bbox 3852 1223 3876 1261; x_wconf 89' lang='lat' dir='ltr'><strong>a</strong></span> 
     </span>
    </p>
   </div>
   <div class='ocr_carea' id='block_1_27' title="bbox 2306 1296 3876 1367">
    <p class='ocr_par' dir='ltr' id='par_1_27' title="bbox 2306 1296 3876 1367">
     <span class='ocr_line' id='line_1_27' title="bbox 2306 1296 3876 1367; baseline 0.003 -19"><span class='ocrx_word' id='word_1_186' title='bbox 2306 1296 2535 1351; x_wconf 79' lang='lat' dir='ltr'><strong>diversis</strong></span> <span class='ocrx_word' id='word_1_187' title='bbox 2576 1297 2937 1366; x_wconf 86' lang='lat' dir='ltr'><strong>scriptoribus</strong></span> <span class='ocrx_word' id='word_1_188' title='bbox 2997 1297 3194 1363; x_wconf 83' lang='lat' dir='ltr'><strong>relata,</strong></span> <span class='ocrx_word' id='word_1_189' title='bbox 3247 1312 3388 1367; x_wconf 65' lang='lat' dir='ltr'><strong>quae,</strong></span> <span class='ocrx_word' id='word_1_190' title='bbox 3433 1297 3685 1367; x_wconf 86' lang='lat' dir='ltr'><strong>quamvis</strong></span> <span class='ocrx_word' id='word_1_191' title='bbox 3706 1298 3876 1353; x_wconf 84' lang='lat' dir='ltr'><strong>eadem</strong></span> 
     </span>
    </p>
   </div>
   <div class='ocr_carea' id='block_1_28' title="bbox 2307 1385 3878 1458">
    <p class='ocr_par' dir='ltr' id='par_1_28' title="bbox 2307 1385 3878 1458">
     <span class='ocr_line' id='line_1_28' title="bbox 2307 1385 3878 1458; baseline 0.004 -20"><span class='ocrx_word' id='word_1_192' title='bbox 2307 1385 2438 1451; x_wconf 86' lang='lat' dir='ltr'><strong>sint,</strong></span> <span class='ocrx_word' id='word_1_193' title='bbox 2493 1387 2763 1456; x_wconf 91' lang='lat' dir='ltr'><strong>adjunctis</strong></span> <span class='ocrx_word' id='word_1_194' title='bbox 2812 1396 2991 1441; x_wconf 90' lang='lat' dir='ltr'><strong>tamen</strong></span> <span class='ocrx_word' id='word_1_195' title='bbox 3036 1390 3102 1441; x_wconf 92' lang='lat' dir='ltr'><strong>ab</strong></span> <span class='ocrx_word' id='word_1_196' title='bbox 3131 1403 3256 1451; x_wconf 91' lang='lat' dir='ltr'><strong>uno,</strong></span> <span class='ocrx_word' id='word_1_197' title='bbox 3302 1404 3423 1458; x_wconf 72' lang='lat' dir='ltr'><strong>qua:</strong></span> <span class='ocrx_word' id='word_1_198' title='bbox 3465 1389 3535 1442; x_wconf 88' lang='lat' dir='ltr'><strong>ab</strong></span> <span class='ocrx_word' id='word_1_199' title='bbox 3578 1388 3687 1442; x_wconf 89' lang='lat' dir='ltr'><strong>alio</strong></span> <span class='ocrx_word' id='word_1_200' title='bbox 3723 1390 3878 1444; x_wconf 83' lang='lat' dir='ltr'><strong>subti-</strong></span> 
     </span>
    </p>
   </div>
   <div class='ocr_carea' id='block_1_29' title="bbox 2306 1478 3873 1553">
    <p class='ocr_par' dir='ltr' id='par_1_29' title="bbox 2306 1478 3873 1553">
     <span class='ocr_line' id='line_1_29' title="bbox 2306 1478 3873 1553; baseline 0.004 -23"><span class='ocrx_word' id='word_1_201' title='bbox 2306 1485 2523 1541; x_wconf 90' lang='lat' dir='ltr'><strong>centnr,</strong></span> <span class='ocrx_word' id='word_1_202' title='bbox 2558 1478 2665 1532; x_wconf 91' lang='lat' dir='ltr'><strong>sint</strong></span> <span class='ocrx_word' id='word_1_203' title='bbox 2696 1480 2926 1553; x_wconf 82' lang='lat' dir='ltr'><strong>ornata?</strong></span> <span class='ocrx_word' id='word_1_204' title='bbox 2954 1478 3062 1535; x_wconf 83' lang='lat' dir='ltr'><strong>Nec</strong></span> <span class='ocrx_word' id='word_1_205' title='bbox 3083 1488 3168 1535; x_wconf 85' lang='lat' dir='ltr'><strong>est</strong></span> <span class='ocrx_word' id='word_1_206' title='bbox 3196 1496 3295 1536; x_wconf 88' lang='lat' dir='ltr'><strong>cur</strong></span> <span class='ocrx_word' id='word_1_207' title='bbox 3318 1481 3370 1535; x_wconf 89' lang='lat' dir='ltr'><strong>id</strong></span> <span class='ocrx_word' id='word_1_208' title='bbox 3403 1481 3599 1534; x_wconf 92' lang='lat' dir='ltr'><strong>mirum</strong></span> <span class='ocrx_word' id='word_1_209' title='bbox 3625 1481 3873 1550; x_wconf 83' lang='lat' dir='ltr'><strong>videatur,</strong></span> 
     </span>
    </p>
   </div>
   <div class='ocr_carea' id='block_1_30' title="bbox 2306 1570 3875 1641">
    <p class='ocr_par' dir='ltr' id='par_1_30' title="bbox 2306 1570 3875 1641">
     <span class='ocr_line' id='line_1_30' title="bbox 2306 1570 3875 1641; baseline 0.006 -21"><span class='ocrx_word' id='word_1_210' title='bbox 2306 1582 2428 1623; x_wconf 89' lang='lat' dir='ltr'><strong>cum</strong></span> <span class='ocrx_word' id='word_1_211' title='bbox 2468 1584 2573 1625; x_wconf 91' lang='lat' dir='ltr'><strong>non</strong></span> <span class='ocrx_word' id='word_1_212' title='bbox 2620 1584 2747 1625; x_wconf 90' lang='lat' dir='ltr'><strong>raro</strong></span> <span class='ocrx_word' id='word_1_213' title='bbox 2788 1570 2903 1637; x_wconf 91' lang='lat' dir='ltr'><strong>fiat,</strong></span> <span class='ocrx_word' id='word_1_214' title='bbox 2929 1580 2986 1625; x_wconf 92' lang='lat' dir='ltr'><strong>ut</strong></span> <span class='ocrx_word' id='word_1_215' title='bbox 3019 1585 3155 1635; x_wconf 89' lang='lat' dir='ltr'><strong>rem,</strong></span> <span class='ocrx_word' id='word_1_216' title='bbox 3183 1587 3345 1641; x_wconf 89' lang='lat' dir='ltr'><strong>quam</strong></span> <span class='ocrx_word' id='word_1_217' title='bbox 3376 1572 3514 1627; x_wconf 86' lang='lat' dir='ltr'><strong>alter</strong></span> <span class='ocrx_word' id='word_1_218' title='bbox 3540 1571 3683 1637; x_wconf 87' lang='lat' dir='ltr'><strong>fuse,</strong></span> <span class='ocrx_word' id='word_1_219' title='bbox 3725 1574 3875 1630; x_wconf 88' lang='lat' dir='ltr'><strong>nullis</strong></span> 
     </span>
    </p>
   </div>
   <div class='ocr_carea' id='block_1_31' title="bbox 2304 1658 3873 1736">
    <p class='ocr_par' dir='ltr' id='par_1_31' title="bbox 2304 1658 3873 1736">
     <span class='ocr_line' id='line_1_31' title="bbox 2304 1658 3873 1736; baseline 0.007 -25"><span class='ocrx_word' id='word_1_220' title='bbox 2304 1658 2463 1729; x_wconf 88' lang='lat' dir='ltr'><strong>plane</strong></span> <span class='ocrx_word' id='word_1_221' title='bbox 2511 1661 2661 1731; x_wconf 85' lang='lat' dir='ltr'><strong>ejus,</strong></span> <span class='ocrx_word' id='word_1_222' title='bbox 2716 1671 2810 1717; x_wconf 85' lang='lat' dir='ltr'><strong>aut</strong></span> <span class='ocrx_word' id='word_1_223' title='bbox 2851 1672 3001 1719; x_wconf 90' lang='lat' dir='ltr'><strong>certe</strong></span> <span class='ocrx_word' id='word_1_224' title='bbox 3050 1666 3239 1736; x_wconf 82' lang='lat' dir='ltr'><strong>paucis</strong></span> <span class='ocrx_word' id='word_1_225' title='bbox 3288 1665 3588 1730; x_wconf 81' lang='lat' dir='ltr'><strong>duntaxat,</strong></span> <span class='ocrx_word' id='word_1_226' title='bbox 3620 1665 3873 1733; x_wconf 90' lang='lat' dir='ltr'><strong>adjunctis</strong></span> 
     </span>
    </p>
   </div>
   <div class='ocr_carea' id='block_1_32' title="bbox 2304 1751 3873 1827">
    <p class='ocr_par' dir='ltr' id='par_1_32' title="bbox 2304 1751 3873 1827">
     <span class='ocr_line' id='line_1_32' title="bbox 2304 1751 3873 1827; baseline 0.003 -20"><span class='ocrx_word' id='word_1_227' title='bbox 2304 1751 2543 1819; x_wconf 87' lang='lat' dir='ltr'><strong>omissis,</strong></span> <span class='ocrx_word' id='word_1_228' title='bbox 2575 1754 2849 1823; x_wconf 78' lang='lat' dir='ltr'><strong>exposuit,</strong></span> <span class='ocrx_word' id='word_1_229' title='bbox 2879 1755 3017 1811; x_wconf 85' lang='lat' dir='ltr'><strong>alter</strong></span> <span class='ocrx_word' id='word_1_230' title='bbox 3053 1756 3375 1827; x_wconf 88' lang='lat' dir='ltr'><strong>compendio</strong></span> <span class='ocrx_word' id='word_1_231' title='bbox 3420 1765 3634 1811; x_wconf 83' lang='lat' dir='ltr'><strong>tantum</strong></span> <span class='ocrx_word' id='word_1_232' title='bbox 3664 1757 3873 1824; x_wconf 85' lang='lat' dir='ltr'><strong>referat,</strong></span> 
     </span>
    </p>
   </div>
   <div class='ocr_carea' id='block_1_33' title="bbox 613 1837 3870 1922">
    <p class='ocr_par' dir='ltr' id='par_1_33' title="bbox 613 1837 3870 1922">
     <span class='ocr_line' id='line_1_33' title="bbox 613 1837 3870 1922; baseline 0.004 -30"><span class='ocrx_word' id='word_1_233' title='bbox 613 1856 633 1892; x_wconf 72' lang='grc' dir='ltr'><strong>ς</strong></span> <span class='ocrx_word' id='word_1_234' title='bbox 669 1855 777 1905; x_wconf 79' lang='lat' dir='ltr'><strong>sas,</strong></span> <span class='ocrx_word' id='word_1_235' title='bbox 800 1857 921 1896; x_wconf 91' lang='lat' dir='ltr'><strong>cum</strong></span> <span class='ocrx_word' id='word_1_236' title='bbox 948 1859 1146 1899; x_wconf 89' lang='lat' dir='ltr'><strong>annum</strong></span> <span class='ocrx_word' id='word_1_237' title='bbox 1173 1863 1279 1902; x_wconf 91' lang='lat' dir='ltr'><strong>non</strong></span> <span class='ocrx_word' id='word_1_238' title='bbox 1310 1850 1726 1921; x_wconf 84' lang='lat' dir='ltr'><strong>consignet,nec</strong></span> <span class='ocrx_word' id='word_1_239' title='bbox 1755 1851 2041 1922; x_wconf 88' lang='lat' dir='ltr'><strong>specialem</strong></span> <span class='ocrx_word' id='word_1_240' title='bbox 2070 1851 2197 1906; x_wconf 84' lang='lat' dir='ltr'><strong>Gal—</strong></span> <span class='ocrx_word' id='word_1_241' title='bbox 2226 1837 2271 1897; x_wconf 82' lang='grc' dir='ltr'><strong>Β</strong></span> <span class='ocrx_word' id='word_1_242' title='bbox 2298 1845 2551 1901; x_wconf 87' lang='lat' dir='ltr'><strong>omnibus</strong></span> <span class='ocrx_word' id='word_1_243' title='bbox 2591 1846 2707 1901; x_wconf 89' lang='lat' dir='ltr'><strong>fere</strong></span> <span class='ocrx_word' id='word_1_244' title='bbox 2744 1847 3013 1917; x_wconf 86' lang='lat' dir='ltr'><strong>adjunctis</strong></span> <span class='ocrx_word' id='word_1_245' title='bbox 3056 1850 3333 1903; x_wconf 85' lang='lat' dir='ltr'><strong>nudatam.</strong></span> <span class='ocrx_word' id='word_1_246' title='bbox 3367 1850 3482 1905; x_wconf 93' lang='lat' dir='ltr'><strong>lmo</strong></span> <span class='ocrx_word' id='word_1_247' title='bbox 3511 1865 3638 1904; x_wconf 78' lang='lat' dir='ltr'><strong>vero</strong></span> <span class='ocrx_word' id='word_1_248' title='bbox 3670 1866 3737 1904; x_wconf 81' lang='lat' dir='ltr'><strong>ne</strong></span> <span class='ocrx_word' id='word_1_249' title='bbox 3768 1852 3870 1919; x_wconf 86' lang='lat' dir='ltr'><strong>qui-</strong></span> 
     </span>
    </p>
   </div>
   <div class='ocr_carea' id='block_1_34' title="bbox 612 1932 2196 2001">
    <p class='ocr_par' dir='ltr' id='par_1_34' title="bbox 612 1932 2196 2001">
     <span class='ocr_line' id='line_1_34' title="bbox 612 1932 2196 2001; baseline 0.01 -20"><span class='ocrx_word' id='word_1_250' title='bbox 612 1951 628 1980; x_wconf 75' lang='grc' dir='ltr'>ι</span> <span class='ocrx_word' id='word_1_251' title='bbox 663 1932 746 1985; x_wconf 75' lang='lat' dir='ltr'><strong>lia:</strong></span> <span class='ocrx_word' id='word_1_252' title='bbox 778 1933 953 1989; x_wconf 90' lang='lat' dir='ltr'><strong>locum</strong></span> <span class='ocrx_word' id='word_1_253' title='bbox 974 1976 987 2001; x_wconf 93' lang='lat'><strong>,</strong></span> <span class='ocrx_word' id='word_1_254' title='bbox 1020 1954 1039 1987; x_wconf 74' lang='grc' dir='ltr'><strong><em>ι</em></strong></span> <span class='ocrx_word' id='word_1_255' title='bbox 1076 1946 1182 1993; x_wconf 91' lang='lat' dir='ltr'><strong>etc.</strong></span> <span class='ocrx_word' id='word_1_256' title='bbox 1210 1940 1309 1995; x_wconf 88' lang='lat' dir='ltr'><strong>llic</strong></span> <span class='ocrx_word' id='word_1_257' title='bbox 1346 1951 1430 1997; x_wconf 91' lang='lat' dir='ltr'><strong>est</strong></span> <span class='ocrx_word' id='word_1_258' title='bbox 1475 1958 1634 1998; x_wconf 90' lang='lat' dir='ltr'><strong>verus</strong></span> <span class='ocrx_word' id='word_1_259' title='bbox 1664 1959 1729 1999; x_wconf 89' lang='lat' dir='ltr'><strong>ac</strong></span> <span class='ocrx_word' id='word_1_260' title='bbox 1755 1944 2000 1999; x_wconf 90' lang='lat' dir='ltr'><strong>sincerus</strong></span> <span class='ocrx_word' id='word_1_261' title='bbox 2024 1942 2196 1997; x_wconf 87' lang='lat' dir='ltr'><strong>Sans-</strong></span> 
     </span>
    </p>
   </div>
   <div class='ocr_carea' id='block_1_35' title="bbox 604 2026 2197 2104">
    <p class='ocr_par' dir='ltr' id='par_1_35' title="bbox 604 2026 2197 2104">
     <span class='ocr_line' id='line_1_35' title="bbox 604 2026 2197 2104; baseline 0.009 -27"><span class='ocrx_word' id='word_1_262' title='bbox 604 2026 717 2079; x_wconf 68' lang='lat' dir='ltr'><strong>sa&#39;ii</strong></span> <span class='ocrx_word' id='word_1_263' title='bbox 752 2030 1042 2084; x_wconf 88' lang='lat' dir='ltr'><strong>verborum</strong></span> <span class='ocrx_word' id='word_1_264' title='bbox 1081 2047 1298 2097; x_wconf 90' lang='lat' dir='ltr'><strong>sensus,</strong></span> <span class='ocrx_word' id='word_1_265' title='bbox 1354 2050 1581 2104; x_wconf 91' lang='lat' dir='ltr'><strong>quorum</strong></span> <span class='ocrx_word' id='word_1_266' title='bbox 1628 2037 1875 2093; x_wconf 89' lang='lat' dir='ltr'><strong>ordinem</strong></span> <span class='ocrx_word' id='word_1_267' title='bbox 1921 2036 2197 2093; x_wconf 89' lang='lat' dir='ltr'><strong>Launoius</strong></span> 
     </span>
    </p>
   </div>
   <div class='ocr_carea' id='block_1_36' title="bbox 606 2118 2196 2186">
    <p class='ocr_par' dir='ltr' id='par_1_36' title="bbox 606 2118 2196 2186">
     <span class='ocr_line' id='line_1_36' title="bbox 606 2118 2196 2186; baseline 0.012 -18"><span class='ocrx_word' id='word_1_268' title='bbox 606 2118 849 2185; x_wconf 86' lang='lat' dir='ltr'><strong>invertit,</strong></span> <span class='ocrx_word' id='word_1_269' title='bbox 879 2131 936 2176; x_wconf 91' lang='lat' dir='ltr'><strong>ut</strong></span> <span class='ocrx_word' id='word_1_270' title='bbox 977 2139 1039 2177; x_wconf 90' lang='lat' dir='ltr'><strong>ea</strong></span> <span class='ocrx_word' id='word_1_271' title='bbox 1088 2128 1428 2183; x_wconf 89' lang='lat' dir='ltr'><strong>commodius</strong></span> <span class='ocrx_word' id='word_1_272' title='bbox 1471 2130 1522 2182; x_wconf 94' lang='lat' dir='ltr'><strong>in</strong></span> <span class='ocrx_word' id='word_1_273' title='bbox 1552 2144 1704 2184; x_wconf 90' lang='lat' dir='ltr'><strong>snam</strong></span> <span class='ocrx_word' id='word_1_274' title='bbox 1737 2131 2060 2184; x_wconf 89' lang='lat' dir='ltr'><strong>sententiam</strong></span> <span class='ocrx_word' id='word_1_275' title='bbox 2105 2132 2196 2186; x_wconf 85' lang='lat' dir='ltr'><strong>de-</strong></span> 
     </span>
    </p>
   </div>
   <div class='ocr_carea' id='block_1_37' title="bbox 605 2215 2193 2291">
    <p class='ocr_par' dir='ltr' id='par_1_37' title="bbox 605 2215 2193 2291">
     <span class='ocr_line' id='line_1_37' title="bbox 605 2215 2193 2291; baseline 0.012 -31"><span class='ocrx_word' id='word_1_276' title='bbox 605 2220 902 2281; x_wconf 87' lang='lat' dir='ltr'><strong>torqueret,</strong></span> <span class='ocrx_word' id='word_1_277' title='bbox 921 2215 1241 2289; x_wconf 84' lang='lat' dir='ltr'><strong>faciliusque</strong></span> <span class='ocrx_word' id='word_1_278' title='bbox 1261 2220 1448 2276; x_wconf 88' lang='lat' dir='ltr'><strong>lectori</strong></span> <span class='ocrx_word' id='word_1_279' title='bbox 1473 2224 1841 2291; x_wconf 86' lang='lat' dir='ltr'><strong>persuaderet,</strong></span> <span class='ocrx_word' id='word_1_280' title='bbox 1865 2222 2193 2279; x_wconf 85' lang='lat' dir='ltr'><strong>Saussaeium</strong></span> 
     </span>
    </p>
   </div>
   <div class='ocr_carea' id='block_1_38' title="bbox 603 2305 2195 2385">
    <p class='ocr_par' dir='ltr' id='par_1_38' title="bbox 603 2305 2195 2385">
     <span class='ocr_line' id='line_1_38' title="bbox 603 2305 2195 2385; baseline 0.013 -30"><span class='ocrx_word' id='word_1_281' title='bbox 603 2305 963 2362; x_wconf 85' lang='lat' dir='ltr'><strong>substantiam</strong></span> <span class='ocrx_word' id='word_1_282' title='bbox 1012 2311 1089 2364; x_wconf 90' lang='lat' dir='ltr'><strong>rei</strong></span> <span class='ocrx_word' id='word_1_283' title='bbox 1130 2312 1183 2365; x_wconf 92' lang='lat' dir='ltr'><strong>in</strong></span> <span class='ocrx_word' id='word_1_284' title='bbox 1236 2329 1299 2368; x_wconf 89' lang='lat' dir='ltr'><strong>eo</strong></span> <span class='ocrx_word' id='word_1_285' title='bbox 1342 2317 1617 2385; x_wconf 85' lang='lat' dir='ltr'><strong>posuisse,</strong></span> <span class='ocrx_word' id='word_1_286' title='bbox 1672 2337 1690 2369; x_wconf 83' lang='grc'><strong>‹</strong></span> <span class='ocrx_word' id='word_1_287' title='bbox 1721 2318 1874 2384; x_wconf 82' lang='lat' dir='ltr'><strong>Quod</strong></span> <span class='ocrx_word' id='word_1_288' title='bbox 1928 2318 2195 2375; x_wconf 62' lang='lat' dir='ltr'><strong>Carsarins</strong></span> 
     </span>
    </p>
   </div>
   <div class='ocr_carea' id='block_1_39' title="bbox 608 2399 2195 2482">
    <p class='ocr_par' dir='ltr' id='par_1_39' title="bbox 608 2399 2195 2482">
     <span class='ocr_line' id='line_1_39' title="bbox 608 2399 2195 2482; baseline 0.01 -33"><span class='ocrx_word' id='word_1_289' title='bbox 608 2413 625 2442; x_wconf 86' lang='grc'><em>‹</em></span> <span class='ocrx_word' id='word_1_290' title='bbox 662 2399 960 2470; x_wconf 75' lang='lat' dir='ltr'><strong>prodigium</strong></span> <span class='ocrx_word' id='word_1_291' title='bbox 983 2412 1161 2459; x_wconf 88' lang='lat' dir='ltr'><strong>actum</strong></span> <span class='ocrx_word' id='word_1_292' title='bbox 1193 2406 1429 2479; x_wconf 42' lang='lat' dir='ltr'><strong>injregno</strong></span> <span class='ocrx_word' id='word_1_293' title='bbox 1446 2408 1705 2477; x_wconf 68' lang='lat' dir='ltr'><strong>Francia),</strong></span> <span class='ocrx_word' id='word_1_294' title='bbox 1722 2427 1821 2466; x_wconf 93' lang='lat' dir='ltr'><strong>nec</strong></span> <span class='ocrx_word' id='word_1_295' title='bbox 1840 2426 1936 2467; x_wconf 91' lang='lat' dir='ltr'><strong>suo</strong></span> <span class='ocrx_word' id='word_1_296' title='bbox 1953 2420 2195 2482; x_wconf 85' lang='lat' dir='ltr'><strong>tempore</strong></span> 
     </span>
    </p>
   </div>
   <div class='ocr_carea' id='block_1_40' title="bbox 607 2495 1155 2554">
    <p class='ocr_par' dir='ltr' id='par_1_40' title="bbox 607 2495 1155 2554">
     <span class='ocr_line' id='line_1_40' title="bbox 607 2495 1155 2554; baseline 0.02 -15"><span class='ocrx_word' id='word_1_297' title='bbox 607 2507 625 2539; x_wconf 73' lang='grc' dir='ltr'>α</span> <span class='ocrx_word' id='word_1_298' title='bbox 664 2498 841 2546; x_wconf 87' lang='lat' dir='ltr'><strong>actum</strong></span> <span class='ocrx_word' id='word_1_299' title='bbox 879 2495 1098 2554; x_wconf 85' lang='lat' dir='ltr'><strong>referat.</strong></span> <span class='ocrx_word' id='word_1_300' title='bbox 1137 2518 1155 2550; x_wconf 75' lang='grc' dir='ltr'><strong><em>ι</em></strong></span> 
     </span>
    </p>
   </div>
   <div class='ocr_carea' id='block_1_41' title="bbox 670 2581 2193 2666">
    <p class='ocr_par' dir='ltr' id='par_1_41' title="bbox 670 2581 2193 2666">
     <span class='ocr_line' id='line_1_41' title="bbox 670 2581 2193 2666; baseline 0.011 -31"><span class='ocrx_word' id='word_1_301' title='bbox 670 2581 794 2637; x_wconf 71' lang='grc'><strong>250.</strong></span> <span class='ocrx_word' id='word_1_302' title='bbox 843 2602 862 2637; x_wconf 89' lang='grc'><strong>‹</strong></span> <span class='ocrx_word' id='word_1_303' title='bbox 905 2587 1015 2643; x_wconf 91' lang='lat' dir='ltr'><strong>Sub</strong></span> <span class='ocrx_word' id='word_1_304' title='bbox 1065 2591 1225 2645; x_wconf 85' lang='lat' dir='ltr'><strong>finem</strong></span> <span class='ocrx_word' id='word_1_305' title='bbox 1281 2592 1521 2662; x_wconf 86' lang='lat' dir='ltr'><strong>ejusdem</strong></span> <span class='ocrx_word' id='word_1_306' title='bbox 1578 2597 1943 2652; x_wconf 89' lang='lat' dir='ltr'><strong>conclusionis</strong></span> <span class='ocrx_word' id='word_1_307' title='bbox 2000 2596 2193 2666; x_wconf 87' lang='lat' dir='ltr'><strong>capitis</strong></span> 
     </span>
    </p>
   </div>
   <div class='ocr_carea' id='block_1_42' title="bbox 601 2676 2194 2759">
    <p class='ocr_par' dir='ltr' id='par_1_42' title="bbox 601 2676 2194 2759">
     <span class='ocr_line' id='line_1_42' title="bbox 601 2676 2194 2759; baseline 0.011 -33"><span class='ocrx_word' id='word_1_308' title='bbox 601 2676 747 2728; x_wconf 88' lang='lat' dir='ltr'><strong>tertii</strong></span> <span class='ocrx_word' id='word_1_309' title='bbox 783 2693 996 2733; x_wconf 79' lang='lat' dir='ltr'><strong>rannm</strong></span> <span class='ocrx_word' id='word_1_310' title='bbox 1037 2682 1312 2741; x_wconf 88' lang='lat' dir='ltr'><strong>Launoius</strong></span> <span class='ocrx_word' id='word_1_311' title='bbox 1340 2688 1660 2754; x_wconf 62' lang='lat' dir='ltr'><strong>Caesarium,</strong></span> <span class='ocrx_word' id='word_1_312' title='bbox 1700 2691 1813 2743; x_wconf 88' lang='lat' dir='ltr'><strong>sive</strong></span> <span class='ocrx_word' id='word_1_313' title='bbox 1853 2690 2033 2759; x_wconf 87' lang='lat' dir='ltr'><strong>potius</strong></span> <span class='ocrx_word' id='word_1_314' title='bbox 2060 2688 2194 2744; x_wconf 87' lang='lat' dir='ltr'><strong>Car-</strong></span> 
     </span>
    </p>
   </div>
   <div class='ocr_carea' id='block_1_43' title="bbox 600 2767 2190 2852">
    <p class='ocr_par' dir='ltr' id='par_1_43' title="bbox 600 2767 2190 2852">
     <span class='ocr_line' id='line_1_43' title="bbox 600 2767 2190 2852; baseline 0.011 -31"><span class='ocrx_word' id='word_1_315' title='bbox 600 2767 909 2827; x_wconf 68' lang='lat' dir='ltr'><strong>lhnsienses</strong></span> <span class='ocrx_word' id='word_1_316' title='bbox 959 2790 1024 2828; x_wconf 83' lang='lat' dir='ltr'><strong>ex</strong></span> <span class='ocrx_word' id='word_1_317' title='bbox 1074 2776 1311 2835; x_wconf 74' lang='lat' dir='ltr'><strong>Cmsario</strong></span> <span class='ocrx_word' id='word_1_318' title='bbox 1356 2784 1689 2852; x_wconf 77' lang='lat' dir='ltr'><strong>aggreditur,</strong></span> <span class='ocrx_word' id='word_1_319' title='bbox 1722 2799 1845 2840; x_wconf 90' lang='lat' dir='ltr'><strong>cum</strong></span> <span class='ocrx_word' id='word_1_320' title='bbox 1893 2800 1955 2839; x_wconf 78' lang='lat' dir='ltr'><strong>ex</strong></span> <span class='ocrx_word' id='word_1_321' title='bbox 2000 2785 2190 2839; x_wconf 86' lang='lat' dir='ltr'><strong>eodem</strong></span> 
     </span>
    </p>
   </div>
   <div class='ocr_carea' id='block_1_44' title="bbox 598 2864 2193 2949">
    <p class='ocr_par' dir='ltr' id='par_1_44' title="bbox 598 2864 2193 2949">
     <span class='ocr_line' id='line_1_44' title="bbox 598 2864 2193 2949; baseline 0.016 -41"><span class='ocrx_word' id='word_1_322' title='bbox 598 2864 824 2917; x_wconf 68' lang='lat' dir='ltr'><strong>timsarii</strong></span> <span class='ocrx_word' id='word_1_323' title='bbox 853 2872 1083 2924; x_wconf 88' lang='lat' dir='ltr'><strong>tractatu</strong></span> <span class='ocrx_word' id='word_1_324' title='bbox 1107 2872 1213 2926; x_wconf 90' lang='lat' dir='ltr'><strong>duo</strong></span> <span class='ocrx_word' id='word_1_325' title='bbox 1237 2888 1266 2927; x_wconf 88' lang='lat' dir='ltr'><strong>a</strong></span> <span class='ocrx_word' id='word_1_326' title='bbox 1290 2889 1347 2928; x_wconf 91' lang='lat' dir='ltr'><strong>se</strong></span> <span class='ocrx_word' id='word_1_327' title='bbox 1371 2877 1687 2947; x_wconf 88' lang='lat' dir='ltr'><strong>deprompta</strong></span> <span class='ocrx_word' id='word_1_328' title='bbox 1710 2878 1956 2947; x_wconf 81' lang='lat' dir='ltr'><strong>exempla</strong></span> <span class='ocrx_word' id='word_1_329' title='bbox 1984 2877 2193 2949; x_wconf 78' lang='lat' dir='ltr'><strong>integre</strong></span> 
     </span>
    </p>
   </div>
   <div class='ocr_carea' id='block_1_45' title="bbox 600 2954 2190 3036">
    <p class='ocr_par' dir='ltr' id='par_1_45' title="bbox 600 2954 2190 3036">
     <span class='ocr_line' id='line_1_45' title="bbox 600 2954 2190 3036; baseline 0.013 -30"><span class='ocrx_word' id='word_1_330' title='bbox 600 2954 889 3023; x_wconf 74' lang='lat' dir='ltr'><strong>describit,</strong></span> <span class='ocrx_word' id='word_1_331' title='bbox 924 2975 991 3015; x_wconf 81' lang='lat' dir='ltr'><strong>ex</strong></span> <span class='ocrx_word' id='word_1_332' title='bbox 1029 2964 1227 3036; x_wconf 89' lang='lat' dir='ltr'><strong>quibus</strong></span> <span class='ocrx_word' id='word_1_333' title='bbox 1256 2968 1368 3020; x_wconf 86' lang='lat' dir='ltr'><strong>vult</strong></span> <span class='ocrx_word' id='word_1_334' title='bbox 1404 2987 1423 3020; x_wconf 73' lang='lat' dir='ltr'><strong>r</strong></span> <span class='ocrx_word' id='word_1_335' title='bbox 1468 2972 1673 3025; x_wconf 90' lang='lat' dir='ltr'><strong>otiosos</strong></span> <span class='ocrx_word' id='word_1_336' title='bbox 1725 2971 1974 3025; x_wconf 88' lang='lat' dir='ltr'><strong>homines</strong></span> <span class='ocrx_word' id='word_1_337' title='bbox 2022 2986 2190 3026; x_wconf 90' lang='lat' dir='ltr'><strong>unum</strong></span> 
     </span>
    </p>
   </div>
   <div class='ocr_carea' id='block_1_46' title="bbox 604 3048 2191 3130">
    <p class='ocr_par' dir='ltr' id='par_1_46' title="bbox 604 3048 2191 3130">
     <span class='ocr_line' id='line_1_46' title="bbox 604 3048 2191 3130; baseline 0.014 -32"><span class='ocrx_word' id='word_1_338' title='bbox 604 3064 622 3096; x_wconf 78' lang='grc' dir='ltr'>ι</span> <span class='ocrx_word' id='word_1_339' title='bbox 658 3048 922 3108; x_wconf 84' lang='lat' dir='ltr'><strong>conﬂasse</strong></span> <span class='ocrx_word' id='word_1_340' title='bbox 952 3058 1438 3130; x_wconf 86' lang='lat' dir='ltr'><strong>prodiginm,qt:od</strong></span> <span class='ocrx_word' id='word_1_341' title='bbox 1459 3063 1941 3120; x_wconf 89' lang='lat' dir='ltr'><strong>Carthusianorum</strong></span> <span class='ocrx_word' id='word_1_342' title='bbox 1976 3064 2191 3121; x_wconf 81' lang='lat' dir='ltr'><strong>initium</strong></span> 
     </span>
    </p>
   </div>
   <div class='ocr_carea' id='block_1_47' title="bbox 604 3142 2257 3241">
    <p class='ocr_par' dir='ltr' id='par_1_47' title="bbox 604 3142 2257 3241">
     <span class='ocr_line' id='line_1_47' title="bbox 604 3142 2257 3241; baseline 0.015 -51"><span class='ocrx_word' id='word_1_343' title='bbox 604 3158 623 3190; x_wconf 82' lang='grc'><strong>‹</strong></span> <span class='ocrx_word' id='word_1_344' title='bbox 661 3142 784 3208; x_wconf 91' lang='lat' dir='ltr'><strong>tale,</strong></span> <span class='ocrx_word' id='word_1_345' title='bbox 817 3147 973 3214; x_wconf 81' lang='lat' dir='ltr'><strong>quale</strong></span> <span class='ocrx_word' id='word_1_346' title='bbox 1002 3166 1146 3206; x_wconf 89' lang='lat' dir='ltr'><strong>nunc</strong></span> <span class='ocrx_word' id='word_1_347' title='bbox 1175 3172 1192 3205; x_wconf 77' lang='grc' dir='ltr'><strong><em>ι</em></strong></span> <span class='ocrx_word' id='word_1_348' title='bbox 1239 3158 1478 3221; x_wconf 81' lang='lat' dir='ltr'><strong>excutit,</strong></span> <span class='ocrx_word' id='word_1_349' title='bbox 1512 3158 1629 3213; x_wconf 87' lang='lat' dir='ltr'><strong>sive</strong></span> <span class='ocrx_word' id='word_1_350' title='bbox 1674 3168 1933 3214; x_wconf 81' lang='lat' dir='ltr'><strong>excutere</strong></span> <span class='ocrx_word' id='word_1_351' title='bbox 1967 3160 2179 3224; x_wconf 91' lang='lat' dir='ltr'><strong>nititur,</strong></span> <span class='ocrx_word' id='word_1_352' title='bbox 2212 3182 2257 3241; x_wconf 69' lang='grc' dir='ltr'>ρ</span> 
     </span>
    </p>
   </div>
   <div class='ocr_carea' id='block_1_48' title="bbox 602 3235 2187 3315">
    <p class='ocr_par' dir='ltr' id='par_1_48' title="bbox 602 3235 2187 3315">
     <span class='ocr_line' id='line_1_48' title="bbox 602 3235 2187 3315; baseline 0.013 -27"><span class='ocrx_word' id='word_1_353' title='bbox 602 3255 619 3284; x_wconf 83' lang='grc' dir='ltr'>ι</span> <span class='ocrx_word' id='word_1_354' title='bbox 664 3235 896 3304; x_wconf 85' lang='lat' dir='ltr'><strong>fingendi</strong></span> <span class='ocrx_word' id='word_1_355' title='bbox 928 3256 1145 3297; x_wconf 88' lang='lat' dir='ltr'><strong>causam</strong></span> <span class='ocrx_word' id='word_1_356' title='bbox 1178 3249 1473 3315; x_wconf 70' lang='lat' dir='ltr'><strong>prmlittisse</strong></span> <span class='ocrx_word' id='word_1_357' title='bbox 1502 3270 1519 3301; x_wconf 74' lang='grc' dir='ltr'><strong><em>ι</em></strong></span> <span class='ocrx_word' id='word_1_358' title='bbox 1551 3253 1850 3307; x_wconf 79' lang='lat' dir='ltr'><strong>contendit.</strong></span> <span class='ocrx_word' id='word_1_359' title='bbox 1884 3235 2058 3306; x_wconf 83' lang='lat' dir='ltr'><strong>Unum</strong></span> <span class='ocrx_word' id='word_1_360' title='bbox 2102 3261 2187 3308; x_wconf 88' lang='lat' dir='ltr'><strong>est</strong></span> 
     </span>
    </p>
   </div>
   <div class='ocr_carea' id='block_1_49' title="bbox 596 3327 2182 3414">
    <p class='ocr_par' dir='ltr' id='par_1_49' title="bbox 596 3327 2182 3414">
     <span class='ocr_line' id='line_1_49' title="bbox 596 3327 2182 3414; baseline 0.011 -33"><span class='ocrx_word' id='word_1_361' title='bbox 596 3327 879 3396; x_wconf 77' lang='lat' dir='ltr'><strong>cujusdam</strong></span> <span class='ocrx_word' id='word_1_362' title='bbox 930 3339 1178 3391; x_wconf 89' lang='lat' dir='ltr'><strong>canonici</strong></span> <span class='ocrx_word' id='word_1_363' title='bbox 1224 3339 1579 3409; x_wconf 84' lang='lat' dir='ltr'><strong>Parisiensis,</strong></span> <span class='ocrx_word' id='word_1_364' title='bbox 1638 3345 1726 3414; x_wconf 89' lang='lat' dir='ltr'><strong>qui</strong></span> <span class='ocrx_word' id='word_1_365' title='bbox 1787 3353 1910 3414; x_wconf 90' lang='lat' dir='ltr'><strong>post</strong></span> <span class='ocrx_word' id='word_1_366' title='bbox 1952 3354 2182 3399; x_wconf 87' lang='lat' dir='ltr'><strong>mortem</strong></span> 
     </span>
    </p>
   </div>
   <div class='ocr_carea' id='block_1_50' title="bbox 600 3424 2184 3505">
    <p class='ocr_par' dir='ltr' id='par_1_50' title="bbox 600 3424 2184 3505">
     <span class='ocr_line' id='line_1_50' title="bbox 600 3424 2184 3505; baseline 0.011 -32"><span class='ocrx_word' id='word_1_367' title='bbox 600 3436 752 3474; x_wconf 88' lang='lat' dir='ltr'><strong>suam</strong></span> <span class='ocrx_word' id='word_1_368' title='bbox 782 3432 834 3476; x_wconf 83' lang='lat' dir='ltr'><strong>et</strong></span> <span class='ocrx_word' id='word_1_369' title='bbox 865 3424 1215 3483; x_wconf 90' lang='lat' dir='ltr'><strong>honorificam</strong></span> <span class='ocrx_word' id='word_1_370' title='bbox 1252 3433 1586 3501; x_wconf 87' lang='lat' dir='ltr'><strong>sepulturam</strong></span> <span class='ocrx_word' id='word_1_371' title='bbox 1627 3436 1803 3489; x_wconf 90' lang='lat' dir='ltr'><strong>amico</strong></span> <span class='ocrx_word' id='word_1_372' title='bbox 1830 3450 2097 3505; x_wconf 85' lang='lat' dir='ltr'><strong>apparens</strong></span> <span class='ocrx_word' id='word_1_373' title='bbox 2126 3451 2184 3490; x_wconf 92' lang='lat' dir='ltr'><strong>se</strong></span> 
     </span>
    </p>
   </div>
   <div class='ocr_carea' id='block_1_51' title="bbox 599 3515 2179 3595">
    <p class='ocr_par' dir='ltr' id='par_1_51' title="bbox 599 3515 2179 3595">
     <span class='ocr_line' id='line_1_51' title="bbox 599 3515 2179 3595; baseline 0.01 -28"><span class='ocrx_word' id='word_1_374' title='bbox 599 3515 912 3572; x_wconf 86' lang='lat' dir='ltr'><strong>damnatum</strong></span> <span class='ocrx_word' id='word_1_375' title='bbox 971 3525 1255 3587; x_wconf 89' lang='lat' dir='ltr'><strong>nuntiavit,</strong></span> <span class='ocrx_word' id='word_1_376' title='bbox 1290 3541 1354 3579; x_wconf 89' lang='lat' dir='ltr'><strong>eo</strong></span> <span class='ocrx_word' id='word_1_377' title='bbox 1404 3528 1550 3595; x_wconf 90' lang='lat' dir='ltr'><strong>quod</strong></span> <span class='ocrx_word' id='word_1_378' title='bbox 1598 3543 1726 3582; x_wconf 86' lang='lat' dir='ltr'><strong>vera</strong></span> <span class='ocrx_word' id='word_1_379' title='bbox 1771 3528 1873 3583; x_wconf 89' lang='lat' dir='ltr'><strong>sibi</strong></span> <span class='ocrx_word' id='word_1_380' title='bbox 1925 3529 2179 3583; x_wconf 89' lang='lat' dir='ltr'><strong>morienti</strong></span> 
     </span>
    </p>
   </div>
   <div class='ocr_carea' id='block_1_52' title="bbox 598 3609 2178 3693">
    <p class='ocr_par' dir='ltr' id='par_1_52' title="bbox 598 3609 2178 3693">
     <span class='ocr_line' id='line_1_52' title="bbox 598 3609 2178 3693; baseline 0.011 -36"><span class='ocrx_word' id='word_1_381' title='bbox 598 3609 853 3663; x_wconf 80' lang='lat' dir='ltr'><strong>contritio</strong></span> <span class='ocrx_word' id='word_1_382' title='bbox 898 3611 1177 3669; x_wconf 90' lang='lat' dir='ltr'><strong>defuisset.</strong></span> <span class='ocrx_word' id='word_1_383' title='bbox 1210 3617 1453 3672; x_wconf 84' lang='lat' dir='ltr'><strong>Alterum</strong></span> <span class='ocrx_word' id='word_1_384' title='bbox 1490 3627 1573 3673; x_wconf 87' lang='lat' dir='ltr'><strong>est</strong></span> <span class='ocrx_word' id='word_1_385' title='bbox 1601 3619 1826 3674; x_wconf 86' lang='lat' dir='ltr'><strong>historia</strong></span> <span class='ocrx_word' id='word_1_386' title='bbox 1868 3619 1981 3689; x_wconf 81' lang='lat' dir='ltr'><strong>illa,</strong></span> <span class='ocrx_word' id='word_1_387' title='bbox 2016 3636 2178 3693; x_wconf 88' lang='lat' dir='ltr'><strong>quam</strong></span> 
     </span>
    </p>
   </div>
   <div class='ocr_carea' id='block_1_53' title="bbox 597 3698 2178 3778">
    <p class='ocr_par' dir='ltr' id='par_1_53' title="bbox 597 3698 2178 3778">
     <span class='ocr_line' id='line_1_53' title="bbox 597 3698 2178 3778; baseline 0.01 -27"><span class='ocrx_word' id='word_1_388' title='bbox 597 3698 873 3757; x_wconf 78' lang='lat' dir='ltr'><strong>Launoius</strong></span> <span class='ocrx_word' id='word_1_389' title='bbox 922 3707 1170 3774; x_wconf 89' lang='lat' dir='ltr'><strong>superius</strong></span> <span class='ocrx_word' id='word_1_390' title='bbox 1222 3710 1451 3778; x_wconf 87' lang='lat' dir='ltr'><strong>probare</strong></span> <span class='ocrx_word' id='word_1_391' title='bbox 1498 3719 1725 3766; x_wconf 84' lang='lat' dir='ltr'><strong>conatus</strong></span> <span class='ocrx_word' id='word_1_392' title='bbox 1776 3721 1859 3766; x_wconf 87' lang='lat' dir='ltr'><strong>est</strong></span> <span class='ocrx_word' id='word_1_393' title='bbox 1910 3712 2178 3768; x_wconf 87' lang='lat' dir='ltr'><strong>diversam</strong></span> 
     </span>
    </p>
   </div>
   <div class='ocr_carea' id='block_1_54' title="bbox 597 3794 2179 3869">
    <p class='ocr_par' dir='ltr' id='par_1_54' title="bbox 597 3794 2179 3869">
     <span class='ocr_line' id='line_1_54' title="bbox 597 3794 2179 3869; baseline 0.005 -20"><span class='ocrx_word' id='word_1_394' title='bbox 597 3807 720 3849; x_wconf 76' lang='lat' dir='ltr'><strong>esse</strong></span> <span class='ocrx_word' id='word_1_395' title='bbox 779 3795 846 3850; x_wconf 92' lang='lat' dir='ltr'><strong>ab</strong></span> <span class='ocrx_word' id='word_1_396' title='bbox 897 3796 1155 3853; x_wconf 86' lang='lat' dir='ltr'><strong>Antonini</strong></span> <span class='ocrx_word' id='word_1_397' title='bbox 1212 3801 1542 3856; x_wconf 89' lang='lat' dir='ltr'><strong>narratione.</strong></span> <span class='ocrx_word' id='word_1_398' title='bbox 1600 3802 1731 3869; x_wconf 86' lang='lat' dir='ltr'><strong>Quis</strong></span> <span class='ocrx_word' id='word_1_399' title='bbox 1787 3794 1893 3856; x_wconf 82' lang='lat' dir='ltr'><strong>non</strong></span> <span class='ocrx_word' id='word_1_400' title='bbox 1952 3804 2179 3861; x_wconf 90' lang='lat' dir='ltr'><strong>miretur</strong></span> 
     </span>
    </p>
   </div>
   <div class='ocr_carea' id='block_1_55' title="bbox 596 3883 2178 3965">
    <p class='ocr_par' dir='ltr' id='par_1_55' title="bbox 596 3883 2178 3965">
     <span class='ocr_line' id='line_1_55' title="bbox 596 3883 2178 3965; baseline 0.009 -29"><span class='ocrx_word' id='word_1_401' title='bbox 596 3883 821 3945; x_wconf 80' lang='lat' dir='ltr'><strong>Launoii</strong></span> <span class='ocrx_word' id='word_1_402' title='bbox 848 3890 1145 3945; x_wconf 84' lang='lat' dir='ltr'><strong>astutiam?</strong></span> <span class='ocrx_word' id='word_1_403' title='bbox 1180 3893 1295 3947; x_wconf 91' lang='lat' dir='ltr'><strong>Duo</strong></span> <span class='ocrx_word' id='word_1_404' title='bbox 1324 3894 1505 3961; x_wconf 78' lang='lat' dir='ltr'><strong>jungit</strong></span> <span class='ocrx_word' id='word_1_405' title='bbox 1535 3910 1654 3963; x_wconf 65' lang='lat' dir='ltr'><strong>quae</strong></span> <span class='ocrx_word' id='word_1_406' title='bbox 1692 3911 1942 3965; x_wconf 89' lang='lat' dir='ltr'><strong>magnam</strong></span> <span class='ocrx_word' id='word_1_407' title='bbox 1977 3897 2178 3951; x_wconf 87' lang='lat' dir='ltr'><strong>habere</strong></span> 
     </span>
    </p>
   </div>
   <div class='ocr_carea' id='block_1_56' title="bbox 595 3978 2175 4049">
    <p class='ocr_par' dir='ltr' id='par_1_56' title="bbox 595 3978 2175 4049">
     <span class='ocr_line' id='line_1_56' title="bbox 595 3978 2175 4049; baseline 0.011 -21"><span class='ocrx_word' id='word_1_408' title='bbox 595 3978 963 4036; x_wconf 77' lang='lat' dir='ltr'><strong>similitudinis</strong></span> <span class='ocrx_word' id='word_1_409' title='bbox 1012 3984 1325 4042; x_wconf 84' lang='lat' dir='ltr'><strong>affinitatem</strong></span> <span class='ocrx_word' id='word_1_410' title='bbox 1368 3987 1584 4049; x_wconf 81' lang='lat' dir='ltr'><strong>asserit,</strong></span> <span class='ocrx_word' id='word_1_411' title='bbox 1612 3997 1670 4041; x_wconf 91' lang='lat' dir='ltr'><strong>ut</strong></span> <span class='ocrx_word' id='word_1_412' title='bbox 1704 3988 1958 4044; x_wconf 85' lang='lat' dir='ltr'><strong>subtilius</strong></span> <span class='ocrx_word' id='word_1_413' title='bbox 1991 3991 2175 4045; x_wconf 91' lang='lat' dir='ltr'><strong>oculos</strong></span> 
     </span>
    </p>
   </div>
   <div class='ocr_carea' id='block_1_57' title="bbox 595 4074 2178 4148">
    <p class='ocr_par' dir='ltr' id='par_1_57' title="bbox 595 4074 2178 4148">
     <span class='ocr_line' id='line_1_57' title="bbox 595 4074 2178 4148; baseline 0.009 -26"><span class='ocrx_word' id='word_1_414' title='bbox 595 4079 941 4143; x_wconf 81' lang='lat' dir='ltr'><strong>mentemque</strong></span> <span class='ocrx_word' id='word_1_415' title='bbox 978 4074 1195 4130; x_wconf 88' lang='lat' dir='ltr'><strong>lectoris</strong></span> <span class='ocrx_word' id='word_1_416' title='bbox 1229 4078 1576 4148; x_wconf 75' lang='lat' dir='ltr'><strong>perstringat.</strong></span> <span class='ocrx_word' id='word_1_417' title='bbox 1608 4077 1714 4133; x_wconf 87' lang='lat' dir='ltr'><strong>Sed</strong></span> <span class='ocrx_word' id='word_1_418' title='bbox 1742 4089 2055 4135; x_wconf 88' lang='lat' dir='ltr'><strong>constanter</strong></span> <span class='ocrx_word' id='word_1_419' title='bbox 2082 4097 2178 4137; x_wconf 88' lang='lat' dir='ltr'><strong>ne-</strong></span> 
     </span>
    </p>
   </div>
   <div class='ocr_carea' id='block_1_58' title="bbox 592 4167 2176 4243">
    <p class='ocr_par' dir='ltr' id='par_1_58' title="bbox 592 4167 2176 4243">
     <span class='ocr_line' id='line_1_58' title="bbox 592 4167 2176 4243; baseline 0.012 -29"><span class='ocrx_word' id='word_1_420' title='bbox 592 4180 785 4229; x_wconf 72' lang='lat' dir='ltr'><strong>gamus</strong></span> <span class='ocrx_word' id='word_1_421' title='bbox 820 4167 1055 4238; x_wconf 80' lang='lat' dir='ltr'><strong>aliquam</strong></span> <span class='ocrx_word' id='word_1_422' title='bbox 1096 4169 1237 4224; x_wconf 90' lang='lat' dir='ltr'><strong>inter</strong></span> <span class='ocrx_word' id='word_1_423' title='bbox 1288 4171 1394 4225; x_wconf 91' lang='lat' dir='ltr'><strong>duo</strong></span> <span class='ocrx_word' id='word_1_424' title='bbox 1430 4171 1520 4226; x_wconf 89' lang='lat' dir='ltr'><strong>illa</strong></span> <span class='ocrx_word' id='word_1_425' title='bbox 1550 4170 1794 4243; x_wconf 77' lang='lat' dir='ltr'><strong>exempla</strong></span> <span class='ocrx_word' id='word_1_426' title='bbox 1840 4174 2176 4233; x_wconf 80' lang='lat' dir='ltr'><strong>intercedere</strong></span> 
     </span>
    </p>
   </div>
   <div class='ocr_carea' id='block_1_59' title="bbox 591 4256 2173 4336">
    <p class='ocr_par' dir='ltr' id='par_1_59' title="bbox 591 4256 2173 4336">
     <span class='ocr_line' id='line_1_59' title="bbox 591 4256 2173 4336; baseline 0.011 -29"><span class='ocrx_word' id='word_1_427' title='bbox 591 4256 999 4316; x_wconf 65' lang='lat' dir='ltr'><strong>similitudinem</strong></span> <span class='ocrx_word' id='word_1_428' title='bbox 1080 4272 1279 4331; x_wconf 63' lang='lat' dir='ltr'><strong>prccter</strong></span> <span class='ocrx_word' id='word_1_429' title='bbox 1335 4279 1623 4321; x_wconf 90' lang='lat' dir='ltr'><strong>commune</strong></span> <span class='ocrx_word' id='word_1_430' title='bbox 1683 4266 1900 4336; x_wconf 89' lang='lat' dir='ltr'><strong>utrique</strong></span> <span class='ocrx_word' id='word_1_431' title='bbox 1967 4268 2173 4326; x_wconf 88' lang='lat' dir='ltr'><strong>homini</strong></span> 
     </span>
    </p>
   </div>
   <div class='ocr_carea' id='block_1_60' title="bbox 591 4348 2167 4424">
    <p class='ocr_par' dir='ltr' id='par_1_60' title="bbox 591 4348 2167 4424">
     <span class='ocr_line' id='line_1_60' title="bbox 591 4348 2167 4424; baseline 0.011 -25"><span class='ocrx_word' id='word_1_432' title='bbox 591 4348 955 4413; x_wconf 82' lang='lat' dir='ltr'><strong>damnationis</strong></span> <span class='ocrx_word' id='word_1_433' title='bbox 983 4352 1351 4424; x_wconf 66' lang='lat' dir='ltr'><strong>infortunium</strong></span> <span class='ocrx_word' id='word_1_434' title='bbox 1382 4374 1396 4409; x_wconf 90' lang='lat'><strong>:</strong></span> <span class='ocrx_word' id='word_1_435' title='bbox 1455 4367 1547 4411; x_wconf 90' lang='lat' dir='ltr'><strong>ant</strong></span> <span class='ocrx_word' id='word_1_436' title='bbox 1578 4376 1598 4409; x_wconf 70' lang='grc' dir='ltr'><strong><em>ι</em></strong></span> <span class='ocrx_word' id='word_1_437' title='bbox 1627 4358 1833 4414; x_wconf 89' lang='lat' dir='ltr'><strong>otiosos</strong></span> <span class='ocrx_word' id='word_1_438' title='bbox 1866 4360 2114 4417; x_wconf 83' lang='lat' dir='ltr'><strong>homines</strong></span> <span class='ocrx_word' id='word_1_439' title='bbox 2148 4382 2167 4416; x_wconf 75' lang='grc' dir='ltr'><strong><em>ι</em></strong></span> 
     </span>
    </p>
   </div>
   <div class='ocr_carea' id='block_1_61' title="bbox 588 4440 2169 4515">
    <p class='ocr_par' dir='ltr' id='par_1_61' title="bbox 588 4440 2169 4515">
     <span class='ocr_line' id='line_1_61' title="bbox 588 4440 2169 4515; baseline 0.01 -24"><span class='ocrx_word' id='word_1_440' title='bbox 588 4454 656 4492; x_wconf 85' lang='lat' dir='ltr'><strong>cx</strong></span> <span class='ocrx_word' id='word_1_441' title='bbox 694 4440 777 4495; x_wconf 88' lang='lat' dir='ltr'><strong>bis</strong></span> <span class='ocrx_word' id='word_1_442' title='bbox 813 4442 1023 4499; x_wconf 90' lang='lat' dir='ltr'><strong>duobus</strong></span> <span class='ocrx_word' id='word_1_443' title='bbox 1060 4445 1341 4515; x_wconf 90' lang='lat' dir='ltr'><strong>prodigiis,</strong></span> <span class='ocrx_word' id='word_1_444' title='bbox 1375 4447 1488 4501; x_wconf 86' lang='lat' dir='ltr'><strong>sive</strong></span> <span class='ocrx_word' id='word_1_445' title='bbox 1516 4449 1676 4504; x_wconf 89' lang='lat' dir='ltr'><strong>etiam</strong></span> <span class='ocrx_word' id='word_1_446' title='bbox 1729 4466 1794 4505; x_wconf 80' lang='lat' dir='ltr'><strong>ex</strong></span> <span class='ocrx_word' id='word_1_447' title='bbox 1828 4466 1933 4506; x_wconf 90' lang='lat' dir='ltr'><strong>uno</strong></span> <span class='ocrx_word' id='word_1_448' title='bbox 1966 4461 2169 4508; x_wconf 85' lang='lat' dir='ltr'><strong>tantum</strong></span> 
     </span>
    </p>
   </div>
   <div class='ocr_carea' id='block_1_62' title="bbox 588 4539 2169 4616">
    <p class='ocr_par' dir='ltr' id='par_1_62' title="bbox 588 4539 2169 4616">
     <span class='ocr_line' id='line_1_62' title="bbox 588 4539 2169 4616; baseline 0.013 -32"><span class='ocrx_word' id='word_1_449' title='bbox 588 4547 807 4589; x_wconf 82' lang='lat' dir='ltr'><strong>causam</strong></span> <span class='ocrx_word' id='word_1_450' title='bbox 840 4549 1087 4591; x_wconf 89' lang='lat' dir='ltr'><strong>secessus</strong></span> <span class='ocrx_word' id='word_1_451' title='bbox 1130 4540 1303 4596; x_wconf 87' lang='lat' dir='ltr'><strong>sancti</strong></span> <span class='ocrx_word' id='word_1_452' title='bbox 1340 4539 1609 4599; x_wconf 87' lang='lat' dir='ltr'><strong>Brunonis</strong></span> <span class='ocrx_word' id='word_1_453' title='bbox 1652 4542 1879 4603; x_wconf 78' lang='lat' dir='ltr'><strong>finxisse</strong></span> <span class='ocrx_word' id='word_1_454' title='bbox 1922 4560 2169 4616; x_wconf 87' lang='lat' dir='ltr'><strong>progres-</strong></span> 
     </span>
    </p>
   </div>
   <div class='ocr_carea' id='block_1_63' title="bbox 585 4628 2171 4707">
    <p class='ocr_par' dir='ltr' id='par_1_63' title="bbox 585 4628 2171 4707">
     <span class='ocr_line' id='line_1_63' title="bbox 585 4628 2171 4707; baseline 0.012 -28"><span class='ocrx_word' id='word_1_455' title='bbox 585 4628 739 4683; x_wconf 89' lang='lat' dir='ltr'><strong>sione</strong></span> <span class='ocrx_word' id='word_1_456' title='bbox 762 4632 1041 4700; x_wconf 91' lang='lat' dir='ltr'><strong>temporis,</strong></span> <span class='ocrx_word' id='word_1_457' title='bbox 1057 4639 1117 4687; x_wconf 91' lang='lat' dir='ltr'><strong>nt</strong></span> <span class='ocrx_word' id='word_1_458' title='bbox 1135 4632 1559 4697; x_wconf 85' lang='lat' dir='ltr'><strong>vultLaunoius;</strong></span> <span class='ocrx_word' id='word_1_459' title='bbox 1582 4636 2015 4707; x_wconf 87' lang='lat' dir='ltr'><strong>quandoquidem</strong></span> <span class='ocrx_word' id='word_1_460' title='bbox 2039 4657 2171 4698; x_wconf 86' lang='lat' dir='ltr'><strong>ano-</strong></span> 
     </span>
    </p>
   </div>
   <div class='ocr_carea' id='block_1_64' title="bbox 586 4723 2167 4804">
    <p class='ocr_par' dir='ltr' id='par_1_64' title="bbox 586 4723 2167 4804">
     <span class='ocr_line' id='line_1_64' title="bbox 586 4723 2167 4804; baseline 0.011 -32"><span class='ocrx_word' id='word_1_461' title='bbox 586 4736 781 4791; x_wconf 81' lang='lat' dir='ltr'><strong>nymus</strong></span> <span class='ocrx_word' id='word_1_462' title='bbox 811 4724 899 4778; x_wconf 90' lang='lat' dir='ltr'><strong>ille</strong></span> <span class='ocrx_word' id='word_1_463' title='bbox 920 4723 1321 4781; x_wconf 89' lang='lat' dir='ltr'><strong>Carthusiensis</strong></span> <span class='ocrx_word' id='word_1_464' title='bbox 1364 4726 1715 4804; x_wconf 84' lang='lat' dir='ltr'><strong>[anonymnm</strong></span> <span class='ocrx_word' id='word_1_465' title='bbox 1754 4729 2167 4800; x_wconf 72' lang='lat' dir='ltr'><strong>illnmCarthu-</strong></span> 
     </span>
    </p>
   </div>
   <div class='ocr_carea' id='block_1_65' title="bbox 584 4814 2169 4893">
    <p class='ocr_par' dir='ltr' id='par_1_65' title="bbox 584 4814 2169 4893">
     <span class='ocr_line' id='line_1_65' title="bbox 584 4814 2169 4893; baseline 0.012 -30"><span class='ocrx_word' id='word_1_466' title='bbox 584 4814 969 4887; x_wconf 76' lang='lat' dir='ltr'><strong>siensem],qni</strong></span> <span class='ocrx_word' id='word_1_467' title='bbox 989 4816 1195 4885; x_wconf 76' lang='lat' dir='ltr'><strong>pTimUS</strong></span> <span class='ocrx_word' id='word_1_468' title='bbox 1215 4833 1328 4873; x_wconf 92' lang='lat' dir='ltr'><strong>rem</strong></span> <span class='ocrx_word' id='word_1_469' title='bbox 1358 4820 1575 4889; x_wconf 87' lang='lat' dir='ltr'><strong>scriptis</strong></span> <span class='ocrx_word' id='word_1_470' title='bbox 1598 4821 1897 4889; x_wconf 87' lang='lat' dir='ltr'><strong>mandavit,</strong></span> <span class='ocrx_word' id='word_1_471' title='bbox 1922 4823 2038 4893; x_wconf 89' lang='lat' dir='ltr'><strong>ipso</strong></span> <span class='ocrx_word' id='word_1_472' title='bbox 2060 4825 2169 4881; x_wconf 60' lang='lat' dir='ltr'><strong>Cato</strong></span> 
     </span>
    </p>
   </div>
   <div class='ocr_carea' id='block_1_66' title="bbox 584 4906 2164 4984">
    <p class='ocr_par' dir='ltr' id='par_1_66' title="bbox 584 4906 2164 4984">
     <span class='ocr_line' id='line_1_66' title="bbox 584 4906 2164 4984; baseline 0.01 -29"><span class='ocrx_word' id='word_1_473' title='bbox 584 4906 715 4959; x_wconf 63' lang='lat' dir='ltr'><strong>sirii</strong></span> <span class='ocrx_word' id='word_1_474' title='bbox 747 4915 989 4976; x_wconf 90' lang='lat' dir='ltr'><strong>tempore</strong></span> <span class='ocrx_word' id='word_1_475' title='bbox 1028 4908 1249 4973; x_wconf 78' lang='lat' dir='ltr'><strong>vixisse,</strong></span> <span class='ocrx_word' id='word_1_476' title='bbox 1281 4911 1531 4979; x_wconf 89' lang='lat' dir='ltr'><strong>superius</strong></span> <span class='ocrx_word' id='word_1_477' title='bbox 1561 4912 1925 4980; x_wconf 88' lang='lat' dir='ltr'><strong>probavimus,</strong></span> <span class='ocrx_word' id='word_1_478' title='bbox 1969 4930 2000 4969; x_wconf 92' lang='lat' dir='ltr'><strong>a</strong></span> <span class='ocrx_word' id='word_1_479' title='bbox 2037 4932 2164 4984; x_wconf 89' lang='lat' dir='ltr'><strong>quo,</strong></span> 
     </span>
    </p>
   </div>
   <div class='ocr_carea' id='block_1_67' title="bbox 582 4996 2165 5074">
    <p class='ocr_par' dir='ltr' id='par_1_67' title="bbox 582 4996 2165 5074">
     <span class='ocr_line' id='line_1_67' title="bbox 582 4996 2165 5074; baseline 0.01 -29"><span class='ocrx_word' id='word_1_480' title='bbox 582 5010 689 5049; x_wconf 81' lang='lat' dir='ltr'><strong>non</strong></span> <span class='ocrx_word' id='word_1_481' title='bbox 711 5011 839 5050; x_wconf 91' lang='lat' dir='ltr'><strong>vero</strong></span> <span class='ocrx_word' id='word_1_482' title='bbox 860 5013 888 5050; x_wconf 91' lang='lat' dir='ltr'><strong>a</strong></span> <span class='ocrx_word' id='word_1_483' title='bbox 904 4996 1162 5064; x_wconf 73' lang='lat' dir='ltr'><strong>Caesario,</strong></span> <span class='ocrx_word' id='word_1_484' title='bbox 1186 5000 1274 5055; x_wconf 88' lang='lat' dir='ltr'><strong>alii</strong></span> <span class='ocrx_word' id='word_1_485' title='bbox 1300 5000 1718 5061; x_wconf 89' lang='lat' dir='ltr'><strong>Carthusienses</strong></span> <span class='ocrx_word' id='word_1_486' title='bbox 1745 5006 1893 5059; x_wconf 87' lang='lat' dir='ltr'><strong>citati</strong></span> <span class='ocrx_word' id='word_1_487' title='bbox 1926 5005 2165 5074; x_wconf 89' lang='lat' dir='ltr'><strong>ejusdem</strong></span> 
     </span>
    </p>
   </div>
   <div class='ocr_carea' id='block_1_68' title="bbox 581 5082 2167 5153">
    <p class='ocr_par' dir='ltr' id='par_1_68' title="bbox 581 5082 2167 5153">
     <span class='ocr_line' id='line_1_68' title="bbox 581 5082 2167 5153; baseline 0.011 -16"><span class='ocrx_word' id='word_1_488' title='bbox 581 5082 823 5140; x_wconf 71' lang='lat' dir='ltr'><strong>historia:</strong></span> <span class='ocrx_word' id='word_1_489' title='bbox 857 5088 1221 5147; x_wconf 90' lang='lat' dir='ltr'><strong>narrationem</strong></span> <span class='ocrx_word' id='word_1_490' title='bbox 1252 5095 1477 5149; x_wconf 90' lang='lat' dir='ltr'><strong>mutuati</strong></span> <span class='ocrx_word' id='word_1_491' title='bbox 1510 5104 1654 5150; x_wconf 93' lang='lat' dir='ltr'><strong>sunt.</strong></span> <span class='ocrx_word' id='word_1_492' title='bbox 1697 5115 1716 5149; x_wconf 77' lang='grc' dir='ltr'><strong><em>ι</em></strong></span> <span class='ocrx_word' id='word_1_493' title='bbox 1757 5096 2030 5153; x_wconf 88' lang='lat' dir='ltr'><strong>Hactenus</strong></span> <span class='ocrx_word' id='word_1_494' title='bbox 2055 5099 2167 5153; x_wconf 84' lang='lat' dir='ltr'><strong>An-</strong></span> 
     </span>
    </p>
   </div>
   <div class='ocr_carea' id='block_1_69' title="bbox 580 5177 2165 5260">
    <p class='ocr_par' dir='ltr' id='par_1_69' title="bbox 580 5177 2165 5260">
     <span class='ocr_line' id='line_1_69' title="bbox 580 5177 2165 5260; baseline 0.01 -28"><span class='ocrx_word' id='word_1_495' title='bbox 580 5177 784 5232; x_wconf 82' lang='lat' dir='ltr'><strong>nalium</strong></span> <span class='ocrx_word' id='word_1_496' title='bbox 814 5179 1281 5239; x_wconf 82' lang='lat' dir='ltr'><strong>Carthusiensinm</strong></span> <span class='ocrx_word' id='word_1_497' title='bbox 1307 5185 1426 5242; x_wconf 89' lang='lat' dir='ltr'><strong>libri</strong></span> <span class='ocrx_word' id='word_1_498' title='bbox 1459 5189 1635 5258; x_wconf 89' lang='lat' dir='ltr'><strong>quarti</strong></span> <span class='ocrx_word' id='word_1_499' title='bbox 1665 5197 1857 5247; x_wconf 89' lang='lat' dir='ltr'><strong>auctor</strong></span> <span class='ocrx_word' id='word_1_500' title='bbox 1894 5189 2165 5260; x_wconf 84' lang='lat' dir='ltr'><strong>laudatus,</strong></span> 
     </span>
    </p>
   </div>
   <div class='ocr_carea' id='block_1_70' title="bbox 578 5268 1665 5339">
    <p class='ocr_par' dir='ltr' id='par_1_70' title="bbox 578 5268 1665 5339">
     <span class='ocr_line' id='line_1_70' title="bbox 578 5268 1665 5339; baseline 0.012 -15"><span class='ocrx_word' id='word_1_501' title='bbox 578 5268 633 5324; x_wconf 84' lang='lat' dir='ltr'><strong>in</strong></span> <span class='ocrx_word' id='word_1_502' title='bbox 663 5284 822 5337; x_wconf 87' lang='lat' dir='ltr'><strong>quem</strong></span> <span class='ocrx_word' id='word_1_503' title='bbox 854 5287 997 5327; x_wconf 91' lang='lat' dir='ltr'><strong>nunc</strong></span> <span class='ocrx_word' id='word_1_504' title='bbox 1026 5275 1278 5331; x_wconf 90' lang='lat' dir='ltr'><strong>nonnulla</strong></span> <span class='ocrx_word' id='word_1_505' title='bbox 1313 5279 1665 5339; x_wconf 87' lang='lat' dir='ltr'><strong>observanda.</strong></span> 
     </span>
    </p>
   </div>
   <div class='ocr_carea' id='block_1_71' title="bbox 648 5379 2164 5460">
    <p class='ocr_par' dir='ltr' id='par_1_71' title="bbox 648 5379 2164 5460">
     <span class='ocr_line' id='line_1_71' title="bbox 648 5379 2164 5460; baseline 0.014 -27"><span class='ocrx_word' id='word_1_506' title='bbox 648 5379 774 5434; x_wconf 71' lang='lat' dir='ltr'><strong>25f.</strong></span> <span class='ocrx_word' id='word_1_507' title='bbox 816 5382 985 5439; x_wconf 81' lang='lat' dir='ltr'><strong>Recte</strong></span> <span class='ocrx_word' id='word_1_508' title='bbox 1047 5388 1229 5456; x_wconf 88' lang='lat' dir='ltr'><strong>itaque</strong></span> <span class='ocrx_word' id='word_1_509' title='bbox 1279 5390 1546 5460; x_wconf 89' lang='lat' dir='ltr'><strong>imprimis</strong></span> <span class='ocrx_word' id='word_1_510' title='bbox 1618 5402 1806 5449; x_wconf 91' lang='lat' dir='ltr'><strong>contra</strong></span> <span class='ocrx_word' id='word_1_511' title='bbox 1866 5396 2164 5454; x_wconf 86' lang='lat' dir='ltr'><strong>Lannoium</strong></span> 
     </span>
    </p>
   </div>
   <div class='ocr_carea' id='block_1_72' title="bbox 579 5476 2163 5555">
    <p class='ocr_par' dir='ltr' id='par_1_72' title="bbox 579 5476 2163 5555">
     <span class='ocr_line' id='line_1_72' title="bbox 579 5476 2163 5555; baseline 0.013 -30"><span class='ocrx_word' id='word_1_512' title='bbox 579 5476 879 5540; x_wconf 87' lang='lat' dir='ltr'><strong>contendit,</strong></span> <span class='ocrx_word' id='word_1_513' title='bbox 937 5493 968 5533; x_wconf 91' lang='lat' dir='ltr'><strong>e</strong></span> <span class='ocrx_word' id='word_1_514' title='bbox 1015 5479 1245 5537; x_wconf 88' lang='lat' dir='ltr'><strong>diversis</strong></span> <span class='ocrx_word' id='word_1_515' title='bbox 1294 5482 1588 5551; x_wconf 86' lang='lat' dir='ltr'><strong>adjunctis,</strong></span> <span class='ocrx_word' id='word_1_516' title='bbox 1620 5502 1741 5555; x_wconf 86' lang='lat' dir='ltr'><strong>quae</strong></span> <span class='ocrx_word' id='word_1_517' title='bbox 1793 5491 2163 5545; x_wconf 86' lang='lat' dir='ltr'><strong>narrationem</strong></span> 
     </span>
    </p>
   </div>
   <div class='ocr_carea' id='block_1_73' title="bbox 579 5567 2162 5649">
    <p class='ocr_par' dir='ltr' id='par_1_73' title="bbox 579 5567 2162 5649">
     <span class='ocr_line' id='line_1_73' title="bbox 579 5567 2162 5649; baseline 0.011 -30"><span class='ocrx_word' id='word_1_518' title='bbox 579 5567 644 5620; x_wconf 86' lang='lat' dir='ltr'><strong>de</strong></span> <span class='ocrx_word' id='word_1_519' title='bbox 676 5568 960 5638; x_wconf 85' lang='lat' dir='ltr'><strong>defuncto,</strong></span> <span class='ocrx_word' id='word_1_520' title='bbox 996 5574 1085 5641; x_wconf 90' lang='lat' dir='ltr'><strong>qui</strong></span> <span class='ocrx_word' id='word_1_521' title='bbox 1132 5589 1250 5630; x_wconf 74' lang='lat' dir='ltr'><strong>sese</strong></span> <span class='ocrx_word' id='word_1_522' title='bbox 1279 5576 1616 5643; x_wconf 89' lang='lat' dir='ltr'><strong>damnatum,</strong></span> <span class='ocrx_word' id='word_1_523' title='bbox 1651 5594 1682 5633; x_wconf 92' lang='lat' dir='ltr'><strong>e</strong></span> <span class='ocrx_word' id='word_1_524' title='bbox 1718 5579 1918 5633; x_wconf 89' lang='lat' dir='ltr'><strong>feretro</strong></span> <span class='ocrx_word' id='word_1_525' title='bbox 1949 5581 2162 5649; x_wconf 88' lang='lat' dir='ltr'><strong>procla-</strong></span> 
     </span>
    </p>
   </div>
   <div class='ocr_carea' id='block_1_74' title="bbox 579 5662 2162 5739">
    <p class='ocr_par' dir='ltr' id='par_1_74' title="bbox 579 5662 2162 5739">
     <span class='ocr_line' id='line_1_74' title="bbox 579 5662 2162 5739; baseline 0.01 -26"><span class='ocrx_word' id='word_1_526' title='bbox 579 5662 765 5728; x_wconf 87' lang='lat' dir='ltr'><strong>marit,</strong></span> <span class='ocrx_word' id='word_1_527' title='bbox 805 5666 872 5720; x_wconf 88' lang='lat' dir='ltr'><strong>ab</strong></span> <span class='ocrx_word' id='word_1_528' title='bbox 918 5666 1217 5731; x_wconf 84' lang='lat' dir='ltr'><strong>Antonino,</strong></span> <span class='ocrx_word' id='word_1_529' title='bbox 1266 5683 1360 5722; x_wconf 91' lang='lat' dir='ltr'><strong>seu</strong></span> <span class='ocrx_word' id='word_1_530' title='bbox 1408 5669 1610 5739; x_wconf 86' lang='lat' dir='ltr'><strong>potius.</strong></span> <span class='ocrx_word' id='word_1_531' title='bbox 1657 5684 1687 5723; x_wconf 90' lang='lat' dir='ltr'><strong>e</strong></span> <span class='ocrx_word' id='word_1_532' title='bbox 1728 5686 1835 5739; x_wconf 88' lang='lat' dir='ltr'><strong>quo</strong></span> <span class='ocrx_word' id='word_1_533' title='bbox 1889 5671 1979 5737; x_wconf 79' lang='lat' dir='ltr'><strong>hic</strong></span> <span class='ocrx_word' id='word_1_534' title='bbox 2019 5673 2162 5729; x_wconf 91' lang='lat' dir='ltr'><strong>illam</strong></span> 
     </span>
    </p>
   </div>
   <div class='ocr_carea' id='block_1_75' title="bbox 581 5751 2162 5834">
    <p class='ocr_par' dir='ltr' id='par_1_75' title="bbox 581 5751 2162 5834">
     <span class='ocr_line' id='line_1_75' title="bbox 581 5751 2162 5834; baseline 0.014 -33"><span class='ocrx_word' id='word_1_535' title='bbox 581 5751 788 5824; x_wconf 60' lang='lat' dir='ltr'><strong>hausit,</strong></span> <span class='ocrx_word' id='word_1_536' title='bbox 842 5774 869 5811; x_wconf 92' lang='lat' dir='ltr'><strong>a</strong></span> <span class='ocrx_word' id='word_1_537' title='bbox 925 5760 1223 5834; x_wconf 82' lang='lat' dir='ltr'><strong>primorum</strong></span> <span class='ocrx_word' id='word_1_538' title='bbox 1274 5760 1512 5831; x_wconf 87' lang='lat' dir='ltr'><strong>quinque</strong></span> <span class='ocrx_word' id='word_1_539' title='bbox 1558 5760 1861 5819; x_wconf 72' lang='lat' dir='ltr'><strong>Carthusiae</strong></span> <span class='ocrx_word' id='word_1_540' title='bbox 1914 5763 2162 5825; x_wconf 82' lang='lat' dir='ltr'><strong>Priorum</strong></span> 
     </span>
    </p>
   </div>
   <div class='ocr_carea' id='block_1_76' title="bbox 2298 1937 3871 2012">
    <p class='ocr_par' dir='ltr' id='par_1_76' title="bbox 2298 1937 3871 2012">
     <span class='ocr_line' id='line_1_76' title="bbox 2298 1937 3871 2012; baseline 0.004 -22"><span class='ocrx_word' id='word_1_541' title='bbox 2298 1937 2418 1992; x_wconf 90' lang='lat' dir='ltr'><strong>dem</strong></span> <span class='ocrx_word' id='word_1_542' title='bbox 2462 1953 2527 1993; x_wconf 79' lang='lat' dir='ltr'><strong>ex</strong></span> <span class='ocrx_word' id='word_1_543' title='bbox 2581 1939 2849 2009; x_wconf 87' lang='lat' dir='ltr'><strong>adjunctis</strong></span> <span class='ocrx_word' id='word_1_544' title='bbox 2902 1941 3045 1996; x_wconf 87' lang='lat' dir='ltr'><strong>inter</strong></span> <span class='ocrx_word' id='word_1_545' title='bbox 3091 1956 3149 1997; x_wconf 90' lang='lat' dir='ltr'><strong>se</strong></span> <span class='ocrx_word' id='word_1_546' title='bbox 3214 1941 3580 2012; x_wconf 73' lang='lat' dir='ltr'><strong>pugnantibus</strong></span> <span class='ocrx_word' id='word_1_547' title='bbox 3627 1959 3728 1999; x_wconf 91' lang='lat' dir='ltr'><strong>nec</strong></span> <span class='ocrx_word' id='word_1_548' title='bbox 3778 1945 3871 1997; x_wconf 84' lang='lat' dir='ltr'><strong>ulla</strong></span> 
     </span>
    </p>
   </div>
   <div class='ocr_carea' id='block_1_77' title="bbox 2300 2029 3873 2104">
    <p class='ocr_par' dir='ltr' id='par_1_77' title="bbox 2300 2029 3873 2104">
     <span class='ocr_line' id='line_1_77' title="bbox 2300 2029 3873 2104; baseline 0.006 -23"><span class='ocrx_word' id='word_1_549' title='bbox 2300 2029 2514 2083; x_wconf 89' lang='lat' dir='ltr'><strong>ratione</strong></span> <span class='ocrx_word' id='word_1_550' title='bbox 2557 2030 2608 2083; x_wconf 91' lang='lat' dir='ltr'><strong>in</strong></span> <span class='ocrx_word' id='word_1_551' title='bbox 2658 2032 3007 2086; x_wconf 87' lang='lat' dir='ltr'><strong>concordiam</strong></span> <span class='ocrx_word' id='word_1_552' title='bbox 3044 2033 3226 2087; x_wconf 88' lang='lat' dir='ltr'><strong>vocari</strong></span> <span class='ocrx_word' id='word_1_553' title='bbox 3279 2032 3423 2086; x_wconf 90' lang='lat' dir='ltr'><strong>natis</strong></span> <span class='ocrx_word' id='word_1_554' title='bbox 3472 2034 3624 2102; x_wconf 88' lang='lat' dir='ltr'><strong>argui</strong></span> <span class='ocrx_word' id='word_1_555' title='bbox 3672 2050 3873 2104; x_wconf 88' lang='lat' dir='ltr'><strong>semper</strong></span> 
     </span>
    </p>
   </div>
   <div class='ocr_carea' id='block_1_78' title="bbox 2297 2123 3870 2193">
    <p class='ocr_par' dir='ltr' id='par_1_78' title="bbox 2297 2123 3870 2193">
     <span class='ocr_line' id='line_1_78' title="bbox 2297 2123 3870 2193; baseline 0.006 -21"><span class='ocrx_word' id='word_1_556' title='bbox 2297 2128 2493 2189; x_wconf 84' lang='lat' dir='ltr'><strong>potest,</strong></span> <span class='ocrx_word' id='word_1_557' title='bbox 2528 2123 2891 2189; x_wconf 86' lang='lat' dir='ltr'><strong>narrationes,</strong></span> <span class='ocrx_word' id='word_1_558' title='bbox 2928 2124 2980 2177; x_wconf 90' lang='lat' dir='ltr'><strong>in</strong></span> <span class='ocrx_word' id='word_1_559' title='bbox 3016 2125 3214 2193; x_wconf 89' lang='lat' dir='ltr'><strong>quibus</strong></span> <span class='ocrx_word' id='word_1_560' title='bbox 3245 2124 3359 2178; x_wconf 68' lang='lat' dir='ltr'><strong>haec</strong></span> <span class='ocrx_word' id='word_1_561' title='bbox 3385 2136 3705 2191; x_wconf 84' lang='lat' dir='ltr'><strong>occurrunt,</strong></span> <span class='ocrx_word' id='word_1_562' title='bbox 3740 2127 3870 2182; x_wconf 88' lang='lat' dir='ltr'><strong>circa</strong></span> 
     </span>
    </p>
   </div>
   <div class='ocr_carea' id='block_1_79' title="bbox 2297 2212 3869 2287">
    <p class='ocr_par' dir='ltr' id='par_1_79' title="bbox 2297 2212 3869 2287">
     <span class='ocr_line' id='line_1_79' title="bbox 2297 2212 3869 2287; baseline 0.006 -24"><span class='ocrx_word' id='word_1_563' title='bbox 2297 2225 2386 2265; x_wconf 91' lang='lat' dir='ltr'><strong>res</strong></span> <span class='ocrx_word' id='word_1_564' title='bbox 2428 2212 2629 2266; x_wconf 86' lang='lat' dir='ltr'><strong>versari</strong></span> <span class='ocrx_word' id='word_1_565' title='bbox 2663 2213 2926 2269; x_wconf 83' lang='lat' dir='ltr'><strong>diversas.</strong></span> <span class='ocrx_word' id='word_1_566' title='bbox 2966 2214 3385 2269; x_wconf 81' lang='lat' dir='ltr'><strong>Constantinum</strong></span> <span class='ocrx_word' id='word_1_567' title='bbox 3433 2216 3682 2283; x_wconf 81' lang='lat' dir='ltr'><strong>Magnum</strong></span> <span class='ocrx_word' id='word_1_568' title='bbox 3723 2218 3869 2287; x_wconf 81' lang='lat' dir='ltr'><strong>impe-</strong></span> 
     </span>
    </p>
   </div>
   <div class='ocr_carea' id='block_1_80' title="bbox 2296 2306 3868 2376">
    <p class='ocr_par' dir='ltr' id='par_1_80' title="bbox 2296 2306 3868 2376">
     <span class='ocr_line' id='line_1_80' title="bbox 2296 2306 3868 2376; baseline 0.004 -20"><span class='ocrx_word' id='word_1_569' title='bbox 2296 2313 2554 2361; x_wconf 84' lang='lat' dir='ltr'><strong>ratorem.</strong></span> <span class='ocrx_word' id='word_1_570' title='bbox 2599 2315 2662 2358; x_wconf 92' lang='lat' dir='ltr'><strong>ut</strong></span> <span class='ocrx_word' id='word_1_571' title='bbox 2702 2306 2918 2359; x_wconf 89' lang='lat' dir='ltr'><strong>militari</strong></span> <span class='ocrx_word' id='word_1_572' title='bbox 2952 2308 3125 2376; x_wconf 79' lang='lat' dir='ltr'><strong>signo,</strong></span> <span class='ocrx_word' id='word_1_573' title='bbox 3171 2308 3221 2360; x_wconf 91' lang='lat' dir='ltr'><strong>in</strong></span> <span class='ocrx_word' id='word_1_574' title='bbox 3259 2308 3438 2361; x_wconf 87' lang='lat' dir='ltr'><strong>crucis</strong></span> <span class='ocrx_word' id='word_1_575' title='bbox 3482 2308 3698 2362; x_wconf 90' lang='lat' dir='ltr'><strong>modum</strong></span> <span class='ocrx_word' id='word_1_576' title='bbox 3727 2308 3868 2363; x_wconf 76' lang='lat' dir='ltr'><strong>effor-</strong></span> 
     </span>
    </p>
   </div>
   <div class='ocr_carea' id='block_1_81' title="bbox 2296 2395 3870 2468">
    <p class='ocr_par' dir='ltr' id='par_1_81' title="bbox 2296 2395 3870 2468">
     <span class='ocr_line' id='line_1_81' title="bbox 2296 2395 3870 2468; baseline 0.006 -22"><span class='ocrx_word' id='word_1_577' title='bbox 2296 2404 2464 2456; x_wconf 81' lang='lat' dir='ltr'><strong>mato,</strong></span> <span class='ocrx_word' id='word_1_578' title='bbox 2502 2395 2554 2449; x_wconf 91' lang='lat' dir='ltr'><strong>in</strong></span> <span class='ocrx_word' id='word_1_579' title='bbox 2602 2398 2845 2450; x_wconf 73' lang='lat' dir='ltr'><strong>exercitu</strong></span> <span class='ocrx_word' id='word_1_580' title='bbox 2896 2397 3157 2453; x_wconf 82' lang='lat' dir='ltr'><strong>adversus</strong></span> <span class='ocrx_word' id='word_1_581' title='bbox 3206 2397 3536 2452; x_wconf 81' lang='lat' dir='ltr'><strong>Maxentium</strong></span> <span class='ocrx_word' id='word_1_582' title='bbox 3583 2400 3870 2468; x_wconf 79' lang='lat' dir='ltr'><strong>pra-lialuro</strong></span> 
     </span>
    </p>
   </div>
   <div class='ocr_carea' id='block_1_82' title="bbox 2296 2486 3868 2555">
    <p class='ocr_par' dir='ltr' id='par_1_82' title="bbox 2296 2486 3868 2555">
     <span class='ocr_line' id='line_1_82' title="bbox 2296 2486 3868 2555; baseline 0.004 -17"><span class='ocrx_word' id='word_1_583' title='bbox 2296 2486 2891 2549; x_wconf 48' lang='lat' dir='ltr'><strong>utereturﬂdivinitns</strong></span> <span class='ocrx_word' id='word_1_584' title='bbox 2954 2488 3004 2541; x_wconf 91' lang='lat' dir='ltr'><strong>in</strong></span> <span class='ocrx_word' id='word_1_585' title='bbox 3084 2488 3291 2543; x_wconf 89' lang='lat' dir='ltr'><strong>somnis</strong></span> <span class='ocrx_word' id='word_1_586' title='bbox 3346 2490 3613 2543; x_wconf 88' lang='lat' dir='ltr'><strong>monitum</strong></span> <span class='ocrx_word' id='word_1_587' title='bbox 3675 2490 3868 2555; x_wconf 86' lang='lat' dir='ltr'><strong>fuisse,</strong></span> 
     </span>
    </p>
   </div>
   <div class='ocr_carea' id='block_1_83' title="bbox 2296 2574 3867 2648">
    <p class='ocr_par' dir='ltr' id='par_1_83' title="bbox 2296 2574 3867 2648">
     <span class='ocr_line' id='line_1_83' title="bbox 2296 2574 3867 2648; baseline 0.003 -19"><span class='ocrx_word' id='word_1_588' title='bbox 2296 2574 2607 2631; x_wconf 83' lang='lat' dir='ltr'><strong>Firmianns</strong></span> <span class='ocrx_word' id='word_1_589' title='bbox 2652 2577 2967 2634; x_wconf 86' lang='lat' dir='ltr'><strong>Lactantius</strong></span> <span class='ocrx_word' id='word_1_590' title='bbox 2998 2580 3139 2648; x_wconf 89' lang='lat' dir='ltr'><strong>apud</strong></span> <span class='ocrx_word' id='word_1_591' title='bbox 3168 2579 3446 2633; x_wconf 88' lang='lat' dir='ltr'><strong>Balnzium</strong></span> <span class='ocrx_word' id='word_1_592' title='bbox 3479 2580 3574 2634; x_wconf 88' lang='lat' dir='ltr'><strong>lib.</strong></span> <span class='ocrx_word' id='word_1_593' title='bbox 3602 2596 3640 2635; x_wconf 83' lang='grc' dir='ltr'><strong><em>ιι</em></strong></span> <span class='ocrx_word' id='word_1_594' title='bbox 3682 2579 3867 2636; x_wconf 82' lang='lat' dir='ltr'><strong>Miscel-</strong></span> 
     </span>
    </p>
   </div>
   <div class='ocr_carea' id='block_1_84' title="bbox 2294 2669 3873 2742">
    <p class='ocr_par' dir='ltr' id='par_1_84' title="bbox 2294 2669 3873 2742">
     <span class='ocr_line' id='line_1_84' title="bbox 2294 2669 3873 2742; baseline 0.003 -19"><span class='ocrx_word' id='word_1_595' title='bbox 2294 2669 2595 2734; x_wconf 77' lang='lat' dir='ltr'><strong>lanenrum,</strong></span> <span class='ocrx_word' id='word_1_596' title='bbox 2642 2685 2761 2742; x_wconf 81' lang='lat' dir='ltr'><strong>pag.</strong></span> <span class='ocrx_word' id='word_1_597' title='bbox 2804 2671 2869 2725; x_wconf 80' lang='grc'>57</span> <span class='ocrx_word' id='word_1_598' title='bbox 2924 2672 3199 2726; x_wconf 77' lang='lat' dir='ltr'><strong>memoria:</strong></span> <span class='ocrx_word' id='word_1_599' title='bbox 3253 2672 3454 2741; x_wconf 85' lang='lat' dir='ltr'><strong>prodit.</strong></span> <span class='ocrx_word' id='word_1_600' title='bbox 3517 2672 3661 2727; x_wconf 86' lang='lat' dir='ltr'><strong>Idem</strong></span> <span class='ocrx_word' id='word_1_601' title='bbox 3719 2675 3873 2727; x_wconf 86' lang='lat' dir='ltr'><strong>etiam</strong></span> 
     </span>
    </p>
   </div>
   <div class='ocr_carea' id='block_1_85' title="bbox 2296 2757 3870 2833">
    <p class='ocr_par' dir='ltr' id='par_1_85' title="bbox 2296 2757 3870 2833">
     <span class='ocr_line' id='line_1_85' title="bbox 2296 2757 3870 2833; baseline 0.004 -22"><span class='ocrx_word' id='word_1_602' title='bbox 2296 2757 2424 2813; x_wconf 73' lang='lat' dir='ltr'><strong>facit</strong></span> <span class='ocrx_word' id='word_1_603' title='bbox 2475 2759 2526 2813; x_wconf 95' lang='lat' dir='ltr'><strong>in</strong></span> <span class='ocrx_word' id='word_1_604' title='bbox 2576 2758 2693 2814; x_wconf 70' lang='lat' dir='ltr'><strong>Vita</strong></span> <span class='ocrx_word' id='word_1_605' title='bbox 2740 2762 2981 2831; x_wconf 88' lang='lat' dir='ltr'><strong>ejusdem</strong></span> <span class='ocrx_word' id='word_1_606' title='bbox 3030 2760 3374 2817; x_wconf 89' lang='lat' dir='ltr'><strong>Constantini</strong></span> <span class='ocrx_word' id='word_1_607' title='bbox 3422 2762 3516 2817; x_wconf 87' lang='lat' dir='ltr'><strong>lib.</strong></span> <span class='ocrx_word' id='word_1_608' title='bbox 3566 2778 3613 2827; x_wconf 75' lang='grc' dir='ltr'><strong>ι,</strong></span> <span class='ocrx_word' id='word_1_609' title='bbox 3658 2778 3777 2833; x_wconf 86' lang='lat' dir='ltr'><strong>cap.</strong></span> <span class='ocrx_word' id='word_1_610' title='bbox 3809 2763 3870 2817; x_wconf 69' lang='lat'><strong>29</strong></span> 
     </span>
    </p>
   </div>
   <div class='ocr_carea' id='block_1_86' title="bbox 2294 2847 3871 2923">
    <p class='ocr_par' dir='ltr' id='par_1_86' title="bbox 2294 2847 3871 2923">
     <span class='ocr_line' id='line_1_86' title="bbox 2294 2847 3871 2923; baseline 0.004 -21"><span class='ocrx_word' id='word_1_611' title='bbox 2294 2847 2580 2903; x_wconf 82' lang='lat' dir='ltr'><strong>Eusebius.</strong></span> <span class='ocrx_word' id='word_1_612' title='bbox 2624 2850 2819 2904; x_wconf 84' lang='lat' dir='ltr'><strong>Verum</strong></span> <span class='ocrx_word' id='word_1_613' title='bbox 2876 2852 2929 2905; x_wconf 90' lang='lat' dir='ltr'><strong>in</strong></span> <span class='ocrx_word' id='word_1_614' title='bbox 2968 2858 3243 2921; x_wconf 89' lang='lat' dir='ltr'><strong>tempore,</strong></span> <span class='ocrx_word' id='word_1_615' title='bbox 3297 2867 3405 2923; x_wconf 92' lang='lat' dir='ltr'><strong>qno</strong></span> <span class='ocrx_word' id='word_1_616' title='bbox 3446 2852 3583 2907; x_wconf 91' lang='lat' dir='ltr'><strong>visio</strong></span> <span class='ocrx_word' id='word_1_617' title='bbox 3618 2853 3707 2907; x_wconf 86' lang='lat' dir='ltr'><strong>illa</strong></span> <span class='ocrx_word' id='word_1_618' title='bbox 3746 2853 3871 2908; x_wconf 89' lang='lat' dir='ltr'><strong>Con-</strong></span> 
     </span>
    </p>
   </div>
   <div class='ocr_carea' id='block_1_87' title="bbox 2294 2938 3869 3011">
    <p class='ocr_par' dir='ltr' id='par_1_87' title="bbox 2294 2938 3869 3011">
     <span class='ocr_line' id='line_1_87' title="bbox 2294 2938 3869 3011; baseline 0.004 -20"><span class='ocrx_word' id='word_1_619' title='bbox 2294 2938 2534 2992; x_wconf 87' lang='lat' dir='ltr'><strong>stantino</strong></span> <span class='ocrx_word' id='word_1_620' title='bbox 2584 2938 2745 2993; x_wconf 88' lang='lat' dir='ltr'><strong>fuerit</strong></span> <span class='ocrx_word' id='word_1_621' title='bbox 2789 2939 3003 3005; x_wconf 85' lang='lat' dir='ltr'><strong>oblata,</strong></span> <span class='ocrx_word' id='word_1_622' title='bbox 3055 2941 3213 2995; x_wconf 91' lang='lat' dir='ltr'><strong>binos</strong></span> <span class='ocrx_word' id='word_1_623' title='bbox 3262 2942 3405 2994; x_wconf 90' lang='lat' dir='ltr'><strong>inter</strong></span> <span class='ocrx_word' id='word_1_624' title='bbox 3431 2944 3723 3011; x_wconf 90' lang='lat' dir='ltr'><strong>scriptores</strong></span> <span class='ocrx_word' id='word_1_625' title='bbox 3767 2942 3869 2997; x_wconf 89' lang='lat' dir='ltr'><strong>illos</strong></span> 
     </span>
    </p>
   </div>
   <div class='ocr_carea' id='block_1_88' title="bbox 2295 3030 3865 3100">
    <p class='ocr_par' dir='ltr' id='par_1_88' title="bbox 2295 3030 3865 3100">
     <span class='ocr_line' id='line_1_88' title="bbox 2295 3030 3865 3100; baseline 0.004 -18"><span class='ocrx_word' id='word_1_626' title='bbox 2295 3030 2516 3085; x_wconf 90' lang='lat' dir='ltr'><strong>minime</strong></span> <span class='ocrx_word' id='word_1_627' title='bbox 2541 3032 2816 3085; x_wconf 88' lang='lat' dir='ltr'><strong>convenit.</strong></span> <span class='ocrx_word' id='word_1_628' title='bbox 2860 3031 2990 3086; x_wconf 87' lang='lat' dir='ltr'><strong>Eam</strong></span> <span class='ocrx_word' id='word_1_629' title='bbox 3026 3033 3169 3087; x_wconf 90' lang='lat' dir='ltr'><strong>enim</strong></span> <span class='ocrx_word' id='word_1_630' title='bbox 3202 3033 3522 3089; x_wconf 89' lang='lat' dir='ltr'><strong>Lactantius</strong></span> <span class='ocrx_word' id='word_1_631' title='bbox 3550 3051 3673 3090; x_wconf 91' lang='lat' dir='ltr'><strong>cum</strong></span> <span class='ocrx_word' id='word_1_632' title='bbox 3703 3044 3865 3100; x_wconf 87' lang='lat' dir='ltr'><strong>nocte,</strong></span> 
     </span>
    </p>
   </div>
   <div class='ocr_carea' id='block_1_89' title="bbox 2292 3123 3863 3196">
    <p class='ocr_par' dir='ltr' id='par_1_89' title="bbox 2292 3123 3863 3196">
     <span class='ocr_line' id='line_1_89' title="bbox 2292 3123 3863 3196; baseline 0.001 -19"><span class='ocrx_word' id='word_1_633' title='bbox 2292 3123 2637 3178; x_wconf 75' lang='lat' dir='ltr'><strong>commissam</strong></span> <span class='ocrx_word' id='word_1_634' title='bbox 2690 3124 2777 3178; x_wconf 91' lang='lat' dir='ltr'><strong>die</strong></span> <span class='ocrx_word' id='word_1_635' title='bbox 2836 3123 2905 3177; x_wconf 74' lang='grc'><strong>27</strong></span> <span class='ocrx_word' id='word_1_636' title='bbox 2952 3123 3207 3180; x_wconf 87' lang='lat' dir='ltr'><strong>Octobris</strong></span> <span class='ocrx_word' id='word_1_637' title='bbox 3257 3127 3387 3180; x_wconf 86' lang='lat' dir='ltr'><strong>anni</strong></span> <span class='ocrx_word' id='word_1_638' title='bbox 3432 3127 3537 3181; x_wconf 73' lang='lat'><strong>51.2</strong></span> <span class='ocrx_word' id='word_1_639' title='bbox 3568 3129 3631 3181; x_wconf 88' lang='lat' dir='ltr'><strong>ad</strong></span> <span class='ocrx_word' id='word_1_640' title='bbox 3663 3136 3863 3196; x_wconf 87' lang='lat' dir='ltr'><strong>pontem</strong></span> 
     </span>
    </p>
   </div>
   <div class='ocr_carea' id='block_1_90' title="bbox 2291 3216 3866 3291">
    <p class='ocr_par' dir='ltr' id='par_1_90' title="bbox 2291 3216 3866 3291">
     <span class='ocr_line' id='line_1_90' title="bbox 2291 3216 3866 3291; baseline 0.002 -21"><span class='ocrx_word' id='word_1_641' title='bbox 2291 3216 2502 3271; x_wconf 90' lang='lat' dir='ltr'><strong>Tiberis</strong></span> <span class='ocrx_word' id='word_1_642' title='bbox 2531 3233 2789 3286; x_wconf 85' lang='lat' dir='ltr'><strong>pugnam,</strong></span> <span class='ocrx_word' id='word_1_643' title='bbox 2825 3217 2876 3271; x_wconf 92' lang='lat' dir='ltr'><strong>in</strong></span> <span class='ocrx_word' id='word_1_644' title='bbox 2907 3232 3010 3287; x_wconf 88' lang='lat' dir='ltr'><strong>qua</strong></span> <span class='ocrx_word' id='word_1_645' title='bbox 3045 3217 3350 3273; x_wconf 77' lang='lat' dir='ltr'><strong>Maxentius</strong></span> <span class='ocrx_word' id='word_1_646' title='bbox 3380 3219 3611 3283; x_wconf 86' lang='lat' dir='ltr'><strong>interiit,</strong></span> <span class='ocrx_word' id='word_1_647' title='bbox 3639 3220 3866 3291; x_wconf 73' lang='lat' dir='ltr'><strong>proxime</strong></span> 
     </span>
    </p>
   </div>
   <div class='ocr_carea' id='block_1_91' title="bbox 2286 3310 3864 3381">
    <p class='ocr_par' dir='ltr' id='par_1_91' title="bbox 2286 3310 3864 3381">
     <span class='ocr_line' id='line_1_91' title="bbox 2286 3310 3864 3381; baseline 0.004 -21"><span class='ocrx_word' id='word_1_648' title='bbox 2286 3322 2609 3378; x_wconf 76' lang='lat' dir='ltr'><strong>praegressa,</strong></span> <span class='ocrx_word' id='word_1_649' title='bbox 2639 3310 2946 3381; x_wconf 86' lang='lat' dir='ltr'><strong>conjungit;</strong></span> <span class='ocrx_word' id='word_1_650' title='bbox 2980 3310 3246 3365; x_wconf 59' lang='lat' dir='ltr'><strong>Eusebius</strong></span> <span class='ocrx_word' id='word_1_651' title='bbox 3278 3326 3406 3366; x_wconf 88' lang='lat' dir='ltr'><strong>vero</strong></span> <span class='ocrx_word' id='word_1_652' title='bbox 3444 3313 3533 3377; x_wconf 89' lang='lat' dir='ltr'><strong>iis,</strong></span> <span class='ocrx_word' id='word_1_653' title='bbox 3559 3327 3676 3381; x_wconf 67' lang='lat' dir='ltr'><strong>qutt-</strong></span> <span class='ocrx_word' id='word_1_654' title='bbox 3699 3312 3787 3367; x_wconf 89' lang='lat' dir='ltr'><strong>lib.</strong></span> <span class='ocrx_word' id='word_1_655' title='bbox 3808 3311 3864 3366; x_wconf 87' lang='lat' dir='ltr'><strong>de</strong></span> 
     </span>
    </p>
   </div>
   <div class='ocr_carea' id='block_1_92' title="bbox 2286 3398 3860 3472">
    <p class='ocr_par' dir='ltr' id='par_1_92' title="bbox 2286 3398 3860 3472">
     <span class='ocr_line' id='line_1_92' title="bbox 2286 3398 3860 3472; baseline 0.002 -19"><span class='ocrx_word' id='word_1_656' title='bbox 2286 3398 2408 3453; x_wconf 75' lang='lat' dir='ltr'><strong>V‘ita</strong></span> <span class='ocrx_word' id='word_1_657' title='bbox 2432 3398 2774 3454; x_wconf 88' lang='lat' dir='ltr'><strong>Constantini</strong></span> <span class='ocrx_word' id='word_1_658' title='bbox 2816 3401 2909 3455; x_wconf 91' lang='lat' dir='ltr'><strong>cit.</strong></span> <span class='ocrx_word' id='word_1_659' title='bbox 2946 3416 3103 3472; x_wconf 88' lang='lat' dir='ltr'><strong>capp.</strong></span> <span class='ocrx_word' id='word_1_660' title='bbox 3142 3402 3235 3468; x_wconf 72' lang='lat'><strong>28,</strong></span> <span class='ocrx_word' id='word_1_661' title='bbox 3263 3403 3332 3458; x_wconf 71' lang='lat'>29</span> <span class='ocrx_word' id='word_1_662' title='bbox 3362 3413 3417 3457; x_wconf 92' lang='lat' dir='ltr'><strong>et</strong></span> <span class='ocrx_word' id='word_1_663' title='bbox 3442 3403 3510 3456; x_wconf 77' lang='grc'>57</span> <span class='ocrx_word' id='word_1_664' title='bbox 3538 3404 3745 3471; x_wconf 84' lang='lat' dir='ltr'><strong>scribit,</strong></span> <span class='ocrx_word' id='word_1_665' title='bbox 3768 3419 3860 3459; x_wconf 87' lang='lat' dir='ltr'><strong>non</strong></span> 
     </span>
    </p>
   </div>
   <div class='ocr_carea' id='block_1_93' title="bbox 2283 3488 3862 3561">
    <p class='ocr_par' dir='ltr' id='par_1_93' title="bbox 2283 3488 3862 3561">
     <span class='ocr_line' id='line_1_93' title="bbox 2283 3488 3862 3561; baseline 0.004 -18"><span class='ocrx_word' id='word_1_666' title='bbox 2283 3488 2513 3545; x_wconf 91' lang='lat' dir='ltr'><strong>obscure</strong></span> <span class='ocrx_word' id='word_1_667' title='bbox 2555 3492 2801 3557; x_wconf 88' lang='lat' dir='ltr'><strong>indicat,</strong></span> <span class='ocrx_word' id='word_1_668' title='bbox 2851 3503 2979 3548; x_wconf 91' lang='lat' dir='ltr'><strong>tunc</strong></span> <span class='ocrx_word' id='word_1_669' title='bbox 3025 3492 3251 3561; x_wconf 88' lang='lat' dir='ltr'><strong>factam,</strong></span> <span class='ocrx_word' id='word_1_670' title='bbox 3316 3510 3437 3549; x_wconf 85' lang='lat' dir='ltr'><strong>cum</strong></span> <span class='ocrx_word' id='word_1_671' title='bbox 3484 3496 3862 3550; x_wconf 88' lang='lat' dir='ltr'><strong>Constantinus</strong></span> 
     </span>
    </p>
   </div>
   <div class='ocr_carea' id='block_1_94' title="bbox 2283 3579 3863 3656">
    <p class='ocr_par' dir='ltr' id='par_1_94' title="bbox 2283 3579 3863 3656">
     <span class='ocr_line' id='line_1_94' title="bbox 2283 3579 3863 3656; baseline 0.006 -25"><span class='ocrx_word' id='word_1_672' title='bbox 2283 3579 2459 3634; x_wconf 90' lang='lat' dir='ltr'><strong>adhuc</strong></span> <span class='ocrx_word' id='word_1_673' title='bbox 2491 3580 2544 3633; x_wconf 90' lang='lat' dir='ltr'><strong>in</strong></span> <span class='ocrx_word' id='word_1_674' title='bbox 2589 3580 2779 3636; x_wconf 89' lang='lat' dir='ltr'><strong>Galliis</strong></span> <span class='ocrx_word' id='word_1_675' title='bbox 2809 3592 2975 3649; x_wconf 89' lang='lat' dir='ltr'><strong>esset,</strong></span> <span class='ocrx_word' id='word_1_676' title='bbox 3005 3586 3344 3656; x_wconf 89' lang='lat' dir='ltr'><strong>necdumque</strong></span> <span class='ocrx_word' id='word_1_677' title='bbox 3375 3585 3540 3656; x_wconf 82' lang='lat' dir='ltr'><strong>Alpes</strong></span> <span class='ocrx_word' id='word_1_678' title='bbox 3576 3588 3627 3641; x_wconf 92' lang='lat' dir='ltr'><strong>in</strong></span> <span class='ocrx_word' id='word_1_679' title='bbox 3660 3587 3863 3641; x_wconf 77' lang='lat' dir='ltr'><strong>Maxen-</strong></span> 
     </span>
    </p>
   </div>
   <div class='ocr_carea' id='block_1_95' title="bbox 2282 3670 3862 3749">
    <p class='ocr_par' dir='ltr' id='par_1_95' title="bbox 2282 3670 3862 3749">
     <span class='ocr_line' id='line_1_95' title="bbox 2282 3670 3862 3749; baseline 0.003 -26"><span class='ocrx_word' id='word_1_680' title='bbox 2282 3670 2415 3725; x_wconf 88' lang='lat' dir='ltr'><strong>tium</strong></span> <span class='ocrx_word' id='word_1_681' title='bbox 2447 3686 2597 3726; x_wconf 87' lang='lat' dir='ltr'><strong>arma</strong></span> <span class='ocrx_word' id='word_1_682' title='bbox 2641 3680 2908 3738; x_wconf 91' lang='lat' dir='ltr'><strong>moturus,</strong></span> <span class='ocrx_word' id='word_1_683' title='bbox 2938 3673 3262 3743; x_wconf 77' lang='lat' dir='ltr'><strong>traiecisset,</strong></span> <span class='ocrx_word' id='word_1_684' title='bbox 3307 3691 3370 3731; x_wconf 91' lang='lat' dir='ltr'><strong>ac</strong></span> <span class='ocrx_word' id='word_1_685' title='bbox 3406 3677 3564 3747; x_wconf 91' lang='lat' dir='ltr'><strong>proin</strong></span> <span class='ocrx_word' id='word_1_686' title='bbox 3584 3677 3862 3749; x_wconf 63' lang='lat' dir='ltr'><strong>.aliquanto</strong></span> 
     </span>
    </p>
   </div>
   <div class='ocr_carea' id='block_1_96' title="bbox 2281 3764 3863 3839">
    <p class='ocr_par' dir='ltr' id='par_1_96' title="bbox 2281 3764 3863 3839">
     <span class='ocr_line' id='line_1_96' title="bbox 2281 3764 3863 3839; baseline 0.002 -22"><span class='ocrx_word' id='word_1_687' title='bbox 2281 3764 2540 3832; x_wconf 89' lang='lat' dir='ltr'><strong>temporis</strong></span> <span class='ocrx_word' id='word_1_688' title='bbox 2565 3765 2743 3834; x_wconf 90' lang='lat' dir='ltr'><strong>spatio</strong></span> <span class='ocrx_word' id='word_1_689' title='bbox 2791 3774 2917 3820; x_wconf 89' lang='lat' dir='ltr'><strong>ante</strong></span> <span class='ocrx_word' id='word_1_690' title='bbox 2960 3767 3158 3821; x_wconf 85' lang='lat' dir='ltr'><strong>dictam</strong></span> <span class='ocrx_word' id='word_1_691' title='bbox 3191 3776 3428 3823; x_wconf 87' lang='lat' dir='ltr'><strong>noctem.</strong></span> <span class='ocrx_word' id='word_1_692' title='bbox 3472 3768 3719 3839; x_wconf 88' lang='lat' dir='ltr'><strong>Pugnant</strong></span> <span class='ocrx_word' id='word_1_693' title='bbox 3745 3783 3863 3836; x_wconf 86' lang='lat' dir='ltr'><strong>ergo</strong></span> 
     </span>
    </p>
   </div>
   <div class='ocr_carea' id='block_1_97' title="bbox 2280 3852 3858 3929">
    <p class='ocr_par' dir='ltr' id='par_1_97' title="bbox 2280 3852 3858 3929">
     <span class='ocr_line' id='line_1_97' title="bbox 2280 3852 3858 3929; baseline 0.004 -22"><span class='ocrx_word' id='word_1_694' title='bbox 2280 3852 2545 3908; x_wconf 84' lang='lat' dir='ltr'><strong>Eusebius</strong></span> <span class='ocrx_word' id='word_1_695' title='bbox 2600 3864 2655 3909; x_wconf 87' lang='lat' dir='ltr'><strong>et</strong></span> <span class='ocrx_word' id='word_1_696' title='bbox 2711 3855 3030 3911; x_wconf 89' lang='lat' dir='ltr'><strong>Lactantius</strong></span> <span class='ocrx_word' id='word_1_697' title='bbox 3081 3858 3134 3911; x_wconf 91' lang='lat' dir='ltr'><strong>in</strong></span> <span class='ocrx_word' id='word_1_698' title='bbox 3187 3859 3491 3929; x_wconf 87' lang='lat' dir='ltr'><strong>adjunctis,</strong></span> <span class='ocrx_word' id='word_1_699' title='bbox 3549 3869 3604 3915; x_wconf 90' lang='lat' dir='ltr'><strong>et</strong></span> <span class='ocrx_word' id='word_1_700' title='bbox 3654 3870 3858 3923; x_wconf 80' lang='lat' dir='ltr'><strong>tamen,</strong></span> 
     </span>
    </p>
   </div>
   <div class='ocr_carea' id='block_1_98' title="bbox 2279 3949 3863 4020">
    <p class='ocr_par' dir='ltr' id='par_1_98' title="bbox 2279 3949 3863 4020">
     <span class='ocr_line' id='line_1_98' title="bbox 2279 3949 3863 4020; baseline 0.002 -16"><span class='ocrx_word' id='word_1_701' title='bbox 2279 3949 2415 4004; x_wconf 91' lang='lat' dir='ltr'><strong>duas</strong></span> <span class='ocrx_word' id='word_1_702' title='bbox 2457 3950 2648 4004; x_wconf 92' lang='lat' dir='ltr'><strong>horum</strong></span> <span class='ocrx_word' id='word_1_703' title='bbox 2684 3952 3012 4020; x_wconf 90' lang='lat' dir='ltr'><strong>scriptorum</strong></span> <span class='ocrx_word' id='word_1_704' title='bbox 3063 3953 3409 4008; x_wconf 80' lang='lat' dir='ltr'><strong>narrationes</strong></span> <span class='ocrx_word' id='word_1_705' title='bbox 3451 3954 3605 4008; x_wconf 87' lang='lat' dir='ltr'><strong>circa</strong></span> <span class='ocrx_word' id='word_1_706' title='bbox 3635 3954 3863 4008; x_wconf 84' lang='lat' dir='ltr'><strong>diversas</strong></span> 
     </span>
    </p>
   </div>
   <div class='ocr_carea' id='block_1_99' title="bbox 2277 4040 3857 4105">
    <p class='ocr_par' dir='ltr' id='par_1_99' title="bbox 2277 4040 3857 4105">
     <span class='ocr_line' id='line_1_99' title="bbox 2277 4040 3857 4105; baseline 0.002 -10"><span class='ocrx_word' id='word_1_707' title='bbox 2277 4040 2637 4098; x_wconf 81' lang='lat' dir='ltr'><strong>Constantino</strong></span> <span class='ocrx_word' id='word_1_708' title='bbox 2687 4044 2900 4103; x_wconf 87' lang='lat' dir='ltr'><strong>oblatas</strong></span> <span class='ocrx_word' id='word_1_709' title='bbox 2929 4044 3173 4101; x_wconf 82' lang='lat' dir='ltr'><strong>visiones</strong></span> <span class='ocrx_word' id='word_1_710' title='bbox 3219 4046 3474 4105; x_wconf 87' lang='lat' dir='ltr'><strong>versari.</strong></span> <span class='ocrx_word' id='word_1_711' title='bbox 3515 4056 3721 4103; x_wconf 88' lang='lat' dir='ltr'><strong>certum</strong></span> <span class='ocrx_word' id='word_1_712' title='bbox 3765 4062 3857 4100; x_wconf 91' lang='lat' dir='ltr'><strong>non</strong></span> 
     </span>
    </p>
   </div>
   <div class='ocr_carea' id='block_1_100' title="bbox 2277 4138 2379 4187">
    <p class='ocr_par' dir='ltr' id='par_1_100' title="bbox 2277 4138 2379 4187">
     <span class='ocr_line' id='line_1_100' title="bbox 2277 4138 2379 4187; baseline -0.01 0"><span class='ocrx_word' id='word_1_713' title='bbox 2277 4138 2379 4187; x_wconf 88' lang='lat' dir='ltr'><strong>est.</strong></span> 
     </span>
    </p>
   </div>
   <div class='ocr_carea' id='block_1_101' title="bbox 2348 4221 3858 4294">
    <p class='ocr_par' dir='ltr' id='par_1_101' title="bbox 2348 4221 3858 4294">
     <span class='ocr_line' id='line_1_101' title="bbox 2348 4221 3858 4294; baseline 0.001 -19"><span class='ocrx_word' id='word_1_714' title='bbox 2348 4221 2477 4276; x_wconf 73' lang='lat'><strong>252.</strong></span> <span class='ocrx_word' id='word_1_715' title='bbox 2519 4222 2717 4278; x_wconf 85' lang='lat' dir='ltr'><strong>Juliani</strong></span> <span class='ocrx_word' id='word_1_716' title='bbox 2750 4225 3026 4294; x_wconf 70' lang='lat' dir='ltr'><strong>Apostatae</strong></span> <span class='ocrx_word' id='word_1_717' title='bbox 3055 4225 3110 4280; x_wconf 80' lang='lat' dir='ltr'><strong>in</strong></span> <span class='ocrx_word' id='word_1_718' title='bbox 3142 4224 3286 4281; x_wconf 85' lang='lat' dir='ltr'><strong>bello</strong></span> <span class='ocrx_word' id='word_1_719' title='bbox 3318 4224 3600 4280; x_wconf 88' lang='lat' dir='ltr'><strong>interitum</strong></span> <span class='ocrx_word' id='word_1_720' title='bbox 3633 4226 3858 4282; x_wconf 88' lang='lat' dir='ltr'><strong>referunt</strong></span> 
     </span>
    </p>
   </div>
   <div class='ocr_carea' id='block_1_102' title="bbox 2282 4314 3858 4387">
    <p class='ocr_par' dir='ltr' id='par_1_102' title="bbox 2282 4314 3858 4387">
     <span class='ocr_line' id='line_1_102' title="bbox 2282 4314 3858 4387; baseline -0.001 -19"><span class='ocrx_word' id='word_1_721' title='bbox 2282 4314 2584 4383; x_wconf 89' lang='lat' dir='ltr'><strong>scriptores</strong></span> <span class='ocrx_word' id='word_1_722' title='bbox 2608 4317 2842 4385; x_wconf 62' lang='lat' dir='ltr'><strong>aequales</strong></span> <span class='ocrx_word' id='word_1_723' title='bbox 2874 4326 2969 4371; x_wconf 89' lang='lat' dir='ltr'><strong>aut</strong></span> <span class='ocrx_word' id='word_1_724' title='bbox 2996 4317 3336 4387; x_wconf 76' lang='lat' dir='ltr'><strong>subtequales</strong></span> <span class='ocrx_word' id='word_1_725' title='bbox 3367 4316 3603 4381; x_wconf 87' lang='lat' dir='ltr'><strong>diversi;</strong></span> <span class='ocrx_word' id='word_1_726' title='bbox 3632 4318 3721 4372; x_wconf 90' lang='lat' dir='ltr'><strong>sed</strong></span> <span class='ocrx_word' id='word_1_727' title='bbox 3742 4324 3858 4385; x_wconf 88' lang='lat' dir='ltr'><strong>quot</strong></span> 
     </span>
    </p>
   </div>
   <div class='ocr_carea' id='block_1_103' title="bbox 2278 4404 3852 4479">
    <p class='ocr_par' dir='ltr' id='par_1_103' title="bbox 2278 4404 3852 4479">
     <span class='ocr_line' id='line_1_103' title="bbox 2278 4404 3852 4479; baseline 0.001 -22"><span class='ocrx_word' id='word_1_728' title='bbox 2278 4404 2424 4459; x_wconf 88' lang='lat' dir='ltr'><strong>hunc</strong></span> <span class='ocrx_word' id='word_1_729' title='bbox 2452 4414 2707 4459; x_wconf 88' lang='lat' dir='ltr'><strong>eventum</strong></span> <span class='ocrx_word' id='word_1_730' title='bbox 2739 4406 3010 4474; x_wconf 89' lang='lat' dir='ltr'><strong>adjunctis</strong></span> <span class='ocrx_word' id='word_1_731' title='bbox 3038 4422 3158 4462; x_wconf 87' lang='lat' dir='ltr'><strong>sese</strong></span> <span class='ocrx_word' id='word_1_732' title='bbox 3204 4408 3348 4463; x_wconf 78' lang='lat' dir='ltr'><strong>inter</strong></span> <span class='ocrx_word' id='word_1_733' title='bbox 3376 4408 3740 4479; x_wconf 76' lang='lat' dir='ltr'><strong>pugnantibus</strong></span> <span class='ocrx_word' id='word_1_734' title='bbox 3763 4422 3852 4461; x_wconf 78' lang='lat' dir='ltr'><strong>ex-</strong></span> 
     </span>
    </p>
   </div>
   <div class='ocr_carea' id='block_1_104' title="bbox 2201 4494 3853 4579">
    <p class='ocr_par' dir='ltr' id='par_1_104' title="bbox 2201 4494 3853 4579">
     <span class='ocr_line' id='line_1_104' title="bbox 2201 4494 3853 4579; baseline 0.002 -35"><span class='ocrx_word' id='word_1_735' title='bbox 2201 4495 2507 4579; x_wconf 75' lang='lat' dir='ltr'><strong>Dornant!</strong></span> <span class='ocrx_word' id='word_1_736' title='bbox 2555 4494 2634 4547; x_wconf 84' lang='lat' dir='ltr'><strong>Ad</strong></span> <span class='ocrx_word' id='word_1_737' title='bbox 2666 4495 2799 4559; x_wconf 72' lang='lat' dir='ltr'><strong>haec,</strong></span> <span class='ocrx_word' id='word_1_738' title='bbox 2826 4504 2885 4548; x_wconf 92' lang='lat' dir='ltr'><strong>ut</strong></span> <span class='ocrx_word' id='word_1_739' title='bbox 2912 4497 3078 4550; x_wconf 92' lang='lat' dir='ltr'><strong>etiam</strong></span> <span class='ocrx_word' id='word_1_740' title='bbox 3122 4511 3189 4551; x_wconf 84' lang='lat' dir='ltr'><strong>ex</strong></span> <span class='ocrx_word' id='word_1_741' title='bbox 3240 4503 3379 4568; x_wconf 87' lang='lat' dir='ltr'><strong>ipso,</strong></span> <span class='ocrx_word' id='word_1_742' title='bbox 3435 4499 3580 4567; x_wconf 87' lang='lat' dir='ltr'><strong>quod</strong></span> <span class='ocrx_word' id='word_1_743' title='bbox 3620 4498 3706 4551; x_wconf 89' lang='lat' dir='ltr'><strong>hic</strong></span> <span class='ocrx_word' id='word_1_744' title='bbox 3758 4507 3853 4549; x_wconf 89' lang='lat' dir='ltr'><strong>tra-</strong></span> 
     </span>
    </p>
   </div>
   <div class='ocr_carea' id='block_1_105' title="bbox 2272 4587 3853 4655">
    <p class='ocr_par' dir='ltr' id='par_1_105' title="bbox 2272 4587 3853 4655">
     <span class='ocr_line' id='line_1_105' title="bbox 2272 4587 3853 4655; baseline -0.001 -17"><span class='ocrx_word' id='word_1_745' title='bbox 2272 4593 2505 4646; x_wconf 89' lang='lat' dir='ltr'><strong>ctamus,</strong></span> <span class='ocrx_word' id='word_1_746' title='bbox 2536 4593 2858 4655; x_wconf 82' lang='lat' dir='ltr'><strong>argumento</strong></span> <span class='ocrx_word' id='word_1_747' title='bbox 2886 4587 3195 4655; x_wconf 79' lang='lat' dir='ltr'><strong>exemplum</strong></span> <span class='ocrx_word' id='word_1_748' title='bbox 3225 4588 3511 4654; x_wconf 87' lang='lat' dir='ltr'><strong>adducam,</strong></span> <span class='ocrx_word' id='word_1_749' title='bbox 3541 4588 3853 4643; x_wconf 79' lang='lat' dir='ltr'><strong>horrendum</strong></span> 
     </span>
    </p>
   </div>
   <div class='ocr_carea' id='block_1_106' title="bbox 2270 4675 3851 4751">
    <p class='ocr_par' dir='ltr' id='par_1_106' title="bbox 2270 4675 3851 4751">
     <span class='ocr_line' id='line_1_106' title="bbox 2270 4675 3851 4751; baseline 0 -22"><span class='ocrx_word' id='word_1_750' title='bbox 2270 4675 2508 4732; x_wconf 92' lang='lat' dir='ltr'><strong>doctoris</strong></span> <span class='ocrx_word' id='word_1_751' title='bbox 2536 4677 2775 4732; x_wconf 90' lang='lat' dir='ltr'><strong>damnati</strong></span> <span class='ocrx_word' id='word_1_752' title='bbox 2829 4680 3135 4750; x_wconf 89' lang='lat' dir='ltr'><strong>prodigium</strong></span> <span class='ocrx_word' id='word_1_753' title='bbox 3182 4682 3399 4750; x_wconf 79' lang='lat' dir='ltr'><strong>publice</strong></span> <span class='ocrx_word' id='word_1_754' title='bbox 3430 4698 3617 4737; x_wconf 89' lang='lat' dir='ltr'><strong>coram</strong></span> <span class='ocrx_word' id='word_1_755' title='bbox 3666 4677 3851 4751; x_wconf 86' lang='lat' dir='ltr'><strong>ingenti</strong></span> 
     </span>
    </p>
   </div>
   <div class='ocr_carea' id='block_1_107' title="bbox 2272 4768 3853 4842">
    <p class='ocr_par' dir='ltr' id='par_1_107' title="bbox 2272 4768 3853 4842">
     <span class='ocr_line' id='line_1_107' title="bbox 2272 4768 3853 4842; baseline -0.002 -20"><span class='ocrx_word' id='word_1_756' title='bbox 2272 4768 2550 4822; x_wconf 86' lang='lat' dir='ltr'><strong>hominum</strong></span> <span class='ocrx_word' id='word_1_757' title='bbox 2605 4768 2953 4823; x_wconf 65' lang='lat' dir='ltr'><strong>multitudine</strong></span> <span class='ocrx_word' id='word_1_758' title='bbox 3000 4771 3313 4840; x_wconf 83' lang='lat' dir='ltr'><strong>contigisse,</strong></span> <span class='ocrx_word' id='word_1_759' title='bbox 3348 4772 3645 4841; x_wconf 85' lang='lat' dir='ltr'><strong>scriptores</strong></span> <span class='ocrx_word' id='word_1_760' title='bbox 3674 4771 3700 4842; x_wconf 57' lang='grc' dir='ltr'>ᾗ</span> <span class='ocrx_word' id='word_1_761' title='bbox 3732 4786 3778 4823; x_wconf 74' lang='lat' dir='ltr'><strong>xl</strong></span> <span class='ocrx_word' id='word_1_762' title='bbox 3805 4777 3853 4821; x_wconf 85' lang='lat' dir='ltr'><strong>et</strong></span> 
     </span>
    </p>
   </div>
   <div class='ocr_carea' id='block_1_108' title="bbox 2271 4860 3849 4931">
    <p class='ocr_par' dir='ltr' id='par_1_108' title="bbox 2271 4860 3849 4931">
     <span class='ocr_line' id='line_1_108' title="bbox 2271 4860 3849 4931; baseline 0 -18"><span class='ocrx_word' id='word_1_763' title='bbox 2271 4874 2387 4928; x_wconf 85' lang='lat' dir='ltr'><strong>seq.</strong></span> <span class='ocrx_word' id='word_1_764' title='bbox 2420 4861 2695 4926; x_wconf 73' lang='lat' dir='ltr'><strong>recensiti,</strong></span> <span class='ocrx_word' id='word_1_765' title='bbox 2745 4860 3059 4926; x_wconf 76' lang='lat' dir='ltr'><strong>alﬁrmant;</strong></span> <span class='ocrx_word' id='word_1_766' title='bbox 3107 4864 3349 4931; x_wconf 87' lang='lat' dir='ltr'><strong>privatos</strong></span> <span class='ocrx_word' id='word_1_767' title='bbox 3403 4873 3583 4918; x_wconf 89' lang='lat' dir='ltr'><strong>autem</strong></span> <span class='ocrx_word' id='word_1_768' title='bbox 3634 4864 3682 4916; x_wconf 90' lang='lat' dir='ltr'><strong>id</strong></span> <span class='ocrx_word' id='word_1_769' title='bbox 3722 4863 3849 4915; x_wconf 88' lang='lat' dir='ltr'><strong>intra</strong></span> 
     </span>
    </p>
   </div>
   <div class='ocr_carea' id='block_1_109' title="bbox 2270 4951 3850 5023">
    <p class='ocr_par' dir='ltr' id='par_1_109' title="bbox 2270 4951 3850 5023">
     <span class='ocr_line' id='line_1_109' title="bbox 2270 4951 3850 5023; baseline 0.003 -20"><span class='ocrx_word' id='word_1_770' title='bbox 2270 4951 2463 5005; x_wconf 88' lang='lat' dir='ltr'><strong>donms</strong></span> <span class='ocrx_word' id='word_1_771' title='bbox 2501 4952 2741 5007; x_wconf 86' lang='lat' dir='ltr'><strong>defuncti</strong></span> <span class='ocrx_word' id='word_1_772' title='bbox 2783 4953 3022 5023; x_wconf 86' lang='lat' dir='ltr'><strong>parietes</strong></span> <span class='ocrx_word' id='word_1_773' title='bbox 3059 4954 3331 5021; x_wconf 87' lang='lat' dir='ltr'><strong>evenisse,</strong></span> <span class='ocrx_word' id='word_1_774' title='bbox 3361 4954 3580 5009; x_wconf 88' lang='lat' dir='ltr'><strong>Codicis</strong></span> <span class='ocrx_word' id='word_1_775' title='bbox 3617 4954 3850 5008; x_wconf 83' lang='lat' dir='ltr'><strong>Metensis</strong></span> 
     </span>
    </p>
   </div>
   <div class='ocr_carea' id='block_1_110' title="bbox 2271 5045 3931 5116">
    <p class='ocr_par' dir='ltr' id='par_1_110' title="bbox 2271 5045 3931 5116">
     <span class='ocr_line' id='line_1_110' title="bbox 2271 5045 3931 5116; baseline 0.001 -20"><span class='ocrx_word' id='word_1_776' title='bbox 2271 5051 2483 5098; x_wconf 60' lang='lat' dir='ltr'><strong>auctor&#39;</strong></span> <span class='ocrx_word' id='word_1_777' title='bbox 2526 5045 2665 5099; x_wconf 90' lang='lat' dir='ltr'><strong>infra</strong></span> <span class='ocrx_word' id='word_1_778' title='bbox 2719 5045 3021 5100; x_wconf 86' lang='lat' dir='ltr'><strong>laudandus</strong></span> <span class='ocrx_word' id='word_1_779' title='bbox 3069 5046 3276 5112; x_wconf 88' lang='lat' dir='ltr'><strong>tradit;</strong></span> <span class='ocrx_word' id='word_1_780' title='bbox 3314 5055 3369 5101; x_wconf 89' lang='lat' dir='ltr'><strong>at</strong></span> <span class='ocrx_word' id='word_1_781' title='bbox 3412 5048 3538 5116; x_wconf 87' lang='lat' dir='ltr'><strong>quis</strong></span> <span class='ocrx_word' id='word_1_782' title='bbox 3582 5055 3848 5116; x_wconf 88' lang='lat' dir='ltr'><strong>propterea</strong></span> <span class='ocrx_word' id='word_1_783' title='bbox 3930 5102 3931 5105; x_wconf 30' lang='grc' dir='ltr'><strong>η</strong></span> 
     </span>
    </p>
   </div>
   <div class='ocr_carea' id='block_1_111' title="bbox 2268 5129 3847 5207">
    <p class='ocr_par' dir='ltr' id='par_1_111' title="bbox 2268 5129 3847 5207">
     <span class='ocr_line' id='line_1_111' title="bbox 2268 5129 3847 5207; baseline 0 -21"><span class='ocrx_word' id='word_1_784' title='bbox 2268 5135 2573 5205; x_wconf 85' lang='lat' dir='ltr'><strong>prodigium</strong></span> <span class='ocrx_word' id='word_1_785' title='bbox 2604 5175 2619 5201; x_wconf 92' lang='lat'><strong>,</strong></span> <span class='ocrx_word' id='word_1_786' title='bbox 2672 5137 2816 5205; x_wconf 90' lang='lat' dir='ltr'><strong>quod</strong></span> <span class='ocrx_word' id='word_1_787' title='bbox 2859 5136 2947 5190; x_wconf 89' lang='lat' dir='ltr'><strong>hic</strong></span> <span class='ocrx_word' id='word_1_788' title='bbox 2988 5145 3208 5201; x_wconf 73' lang='lat' dir='ltr'><strong>narrat,</strong></span> <span class='ocrx_word' id='word_1_789' title='bbox 3242 5152 3272 5190; x_wconf 93' lang='lat' dir='ltr'><strong>a</strong></span> <span class='ocrx_word' id='word_1_790' title='bbox 3309 5137 3583 5207; x_wconf 83' lang='lat' dir='ltr'><strong>prodigio,</strong></span> <span class='ocrx_word' id='word_1_791' title='bbox 3614 5136 3747 5205; x_wconf 86' lang='lat' dir='ltr'><strong>quod</strong></span> <span class='ocrx_word' id='word_1_792' title='bbox 3780 5129 3847 5188; x_wconf 83' lang='lat' dir='ltr'><strong>illi</strong></span> 
     </span>
    </p>
   </div>
   <div class='ocr_carea' id='block_1_112' title="bbox 2269 5225 3844 5297">
    <p class='ocr_par' dir='ltr' id='par_1_112' title="bbox 2269 5225 3844 5297">
     <span class='ocr_line' id='line_1_112' title="bbox 2269 5225 3844 5297; baseline -0.001 -17"><span class='ocrx_word' id='word_1_793' title='bbox 2269 5225 2535 5289; x_wconf 90' lang='lat' dir='ltr'><strong>referunt,</strong></span> <span class='ocrx_word' id='word_1_794' title='bbox 2577 5227 2778 5281; x_wconf 83' lang='lat' dir='ltr'><strong>dixerit</strong></span> <span class='ocrx_word' id='word_1_795' title='bbox 2820 5242 2941 5281; x_wconf 85' lang='lat' dir='ltr'><strong>esse</strong></span> <span class='ocrx_word' id='word_1_796' title='bbox 2980 5227 3303 5282; x_wconf 84' lang='lat' dir='ltr'><strong>diversum?</strong></span> <span class='ocrx_word' id='word_1_797' title='bbox 3349 5227 3462 5281; x_wconf 87' lang='lat' dir='ltr'><strong>Etsi</strong></span> <span class='ocrx_word' id='word_1_798' title='bbox 3512 5227 3711 5297; x_wconf 91' lang='lat' dir='ltr'><strong>itaque,</strong></span> <span class='ocrx_word' id='word_1_799' title='bbox 3741 5235 3844 5279; x_wconf 88' lang='lat' dir='ltr'><strong>tres</strong></span> 
     </span>
    </p>
   </div>
   <div class='ocr_carea' id='block_1_113' title="bbox 2270 5317 3845 5389">
    <p class='ocr_par' dir='ltr' id='par_1_113' title="bbox 2270 5317 3845 5389">
     <span class='ocr_line' id='line_1_113' title="bbox 2270 5317 3845 5389; baseline -0.003 -18"><span class='ocrx_word' id='word_1_800' title='bbox 2270 5332 2299 5371; x_wconf 90' lang='lat' dir='ltr'><strong>a</strong></span> <span class='ocrx_word' id='word_1_801' title='bbox 2328 5318 2548 5372; x_wconf 88' lang='lat' dir='ltr'><strong>doctore</strong></span> <span class='ocrx_word' id='word_1_802' title='bbox 2595 5317 2889 5373; x_wconf 88' lang='lat' dir='ltr'><strong>Parisiensi</strong></span> <span class='ocrx_word' id='word_1_803' title='bbox 2938 5317 3379 5380; x_wconf 77' lang='lat' dir='ltr'><strong>vociferationes.</strong></span> <span class='ocrx_word' id='word_1_804' title='bbox 3420 5334 3649 5389; x_wconf 89' lang='lat' dir='ltr'><strong>quarum</strong></span> <span class='ocrx_word' id='word_1_805' title='bbox 3686 5317 3845 5387; x_wconf 91' lang='lat' dir='ltr'><strong>prima</strong></span> 
     </span>
    </p>
   </div>
   <div class='ocr_carea' id='block_1_114' title="bbox 2268 5407 3845 5477">
    <p class='ocr_par' dir='ltr' id='par_1_114' title="bbox 2268 5407 3845 5477">
     <span class='ocr_line' id='line_1_114' title="bbox 2268 5407 3845 5477; baseline -0.003 -16"><span class='ocrx_word' id='word_1_806' title='bbox 2268 5407 2357 5461; x_wconf 89' lang='lat' dir='ltr'><strong>hic</strong></span> <span class='ocrx_word' id='word_1_807' title='bbox 2371 5421 2428 5461; x_wconf 91' lang='lat' dir='ltr'><strong>se</strong></span> <span class='ocrx_word' id='word_1_808' title='bbox 2450 5417 2783 5470; x_wconf 78' lang='lat' dir='ltr'><strong>accusatum,</strong></span> <span class='ocrx_word' id='word_1_809' title='bbox 2802 5408 3036 5462; x_wconf 91' lang='lat' dir='ltr'><strong>secunda</strong></span> <span class='ocrx_word' id='word_1_810' title='bbox 3054 5408 3354 5477; x_wconf 89' lang='lat' dir='ltr'><strong>judicatnm</strong></span> <span class='ocrx_word' id='word_1_811' title='bbox 3373 5423 3438 5463; x_wconf 86' lang='lat' dir='ltr'><strong>ac</strong></span> <span class='ocrx_word' id='word_1_812' title='bbox 3463 5409 3619 5462; x_wconf 87' lang='lat' dir='ltr'><strong>tertia</strong></span> <span class='ocrx_word' id='word_1_813' title='bbox 3637 5408 3845 5461; x_wconf 84' lang='lat' dir='ltr'><strong>damna-</strong></span> 
     </span>
    </p>
   </div>
   <div class='ocr_carea' id='block_1_115' title="bbox 2270 5496 3843 5563">
    <p class='ocr_par' dir='ltr' id='par_1_115' title="bbox 2270 5496 3843 5563">
     <span class='ocr_line' id='line_1_115' title="bbox 2270 5496 3843 5563; baseline 0.001 -12"><span class='ocrx_word' id='word_1_814' title='bbox 2270 5506 2381 5552; x_wconf 88' lang='lat' dir='ltr'><strong>tum</strong></span> <span class='ocrx_word' id='word_1_815' title='bbox 2404 5498 2712 5563; x_wconf 88' lang='lat' dir='ltr'><strong>declararit,</strong></span> <span class='ocrx_word' id='word_1_816' title='bbox 2744 5499 2920 5553; x_wconf 91' lang='lat' dir='ltr'><strong>tribus</strong></span> <span class='ocrx_word' id='word_1_817' title='bbox 2942 5500 3132 5554; x_wconf 88' lang='lat' dir='ltr'><strong>diebus</strong></span> <span class='ocrx_word' id='word_1_818' title='bbox 3155 5499 3387 5554; x_wconf 87' lang='lat' dir='ltr'><strong>diversis</strong></span> <span class='ocrx_word' id='word_1_819' title='bbox 3419 5499 3589 5553; x_wconf 87' lang='lat' dir='ltr'><strong>fuisse</strong></span> <span class='ocrx_word' id='word_1_820' title='bbox 3611 5496 3843 5553; x_wconf 83' lang='lat' dir='ltr'><strong>emissas.</strong></span> 
     </span>
    </p>
   </div>
   <div class='ocr_carea' id='block_1_116' title="bbox 2268 5588 3929 5659">
    <p class='ocr_par' dir='ltr' id='par_1_116' title="bbox 2268 5588 3929 5659">
     <span class='ocr_line' id='line_1_116' title="bbox 2268 5588 3929 5659; baseline -0.001 -17"><span class='ocrx_word' id='word_1_821' title='bbox 2268 5588 2560 5657; x_wconf 89' lang='lat' dir='ltr'><strong>scriptores</strong></span> <span class='ocrx_word' id='word_1_822' title='bbox 2571 5590 2816 5659; x_wconf 84' lang='lat' dir='ltr'><strong>proxime</strong></span> <span class='ocrx_word' id='word_1_823' title='bbox 2839 5590 3041 5645; x_wconf 87' lang='lat' dir='ltr'><strong>laudati</strong></span> <span class='ocrx_word' id='word_1_824' title='bbox 3063 5590 3225 5645; x_wconf 90' lang='lat' dir='ltr'><strong>etiam</strong></span> <span class='ocrx_word' id='word_1_825' title='bbox 3241 5588 3844 5657; x_wconf 86' lang='lat' dir='ltr'><strong>memorent,clericum-</strong></span> <span class='ocrx_word' id='word_1_826' title='bbox 3928 5634 3929 5641; x_wconf 48' lang='grc' dir='ltr'><strong>η</strong></span> 
     </span>
    </p>
   </div>
   <div class='ocr_carea' id='block_1_117' title="bbox 2267 5680 3843 5754">
    <p class='ocr_par' dir='ltr' id='par_1_117' title="bbox 2267 5680 3843 5754">
     <span class='ocr_line' id='line_1_117' title="bbox 2267 5680 3843 5754; baseline -0.002 -22"><span class='ocrx_word' id='word_1_827' title='bbox 2267 5693 2373 5747; x_wconf 89' lang='lat' dir='ltr'><strong>que</strong></span> <span class='ocrx_word' id='word_1_828' title='bbox 2396 5695 2554 5733; x_wconf 90' lang='lat' dir='ltr'><strong>suum</strong></span> <span class='ocrx_word' id='word_1_829' title='bbox 2582 5694 2677 5734; x_wconf 91' lang='lat' dir='ltr'><strong>seu</strong></span> <span class='ocrx_word' id='word_1_830' title='bbox 2709 5682 2985 5735; x_wconf 91' lang='lat' dir='ltr'><strong>doctorem</strong></span> <span class='ocrx_word' id='word_1_831' title='bbox 3019 5680 3180 5735; x_wconf 91' lang='lat' dir='ltr'><strong>simul</strong></span> <span class='ocrx_word' id='word_1_832' title='bbox 3203 5689 3258 5736; x_wconf 88' lang='lat' dir='ltr'><strong>et</strong></span> <span class='ocrx_word' id='word_1_833' title='bbox 3285 5684 3452 5737; x_wconf 87' lang='lat' dir='ltr'><strong>semel</strong></span> <span class='ocrx_word' id='word_1_834' title='bbox 3479 5698 3544 5737; x_wconf 88' lang='lat' dir='ltr'><strong>ac</strong></span> <span class='ocrx_word' id='word_1_835' title='bbox 3572 5681 3720 5754; x_wconf 88' lang='lat' dir='ltr'><strong>proin</strong></span> <span class='ocrx_word' id='word_1_836' title='bbox 3739 5690 3843 5731; x_wconf 87' lang='lat' dir='ltr'><strong>uno</strong></span> 
     </span>
    </p>
   </div>
   <div class='ocr_carea' id='block_1_118' title="bbox 2265 5767 3927 5844">
    <p class='ocr_par' dir='ltr' id='par_1_118' title="bbox 2265 5767 3927 5844">
     <span class='ocr_line' id='line_1_118' title="bbox 2265 5767 3927 5844; baseline -0.003 -18"><span class='ocrx_word' id='word_1_837' title='bbox 2265 5769 2565 5828; x_wconf 79' lang='lat' dir='ltr'><strong>eodemque</strong></span> <span class='ocrx_word' id='word_1_838' title='bbox 2594 5770 2680 5829; x_wconf 90' lang='lat' dir='ltr'><strong>die</strong></span> <span class='ocrx_word' id='word_1_839' title='bbox 2711 5785 2769 5828; x_wconf 90' lang='lat' dir='ltr'><strong>se</strong></span> <span class='ocrx_word' id='word_1_840' title='bbox 2794 5772 3125 5843; x_wconf 86' lang='lat' dir='ltr'><strong>judicatum,</strong></span> <span class='ocrx_word' id='word_1_841' title='bbox 3159 5775 3577 5831; x_wconf 86' lang='lat' dir='ltr'><strong>condemnatum</strong></span> <span class='ocrx_word' id='word_1_842' title='bbox 3616 5780 3766 5844; x_wconf 87' lang='lat' dir='ltr'><strong>atque</strong></span> <span class='ocrx_word' id='word_1_843' title='bbox 3791 5767 3839 5822; x_wconf 88' lang='lat' dir='ltr'><strong>in</strong></span> <span class='ocrx_word' id='word_1_844' title='bbox 3926 5782 3927 5787; x_wconf 50' lang='grc' dir='ltr'>π</span> 
     </span>
    </p>
   </div>
  </div>
