  <div class='ocr_page' id='page_1' title='image "/cluster/home/n/w/nwhite01/storage/ocr_20150623/152/hvd.32044015473804/080.png"; bbox 0 0 3862 6310; ppageno 0'>
   <div class='ocr_carea' id='block_1_1' title="bbox 34 5760 37 5811">
    <p class='ocr_par' dir='ltr' id='par_1_1' title="bbox 34 5760 37 5811">
     <span class='ocr_line' id='line_1_1' title="bbox 34 5760 37 5811; baseline 0 0"><span class='ocrx_word' id='word_1_1' title='bbox 34 5760 37 5811; x_wconf 67' lang='lat' dir='ltr'><strong>i</strong></span> 
     </span>
    </p>
   </div>
   <div class='ocr_carea' id='block_1_2' title="bbox 147 351 245 407">
    <p class='ocr_par' dir='ltr' id='par_1_2' title="bbox 147 351 245 407">
     <span class='ocr_line' id='line_1_2' title="bbox 147 351 245 407; baseline -0.02 -1"><span class='ocrx_word' id='word_1_2' title='bbox 147 351 245 407; x_wconf 28' lang='lat' dir='ltr'><strong>H9.</strong></span> 
     </span>
    </p>
   </div>
   <div class='ocr_carea' id='block_1_3' title="bbox 1617 351 1812 410">
    <p class='ocr_par' dir='ltr' id='par_1_3' title="bbox 1617 351 1812 410">
     <span class='ocr_line' id='line_1_3' title="bbox 1617 351 1812 410; baseline -0.01 -1"><span class='ocrx_word' id='word_1_3' title='bbox 1617 351 1812 410; x_wconf 88' lang='lat' dir='ltr'><strong>ACTA.</strong></span> 
     </span>
    </p>
   </div>
   <div class='ocr_carea' id='block_1_4' title="bbox 3236 365 3337 437">
    <p class='ocr_par' dir='ltr' id='par_1_4' title="bbox 3236 365 3337 437">
     <span class='ocr_line' id='line_1_4' title="bbox 3236 365 3337 437; baseline 0.03 -18"><span class='ocrx_word' id='word_1_4' title='bbox 3236 365 3337 437; x_wconf 70' lang='lat' dir='ltr'><strong>rso</strong></span> 
     </span>
    </p>
   </div>
   <div class='ocr_carea' id='block_1_5' title="bbox 146 460 1659 545">
    <p class='ocr_par' dir='ltr' id='par_1_5' title="bbox 146 460 1659 531">
     <span class='ocr_line' id='line_1_5' title="bbox 146 460 1659 531; baseline 0.003 -15"><span class='ocrx_word' id='word_1_5' title='bbox 146 484 162 516; x_wconf 76' lang='grc' dir='ltr'><strong>ι</strong></span> <span class='ocrx_word' id='word_1_6' title='bbox 195 476 359 516; x_wconf 78' lang='lat' dir='ltr'><strong>manus</strong></span> <span class='ocrx_word' id='word_1_7' title='bbox 371 460 650 531; x_wconf 85' lang='lat' dir='ltr'><strong>impiorum</strong></span> <span class='ocrx_word' id='word_1_8' title='bbox 665 481 686 513; x_wconf 68' lang='grc' dir='ltr'><strong>ι</strong></span> <span class='ocrx_word' id='word_1_9' title='bbox 698 462 975 525; x_wconf 86' lang='lat' dir='ltr'><strong>traditum,</strong></span> <span class='ocrx_word' id='word_1_10' title='bbox 988 480 1006 513; x_wconf 72' lang='grc' dir='ltr'><strong>ι</strong></span> <span class='ocrx_word' id='word_1_11' title='bbox 1022 462 1307 529; x_wconf 60' lang='lat' dir='ltr'><strong>Caesarius,</strong></span> <span class='ocrx_word' id='word_1_12' title='bbox 1321 472 1380 519; x_wconf 91' lang='lat' dir='ltr'><strong>ut</strong></span> <span class='ocrx_word' id='word_1_13' title='bbox 1394 464 1595 519; x_wconf 90' lang='lat' dir='ltr'><strong>Launoi</strong></span> <span class='ocrx_word' id='word_1_14' title='bbox 1603 481 1659 520; x_wconf 82' lang='lat' dir='ltr'><strong>us</strong></span> 
     </span>
    </p>
   </div>
   <div class='ocr_carea' id='block_1_6' title="bbox 1760 460 3365 545">
    <p class='ocr_par' dir='ltr' id='par_1_6' title="bbox 1769 466 3365 545">
     <span class='ocr_line' id='line_1_6' title="bbox 1769 466 3365 545; baseline 0.008 -26"><span class='ocrx_word' id='word_1_15' title='bbox 1769 474 1853 519; x_wconf 92' lang='lat' dir='ltr'><strong>cta</strong></span> <span class='ocrx_word' id='word_1_16' title='bbox 1887 466 2115 521; x_wconf 80' lang='lat' dir='ltr'><strong>invicem</strong></span> <span class='ocrx_word' id='word_1_17' title='bbox 2144 466 2472 538; x_wconf 85' lang='lat' dir='ltr'><strong>discrepare,</strong></span> <span class='ocrx_word' id='word_1_18' title='bbox 2499 484 2620 524; x_wconf 90' lang='lat' dir='ltr'><strong>cum</strong></span> <span class='ocrx_word' id='word_1_19' title='bbox 2645 469 2759 525; x_wconf 83' lang='lat' dir='ltr'><strong>haec</strong></span> <span class='ocrx_word' id='word_1_20' title='bbox 2789 485 2819 525; x_wconf 88' lang='lat' dir='ltr'><strong>a</strong></span> <span class='ocrx_word' id='word_1_21' title='bbox 2853 474 3176 540; x_wconf 90' lang='lat' dir='ltr'><strong>substantia,</strong></span> <span class='ocrx_word' id='word_1_22' title='bbox 3215 491 3365 545; x_wconf 75' lang='lat' dir='ltr'><strong>quae.</strong></span> 
     </span>
    </p>
   </div>
   <div class='ocr_carea' id='block_1_7' title="bbox 142 553 1670 627">
    <p class='ocr_par' dir='ltr' id='par_1_7' title="bbox 142 553 1670 627">
     <span class='ocr_line' id='line_1_7' title="bbox 142 553 1670 627; baseline 0.003 -20"><span class='ocrx_word' id='word_1_23' title='bbox 142 555 247 615; x_wconf 76' lang='lat' dir='ltr'><strong>vult.</strong></span> <span class='ocrx_word' id='word_1_24' title='bbox 282 553 481 607; x_wconf 88' lang='lat' dir='ltr'><strong>tradere</strong></span> <span class='ocrx_word' id='word_1_25' title='bbox 518 555 785 619; x_wconf 87' lang='lat' dir='ltr'><strong>videatur,</strong></span> <span class='ocrx_word' id='word_1_26' title='bbox 826 554 1125 625; x_wconf 80' lang='lat' dir='ltr'><strong>prodigium</strong></span> <span class='ocrx_word' id='word_1_27' title='bbox 1171 564 1368 622; x_wconf 92' lang='lat' dir='ltr'><strong>tamen,</strong></span> <span class='ocrx_word' id='word_1_28' title='bbox 1401 557 1545 627; x_wconf 88' lang='lat' dir='ltr'><strong>quod</strong></span> <span class='ocrx_word' id='word_1_29' title='bbox 1586 558 1670 613; x_wconf 89' lang='lat' dir='ltr'><strong>hic</strong></span> 
     </span>
    </p>
   </div>
   <div class='ocr_carea' id='block_1_8' title="bbox 142 643 1668 713">
    <p class='ocr_par' dir='ltr' id='par_1_8' title="bbox 142 643 1668 713">
     <span class='ocr_line' id='line_1_8' title="bbox 142 643 1668 713; baseline 0 -15"><span class='ocrx_word' id='word_1_30' title='bbox 142 651 314 707; x_wconf 85' lang='lat' dir='ltr'><strong>narrat,</strong></span> <span class='ocrx_word' id='word_1_31' title='bbox 357 657 384 695; x_wconf 88' lang='lat' dir='ltr'><strong>a</strong></span> <span class='ocrx_word' id='word_1_32' title='bbox 434 644 704 713; x_wconf 76' lang='lat' dir='ltr'><strong>prodigio,</strong></span> <span class='ocrx_word' id='word_1_33' title='bbox 746 644 888 712; x_wconf 91' lang='lat' dir='ltr'><strong>quod</strong></span> <span class='ocrx_word' id='word_1_34' title='bbox 921 643 997 697; x_wconf 90' lang='lat' dir='ltr'><strong>illi</strong></span> <span class='ocrx_word' id='word_1_35' title='bbox 1041 654 1348 712; x_wconf 82' lang='lat' dir='ltr'><strong>recensent,</strong></span> <span class='ocrx_word' id='word_1_36' title='bbox 1398 646 1668 700; x_wconf 88' lang='lat' dir='ltr'><strong>diversum</strong></span> 
     </span>
    </p>
   </div>
   <div class='ocr_carea' id='block_1_9' title="bbox 141 731 1668 802">
    <p class='ocr_par' dir='ltr' id='par_1_9' title="bbox 141 731 1668 802">
     <span class='ocr_line' id='line_1_9' title="bbox 141 731 1668 802; baseline 0.003 -15"><span class='ocrx_word' id='word_1_37' title='bbox 141 750 221 787; x_wconf 86' lang='lat' dir='ltr'><strong>non</strong></span> <span class='ocrx_word' id='word_1_38' title='bbox 245 743 377 787; x_wconf 87' lang='lat' dir='ltr'><strong>certo</strong></span> <span class='ocrx_word' id='word_1_39' title='bbox 401 741 507 787; x_wconf 80' lang='lat' dir='ltr'><strong>est.</strong></span> <span class='ocrx_word' id='word_1_40' title='bbox 536 731 719 802; x_wconf 80' lang='lat' dir='ltr'><strong>Neque</strong></span> <span class='ocrx_word' id='word_1_41' title='bbox 752 742 928 789; x_wconf 89' lang='lat' dir='ltr'><strong>tamen</strong></span> <span class='ocrx_word' id='word_1_42' title='bbox 949 748 1073 788; x_wconf 91' lang='lat' dir='ltr'><strong>cum</strong></span> <span class='ocrx_word' id='word_1_43' title='bbox 1096 735 1186 790; x_wconf 92' lang='lat' dir='ltr'><strong>illo</strong></span> <span class='ocrx_word' id='word_1_44' title='bbox 1215 743 1367 790; x_wconf 89' lang='lat' dir='ltr'><strong>certo</strong></span> <span class='ocrx_word' id='word_1_45' title='bbox 1389 736 1554 789; x_wconf 82' lang='lat' dir='ltr'><strong>etiam</strong></span> <span class='ocrx_word' id='word_1_46' title='bbox 1583 744 1668 791; x_wconf 92' lang='lat' dir='ltr'><strong>est</strong></span> 
     </span>
    </p>
   </div>
   <div class='ocr_carea' id='block_1_10' title="bbox 141 823 1664 892">
    <p class='ocr_par' dir='ltr' id='par_1_10' title="bbox 141 823 1664 892">
     <span class='ocr_line' id='line_1_10' title="bbox 141 823 1664 892; baseline 0.001 -15"><span class='ocrx_word' id='word_1_47' title='bbox 141 840 267 877; x_wconf 85' lang='lat' dir='ltr'><strong>unum</strong></span> <span class='ocrx_word' id='word_1_48' title='bbox 283 833 431 892; x_wconf 82' lang='lat' dir='ltr'><strong>atque</strong></span> <span class='ocrx_word' id='word_1_49' title='bbox 459 824 620 878; x_wconf 86' lang='lat' dir='ltr'><strong>idem.</strong></span> <span class='ocrx_word' id='word_1_50' title='bbox 636 823 948 879; x_wconf 89' lang='lat' dir='ltr'><strong>Columbius</strong></span> <span class='ocrx_word' id='word_1_51' title='bbox 976 825 1029 878; x_wconf 91' lang='lat' dir='ltr'><strong>in</strong></span> <span class='ocrx_word' id='word_1_52' title='bbox 1055 840 1151 879; x_wconf 87' lang='lat' dir='ltr'><strong>sua</strong></span> <span class='ocrx_word' id='word_1_53' title='bbox 1174 823 1242 880; x_wconf 92' lang='lat' dir='ltr'><strong>de</strong></span> <span class='ocrx_word' id='word_1_54' title='bbox 1272 824 1664 880; x_wconf 87' lang='lat' dir='ltr'><strong>Carlhusiano-</strong></span> 
     </span>
    </p>
   </div>
   <div class='ocr_carea' id='block_1_11' title="bbox 139 912 1663 969">
    <p class='ocr_par' dir='ltr' id='par_1_11' title="bbox 139 912 1663 969">
     <span class='ocr_line' id='line_1_11' title="bbox 139 912 1663 969; baseline 0.001 -4"><span class='ocrx_word' id='word_1_55' title='bbox 139 930 228 966; x_wconf 85' lang='lat' dir='ltr'><strong>rum</strong></span> <span class='ocrx_word' id='word_1_56' title='bbox 267 912 420 967; x_wconf 88' lang='lat' dir='ltr'><strong>initiis</strong></span> <span class='ocrx_word' id='word_1_57' title='bbox 480 913 875 968; x_wconf 83' lang='lat' dir='ltr'><strong>Dissertatione</strong></span> <span class='ocrx_word' id='word_1_58' title='bbox 946 928 1096 967; x_wconf 92' lang='lat' dir='ltr'><strong>num.</strong></span> <span class='ocrx_word' id='word_1_59' title='bbox 1151 913 1221 968; x_wconf 73' lang='lat'><strong>64</strong></span> <span class='ocrx_word' id='word_1_60' title='bbox 1277 914 1358 969; x_wconf 93' lang='lat' dir='ltr'><strong>sic</strong></span> <span class='ocrx_word' id='word_1_61' title='bbox 1426 913 1663 969; x_wconf 83' lang='lat' dir='ltr'><strong>scribit:</strong></span> 
     </span>
    </p>
   </div>
   <div class='ocr_carea' id='block_1_12' title="bbox 143 1004 1666 1075">
    <p class='ocr_par' dir='ltr' id='par_1_12' title="bbox 143 1004 1666 1075">
     <span class='ocr_line' id='line_1_12' title="bbox 143 1004 1666 1075; baseline 0.003 -20"><span class='ocrx_word' id='word_1_62' title='bbox 143 1025 156 1055; x_wconf 77' lang='grc' dir='ltr'><strong>ι</strong></span> <span class='ocrx_word' id='word_1_63' title='bbox 189 1005 306 1059; x_wconf 86' lang='lat' dir='ltr'><strong>Istud</strong></span> <span class='ocrx_word' id='word_1_64' title='bbox 331 1044 344 1057; x_wconf 93' lang='lat'><strong>.</strong></span> <span class='ocrx_word' id='word_1_65' title='bbox 370 1043 384 1057; x_wconf 91' lang='lat'><strong>.</strong></span> <span class='ocrx_word' id='word_1_66' title='bbox 411 1043 426 1058; x_wconf 94' lang='lat'><strong>.</strong></span> <span class='ocrx_word' id='word_1_67' title='bbox 457 1005 527 1071; x_wconf 73' lang='grc' dir='ltr'>(ει.</span> <span class='ocrx_word' id='word_1_68' title='bbox 548 1004 787 1059; x_wconf 63' lang='grc' dir='ltr'><strong>(Σωεειιίο</strong></span> <span class='ocrx_word' id='word_1_69' title='bbox 827 1004 1037 1059; x_wconf 81' lang='lat' dir='ltr'><strong>scilicet</strong></span> <span class='ocrx_word' id='word_1_70' title='bbox 1076 1004 1326 1075; x_wconf 87' lang='lat' dir='ltr'><strong>relatum)</strong></span> <span class='ocrx_word' id='word_1_71' title='bbox 1365 1006 1666 1075; x_wconf 82' lang='lat' dir='ltr'><strong>prodigium</strong></span> 
     </span>
    </p>
   </div>
   <div class='ocr_carea' id='block_1_13' title="bbox 139 1095 1667 1167">
    <p class='ocr_par' dir='ltr' id='par_1_13' title="bbox 139 1095 1667 1167">
     <span class='ocr_line' id='line_1_13' title="bbox 139 1095 1667 1167; baseline 0.001 -19"><span class='ocrx_word' id='word_1_72' title='bbox 139 1095 333 1149; x_wconf 81' lang='lat' dir='ltr'><strong>nonnulli</strong></span> <span class='ocrx_word' id='word_1_73' title='bbox 361 1095 567 1149; x_wconf 85' lang='lat' dir='ltr'><strong>faciunt</strong></span> <span class='ocrx_word' id='word_1_74' title='bbox 594 1097 737 1150; x_wconf 87' lang='lat' dir='ltr'><strong>idem</strong></span> <span class='ocrx_word' id='word_1_75' title='bbox 770 1096 1084 1161; x_wconf 88' lang='lat' dir='ltr'><strong>Parisiensi,</strong></span> <span class='ocrx_word' id='word_1_76' title='bbox 1122 1099 1189 1152; x_wconf 89' lang='lat' dir='ltr'><strong>de</strong></span> <span class='ocrx_word' id='word_1_77' title='bbox 1234 1112 1342 1166; x_wconf 90' lang='lat' dir='ltr'><strong>quo</strong></span> <span class='ocrx_word' id='word_1_78' title='bbox 1382 1111 1523 1150; x_wconf 88' lang='lat' dir='ltr'><strong>nunc</strong></span> <span class='ocrx_word' id='word_1_79' title='bbox 1554 1096 1667 1167; x_wconf 82' lang='lat' dir='ltr'><strong>agi-</strong></span> 
     </span>
    </p>
   </div>
   <div class='ocr_carea' id='block_1_14' title="bbox 141 1184 1665 1255">
    <p class='ocr_par' dir='ltr' id='par_1_14' title="bbox 141 1184 1665 1255">
     <span class='ocr_line' id='line_1_14' title="bbox 141 1184 1665 1255; baseline 0 -16"><span class='ocrx_word' id='word_1_80' title='bbox 141 1184 362 1248; x_wconf 84' lang='lat' dir='ltr'><strong>mus;alii</strong></span> <span class='ocrx_word' id='word_1_81' title='bbox 389 1200 516 1239; x_wconf 83' lang='lat' dir='ltr'><strong>vero</strong></span> <span class='ocrx_word' id='word_1_82' title='bbox 566 1193 807 1255; x_wconf 75' lang='lat' dir='ltr'><strong>negant:</strong></span> <span class='ocrx_word' id='word_1_83' title='bbox 837 1198 936 1253; x_wconf 80' lang='lat' dir='ltr'><strong>ego</strong></span> <span class='ocrx_word' id='word_1_84' title='bbox 972 1200 1147 1255; x_wconf 87' lang='lat' dir='ltr'><strong>neque</strong></span> <span class='ocrx_word' id='word_1_85' title='bbox 1174 1186 1312 1240; x_wconf 86' lang='lat' dir='ltr'><strong>idem</strong></span> <span class='ocrx_word' id='word_1_86' title='bbox 1358 1185 1456 1251; x_wconf 85' lang='lat' dir='ltr'><strong>illi,</strong></span> <span class='ocrx_word' id='word_1_87' title='bbox 1493 1199 1665 1253; x_wconf 75' lang='lat' dir='ltr'><strong>neque</strong></span> 
     </span>
    </p>
   </div>
   <div class='ocr_carea' id='block_1_15' title="bbox 138 1274 1663 1330">
    <p class='ocr_par' dir='ltr' id='par_1_15' title="bbox 138 1274 1663 1330">
     <span class='ocr_line' id='line_1_15' title="bbox 138 1274 1663 1330; baseline 0.001 -3"><span class='ocrx_word' id='word_1_88' title='bbox 138 1274 186 1327; x_wconf 70' lang='lat' dir='ltr'><strong>ab</strong></span> <span class='ocrx_word' id='word_1_89' title='bbox 216 1289 269 1327; x_wconf 86' lang='lat' dir='ltr'><strong>eo</strong></span> <span class='ocrx_word' id='word_1_90' title='bbox 309 1275 578 1328; x_wconf 81' lang='lat' dir='ltr'><strong>diversum</strong></span> <span class='ocrx_word' id='word_1_91' title='bbox 630 1290 877 1329; x_wconf 75' lang='lat' dir='ltr'><strong>asserere</strong></span> <span class='ocrx_word' id='word_1_92' title='bbox 925 1290 1066 1329; x_wconf 89' lang='lat' dir='ltr'><strong>nunc</strong></span> <span class='ocrx_word' id='word_1_93' title='bbox 1115 1275 1294 1330; x_wconf 84' lang='lat' dir='ltr'><strong>velim.</strong></span> <span class='ocrx_word' id='word_1_94' title='bbox 1352 1275 1512 1330; x_wconf 82' lang='lat' dir='ltr'><strong>Certe</strong></span> <span class='ocrx_word' id='word_1_95' title='bbox 1557 1290 1663 1330; x_wconf 90' lang='lat' dir='ltr'><strong>non</strong></span> 
     </span>
    </p>
   </div>
   <div class='ocr_carea' id='block_1_16' title="bbox 139 1360 1663 1432">
    <p class='ocr_par' dir='ltr' id='par_1_16' title="bbox 139 1360 1663 1432">
     <span class='ocr_line' id='line_1_16' title="bbox 139 1360 1663 1432; baseline 0.007 -22"><span class='ocrx_word' id='word_1_96' title='bbox 139 1360 351 1415; x_wconf 76' lang='lat' dir='ltr'><strong>additura</strong></span> <span class='ocrx_word' id='word_1_97' title='bbox 387 1360 632 1417; x_wconf 68' lang='lat' dir='ltr'><strong>Caesarie</strong></span> <span class='ocrx_word' id='word_1_98' title='bbox 675 1361 998 1432; x_wconf 89' lang='lat' dir='ltr'><strong>compulisse</strong></span> <span class='ocrx_word' id='word_1_99' title='bbox 1034 1363 1342 1418; x_wconf 84' lang='lat' dir='ltr'><strong>Brunonem</strong></span> <span class='ocrx_word' id='word_1_100' title='bbox 1387 1374 1463 1420; x_wconf 59' lang='lat' dir='ltr'><strong>et«</strong></span> <span class='ocrx_word' id='word_1_101' title='bbox 1486 1365 1663 1420; x_wconf 90' lang='lat' dir='ltr'><strong>socios</strong></span> 
     </span>
    </p>
   </div>
   <div class='ocr_carea' id='block_1_17' title="bbox 140 1454 1663 1527">
    <p class='ocr_par' dir='ltr' id='par_1_17' title="bbox 140 1454 1663 1527">
     <span class='ocr_line' id='line_1_17' title="bbox 140 1454 1663 1527; baseline 0.007 -23"><span class='ocrx_word' id='word_1_102' title='bbox 140 1454 420 1506; x_wconf 78' lang='lat' dir='ltr'><strong>aderemum</strong></span> <span class='ocrx_word' id='word_1_103' title='bbox 445 1471 461 1518; x_wconf 89' lang='lat'><strong>;</strong></span> <span class='ocrx_word' id='word_1_104' title='bbox 490 1455 546 1509; x_wconf 87' lang='lat' dir='ltr'><strong>id</strong></span> <span class='ocrx_word' id='word_1_105' title='bbox 570 1464 753 1511; x_wconf 88' lang='lat' dir='ltr'><strong>autem</strong></span> <span class='ocrx_word' id='word_1_106' title='bbox 781 1472 945 1511; x_wconf 86' lang='lat' dir='ltr'><strong>unum</strong></span> <span class='ocrx_word' id='word_1_107' title='bbox 975 1456 1103 1511; x_wconf 89' lang='lat' dir='ltr'><strong>illud</strong></span> <span class='ocrx_word' id='word_1_108' title='bbox 1132 1466 1235 1522; x_wconf 90' lang='lat' dir='ltr'><strong>est,</strong></span> <span class='ocrx_word' id='word_1_109' title='bbox 1267 1458 1409 1527; x_wconf 89' lang='lat' dir='ltr'><strong>quod</strong></span> <span class='ocrx_word' id='word_1_110' title='bbox 1434 1458 1580 1525; x_wconf 86' lang='lat' dir='ltr'><strong>fecit,</strong></span> <span class='ocrx_word' id='word_1_111' title='bbox 1604 1467 1663 1514; x_wconf 89' lang='lat' dir='ltr'><strong>ut</strong></span> 
     </span>
    </p>
   </div>
   <div class='ocr_carea' id='block_1_18' title="bbox 138 1542 1663 1617">
    <p class='ocr_par' dir='ltr' id='par_1_18' title="bbox 138 1542 1663 1617">
     <span class='ocr_line' id='line_1_18' title="bbox 138 1542 1663 1617; baseline 0.005 -21"><span class='ocrx_word' id='word_1_112' title='bbox 138 1542 459 1600; x_wconf 79' lang='lat' dir='ltr'><strong>del’arisiensi</strong></span> <span class='ocrx_word' id='word_1_113' title='bbox 491 1562 642 1601; x_wconf 91' lang='lat' dir='ltr'><strong>nunc</strong></span> <span class='ocrx_word' id='word_1_114' title='bbox 670 1561 910 1617; x_wconf 76' lang='lat' dir='ltr'><strong>agerem.</strong></span> <span class='ocrx_word' id='word_1_115' title='bbox 946 1546 1130 1601; x_wconf 82' lang='lat' dir='ltr'><strong>Malim</strong></span> <span class='ocrx_word' id='word_1_116' title='bbox 1168 1562 1411 1604; x_wconf 86' lang='lat' dir='ltr'><strong>asserere</strong></span> <span class='ocrx_word' id='word_1_117' title='bbox 1456 1557 1510 1604; x_wconf 91' lang='lat' dir='ltr'><strong>et</strong></span> <span class='ocrx_word' id='word_1_118' title='bbox 1546 1564 1663 1605; x_wconf 92' lang='lat' dir='ltr'><strong>om-</strong></span> 
     </span>
    </p>
   </div>
   <div class='ocr_carea' id='block_1_19' title="bbox 137 1634 1658 1709">
    <p class='ocr_par' dir='ltr' id='par_1_19' title="bbox 137 1634 1658 1709">
     <span class='ocr_line' id='line_1_19' title="bbox 137 1634 1658 1709; baseline 0.007 -24"><span class='ocrx_word' id='word_1_119' title='bbox 137 1634 230 1687; x_wconf 87' lang='lat' dir='ltr'><strong>nino</strong></span> <span class='ocrx_word' id='word_1_120' title='bbox 260 1635 399 1689; x_wconf 88' lang='lat' dir='ltr'><strong>istius</strong></span> <span class='ocrx_word' id='word_1_121' title='bbox 461 1636 567 1691; x_wconf 87' lang='lat' dir='ltr'><strong>loci</strong></span> <span class='ocrx_word' id='word_1_122' title='bbox 631 1651 717 1692; x_wconf 87' lang='lat' dir='ltr'><strong>res</strong></span> <span class='ocrx_word' id='word_1_123' title='bbox 742 1645 848 1702; x_wconf 81' lang='lat' dir='ltr'><strong>est,</strong></span> <span class='ocrx_word' id='word_1_124' title='bbox 904 1638 1275 1693; x_wconf 86' lang='lat' dir='ltr'><strong>adversarium</strong></span> <span class='ocrx_word' id='word_1_125' title='bbox 1334 1639 1658 1709; x_wconf 88' lang='lat' dir='ltr'><strong>(Launoium</strong></span> 
     </span>
    </p>
   </div>
   <div class='ocr_carea' id='block_1_20' title="bbox 138 1725 1658 1799">
    <p class='ocr_par' dir='ltr' id='par_1_20' title="bbox 138 1725 1658 1799">
     <span class='ocr_line' id='line_1_20' title="bbox 138 1725 1658 1799; baseline 0.007 -21"><span class='ocrx_word' id='word_1_126' title='bbox 138 1725 299 1797; x_wconf 77' lang='lat' dir='ltr'><strong>nempe)</strong></span> <span class='ocrx_word' id='word_1_127' title='bbox 324 1743 423 1782; x_wconf 91' lang='lat' dir='ltr'><strong>non</strong></span> <span class='ocrx_word' id='word_1_128' title='bbox 463 1730 719 1785; x_wconf 86' lang='lat' dir='ltr'><strong>debuisse</strong></span> <span class='ocrx_word' id='word_1_129' title='bbox 758 1730 998 1785; x_wconf 83' lang='lat' dir='ltr'><strong>scribere</strong></span> <span class='ocrx_word' id='word_1_130' title='bbox 1038 1731 1314 1799; x_wconf 83' lang='lat' dir='ltr'><strong>sequentia</strong></span> <span class='ocrx_word' id='word_1_131' title='bbox 1356 1732 1410 1786; x_wconf 91' lang='lat' dir='ltr'><strong>in</strong></span> <span class='ocrx_word' id='word_1_132' title='bbox 1451 1747 1547 1790; x_wconf 88' lang='lat' dir='ltr'><strong>sua</strong></span> <span class='ocrx_word' id='word_1_133' title='bbox 1592 1732 1658 1788; x_wconf 93' lang='lat' dir='ltr'><strong>de</strong></span> 
     </span>
    </p>
   </div>
   <div class='ocr_carea' id='block_1_21' title="bbox 136 1796 1731 1881">
    <p class='ocr_par' dir='ltr' id='par_1_21' title="bbox 136 1796 1731 1881">
     <span class='ocr_line' id='line_1_21' title="bbox 136 1796 1731 1881; baseline 0.006 -10"><span class='ocrx_word' id='word_1_134' title='bbox 136 1834 228 1874; x_wconf 70' lang='lat' dir='ltr'><strong>vera</strong></span> <span class='ocrx_word' id='word_1_135' title='bbox 247 1838 391 1876; x_wconf 86' lang='lat' dir='ltr'><strong>causa</strong></span> <span class='ocrx_word' id='word_1_136' title='bbox 411 1839 663 1880; x_wconf 83' lang='lat' dir='ltr'><strong>secessus</strong></span> <span class='ocrx_word' id='word_1_137' title='bbox 685 1824 743 1879; x_wconf 90' lang='lat' dir='ltr'><strong>S.</strong></span> <span class='ocrx_word' id='word_1_138' title='bbox 771 1824 1038 1880; x_wconf 87' lang='lat' dir='ltr'><strong>Brunonis</strong></span> <span class='ocrx_word' id='word_1_139' title='bbox 1058 1825 1111 1879; x_wconf 94' lang='lat' dir='ltr'><strong>in</strong></span> <span class='ocrx_word' id='word_1_140' title='bbox 1130 1840 1370 1881; x_wconf 84' lang='lat' dir='ltr'><strong>eremum</strong></span> <span class='ocrx_word' id='word_1_141' title='bbox 1390 1825 1659 1881; x_wconf 63' lang='lat' dir='ltr'><strong>Disserta»</strong></span> <span class='ocrx_word' id='word_1_142' title='bbox 1689 1796 1731 1854; x_wconf 71' lang='grc' dir='ltr'><strong><em>Β</em></strong></span> 
     </span>
    </p>
   </div>
   <div class='ocr_carea' id='block_1_22' title="bbox 136 1912 1655 1986">
    <p class='ocr_par' dir='ltr' id='par_1_22' title="bbox 136 1912 1655 1986">
     <span class='ocr_line' id='line_1_22' title="bbox 136 1912 1655 1986; baseline 0.007 -22"><span class='ocrx_word' id='word_1_143' title='bbox 136 1912 241 1967; x_wconf 88' lang='lat' dir='ltr'><strong>tione</strong></span> <span class='ocrx_word' id='word_1_144' title='bbox 274 1930 385 1985; x_wconf 81' lang='lat' dir='ltr'><strong>pag.</strong></span> <span class='ocrx_word' id='word_1_145' title='bbox 414 1916 518 1970; x_wconf 71' lang='lat' dir='ltr'><strong>H5</strong></span> <span class='ocrx_word' id='word_1_146' title='bbox 543 1935 558 1969; x_wconf 88' lang='lat'><strong><em>:</em></strong></span> <span class='ocrx_word' id='word_1_147' title='bbox 590 1935 609 1967; x_wconf 75' lang='grc' dir='ltr'><strong>ι</strong></span> <span class='ocrx_word' id='word_1_148' title='bbox 638 1916 891 1972; x_wconf 87' lang='lat' dir='ltr'><strong>Cesarius</strong></span> <span class='ocrx_word' id='word_1_149' title='bbox 917 1915 1295 1973; x_wconf 87' lang='lat' dir='ltr'><strong>Cisterciensis</strong></span> <span class='ocrx_word' id='word_1_150' title='bbox 1321 1926 1504 1972; x_wconf 88' lang='lat' dir='ltr'><strong>narrat</strong></span> <span class='ocrx_word' id='word_1_151' title='bbox 1527 1920 1655 1986; x_wconf 90' lang='lat' dir='ltr'><strong>duo,</strong></span> 
     </span>
    </p>
   </div>
   <div class='ocr_carea' id='block_1_23' title="bbox 140 2002 1657 2080">
    <p class='ocr_par' dir='ltr' id='par_1_23' title="bbox 140 2002 1657 2080">
     <span class='ocr_line' id='line_1_23' title="bbox 140 2002 1657 2080; baseline 0.009 -29"><span class='ocrx_word' id='word_1_152' title='bbox 140 2014 262 2068; x_wconf 74' lang='lat' dir='ltr'><strong>tqute</strong></span> <span class='ocrx_word' id='word_1_153' title='bbox 278 2002 747 2059; x_wconf 86' lang='lat' dir='ltr'><strong>Carthusianorum</strong></span> <span class='ocrx_word' id='word_1_154' title='bbox 777 2007 988 2063; x_wconf 80' lang='lat' dir='ltr'><strong>initium</strong></span> <span class='ocrx_word' id='word_1_155' title='bbox 1021 2009 1312 2080; x_wconf 58' lang='lat' dir='ltr'><strong>tale,&#39;quale</strong></span> <span class='ocrx_word' id='word_1_156' title='bbox 1336 2026 1476 2065; x_wconf 86' lang='lat' dir='ltr'><strong>nunc</strong></span> <span class='ocrx_word' id='word_1_157' title='bbox 1496 2027 1657 2067; x_wconf 79' lang='lat' dir='ltr'><strong>excu-</strong></span> 
     </span>
    </p>
   </div>
   <div class='ocr_carea' id='block_1_24' title="bbox 141 2091 1647 2168">
    <p class='ocr_par' dir='ltr' id='par_1_24' title="bbox 141 2091 1647 2168">
     <span class='ocr_line' id='line_1_24' title="bbox 141 2091 1647 2168; baseline 0.013 -28"><span class='ocrx_word' id='word_1_158' title='bbox 141 2091 320 2157; x_wconf 74' lang='lat' dir='ltr'><strong>ttimus,</strong></span> <span class='ocrx_word' id='word_1_159' title='bbox 349 2095 582 2165; x_wconf 85' lang='lat' dir='ltr'><strong>ﬁngendi</strong></span> <span class='ocrx_word' id='word_1_160' title='bbox 622 2112 842 2151; x_wconf 82' lang='lat' dir='ltr'><strong>causam</strong></span> <span class='ocrx_word' id='word_1_161' title='bbox 870 2099 1058 2155; x_wconf 82' lang='lat' dir='ltr'><strong>otiosis</strong></span> <span class='ocrx_word' id='word_1_162' title='bbox 1074 2100 1383 2156; x_wconf 82' lang='lat' dir='ltr'><strong>horninibus</strong></span> <span class='ocrx_word' id='word_1_163' title='bbox 1404 2104 1647 2168; x_wconf 62' lang='lat' dir='ltr'><strong>praebue-</strong></span> 
     </span>
    </p>
   </div>
   <div class='ocr_carea' id='block_1_25' title="bbox 141 2184 1654 2263">
    <p class='ocr_par' dir='ltr' id='par_1_25' title="bbox 141 2184 1654 2263">
     <span class='ocr_line' id='line_1_25' title="bbox 141 2184 1654 2263; baseline 0.013 -33"><span class='ocrx_word' id='word_1_164' title='bbox 141 2191 287 2235; x_wconf 66' lang='lat' dir='ltr'><strong>trunt.</strong></span> <span class='ocrx_word' id='word_1_165' title='bbox 314 2203 331 2236; x_wconf 77' lang='grc' dir='ltr'><strong>ι</strong></span> <span class='ocrx_word' id='word_1_166' title='bbox 362 2184 492 2239; x_wconf 91' lang='lat' dir='ltr'><strong>Cum</strong></span> <span class='ocrx_word' id='word_1_167' title='bbox 518 2186 669 2240; x_wconf 89' lang='lat' dir='ltr'><strong>enim</strong></span> <span class='ocrx_word' id='word_1_168' title='bbox 699 2188 924 2242; x_wconf 86' lang='lat' dir='ltr'><strong>duorum</strong></span> <span class='ocrx_word' id='word_1_169' title='bbox 958 2188 1184 2244; x_wconf 84' lang='lat' dir='ltr'><strong>alterum</strong></span> <span class='ocrx_word' id='word_1_170' title='bbox 1207 2191 1278 2246; x_wconf 89' lang='lat' dir='ltr'><strong>sit</strong></span> <span class='ocrx_word' id='word_1_171' title='bbox 1299 2192 1423 2246; x_wconf 86' lang='lat' dir='ltr'><strong>illud</strong></span> <span class='ocrx_word' id='word_1_172' title='bbox 1460 2194 1654 2263; x_wconf 90' lang='lat' dir='ltr'><strong>ipsum,</strong></span> 
     </span>
    </p>
   </div>
   <div class='ocr_carea' id='block_1_26' title="bbox 139 2272 1653 2348">
    <p class='ocr_par' dir='ltr' id='par_1_26' title="bbox 139 2272 1653 2348">
     <span class='ocr_line' id='line_1_26' title="bbox 139 2272 1653 2348; baseline 0.011 -26"><span class='ocrx_word' id='word_1_173' title='bbox 139 2272 244 2336; x_wconf 86' lang='lat' dir='ltr'><strong>quod</strong></span> <span class='ocrx_word' id='word_1_174' title='bbox 268 2274 409 2329; x_wconf 90' lang='lat' dir='ltr'><strong>modo</strong></span> <span class='ocrx_word' id='word_1_175' title='bbox 434 2276 622 2341; x_wconf 84' lang='lat' dir='ltr'><strong>retuli,</strong></span> <span class='ocrx_word' id='word_1_176' title='bbox 654 2277 886 2332; x_wconf 86' lang='lat' dir='ltr'><strong>hominis</strong></span> <span class='ocrx_word' id='word_1_177' title='bbox 913 2281 971 2332; x_wconf 84' lang='lat' dir='ltr'><strong>in</strong></span> <span class='ocrx_word' id='word_1_178' title='bbox 1008 2294 1175 2348; x_wconf 76' lang='lat' dir='ltr'><strong>regno</strong></span> <span class='ocrx_word' id='word_1_179' title='bbox 1203 2281 1531 2337; x_wconf 87' lang='lat' dir='ltr'><strong>Francorum</strong></span> <span class='ocrx_word' id='word_1_180' title='bbox 1566 2300 1653 2338; x_wconf 87' lang='lat' dir='ltr'><strong>re-</strong></span> 
     </span>
    </p>
   </div>
   <div class='ocr_carea' id='block_1_27' title="bbox 140 2360 1652 2439">
    <p class='ocr_par' dir='ltr' id='par_1_27' title="bbox 140 2360 1652 2439">
     <span class='ocr_line' id='line_1_27' title="bbox 140 2360 1652 2439; baseline 0.013 -30"><span class='ocrx_word' id='word_1_181' title='bbox 140 2360 277 2427; x_wconf 77' lang='lat' dir='ltr'><strong>dirivi,</strong></span> <span class='ocrx_word' id='word_1_182' title='bbox 322 2380 479 2435; x_wconf 84' lang='lat' dir='ltr'><strong>seque</strong></span> <span class='ocrx_word' id='word_1_183' title='bbox 519 2367 618 2421; x_wconf 89' lang='lat' dir='ltr'><strong>Dei</strong></span> <span class='ocrx_word' id='word_1_184' title='bbox 664 2367 869 2434; x_wconf 84' lang='lat' dir='ltr'><strong>judicio</strong></span> <span class='ocrx_word' id='word_1_185' title='bbox 916 2368 1239 2425; x_wconf 85' lang='lat' dir='ltr'><strong>damnatum</strong></span> <span class='ocrx_word' id='word_1_186' title='bbox 1270 2373 1652 2439; x_wconf 84' lang='lat' dir='ltr'><strong>exclamantis,</strong></span> 
     </span>
    </p>
   </div>
   <div class='ocr_carea' id='block_1_28' title="bbox 139 2454 1653 2535">
    <p class='ocr_par' dir='ltr' id='par_1_28' title="bbox 139 2454 1653 2535">
     <span class='ocr_line' id='line_1_28' title="bbox 139 2454 1653 2535; baseline 0.011 -33"><span class='ocrx_word' id='word_1_187' title='bbox 139 2466 212 2503; x_wconf 86' lang='lat' dir='ltr'><strong>non</strong></span> <span class='ocrx_word' id='word_1_188' title='bbox 240 2454 393 2519; x_wconf 88' lang='lat' dir='ltr'><strong>video,</strong></span> <span class='ocrx_word' id='word_1_189' title='bbox 419 2472 527 2511; x_wconf 79' lang='lat' dir='ltr'><strong>cur</strong></span> <span class='ocrx_word' id='word_1_190' title='bbox 548 2458 712 2513; x_wconf 89' lang='lat' dir='ltr'><strong>otiosi</strong></span> <span class='ocrx_word' id='word_1_191' title='bbox 741 2458 987 2515; x_wconf 82' lang='lat' dir='ltr'><strong>homines</strong></span> <span class='ocrx_word' id='word_1_192' title='bbox 1014 2463 1082 2515; x_wconf 89' lang='lat' dir='ltr'><strong>ad</strong></span> <span class='ocrx_word' id='word_1_193' title='bbox 1111 2461 1416 2518; x_wconf 83' lang='lat' dir='ltr'><strong>Parisiense</strong></span> <span class='ocrx_word' id='word_1_194' title='bbox 1442 2465 1653 2535; x_wconf 78' lang='lat' dir='ltr'><strong>ﬁngen-</strong></span> 
     </span>
    </p>
   </div>
   <div class='ocr_carea' id='block_1_29' title="bbox 140 2540 1653 2623">
    <p class='ocr_par' dir='ltr' id='par_1_29' title="bbox 140 2540 1653 2623">
     <span class='ocr_line' id='line_1_29' title="bbox 140 2540 1653 2623; baseline 0.012 -33"><span class='ocrx_word' id='word_1_195' title='bbox 140 2540 230 2594; x_wconf 85' lang='lat' dir='ltr'><strong>dum</strong></span> <span class='ocrx_word' id='word_1_196' title='bbox 256 2543 521 2601; x_wconf 82' lang='lat' dir='ltr'><strong>debuerint</strong></span> <span class='ocrx_word' id='word_1_197' title='bbox 564 2546 860 2619; x_wconf 73' lang='lat' dir='ltr'><strong>adiungere</strong></span> <span class='ocrx_word' id='word_1_198' title='bbox 892 2551 1140 2605; x_wconf 85' lang='lat' dir='ltr'><strong>canonici</strong></span> <span class='ocrx_word' id='word_1_199' title='bbox 1187 2550 1527 2619; x_wconf 89' lang='lat' dir='ltr'><strong>Parisiensis,</strong></span> <span class='ocrx_word' id='word_1_200' title='bbox 1559 2554 1653 2623; x_wconf 89' lang='lat' dir='ltr'><strong>qui</strong></span> 
     </span>
    </p>
   </div>
   <div class='ocr_carea' id='block_1_30' title="bbox 140 2639 1653 2712">
    <p class='ocr_par' dir='ltr' id='par_1_30' title="bbox 140 2639 1653 2712">
     <span class='ocr_line' id='line_1_30' title="bbox 140 2639 1653 2712; baseline 0.01 -29"><span class='ocrx_word' id='word_1_201' title='bbox 140 2640 226 2695; x_wconf 77' lang='lat' dir='ltr'><strong>post</strong></span> <span class='ocrx_word' id='word_1_202' title='bbox 259 2650 437 2701; x_wconf 82' lang='lat' dir='ltr'><strong>paucos</strong></span> <span class='ocrx_word' id='word_1_203' title='bbox 494 2652 523 2689; x_wconf 89' lang='lat' dir='ltr'><strong>a</strong></span> <span class='ocrx_word' id='word_1_204' title='bbox 579 2646 754 2692; x_wconf 86' lang='lat' dir='ltr'><strong>morte</strong></span> <span class='ocrx_word' id='word_1_205' title='bbox 795 2639 913 2703; x_wconf 27' lang='lat' dir='ltr'><strong>dies,</strong></span> <span class='ocrx_word' id='word_1_206' title='bbox 942 2655 1001 2694; x_wconf 92' lang='lat' dir='ltr'><strong>se</strong></span> <span class='ocrx_word' id='word_1_207' title='bbox 1036 2640 1156 2696; x_wconf 91' lang='lat' dir='ltr'><strong>sine</strong></span> <span class='ocrx_word' id='word_1_208' title='bbox 1193 2656 1420 2712; x_wconf 88' lang='lat' dir='ltr'><strong>corpore</strong></span> <span class='ocrx_word' id='word_1_209' title='bbox 1465 2644 1653 2699; x_wconf 81' lang='lat' dir='ltr'><strong>viden-</strong></span> 
     </span>
    </p>
   </div>
   <div class='ocr_carea' id='block_1_31' title="bbox 142 2722 1170 2801">
    <p class='ocr_par' dir='ltr' id='par_1_31' title="bbox 142 2722 1170 2801">
     <span class='ocr_line' id='line_1_31' title="bbox 142 2722 1170 2801; baseline 0.015 -29"><span class='ocrx_word' id='word_1_210' title='bbox 142 2722 229 2773; x_wconf 86' lang='lat' dir='ltr'><strong>dum</strong></span> <span class='ocrx_word' id='word_1_211' title='bbox 252 2724 431 2779; x_wconf 84' lang='lat' dir='ltr'><strong>homini</strong></span> <span class='ocrx_word' id='word_1_212' title='bbox 459 2728 621 2783; x_wconf 83' lang='lat' dir='ltr'><strong>valde</strong></span> <span class='ocrx_word' id='word_1_213' title='bbox 644 2728 896 2784; x_wconf 80' lang='lat' dir='ltr'><strong>familiari</strong></span> <span class='ocrx_word' id='word_1_214' title='bbox 926 2732 1170 2801; x_wconf 65' lang='lat' dir='ltr'><strong>prabuit.</strong></span> 
     </span>
    </p>
   </div>
   <div class='ocr_carea' id='block_1_32' title="bbox 187 2811 1655 2883">
    <p class='ocr_par' dir='ltr' id='par_1_32' title="bbox 187 2811 1655 2883">
     <span class='ocr_line' id='line_1_32' title="bbox 187 2811 1655 2883; baseline 0.012 -18"><span class='ocrx_word' id='word_1_215' title='bbox 187 2811 285 2865; x_wconf 69' lang='lat'><strong>255.</strong></span> <span class='ocrx_word' id='word_1_216' title='bbox 308 2834 324 2864; x_wconf 73' lang='grc' dir='ltr'>ί</span> <span class='ocrx_word' id='word_1_217' title='bbox 351 2816 571 2871; x_wconf 82' lang='lat' dir='ltr'><strong>Scilicet</strong></span> <span class='ocrx_word' id='word_1_218' title='bbox 603 2820 892 2874; x_wconf 90' lang='lat' dir='ltr'><strong>canonicus</strong></span> <span class='ocrx_word' id='word_1_219' title='bbox 915 2821 1002 2875; x_wconf 90' lang='lat' dir='ltr'><strong>hic</strong></span> <span class='ocrx_word' id='word_1_220' title='bbox 1021 2821 1151 2875; x_wconf 90' lang='lat' dir='ltr'><strong>nihil</strong></span> <span class='ocrx_word' id='word_1_221' title='bbox 1173 2821 1655 2883; x_wconf 88' lang='lat' dir='ltr'><strong>habuitcommune</strong></span> 
     </span>
    </p>
   </div>
   <div class='ocr_carea' id='block_1_33' title="bbox 143 2906 1652 2982">
    <p class='ocr_par' dir='ltr' id='par_1_33' title="bbox 143 2906 1652 2982">
     <span class='ocr_line' id='line_1_33' title="bbox 143 2906 1652 2982; baseline 0.013 -31"><span class='ocrx_word' id='word_1_222' title='bbox 143 2915 206 2952; x_wconf 77' lang='lat' dir='ltr'><strong>seu</strong></span> <span class='ocrx_word' id='word_1_223' title='bbox 224 2918 322 2956; x_wconf 83' lang='lat' dir='ltr'><strong>cum</strong></span> <span class='ocrx_word' id='word_1_224' title='bbox 351 2906 932 2975; x_wconf 83' lang='lat' dir='ltr'><strong>redivivoParisiensi,</strong></span> <span class='ocrx_word' id='word_1_225' title='bbox 963 2910 1033 2966; x_wconf 87' lang='lat' dir='ltr'><strong>de</strong></span> <span class='ocrx_word' id='word_1_226' title='bbox 1054 2926 1160 2981; x_wconf 91' lang='lat' dir='ltr'><strong>quo</strong></span> <span class='ocrx_word' id='word_1_227' title='bbox 1179 2928 1323 2968; x_wconf 90' lang='lat' dir='ltr'><strong>nunc</strong></span> <span class='ocrx_word' id='word_1_228' title='bbox 1345 2928 1523 2971; x_wconf 91' lang='lat' dir='ltr'><strong>sermo</strong></span> <span class='ocrx_word' id='word_1_229' title='bbox 1546 2923 1652 2982; x_wconf 89' lang='lat' dir='ltr'><strong>est,</strong></span> 
     </span>
    </p>
   </div>
   <div class='ocr_carea' id='block_1_34' title="bbox 141 2995 1654 3069">
    <p class='ocr_par' dir='ltr' id='par_1_34' title="bbox 141 2995 1654 3069">
     <span class='ocr_line' id='line_1_34' title="bbox 141 2995 1654 3069; baseline 0.015 -29"><span class='ocrx_word' id='word_1_230' title='bbox 141 3003 207 3040; x_wconf 71' lang='lat' dir='ltr'><strong>seu</strong></span> <span class='ocrx_word' id='word_1_231' title='bbox 226 3007 326 3046; x_wconf 88' lang='lat' dir='ltr'><strong>cum</strong></span> <span class='ocrx_word' id='word_1_232' title='bbox 349 2995 469 3062; x_wconf 84' lang='lat' dir='ltr'><strong>alio,</strong></span> <span class='ocrx_word' id='word_1_233' title='bbox 513 2998 636 3068; x_wconf 86' lang='lat' dir='ltr'><strong>qui,</strong></span> <span class='ocrx_word' id='word_1_234' title='bbox 680 3013 800 3053; x_wconf 93' lang='lat' dir='ltr'><strong>cum</strong></span> <span class='ocrx_word' id='word_1_235' title='bbox 832 3001 1129 3069; x_wconf 85' lang='lat' dir='ltr'><strong>parabatur</strong></span> <span class='ocrx_word' id='word_1_236' title='bbox 1167 3005 1484 3069; x_wconf 88' lang='lat' dir='ltr'><strong>conditorio,</strong></span> <span class='ocrx_word' id='word_1_237' title='bbox 1528 3007 1654 3061; x_wconf 86' lang='lat' dir='ltr'><strong>red-</strong></span> 
     </span>
    </p>
   </div>
   <div class='ocr_carea' id='block_1_35' title="bbox 142 3076 1723 3191">
    <p class='ocr_par' dir='ltr' id='par_1_35' title="bbox 142 3076 1723 3191">
     <span class='ocr_line' id='line_1_35' title="bbox 142 3076 1723 3191; baseline 0.017 -66"><span class='ocrx_word' id='word_1_238' title='bbox 142 3076 247 3131; x_wconf 80' lang='lat' dir='ltr'><strong>ditus</strong></span> <span class='ocrx_word' id='word_1_239' title='bbox 266 3081 349 3135; x_wconf 82' lang='lat' dir='ltr'><strong>fuit</strong></span> <span class='ocrx_word' id='word_1_240' title='bbox 380 3086 499 3141; x_wconf 78' lang='lat' dir='ltr'><strong>vitae</strong></span> <span class='ocrx_word' id='word_1_241' title='bbox 545 3086 602 3140; x_wconf 90' lang='lat' dir='ltr'><strong>in</strong></span> <span class='ocrx_word' id='word_1_242' title='bbox 638 3080 803 3158; x_wconf 82' lang='lat' dir='ltr'><strong>regno</strong></span> <span class='ocrx_word' id='word_1_243' title='bbox 845 3089 1199 3146; x_wconf 79' lang='lat' dir='ltr'><strong>Francorum.</strong></span> <span class='ocrx_word' id='word_1_244' title='bbox 1251 3112 1271 3146; x_wconf 77' lang='grc' dir='ltr'><strong>ι</strong></span> <span class='ocrx_word' id='word_1_245' title='bbox 1304 3093 1379 3148; x_wconf 89' lang='lat' dir='ltr'><strong>lta</strong></span> <span class='ocrx_word' id='word_1_246' title='bbox 1421 3094 1553 3149; x_wconf 83' lang='lat' dir='ltr'><strong>ille:</strong></span> <span class='ocrx_word' id='word_1_247' title='bbox 1598 3105 1654 3152; x_wconf 90' lang='lat' dir='ltr'><strong>et</strong></span> <span class='ocrx_word' id='word_1_248' title='bbox 1679 3130 1723 3191; x_wconf 68' lang='grc' dir='ltr'>Ο</span> 
     </span>
    </p>
   </div>
   <div class='ocr_carea' id='block_1_36' title="bbox 144 3174 1651 3257">
    <p class='ocr_par' dir='ltr' id='par_1_36' title="bbox 144 3174 1651 3257">
     <span class='ocr_line' id='line_1_36' title="bbox 144 3174 1651 3257; baseline 0.016 -36"><span class='ocrx_word' id='word_1_249' title='bbox 144 3174 289 3227; x_wconf 82' lang='lat' dir='ltr'><strong>merito</strong></span> <span class='ocrx_word' id='word_1_250' title='bbox 309 3178 512 3245; x_wconf 88' lang='lat' dir='ltr'><strong>quidem</strong></span> <span class='ocrx_word' id='word_1_251' title='bbox 548 3181 874 3251; x_wconf 84' lang='lat' dir='ltr'><strong>prodigium,</strong></span> <span class='ocrx_word' id='word_1_252' title='bbox 900 3185 1040 3253; x_wconf 89' lang='lat' dir='ltr'><strong>quod</strong></span> <span class='ocrx_word' id='word_1_253' title='bbox 1063 3200 1092 3238; x_wconf 92' lang='lat' dir='ltr'><strong>a</strong></span> <span class='ocrx_word' id='word_1_254' title='bbox 1109 3185 1347 3242; x_wconf 78' lang='lat' dir='ltr'><strong>.Ctesario</strong></span> <span class='ocrx_word' id='word_1_255' title='bbox 1375 3198 1651 3257; x_wconf 80' lang='lat' dir='ltr'><strong>narratur,</strong></span> 
     </span>
    </p>
   </div>
   <div class='ocr_carea' id='block_1_37' title="bbox 143 3269 1652 3348">
    <p class='ocr_par' dir='ltr' id='par_1_37' title="bbox 143 3269 1652 3348">
     <span class='ocr_line' id='line_1_37' title="bbox 143 3269 1652 3348; baseline 0.013 -33"><span class='ocrx_word' id='word_1_256' title='bbox 143 3276 229 3316; x_wconf 79' lang='lat' dir='ltr'><strong>cum</strong></span> <span class='ocrx_word' id='word_1_257' title='bbox 253 3269 473 3339; x_wconf 83' lang='lat' dir='ltr'><strong>prodigio</strong></span> <span class='ocrx_word' id='word_1_258' title='bbox 510 3270 835 3333; x_wconf 78' lang='lat' dir='ltr'><strong>Parisiensi,</strong></span> <span class='ocrx_word' id='word_1_259' title='bbox 863 3275 1004 3344; x_wconf 93' lang='lat' dir='ltr'><strong>quod</strong></span> <span class='ocrx_word' id='word_1_260' title='bbox 1030 3290 1060 3328; x_wconf 94' lang='lat' dir='ltr'><strong>a</strong></span> <span class='ocrx_word' id='word_1_261' title='bbox 1091 3276 1327 3345; x_wconf 88' lang='lat' dir='ltr'><strong>quinque</strong></span> <span class='ocrx_word' id='word_1_262' title='bbox 1352 3279 1652 3348; x_wconf 89' lang='lat' dir='ltr'><strong>primorum</strong></span> 
     </span>
    </p>
   </div>
   <div class='ocr_carea' id='block_1_38' title="bbox 143 3352 1653 3424">
    <p class='ocr_par' dir='ltr' id='par_1_38' title="bbox 143 3352 1653 3424">
     <span class='ocr_line' id='line_1_38' title="bbox 143 3352 1653 3424; baseline 0.015 -23"><span class='ocrx_word' id='word_1_263' title='bbox 143 3352 376 3417; x_wconf 69' lang='lat' dir='ltr'><strong>tarthusize</strong></span> <span class='ocrx_word' id='word_1_264' title='bbox 408 3359 662 3415; x_wconf 86' lang='lat' dir='ltr'><strong>Priorum</strong></span> <span class='ocrx_word' id='word_1_265' title='bbox 700 3361 953 3417; x_wconf 88' lang='lat' dir='ltr'><strong>Cbronici</strong></span> <span class='ocrx_word' id='word_1_266' title='bbox 988 3373 1210 3419; x_wconf 89' lang='lat' dir='ltr'><strong>auctore</strong></span> <span class='ocrx_word' id='word_1_267' title='bbox 1248 3381 1311 3421; x_wconf 90' lang='lat' dir='ltr'><strong>ac</strong></span> <span class='ocrx_word' id='word_1_268' title='bbox 1349 3367 1542 3423; x_wconf 89' lang='lat' dir='ltr'><strong>deinde</strong></span> <span class='ocrx_word' id='word_1_269' title='bbox 1587 3368 1653 3424; x_wconf 87' lang='lat' dir='ltr'><strong>ab</strong></span> 
     </span>
    </p>
   </div>
   <div class='ocr_carea' id='block_1_39' title="bbox 142 3431 1653 3527">
    <p class='ocr_par' dir='ltr' id='par_1_39' title="bbox 142 3431 1653 3527">
     <span class='ocr_line' id='line_1_39' title="bbox 142 3431 1653 3527; baseline 0.015 -34"><span class='ocrx_word' id='word_1_270' title='bbox 142 3444 349 3503; x_wconf 71' lang='lat' dir='ltr'><strong>Antonino</strong></span> <span class='ocrx_word' id='word_1_271' title='bbox 377 3431 652 3509; x_wconf 64' lang='lat' dir='ltr'><strong>memoria:</strong></span> <span class='ocrx_word' id='word_1_272' title='bbox 676 3455 942 3523; x_wconf 82' lang='lat' dir='ltr'><strong>proditum</strong></span> <span class='ocrx_word' id='word_1_273' title='bbox 962 3455 1260 3515; x_wconf 83' lang='lat' dir='ltr'><strong>fuit.unum</strong></span> <span class='ocrx_word' id='word_1_274' title='bbox 1279 3456 1525 3527; x_wconf 89' lang='lat' dir='ltr'><strong>idemque</strong></span> <span class='ocrx_word' id='word_1_275' title='bbox 1547 3472 1653 3515; x_wconf 87' lang='lat' dir='ltr'><strong>non</strong></span> 
     </span>
    </p>
   </div>
   <div class='ocr_carea' id='block_1_40' title="bbox 145 3546 1651 3610">
    <p class='ocr_par' dir='ltr' id='par_1_40' title="bbox 145 3546 1651 3610">
     <span class='ocr_line' id='line_1_40' title="bbox 145 3546 1651 3610; baseline 0.011 -20"><span class='ocrx_word' id='word_1_276' title='bbox 145 3546 253 3592; x_wconf 81' lang='lat' dir='ltr'><strong>certo</strong></span> <span class='ocrx_word' id='word_1_277' title='bbox 284 3557 409 3610; x_wconf 87' lang='lat' dir='ltr'><strong>esse,</strong></span> <span class='ocrx_word' id='word_1_278' title='bbox 459 3546 766 3603; x_wconf 84' lang='lat' dir='ltr'><strong>contendit.</strong></span> <span class='ocrx_word' id='word_1_279' title='bbox 811 3548 908 3605; x_wconf 88' lang='lat' dir='ltr'><strong>Ast</strong></span> <span class='ocrx_word' id='word_1_280' title='bbox 951 3563 1018 3602; x_wconf 90' lang='lat' dir='ltr'><strong>an</strong></span> <span class='ocrx_word' id='word_1_281' title='bbox 1068 3556 1213 3604; x_wconf 89' lang='lat' dir='ltr'><strong>recte</strong></span> <span class='ocrx_word' id='word_1_282' title='bbox 1257 3550 1416 3604; x_wconf 89' lang='lat' dir='ltr'><strong>simul</strong></span> <span class='ocrx_word' id='word_1_283' title='bbox 1466 3559 1651 3608; x_wconf 88' lang='lat' dir='ltr'><strong>contra</strong></span> 
     </span>
    </p>
   </div>
   <div class='ocr_carea' id='block_1_41' title="bbox 147 3623 1655 3713">
    <p class='ocr_par' dir='ltr' id='par_1_41' title="bbox 147 3623 1655 3713">
     <span class='ocr_line' id='line_1_41' title="bbox 147 3623 1655 3713; baseline 0.017 -37"><span class='ocrx_word' id='word_1_284' title='bbox 147 3623 377 3687; x_wconf 74' lang='lat' dir='ltr'><strong>Launoiuin</strong></span> <span class='ocrx_word' id='word_1_285' title='bbox 419 3637 707 3705; x_wconf 74' lang='lat' dir='ltr'><strong>adjuugit,</strong></span> <span class='ocrx_word' id='word_1_286' title='bbox 751 3648 1078 3707; x_wconf 88' lang='lat' dir='ltr'><strong>postremum</strong></span> <span class='ocrx_word' id='word_1_287' title='bbox 1128 3640 1231 3696; x_wconf 89' lang='lat' dir='ltr'><strong>hoc</strong></span> <span class='ocrx_word' id='word_1_288' title='bbox 1279 3643 1578 3713; x_wconf 81' lang='lat' dir='ltr'><strong>prodigium</strong></span> <span class='ocrx_word' id='word_1_289' title='bbox 1623 3660 1655 3701; x_wconf 88' lang='lat' dir='ltr'><strong>e</strong></span> 
     </span>
    </p>
   </div>
   <div class='ocr_carea' id='block_1_42' title="bbox 146 3720 1652 3803">
    <p class='ocr_par' dir='ltr' id='par_1_42' title="bbox 146 3720 1652 3803">
     <span class='ocr_line' id='line_1_42' title="bbox 146 3720 1652 3803; baseline 0.007 -23"><span class='ocrx_word' id='word_1_290' title='bbox 146 3720 343 3790; x_wconf 67' lang='lat' dir='ltr'><strong>Pmdigio,</strong></span> <span class='ocrx_word' id='word_1_291' title='bbox 378 3729 516 3795; x_wconf 86' lang='lat' dir='ltr'><strong>quod</strong></span> <span class='ocrx_word' id='word_1_292' title='bbox 546 3743 577 3780; x_wconf 76' lang='grc' dir='ltr'><strong>ιι</strong></span> <span class='ocrx_word' id='word_1_293' title='bbox 611 3729 849 3783; x_wconf 66' lang='lat' dir='ltr'><strong>Cmsario</strong></span> <span class='ocrx_word' id='word_1_294' title='bbox 899 3731 1151 3796; x_wconf 77' lang='lat' dir='ltr'><strong>refertur,</strong></span> <span class='ocrx_word' id='word_1_295' title='bbox 1192 3732 1469 3803; x_wconf 82' lang='lat' dir='ltr'><strong>alteroque</strong></span> <span class='ocrx_word' id='word_1_296' title='bbox 1495 3734 1652 3790; x_wconf 83' lang='lat' dir='ltr'><strong>Pari-</strong></span> 
     </span>
    </p>
   </div>
   <div class='ocr_carea' id='block_1_43' title="bbox 146 3807 1649 3896">
    <p class='ocr_par' dir='ltr' id='par_1_43' title="bbox 146 3807 1649 3896">
     <span class='ocr_line' id='line_1_43' title="bbox 146 3807 1649 3896; baseline 0.014 -34"><span class='ocrx_word' id='word_1_297' title='bbox 146 3807 287 3896; x_wconf 65' lang='lat' dir='ltr'><strong>siensis</strong></span> <span class='ocrx_word' id='word_1_298' title='bbox 307 3818 573 3883; x_wconf 86' lang='lat' dir='ltr'><strong>canonici,</strong></span> <span class='ocrx_word' id='word_1_299' title='bbox 599 3821 689 3889; x_wconf 90' lang='lat' dir='ltr'><strong>qui</strong></span> <span class='ocrx_word' id='word_1_300' title='bbox 734 3822 908 3876; x_wconf 84' lang='lat' dir='ltr'><strong>amico</strong></span> <span class='ocrx_word' id='word_1_301' title='bbox 944 3831 1066 3891; x_wconf 90' lang='lat' dir='ltr'><strong>post</strong></span> <span class='ocrx_word' id='word_1_302' title='bbox 1094 3832 1318 3878; x_wconf 92' lang='lat' dir='ltr'><strong>mortem</strong></span> <span class='ocrx_word' id='word_1_303' title='bbox 1362 3840 1649 3896; x_wconf 87' lang='lat' dir='ltr'><strong>apparens,</strong></span> 
     </span>
    </p>
   </div>
   <div class='ocr_carea' id='block_1_44' title="bbox 151 3892 1653 3967">
    <p class='ocr_par' dir='ltr' id='par_1_44' title="bbox 151 3892 1653 3967">
     <span class='ocr_line' id='line_1_44' title="bbox 151 3892 1653 3967; baseline 0.017 -27"><span class='ocrx_word' id='word_1_304' title='bbox 151 3892 396 3955; x_wconf 82' lang='lat' dir='ltr'><strong>damnatum</strong></span> <span class='ocrx_word' id='word_1_305' title='bbox 439 3918 564 3959; x_wconf 89' lang='lat' dir='ltr'><strong>sese</strong></span> <span class='ocrx_word' id='word_1_306' title='bbox 610 3905 955 3967; x_wconf 86' lang='lat' dir='ltr'><strong>nuntiaverit,</strong></span> <span class='ocrx_word' id='word_1_307' title='bbox 999 3907 1069 3960; x_wconf 88' lang='lat' dir='ltr'><strong>ab</strong></span> <span class='ocrx_word' id='word_1_308' title='bbox 1105 3908 1295 3964; x_wconf 88' lang='lat' dir='ltr'><strong>otiosis</strong></span> <span class='ocrx_word' id='word_1_309' title='bbox 1340 3892 1653 3965; x_wconf 82' lang='lat' dir='ltr'><strong>hominibus</strong></span> 
     </span>
    </p>
   </div>
   <div class='ocr_carea' id='block_1_45' title="bbox 147 3986 1652 4057">
    <p class='ocr_par' dir='ltr' id='par_1_45' title="bbox 147 3986 1652 4057">
     <span class='ocr_line' id='line_1_45' title="bbox 147 3986 1652 4057; baseline 0.015 -22"><span class='ocrx_word' id='word_1_310' title='bbox 147 3986 368 4046; x_wconf 65' lang='lat' dir='ltr'><strong>conﬂatum</strong></span> <span class='ocrx_word' id='word_1_311' title='bbox 404 4011 506 4050; x_wconf 93' lang='lat' dir='ltr'><strong>non</strong></span> <span class='ocrx_word' id='word_1_312' title='bbox 548 4011 668 4051; x_wconf 88' lang='lat' dir='ltr'><strong>esse</strong></span> <span class='ocrx_word' id='word_1_313' title='bbox 703 4005 797 4051; x_wconf 83' lang='lat' dir='ltr'><strong>aut</strong></span> <span class='ocrx_word' id='word_1_314' title='bbox 831 3997 1119 4052; x_wconf 89' lang='lat' dir='ltr'><strong>conﬁctum</strong></span> <span class='ocrx_word' id='word_1_315' title='bbox 1141 3999 1181 4053; x_wconf 61' lang='lat'><strong>?»</strong></span> <span class='ocrx_word' id='word_1_316' title='bbox 1211 3999 1288 4054; x_wconf 91' lang='lat' dir='ltr'><strong>Ita</strong></span> <span class='ocrx_word' id='word_1_317' title='bbox 1331 4001 1414 4056; x_wconf 86' lang='lat' dir='ltr'><strong>vel</strong></span> <span class='ocrx_word' id='word_1_318' title='bbox 1450 4003 1652 4057; x_wconf 88' lang='lat' dir='ltr'><strong>idcirco</strong></span> 
     </span>
    </p>
   </div>
   <div class='ocr_carea' id='block_1_46' title="bbox 150 4084 1651 4163">
    <p class='ocr_par' dir='ltr' id='par_1_46' title="bbox 150 4084 1651 4163">
     <span class='ocr_line' id='line_1_46' title="bbox 150 4084 1651 4163; baseline 0.015 -36"><span class='ocrx_word' id='word_1_319' title='bbox 150 4084 328 4143; x_wconf 78' lang='lat' dir='ltr'><strong>autumo,</strong></span> <span class='ocrx_word' id='word_1_320' title='bbox 357 4085 493 4153; x_wconf 88' lang='lat' dir='ltr'><strong>quod</strong></span> <span class='ocrx_word' id='word_1_321' title='bbox 528 4085 595 4138; x_wconf 89' lang='lat' dir='ltr'><strong>ad</strong></span> <span class='ocrx_word' id='word_1_322' title='bbox 621 4085 746 4139; x_wconf 87' lang='lat' dir='ltr'><strong>illud</strong></span> <span class='ocrx_word' id='word_1_323' title='bbox 776 4085 1104 4157; x_wconf 74' lang='lat' dir='ltr'><strong>ﬁngendum,</strong></span> <span class='ocrx_word' id='word_1_324' title='bbox 1134 4089 1178 4143; x_wconf 90' lang='lat' dir='ltr'><strong>si</strong></span> <span class='ocrx_word' id='word_1_325' title='bbox 1209 4088 1452 4147; x_wconf 81' lang='lat' dir='ltr'><strong>fortassis</strong></span> <span class='ocrx_word' id='word_1_326' title='bbox 1475 4093 1651 4163; x_wconf 87' lang='lat' dir='ltr'><strong>reipsa</strong></span> 
     </span>
    </p>
   </div>
   <div class='ocr_carea' id='block_1_47' title="bbox 151 4167 1655 4251">
    <p class='ocr_par' dir='ltr' id='par_1_47' title="bbox 151 4167 1655 4251">
     <span class='ocr_line' id='line_1_47' title="bbox 151 4167 1655 4251; baseline 0.011 -35"><span class='ocrx_word' id='word_1_327' title='bbox 151 4176 218 4227; x_wconf 77' lang='lat' dir='ltr'><strong>pro</strong></span> <span class='ocrx_word' id='word_1_328' title='bbox 242 4167 390 4226; x_wconf 83' lang='lat' dir='ltr'><strong>fabula</strong></span> <span class='ocrx_word' id='word_1_329' title='bbox 419 4190 510 4230; x_wconf 92' lang='lat' dir='ltr'><strong>seu</strong></span> <span class='ocrx_word' id='word_1_330' title='bbox 548 4175 804 4245; x_wconf 79' lang='lat' dir='ltr'><strong>ﬁgmento</strong></span> <span class='ocrx_word' id='word_1_331' title='bbox 840 4176 912 4231; x_wconf 85' lang='lat' dir='ltr'><strong>sit</strong></span> <span class='ocrx_word' id='word_1_332' title='bbox 959 4177 1288 4244; x_wconf 88' lang='lat' dir='ltr'><strong>habendum,</strong></span> <span class='ocrx_word' id='word_1_333' title='bbox 1325 4179 1495 4235; x_wconf 85' lang='lat' dir='ltr'><strong>solum</strong></span> <span class='ocrx_word' id='word_1_334' title='bbox 1531 4198 1655 4251; x_wconf 74' lang='lat' dir='ltr'><strong>pro.</strong></span> 
     </span>
    </p>
   </div>
   <div class='ocr_carea' id='block_1_48' title="bbox 150 4252 1654 4339">
    <p class='ocr_par' dir='ltr' id='par_1_48' title="bbox 150 4252 1654 4339">
     <span class='ocr_line' id='line_1_48' title="bbox 150 4252 1654 4339; baseline 0.012 -30"><span class='ocrx_word' id='word_1_335' title='bbox 150 4252 314 4325; x_wconf 78' lang='lat' dir='ltr'><strong>digium,</strong></span> <span class='ocrx_word' id='word_1_336' title='bbox 340 4279 365 4317; x_wconf 89' lang='lat' dir='ltr'><strong>a</strong></span> <span class='ocrx_word' id='word_1_337' title='bbox 385 4265 621 4322; x_wconf 70' lang='lat' dir='ltr'><strong>Caesario</strong></span> <span class='ocrx_word' id='word_1_338' title='bbox 644 4266 889 4331; x_wconf 89' lang='lat' dir='ltr'><strong>relatum,</strong></span> <span class='ocrx_word' id='word_1_339' title='bbox 923 4267 1202 4324; x_wconf 78' lang='lat' dir='ltr'><strong>suﬁ‘ecisse</strong></span> <span class='ocrx_word' id='word_1_340' title='bbox 1221 4280 1406 4339; x_wconf 86' lang='lat' dir='ltr'><strong>queat,</strong></span> <span class='ocrx_word' id='word_1_341' title='bbox 1428 4286 1654 4327; x_wconf 75' lang='lat' dir='ltr'><strong>concur-</strong></span> 
     </span>
    </p>
   </div>
   <div class='ocr_carea' id='block_1_49' title="bbox 149 4346 1650 4433">
    <p class='ocr_par' dir='ltr' id='par_1_49' title="bbox 149 4346 1650 4433">
     <span class='ocr_line' id='line_1_49' title="bbox 149 4346 1650 4433; baseline 0.013 -33"><span class='ocrx_word' id='word_1_342' title='bbox 149 4346 331 4421; x_wconf 67' lang='lat' dir='ltr'><strong>r‘sseque</strong></span> <span class='ocrx_word' id='word_1_343' title='bbox 363 4359 522 4413; x_wconf 87' lang='lat' dir='ltr'><strong>etiam</strong></span> <span class='ocrx_word' id='word_1_344' title='bbox 563 4358 791 4415; x_wconf 87' lang='lat' dir='ltr'><strong>alterum</strong></span> <span class='ocrx_word' id='word_1_345' title='bbox 824 4359 956 4415; x_wconf 90' lang='lat' dir='ltr'><strong>illud</strong></span> <span class='ocrx_word' id='word_1_346' title='bbox 1002 4360 1326 4417; x_wconf 85' lang='lat' dir='ltr'><strong>Parisiensis</strong></span> <span class='ocrx_word' id='word_1_347' title='bbox 1372 4365 1650 4433; x_wconf 89' lang='lat' dir='ltr'><strong>canonici,</strong></span> 
     </span>
    </p>
   </div>
   <div class='ocr_carea' id='block_1_50' title="bbox 150 4439 1731 4523">
    <p class='ocr_par' dir='ltr' id='par_1_50' title="bbox 150 4439 1731 4523">
     <span class='ocr_line' id='line_1_50' title="bbox 150 4439 1731 4523; baseline 0.018 -40"><span class='ocrx_word' id='word_1_348' title='bbox 150 4439 248 4493; x_wconf 84' lang='lat' dir='ltr'><strong>nulla</strong></span> <span class='ocrx_word' id='word_1_349' title='bbox 269 4447 387 4501; x_wconf 85' lang='lat' dir='ltr'><strong>ratio</strong></span> <span class='ocrx_word' id='word_1_350' title='bbox 410 4450 665 4514; x_wconf 82' lang='lat' dir='ltr'><strong>suadeat,</strong></span> <span class='ocrx_word' id='word_1_351' title='bbox 696 4449 804 4505; x_wconf 90' lang='lat' dir='ltr'><strong>imo</strong></span> <span class='ocrx_word' id='word_1_352' title='bbox 841 4451 1024 4521; x_wconf 89' lang='lat' dir='ltr'><strong>potius</strong></span> <span class='ocrx_word' id='word_1_353' title='bbox 1058 4454 1390 4509; x_wconf 90' lang='lat' dir='ltr'><strong>contrarium</strong></span> <span class='ocrx_word' id='word_1_354' title='bbox 1433 4455 1655 4512; x_wconf 83' lang='lat' dir='ltr'><strong>suadeat</strong></span> <span class='ocrx_word' id='word_1_355' title='bbox 1686 4468 1731 4523; x_wconf 84' lang='lat'><strong>1)</strong></span> 
     </span>
    </p>
   </div>
   <div class='ocr_carea' id='block_1_51' title="bbox 149 4526 1651 4616">
    <p class='ocr_par' dir='ltr' id='par_1_51' title="bbox 149 4526 1651 4616">
     <span class='ocr_line' id='line_1_51' title="bbox 149 4526 1651 4616; baseline 0.015 -35"><span class='ocrx_word' id='word_1_356' title='bbox 149 4526 459 4600; x_wconf 86' lang='lat' dir='ltr'><strong>dissimilitudo</strong></span> <span class='ocrx_word' id='word_1_357' title='bbox 493 4556 657 4611; x_wconf 86' lang='lat' dir='ltr'><strong>quam</strong></span> <span class='ocrx_word' id='word_1_358' title='bbox 684 4543 916 4597; x_wconf 85' lang='lat' dir='ltr'><strong>maxima</strong></span> <span class='ocrx_word' id='word_1_359' title='bbox 942 4544 1045 4599; x_wconf 88' lang='lat' dir='ltr'><strong>hoc</strong></span> <span class='ocrx_word' id='word_1_360' title='bbox 1075 4545 1219 4600; x_wconf 84' lang='lat' dir='ltr'><strong>inter</strong></span> <span class='ocrx_word' id='word_1_361' title='bbox 1246 4553 1300 4599; x_wconf 87' lang='lat' dir='ltr'><strong>et</strong></span> <span class='ocrx_word' id='word_1_362' title='bbox 1328 4544 1651 4616; x_wconf 89' lang='lat' dir='ltr'><strong>Parisiense,</strong></span> 
     </span>
    </p>
   </div>
   <div class='ocr_carea' id='block_1_52' title="bbox 150 4621 1655 4710">
    <p class='ocr_par' dir='ltr' id='par_1_52' title="bbox 150 4621 1655 4710">
     <span class='ocr_line' id='line_1_52' title="bbox 150 4621 1655 4710; baseline 0.007 -28"><span class='ocrx_word' id='word_1_363' title='bbox 150 4629 224 4682; x_wconf 67' lang='grc' dir='ltr'>ἰιιο</span> <span class='ocrx_word' id='word_1_364' title='bbox 244 4621 397 4683; x_wconf 89' lang='lat' dir='ltr'><strong>Bruuo</strong></span> <span class='ocrx_word' id='word_1_365' title='bbox 434 4631 486 4685; x_wconf 93' lang='lat' dir='ltr'><strong>in</strong></span> <span class='ocrx_word' id='word_1_366' title='bbox 527 4647 773 4710; x_wconf 63' lang='lat' dir='ltr'><strong>cumtum</strong></span> <span class='ocrx_word' id='word_1_367' title='bbox 794 4634 983 4703; x_wconf 87' lang='lat' dir='ltr'><strong>pulsus</strong></span> <span class='ocrx_word' id='word_1_368' title='bbox 1002 4633 1187 4700; x_wconf 80' lang='lat' dir='ltr'><strong>fuerit,</strong></span> <span class='ocrx_word' id='word_1_369' title='bbox 1226 4636 1528 4705; x_wconf 79' lang='lat' dir='ltr'><strong>prodigium</strong></span> <span class='ocrx_word' id='word_1_370' title='bbox 1573 4640 1655 4693; x_wconf 88' lang='lat' dir='ltr'><strong>in-</strong></span> 
     </span>
    </p>
   </div>
   <div class='ocr_carea' id='block_1_53' title="bbox 152 4713 1655 4791">
    <p class='ocr_par' dir='ltr' id='par_1_53' title="bbox 152 4713 1655 4791">
     <span class='ocr_line' id='line_1_53' title="bbox 152 4713 1655 4791; baseline 0.013 -26"><span class='ocrx_word' id='word_1_371' title='bbox 152 4713 390 4783; x_wconf 75' lang='lat' dir='ltr'><strong>tercedens,</strong></span> <span class='ocrx_word' id='word_1_372' title='bbox 440 4738 558 4791; x_wconf 85' lang='lat' dir='ltr'><strong>quae</strong></span> <span class='ocrx_word' id='word_1_373' title='bbox 599 4732 749 4779; x_wconf 84' lang='lat' dir='ltr'><strong>tanta</strong></span> <span class='ocrx_word' id='word_1_374' title='bbox 797 4732 900 4789; x_wconf 90' lang='lat' dir='ltr'><strong>est,</strong></span> <span class='ocrx_word' id='word_1_375' title='bbox 939 4733 998 4783; x_wconf 83' lang='lat' dir='ltr'><strong>ut</strong></span> <span class='ocrx_word' id='word_1_376' title='bbox 1037 4726 1171 4780; x_wconf 82' lang='lat' dir='ltr'><strong>nihil</strong></span> <span class='ocrx_word' id='word_1_377' title='bbox 1213 4724 1329 4783; x_wconf 81' lang='lat' dir='ltr'><strong>fere</strong></span> <span class='ocrx_word' id='word_1_378' title='bbox 1366 4729 1525 4784; x_wconf 90' lang='lat' dir='ltr'><strong>ambo</strong></span> <span class='ocrx_word' id='word_1_379' title='bbox 1564 4729 1655 4785; x_wconf 90' lang='lat' dir='ltr'><strong>illa</strong></span> 
     </span>
    </p>
   </div>
   <div class='ocr_carea' id='block_1_54' title="bbox 152 4802 1652 4885">
    <p class='ocr_par' dir='ltr' id='par_1_54' title="bbox 152 4802 1652 4885">
     <span class='ocr_line' id='line_1_54' title="bbox 152 4802 1652 4885; baseline 0.009 -25"><span class='ocrx_word' id='word_1_380' title='bbox 152 4802 335 4873; x_wconf 76' lang='lat' dir='ltr'><strong>Prodigia</strong></span> <span class='ocrx_word' id='word_1_381' title='bbox 371 4810 609 4867; x_wconf 27' lang='lat' dir='ltr'><strong>habeant.</strong></span> <span class='ocrx_word' id='word_1_382' title='bbox 624 4827 942 4881; x_wconf 91' lang='lat' dir='ltr'><strong>commune,</strong></span> <span class='ocrx_word' id='word_1_383' title='bbox 974 4816 1428 4885; x_wconf 85' lang='lat' dir='ltr'><strong>quemadmodum</strong></span> <span class='ocrx_word' id='word_1_384' title='bbox 1470 4821 1652 4874; x_wconf 80' lang='lat' dir='ltr'><strong>consi-</strong></span> 
     </span>
    </p>
   </div>
   <div class='ocr_carea' id='block_1_55' title="bbox 152 4886 1655 4978">
    <p class='ocr_par' dir='ltr' id='par_1_55' title="bbox 152 4886 1655 4978">
     <span class='ocr_line' id='line_1_55' title="bbox 152 4886 1655 4978; baseline 0.018 -41"><span class='ocrx_word' id='word_1_385' title='bbox 152 4886 305 4949; x_wconf 80' lang='lat' dir='ltr'><strong>deranti</strong></span> <span class='ocrx_word' id='word_1_386' title='bbox 325 4903 536 4967; x_wconf 86' lang='lat' dir='ltr'><strong>patebit.</strong></span> <span class='ocrx_word' id='word_1_387' title='bbox 576 4904 746 4959; x_wconf 89' lang='lat' dir='ltr'><strong>Porro</strong></span> <span class='ocrx_word' id='word_1_388' title='bbox 791 4907 915 4972; x_wconf 85' lang='lat' dir='ltr'><strong>etsi,</strong></span> <span class='ocrx_word' id='word_1_389' title='bbox 959 4915 1020 4960; x_wconf 91' lang='lat' dir='ltr'><strong>ut</strong></span> <span class='ocrx_word' id='word_1_390' title='bbox 1051 4905 1162 4974; x_wconf 85' lang='lat' dir='ltr'><strong>jam</strong></span> <span class='ocrx_word' id='word_1_391' title='bbox 1197 4908 1327 4970; x_wconf 81' lang='lat' dir='ltr'><strong>dixi,</strong></span> <span class='ocrx_word' id='word_1_392' title='bbox 1367 4907 1655 4978; x_wconf 81' lang='lat' dir='ltr'><strong>verbisque</strong></span> 
     </span>
    </p>
   </div>
   <div class='ocr_carea' id='block_1_56' title="bbox 153 4979 1651 5066">
    <p class='ocr_par' dir='ltr' id='par_1_56' title="bbox 153 4979 1651 5066">
     <span class='ocr_line' id='line_1_56' title="bbox 153 4979 1651 5066; baseline 0.018 -37"><span class='ocrx_word' id='word_1_393' title='bbox 153 4979 266 5036; x_wconf 79' lang='lat' dir='ltr'><strong>etiam</strong></span> <span class='ocrx_word' id='word_1_394' title='bbox 297 5003 406 5045; x_wconf 80' lang='lat' dir='ltr'><strong>mox</strong></span> <span class='ocrx_word' id='word_1_395' title='bbox 445 4995 683 5057; x_wconf 74' lang='lat' dir='ltr'><strong>recitatis</strong></span> <span class='ocrx_word' id='word_1_396' title='bbox 710 4995 1023 5052; x_wconf 88' lang='lat' dir='ltr'><strong>Columbius</strong></span> <span class='ocrx_word' id='word_1_397' title='bbox 1060 4997 1258 5062; x_wconf 88' lang='lat' dir='ltr'><strong>innuit,</strong></span> <span class='ocrx_word' id='word_1_398' title='bbox 1324 4998 1651 5066; x_wconf 78' lang='lat' dir='ltr'><strong>Parisiense,</strong></span> 
     </span>
    </p>
   </div>
   <div class='ocr_carea' id='block_1_57' title="bbox 154 5082 1649 5159">
    <p class='ocr_par' dir='ltr' id='par_1_57' title="bbox 154 5082 1649 5159">
     <span class='ocr_line' id='line_1_57' title="bbox 154 5082 1649 5159; baseline 0.007 -26"><span class='ocrx_word' id='word_1_399' title='bbox 154 5082 226 5133; x_wconf 80' lang='grc' dir='ltr'><strong>(Ιηο</strong></span> <span class='ocrx_word' id='word_1_400' title='bbox 255 5090 449 5137; x_wconf 86' lang='lat' dir='ltr'><strong>sanctus</strong></span> <span class='ocrx_word' id='word_1_401' title='bbox 488 5085 541 5139; x_wconf 90' lang='lat' dir='ltr'><strong>in</strong></span> <span class='ocrx_word' id='word_1_402' title='bbox 592 5101 835 5141; x_wconf 91' lang='lat' dir='ltr'><strong>eremum</strong></span> <span class='ocrx_word' id='word_1_403' title='bbox 881 5087 1066 5157; x_wconf 83' lang='lat' dir='ltr'><strong>pulsus</strong></span> <span class='ocrx_word' id='word_1_404' title='bbox 1116 5087 1304 5152; x_wconf 81' lang='lat' dir='ltr'><strong>fuerit,</strong></span> <span class='ocrx_word' id='word_1_405' title='bbox 1350 5090 1649 5159; x_wconf 83' lang='lat' dir='ltr'><strong>prodigium</strong></span> 
     </span>
    </p>
   </div>
   <div class='ocr_carea' id='block_1_58' title="bbox 155 5172 1652 5257">
    <p class='ocr_par' dir='ltr' id='par_1_58' title="bbox 155 5172 1652 5257">
     <span class='ocr_line' id='line_1_58' title="bbox 155 5172 1652 5257; baseline 0 -21"><span class='ocrx_word' id='word_1_406' title='bbox 155 5173 241 5257; x_wconf 55' lang='grc' dir='ltr'><strong>Ῡξηη</strong></span> <span class='ocrx_word' id='word_1_407' title='bbox 271 5172 508 5245; x_wconf 73' lang='lat' dir='ltr'><strong>Pfodigio,</strong></span> <span class='ocrx_word' id='word_1_408' title='bbox 557 5178 699 5246; x_wconf 92' lang='lat' dir='ltr'><strong>quod</strong></span> <span class='ocrx_word' id='word_1_409' title='bbox 748 5178 1016 5234; x_wconf 71' lang='lat' dir='ltr'><strong>Cresarius</strong></span> <span class='ocrx_word' id='word_1_410' title='bbox 1061 5180 1251 5246; x_wconf 82' lang='lat' dir='ltr'><strong>refert,</strong></span> <span class='ocrx_word' id='word_1_411' title='bbox 1285 5196 1448 5234; x_wconf 87' lang='lat' dir='ltr'><strong>unum</strong></span> <span class='ocrx_word' id='word_1_412' title='bbox 1490 5191 1652 5251; x_wconf 87' lang='lat' dir='ltr'><strong>atque</strong></span> 
     </span>
    </p>
   </div>
   <div class='ocr_carea' id='block_1_59' title="bbox 156 5252 1654 5333">
    <p class='ocr_par' dir='ltr' id='par_1_59' title="bbox 156 5252 1654 5333">
     <span class='ocr_line' id='line_1_59' title="bbox 156 5252 1654 5333; baseline 0.013 -28"><span class='ocrx_word' id='word_1_413' title='bbox 156 5252 255 5309; x_wconf 81' lang='lat' dir='ltr'><strong>idem</strong></span> <span class='ocrx_word' id='word_1_414' title='bbox 297 5276 391 5317; x_wconf 90' lang='lat' dir='ltr'><strong>non</strong></span> <span class='ocrx_word' id='word_1_415' title='bbox 430 5276 577 5322; x_wconf 89' lang='lat' dir='ltr'><strong>certo</strong></span> <span class='ocrx_word' id='word_1_416' title='bbox 610 5269 700 5333; x_wconf 89' lang='lat' dir='ltr'><strong>sit,</strong></span> <span class='ocrx_word' id='word_1_417' title='bbox 738 5284 903 5322; x_wconf 89' lang='lat' dir='ltr'><strong>unum</strong></span> <span class='ocrx_word' id='word_1_418' title='bbox 945 5276 1123 5325; x_wconf 89' lang='lat' dir='ltr'><strong>tamen</strong></span> <span class='ocrx_word' id='word_1_419' title='bbox 1155 5271 1223 5325; x_wconf 88' lang='lat' dir='ltr'><strong>ab</strong></span> <span class='ocrx_word' id='word_1_420' title='bbox 1256 5270 1425 5325; x_wconf 90' lang='lat' dir='ltr'><strong>altero</strong></span> <span class='ocrx_word' id='word_1_421' title='bbox 1462 5270 1654 5325; x_wconf 58' lang='lat' dir='ltr'><strong>distinv</strong></span> 
     </span>
    </p>
   </div>
   <div class='ocr_carea' id='block_1_60' title="bbox 156 5350 1651 5432">
    <p class='ocr_par' dir='ltr' id='par_1_60' title="bbox 156 5350 1651 5432">
     <span class='ocr_line' id='line_1_60' title="bbox 156 5350 1651 5432; baseline 0.009 -29"><span class='ocrx_word' id='word_1_422' title='bbox 156 5350 261 5400; x_wconf 75' lang='lat' dir='ltr'><strong>ctum</strong></span> <span class='ocrx_word' id='word_1_423' title='bbox 290 5366 382 5407; x_wconf 90' lang='lat' dir='ltr'><strong>non</strong></span> <span class='ocrx_word' id='word_1_424' title='bbox 421 5371 558 5427; x_wconf 86' lang='lat' dir='ltr'><strong>esse,</strong></span> <span class='ocrx_word' id='word_1_425' title='bbox 604 5360 913 5416; x_wconf 86' lang='lat' dir='ltr'><strong>verosimile</strong></span> <span class='ocrx_word' id='word_1_426' title='bbox 962 5361 1165 5417; x_wconf 88' lang='lat' dir='ltr'><strong>idcirco</strong></span> <span class='ocrx_word' id='word_1_427' title='bbox 1215 5371 1458 5431; x_wconf 85' lang='lat' dir='ltr'><strong>apparet,</strong></span> <span class='ocrx_word' id='word_1_428' title='bbox 1509 5363 1651 5432; x_wconf 91' lang='lat' dir='ltr'><strong>quod</strong></span> 
     </span>
    </p>
   </div>
   <div class='ocr_carea' id='block_1_61' title="bbox 159 5436 1647 5520">
    <p class='ocr_par' dir='ltr' id='par_1_61' title="bbox 159 5436 1647 5520">
     <span class='ocr_line' id='line_1_61' title="bbox 159 5436 1647 5520; baseline 0.016 -35"><span class='ocrx_word' id='word_1_429' title='bbox 159 5436 376 5510; x_wconf 85' lang='lat' dir='ltr'><strong>utriusque</strong></span> <span class='ocrx_word' id='word_1_430' title='bbox 398 5450 577 5504; x_wconf 89' lang='lat' dir='ltr'><strong>eadem</strong></span> <span class='ocrx_word' id='word_1_431' title='bbox 614 5451 685 5505; x_wconf 90' lang='lat' dir='ltr'><strong>sit</strong></span> <span class='ocrx_word' id='word_1_432' title='bbox 718 5452 1046 5519; x_wconf 86' lang='lat' dir='ltr'><strong>substantia,</strong></span> <span class='ocrx_word' id='word_1_433' title='bbox 1098 5453 1370 5508; x_wconf 88' lang='lat' dir='ltr'><strong>hominem</strong></span> <span class='ocrx_word' id='word_1_434' title='bbox 1422 5454 1647 5520; x_wconf 88' lang='lat' dir='ltr'><strong>scilicet,</strong></span> 
     </span>
    </p>
   </div>
   <div class='ocr_carea' id='block_1_62' title="bbox 159 5523 1647 5620">
    <p class='ocr_par' dir='ltr' id='par_1_62' title="bbox 159 5523 1647 5620">
     <span class='ocr_line' id='line_1_62' title="bbox 159 5523 1647 5620; baseline 0.014 -44"><span class='ocrx_word' id='word_1_435' title='bbox 159 5523 221 5620; x_wconf 63' lang='lat' dir='ltr'><strong>qui</strong></span> <span class='ocrx_word' id='word_1_436' title='bbox 243 5529 327 5585; x_wconf 82' lang='lat' dir='ltr'><strong>vita</strong></span> <span class='ocrx_word' id='word_1_437' title='bbox 372 5535 577 5595; x_wconf 85' lang='lat' dir='ltr'><strong>ﬁmctus</strong></span> <span class='ocrx_word' id='word_1_438' title='bbox 626 5549 745 5596; x_wconf 86' lang='lat' dir='ltr'><strong>erat</strong></span> <span class='ocrx_word' id='word_1_439' title='bbox 786 5541 1007 5614; x_wconf 83' lang='lat' dir='ltr'><strong>jamque</strong></span> <span class='ocrx_word' id='word_1_440' title='bbox 1059 5543 1114 5598; x_wconf 91' lang='lat' dir='ltr'><strong>in</strong></span> <span class='ocrx_word' id='word_1_441' title='bbox 1160 5542 1364 5599; x_wconf 83' lang='lat' dir='ltr'><strong>feretro</strong></span> <span class='ocrx_word' id='word_1_442' title='bbox 1419 5544 1647 5620; x_wconf 87' lang='lat' dir='ltr'><strong>positus,</strong></span> 
     </span>
    </p>
   </div>
   <div class='ocr_carea' id='block_1_63' title="bbox 162 5612 1648 5704">
    <p class='ocr_par' dir='ltr' id='par_1_63' title="bbox 162 5612 1648 5704">
     <span class='ocr_line' id='line_1_63' title="bbox 162 5612 1648 5704; baseline 0.011 -30"><span class='ocrx_word' id='word_1_443' title='bbox 162 5612 487 5704; x_wconf 45' lang='lat' dir='ltr'><strong>damnationem</strong></span> <span class='ocrx_word' id='word_1_444' title='bbox 526 5647 678 5687; x_wconf 89' lang='lat' dir='ltr'><strong>suam</strong></span> <span class='ocrx_word' id='word_1_445' title='bbox 709 5612 971 5704; x_wconf 81' lang='lat' dir='ltr'><strong>tantisper</strong></span> <span class='ocrx_word' id='word_1_446' title='bbox 1012 5634 1310 5689; x_wconf 82' lang='lat' dir='ltr'><strong>redivivum</strong></span> <span class='ocrx_word' id='word_1_447' title='bbox 1350 5612 1648 5691; x_wconf 72' lang='lat' dir='ltr'><strong>astantibus</strong></span> 
     </span>
    </p>
   </div>
   <div class='ocr_carea' id='block_1_64' title="bbox 160 5699 1643 5793">
    <p class='ocr_par' dir='ltr' id='par_1_64' title="bbox 160 5699 1643 5793">
     <span class='ocr_line' id='line_1_64' title="bbox 160 5699 1643 5793; baseline 0.012 -33"><span class='ocrx_word' id='word_1_448' title='bbox 160 5699 461 5771; x_wconf 17' lang='lat' dir='ltr'><strong>temunliasse.</strong></span> <span class='ocrx_word' id='word_1_449' title='bbox 499 5718 602 5777; x_wconf 80' lang='lat' dir='ltr'><strong>Nec</strong></span> <span class='ocrx_word' id='word_1_450' title='bbox 650 5721 829 5779; x_wconf 84' lang='lat' dir='ltr'><strong>obstat</strong></span> <span class='ocrx_word' id='word_1_451' title='bbox 875 5699 1161 5791; x_wconf 70' lang='lat' dir='ltr'><strong>utriusque</strong></span> <span class='ocrx_word' id='word_1_452' title='bbox 1197 5723 1423 5792; x_wconf 76' lang='lat' dir='ltr'><strong>prodigii</strong></span> <span class='ocrx_word' id='word_1_453' title='bbox 1457 5723 1643 5793; x_wconf 88' lang='lat' dir='ltr'><strong>adjun-</strong></span> 
     </span>
    </p>
   </div>
   <div class='ocr_carea' id='block_1_65' title="bbox 1744 557 3337 631">
    <p class='ocr_par' dir='ltr' id='par_1_65' title="bbox 1744 557 3337 631">
     <span class='ocr_line' id='line_1_65' title="bbox 1744 557 3337 631; baseline 0.008 -25"><span class='ocrx_word' id='word_1_454' title='bbox 1744 560 1747 563; x_wconf 76' lang='lat'><em>‘</em></span> <span class='ocrx_word' id='word_1_455' title='bbox 1774 561 1882 607; x_wconf 89' lang='lat' dir='ltr'><strong>tam</strong></span> <span class='ocrx_word' id='word_1_456' title='bbox 1912 557 2000 609; x_wconf 92' lang='lat' dir='ltr'><strong>uni</strong></span> <span class='ocrx_word' id='word_1_457' title='bbox 2020 572 2189 625; x_wconf 88' lang='lat' dir='ltr'><strong>quam</strong></span> <span class='ocrx_word' id='word_1_458' title='bbox 2220 558 2373 612; x_wconf 88' lang='lat' dir='ltr'><strong>alteri</strong></span> <span class='ocrx_word' id='word_1_459' title='bbox 2397 574 2427 613; x_wconf 92' lang='lat' dir='ltr'><strong>e</strong></span> <span class='ocrx_word' id='word_1_460' title='bbox 2452 559 2661 615; x_wconf 90' lang='lat' dir='ltr'><strong>duobus</strong></span> <span class='ocrx_word' id='word_1_461' title='bbox 2688 561 2835 616; x_wconf 84' lang='lat' dir='ltr'><strong>hisce</strong></span> <span class='ocrx_word' id='word_1_462' title='bbox 2862 563 3118 631; x_wconf 85' lang='lat' dir='ltr'><strong>prodigiis</strong></span> <span class='ocrx_word' id='word_1_463' title='bbox 3144 579 3337 617; x_wconf 85' lang='lat' dir='ltr'><strong>secun-</strong></span> 
     </span>
    </p>
   </div>
   <div class='ocr_carea' id='block_1_66' title="bbox 1772 642 3338 722">
    <p class='ocr_par' dir='ltr' id='par_1_66' title="bbox 1772 642 3338 722">
     <span class='ocr_line' id='line_1_66' title="bbox 1772 642 3338 722; baseline 0.008 -27"><span class='ocrx_word' id='word_1_464' title='bbox 1772 642 1896 697; x_wconf 88' lang='lat' dir='ltr'><strong>dum</strong></span> <span class='ocrx_word' id='word_1_465' title='bbox 1916 642 2029 711; x_wconf 85' lang='lat' dir='ltr'><strong>jam</strong></span> <span class='ocrx_word' id='word_1_466' title='bbox 2055 647 2197 701; x_wconf 90' lang='lat' dir='ltr'><strong>dicta</strong></span> <span class='ocrx_word' id='word_1_467' title='bbox 2225 659 2310 703; x_wconf 90' lang='lat' dir='ltr'><strong>est</strong></span> <span class='ocrx_word' id='word_1_468' title='bbox 2337 651 2657 714; x_wconf 90' lang='lat' dir='ltr'><strong>communis,</strong></span> <span class='ocrx_word' id='word_1_469' title='bbox 2682 650 3056 722; x_wconf 81' lang='lat' dir='ltr'><strong>distinguenda</strong></span> <span class='ocrx_word' id='word_1_470' title='bbox 3091 654 3220 715; x_wconf 85' lang='lat' dir='ltr'><strong>sint,</strong></span> <span class='ocrx_word' id='word_1_471' title='bbox 3262 656 3338 708; x_wconf 90' lang='lat' dir='ltr'><strong>uti</strong></span> 
     </span>
    </p>
   </div>
   <div class='ocr_carea' id='block_1_67' title="bbox 1771 731 3337 813">
    <p class='ocr_par' dir='ltr' id='par_1_67' title="bbox 1771 731 3337 813">
     <span class='ocr_line' id='line_1_67' title="bbox 1771 731 3337 813; baseline 0.01 -30"><span class='ocrx_word' id='word_1_472' title='bbox 1771 731 1909 785; x_wconf 84' lang='lat' dir='ltr'><strong>infra</strong></span> <span class='ocrx_word' id='word_1_473' title='bbox 1947 736 2245 791; x_wconf 86' lang='lat' dir='ltr'><strong>ostendam.</strong></span> <span class='ocrx_word' id='word_1_474' title='bbox 2270 737 2447 805; x_wconf 78' lang='lat' dir='ltr'><strong>Atque</strong></span> <span class='ocrx_word' id='word_1_475' title='bbox 2482 739 2751 807; x_wconf 83' lang='lat' dir='ltr'><strong>hincjam</strong></span> <span class='ocrx_word' id='word_1_476' title='bbox 2786 741 2846 794; x_wconf 87' lang='lat' dir='ltr'><strong>ﬁt</strong></span> <span class='ocrx_word' id='word_1_477' title='bbox 2880 753 2941 797; x_wconf 90' lang='lat' dir='ltr'><strong>ut</strong></span> <span class='ocrx_word' id='word_1_478' title='bbox 2972 758 3037 797; x_wconf 81' lang='lat' dir='ltr'><strong>ex</strong></span> <span class='ocrx_word' id='word_1_479' title='bbox 3069 744 3337 813; x_wconf 78' lang='lat' dir='ltr'><strong>prodigio,</strong></span> 
     </span>
    </p>
   </div>
   <div class='ocr_carea' id='block_1_68' title="bbox 1768 822 3337 899">
    <p class='ocr_par' dir='ltr' id='par_1_68' title="bbox 1768 822 3337 899">
     <span class='ocr_line' id='line_1_68' title="bbox 1768 822 3337 899; baseline 0.008 -25"><span class='ocrx_word' id='word_1_480' title='bbox 1768 822 1910 889; x_wconf 91' lang='lat' dir='ltr'><strong>quod</strong></span> <span class='ocrx_word' id='word_1_481' title='bbox 1936 823 2202 880; x_wconf 61' lang='lat' dir='ltr'><strong>Caesarius</strong></span> <span class='ocrx_word' id='word_1_482' title='bbox 2225 837 2433 892; x_wconf 87' lang='lat' dir='ltr'><strong>narrat,</strong></span> <span class='ocrx_word' id='word_1_483' title='bbox 2464 828 2608 883; x_wconf 90' lang='lat' dir='ltr'><strong>aliud</strong></span> <span class='ocrx_word' id='word_1_484' title='bbox 2638 830 2787 896; x_wconf 91' lang='lat' dir='ltr'><strong>illud,</strong></span> <span class='ocrx_word' id='word_1_485' title='bbox 2820 846 2927 899; x_wconf 89' lang='lat' dir='ltr'><strong>quo</strong></span> <span class='ocrx_word' id='word_1_486' title='bbox 2968 829 3198 886; x_wconf 89' lang='lat' dir='ltr'><strong>Sanctus</strong></span> <span class='ocrx_word' id='word_1_487' title='bbox 3236 848 3337 887; x_wconf 89' lang='lat' dir='ltr'><strong>no-</strong></span> 
     </span>
    </p>
   </div>
   <div class='ocr_carea' id='block_1_69' title="bbox 1768 902 3248 990">
    <p class='ocr_par' dir='ltr' id='par_1_69' title="bbox 1768 902 3248 990">
     <span class='ocr_line' id='line_1_69' title="bbox 1768 902 3248 990; baseline 0.005 -24"><span class='ocrx_word' id='word_1_488' title='bbox 1768 921 1879 967; x_wconf 88' lang='lat' dir='ltr'><strong>ster</strong></span> <span class='ocrx_word' id='word_1_489' title='bbox 1903 902 1955 968; x_wconf 90' lang='lat' dir='ltr'><strong>in</strong></span> <span class='ocrx_word' id='word_1_490' title='bbox 1986 928 2227 969; x_wconf 88' lang='lat' dir='ltr'><strong>eremum</strong></span> <span class='ocrx_word' id='word_1_491' title='bbox 2255 919 2563 984; x_wconf 87' lang='lat' dir='ltr'><strong>secesserit,</strong></span> <span class='ocrx_word' id='word_1_492' title='bbox 2587 928 2858 990; x_wconf 86' lang='lat' dir='ltr'><strong>utcunque</strong></span> <span class='ocrx_word' id='word_1_493' title='bbox 2879 920 3248 975; x_wconf 88' lang='lat' dir='ltr'><strong>conﬁrmetur.</strong></span> 
     </span>
    </p>
   </div>
   <div class='ocr_carea' id='block_1_70' title="bbox 1837 1003 3339 1076">
    <p class='ocr_par' dir='ltr' id='par_1_70' title="bbox 1837 1003 3339 1076">
     <span class='ocr_line' id='line_1_70' title="bbox 1837 1003 3339 1076; baseline 0.005 -20"><span class='ocrx_word' id='word_1_494' title='bbox 1837 1003 1963 1059; x_wconf 61' lang='lat'><strong>254.</strong></span> <span class='ocrx_word' id='word_1_495' title='bbox 2002 1005 2071 1059; x_wconf 87' lang='lat' dir='ltr'><strong>At</strong></span> <span class='ocrx_word' id='word_1_496' title='bbox 2113 1021 2242 1061; x_wconf 85' lang='lat' dir='ltr'><strong>vero</strong></span> <span class='ocrx_word' id='word_1_497' title='bbox 2286 1008 2571 1076; x_wconf 87' lang='lat' dir='ltr'><strong>ipsammet</strong></span> <span class='ocrx_word' id='word_1_498' title='bbox 2610 1009 2829 1065; x_wconf 55' lang='lat' dir='ltr'><strong>starii</strong></span> <span class='ocrx_word' id='word_1_499' title='bbox 2874 1010 3239 1065; x_wconf 88' lang='lat' dir='ltr'><strong>narrationem</strong></span> <span class='ocrx_word' id='word_1_500' title='bbox 3288 1009 3339 1063; x_wconf 92' lang='lat' dir='ltr'><strong>in</strong></span> 
     </span>
    </p>
   </div>
   <div class='ocr_carea' id='block_1_71' title="bbox 1767 1094 3341 1165">
    <p class='ocr_par' dir='ltr' id='par_1_71' title="bbox 1767 1094 3341 1165">
     <span class='ocr_line' id='line_1_71' title="bbox 1767 1094 3341 1165; baseline 0.003 -18"><span class='ocrx_word' id='word_1_501' title='bbox 1767 1094 1985 1148; x_wconf 89' lang='lat' dir='ltr'><strong>dubium</strong></span> <span class='ocrx_word' id='word_1_502' title='bbox 2017 1104 2232 1150; x_wconf 86' lang='lat' dir='ltr'><strong>revocat</strong></span> <span class='ocrx_word' id='word_1_503' title='bbox 2261 1095 2552 1164; x_wconf 84' lang='lat' dir='ltr'><strong>Launoius,</strong></span> <span class='ocrx_word' id='word_1_504' title='bbox 2589 1115 2687 1154; x_wconf 90' lang='lat' dir='ltr'><strong>nec</strong></span> <span class='ocrx_word' id='word_1_505' title='bbox 2708 1114 2838 1154; x_wconf 90' lang='lat' dir='ltr'><strong>sane</strong></span> <span class='ocrx_word' id='word_1_506' title='bbox 2857 1099 3144 1155; x_wconf 88' lang='lat' dir='ltr'><strong>immerito.</strong></span> <span class='ocrx_word' id='word_1_507' title='bbox 3169 1098 3341 1165; x_wconf 85' lang='lat' dir='ltr'><strong>Quid-</strong></span> 
     </span>
    </p>
   </div>
   <div class='ocr_carea' id='block_1_72' title="bbox 1765 1183 3340 1258">
    <p class='ocr_par' dir='ltr' id='par_1_72' title="bbox 1765 1183 3340 1258">
     <span class='ocr_line' id='line_1_72' title="bbox 1765 1183 3340 1258; baseline 0.003 -23"><span class='ocrx_word' id='word_1_508' title='bbox 1765 1183 1892 1252; x_wconf 91' lang='lat' dir='ltr'><strong>quid</strong></span> <span class='ocrx_word' id='word_1_509' title='bbox 1923 1184 2068 1239; x_wconf 89' lang='lat' dir='ltr'><strong>enim</strong></span> <span class='ocrx_word' id='word_1_510' title='bbox 2098 1194 2285 1240; x_wconf 89' lang='lat' dir='ltr'><strong>contra</strong></span> <span class='ocrx_word' id='word_1_511' title='bbox 2323 1186 2511 1242; x_wconf 77' lang='lat' dir='ltr'><strong>all‘crat</strong></span> <span class='ocrx_word' id='word_1_512' title='bbox 2548 1189 2728 1244; x_wconf 83' lang='lat' dir='ltr'><strong>verbis</strong></span> <span class='ocrx_word' id='word_1_513' title='bbox 2748 1204 2909 1258; x_wconf 87' lang='lat' dir='ltr'><strong>supra</strong></span> <span class='ocrx_word' id='word_1_514' title='bbox 2942 1190 3183 1244; x_wconf 88' lang='lat' dir='ltr'><strong>recitatis</strong></span> <span class='ocrx_word' id='word_1_515' title='bbox 3204 1188 3340 1243; x_wconf 84' lang='lat' dir='ltr'><strong>Car-</strong></span> 
     </span>
    </p>
   </div>
   <div class='ocr_carea' id='block_1_73' title="bbox 1767 1274 3336 1348">
    <p class='ocr_par' dir='ltr' id='par_1_73' title="bbox 1767 1274 3336 1348">
     <span class='ocr_line' id='line_1_73' title="bbox 1767 1274 3336 1348; baseline 0.001 -21"><span class='ocrx_word' id='word_1_516' title='bbox 1767 1274 2051 1330; x_wconf 90' lang='lat' dir='ltr'><strong>thusianus</strong></span> <span class='ocrx_word' id='word_1_517' title='bbox 2082 1284 2267 1331; x_wconf 91' lang='lat' dir='ltr'><strong>noster</strong></span> <span class='ocrx_word' id='word_1_518' title='bbox 2295 1292 2620 1347; x_wconf 88' lang='lat' dir='ltr'><strong>anonymus,</strong></span> <span class='ocrx_word' id='word_1_519' title='bbox 2647 1279 3018 1348; x_wconf 84' lang='lat' dir='ltr'><strong>Caesariusque</strong></span> <span class='ocrx_word' id='word_1_520' title='bbox 3045 1293 3073 1331; x_wconf 92' lang='lat' dir='ltr'><strong>a</strong></span> <span class='ocrx_word' id='word_1_521' title='bbox 3113 1276 3336 1332; x_wconf 85' lang='lat' dir='ltr'><strong>sinceri-</strong></span> 
     </span>
    </p>
   </div>
   <div class='ocr_carea' id='block_1_74' title="bbox 1764 1369 3333 1438">
    <p class='ocr_par' dir='ltr' id='par_1_74' title="bbox 1764 1369 3333 1438">
     <span class='ocr_line' id='line_1_74' title="bbox 1764 1369 3333 1438; baseline -0.001 -15"><span class='ocrx_word' id='word_1_522' title='bbox 1764 1377 1896 1434; x_wconf 90' lang='lat' dir='ltr'><strong>tate,</strong></span> <span class='ocrx_word' id='word_1_523' title='bbox 1968 1384 2072 1438; x_wconf 92' lang='lat' dir='ltr'><strong>qua</strong></span> <span class='ocrx_word' id='word_1_524' title='bbox 2136 1370 2189 1423; x_wconf 92' lang='lat' dir='ltr'><strong>in</strong></span> <span class='ocrx_word' id='word_1_525' title='bbox 2260 1371 2547 1425; x_wconf 89' lang='lat' dir='ltr'><strong>scribendo</strong></span> <span class='ocrx_word' id='word_1_526' title='bbox 2612 1386 2742 1425; x_wconf 87' lang='lat' dir='ltr'><strong>usus</strong></span> <span class='ocrx_word' id='word_1_527' title='bbox 2800 1380 2905 1436; x_wconf 88' lang='lat' dir='ltr'><strong>est,</strong></span> <span class='ocrx_word' id='word_1_528' title='bbox 2971 1369 3333 1425; x_wconf 88' lang='lat' dir='ltr'><strong>commendari</strong></span> 
     </span>
    </p>
   </div>
   <div class='ocr_carea' id='block_1_75' title="bbox 1762 1458 3337 1529">
    <p class='ocr_par' dir='ltr' id='par_1_75' title="bbox 1762 1458 3337 1529">
     <span class='ocr_line' id='line_1_75' title="bbox 1762 1458 3337 1529; baseline -0.001 -17"><span class='ocrx_word' id='word_1_529' title='bbox 1762 1466 2059 1523; x_wconf 88' lang='lat' dir='ltr'><strong>mereatur,</strong></span> <span class='ocrx_word' id='word_1_530' title='bbox 2092 1458 2375 1529; x_wconf 89' lang='lat' dir='ltr'><strong>peritiores</strong></span> <span class='ocrx_word' id='word_1_531' title='bbox 2403 1470 2579 1515; x_wconf 87' lang='lat' dir='ltr'><strong>tamen</strong></span> <span class='ocrx_word' id='word_1_532' title='bbox 2612 1459 2771 1514; x_wconf 89' lang='lat' dir='ltr'><strong>modo</strong></span> <span class='ocrx_word' id='word_1_533' title='bbox 2793 1461 2968 1515; x_wconf 86' lang='lat' dir='ltr'><strong>critici</strong></span> <span class='ocrx_word' id='word_1_534' title='bbox 2990 1476 3182 1515; x_wconf 89' lang='lat' dir='ltr'><strong>omnes</strong></span> <span class='ocrx_word' id='word_1_535' title='bbox 3206 1474 3337 1514; x_wconf 85' lang='lat' dir='ltr'><strong>con-</strong></span> 
     </span>
    </p>
   </div>
   <div class='ocr_carea' id='block_1_76' title="bbox 1762 1548 3337 1620">
    <p class='ocr_par' dir='ltr' id='par_1_76' title="bbox 1762 1548 3337 1620">
     <span class='ocr_line' id='line_1_76' title="bbox 1762 1548 3337 1620; baseline -0.001 -16"><span class='ocrx_word' id='word_1_536' title='bbox 1762 1551 2023 1614; x_wconf 81' lang='lat' dir='ltr'><strong>sentiunt,</strong></span> <span class='ocrx_word' id='word_1_537' title='bbox 2053 1548 2332 1605; x_wconf 90' lang='lat' dir='ltr'><strong>credulum</strong></span> <span class='ocrx_word' id='word_1_538' title='bbox 2372 1551 2532 1605; x_wconf 88' lang='lat' dir='ltr'><strong>nimis</strong></span> <span class='ocrx_word' id='word_1_539' title='bbox 2561 1565 2682 1606; x_wconf 90' lang='lat' dir='ltr'><strong>cum</strong></span> <span class='ocrx_word' id='word_1_540' title='bbox 2709 1550 2897 1616; x_wconf 83' lang='lat' dir='ltr'><strong>fuisse,</strong></span> <span class='ocrx_word' id='word_1_541' title='bbox 2924 1559 3111 1618; x_wconf 88' lang='lat' dir='ltr'><strong>utpote</strong></span> <span class='ocrx_word' id='word_1_542' title='bbox 3142 1551 3232 1620; x_wconf 90' lang='lat' dir='ltr'><strong>qui</strong></span> <span class='ocrx_word' id='word_1_543' title='bbox 3280 1548 3337 1603; x_wconf 86' lang='lat' dir='ltr'><strong>in</strong></span> 
     </span>
    </p>
   </div>
   <div class='ocr_carea' id='block_1_77' title="bbox 1760 1638 3337 1708">
    <p class='ocr_par' dir='ltr' id='par_1_77' title="bbox 1760 1638 3337 1708">
     <span class='ocr_line' id='line_1_77' title="bbox 1760 1638 3337 1708; baseline -0.001 -15"><span class='ocrx_word' id='word_1_544' title='bbox 1760 1639 1875 1694; x_wconf 85' lang='lat' dir='ltr'><strong>suis</strong></span> <span class='ocrx_word' id='word_1_545' title='bbox 1913 1639 2195 1694; x_wconf 86' lang='lat' dir='ltr'><strong>duodecim</strong></span> <span class='ocrx_word' id='word_1_546' title='bbox 2241 1638 2472 1708; x_wconf 80' lang='lat' dir='ltr'><strong>Dialogis</strong></span> <span class='ocrx_word' id='word_1_547' title='bbox 2511 1656 2619 1694; x_wconf 88' lang='lat' dir='ltr'><strong>non</strong></span> <span class='ocrx_word' id='word_1_548' title='bbox 2667 1641 2799 1696; x_wconf 88' lang='lat' dir='ltr'><strong>satis</strong></span> <span class='ocrx_word' id='word_1_549' title='bbox 2835 1650 3091 1696; x_wconf 87' lang='lat' dir='ltr'><strong>accurato</strong></span> <span class='ocrx_word' id='word_1_550' title='bbox 3119 1642 3337 1694; x_wconf 90' lang='lat' dir='ltr'><strong>criterio</strong></span> 
     </span>
    </p>
   </div>
   <div class='ocr_carea' id='block_1_78' title="bbox 1759 1729 3337 1799">
    <p class='ocr_par' dir='ltr' id='par_1_78' title="bbox 1759 1729 3337 1799">
     <span class='ocr_line' id='line_1_78' title="bbox 1759 1729 3337 1799; baseline 0 -16"><span class='ocrx_word' id='word_1_551' title='bbox 1759 1744 1919 1784; x_wconf 84' lang='lat' dir='ltr'><strong>veras</strong></span> <span class='ocrx_word' id='word_1_552' title='bbox 1944 1729 2205 1785; x_wconf 87' lang='lat' dir='ltr'><strong>historias</strong></span> <span class='ocrx_word' id='word_1_553' title='bbox 2225 1745 2254 1783; x_wconf 88' lang='lat' dir='ltr'><strong>a</strong></span> <span class='ocrx_word' id='word_1_554' title='bbox 2283 1729 2432 1784; x_wconf 80' lang='lat' dir='ltr'><strong>falsis</strong></span> <span class='ocrx_word' id='word_1_555' title='bbox 2455 1731 2767 1795; x_wconf 88' lang='lat' dir='ltr'><strong>seereverit,</strong></span> <span class='ocrx_word' id='word_1_556' title='bbox 2794 1738 2848 1784; x_wconf 90' lang='lat' dir='ltr'><strong>et</strong></span> <span class='ocrx_word' id='word_1_557' title='bbox 2869 1731 3137 1785; x_wconf 90' lang='lat' dir='ltr'><strong>interdum</strong></span> <span class='ocrx_word' id='word_1_558' title='bbox 3166 1745 3337 1799; x_wconf 78' lang='lat' dir='ltr'><strong>nugas</strong></span> 
     </span>
    </p>
   </div>
   <div class='ocr_carea' id='block_1_79' title="bbox 1759 1818 3337 1889">
    <p class='ocr_par' dir='ltr' id='par_1_79' title="bbox 1759 1818 3337 1889">
     <span class='ocr_line' id='line_1_79' title="bbox 1759 1818 3337 1889; baseline -0.001 -15"><span class='ocrx_word' id='word_1_559' title='bbox 1759 1828 1815 1874; x_wconf 90' lang='lat' dir='ltr'><strong>et</strong></span> <span class='ocrx_word' id='word_1_560' title='bbox 1866 1818 2110 1885; x_wconf 86' lang='lat' dir='ltr'><strong>fabulas,</strong></span> <span class='ocrx_word' id='word_1_561' title='bbox 2169 1834 2304 1888; x_wconf 88' lang='lat' dir='ltr'><strong>quas</strong></span> <span class='ocrx_word' id='word_1_562' title='bbox 2351 1820 2709 1889; x_wconf 87' lang='lat' dir='ltr'><strong>undecunque</strong></span> <span class='ocrx_word' id='word_1_563' title='bbox 2746 1821 3009 1885; x_wconf 87' lang='lat' dir='ltr'><strong>corrasit,</strong></span> <span class='ocrx_word' id='word_1_564' title='bbox 3059 1819 3175 1874; x_wconf 87' lang='lat' dir='ltr'><strong>sine</strong></span> <span class='ocrx_word' id='word_1_565' title='bbox 3230 1818 3337 1873; x_wconf 93' lang='lat' dir='ltr'><strong>ullo</strong></span> 
     </span>
    </p>
   </div>
   <div class='ocr_carea' id='block_1_80' title="bbox 1760 1909 3337 1982">
    <p class='ocr_par' dir='ltr' id='par_1_80' title="bbox 1760 1909 3337 1982">
     <span class='ocr_line' id='line_1_80' title="bbox 1760 1909 3337 1982; baseline -0.001 -18"><span class='ocrx_word' id='word_1_566' title='bbox 1760 1925 1986 1980; x_wconf 88' lang='lat' dir='ltr'><strong>prorsus</strong></span> <span class='ocrx_word' id='word_1_567' title='bbox 2025 1909 2235 1965; x_wconf 90' lang='lat' dir='ltr'><strong>delectu</strong></span> <span class='ocrx_word' id='word_1_568' title='bbox 2271 1910 2584 1965; x_wconf 89' lang='lat' dir='ltr'><strong>inseruerit.</strong></span> <span class='ocrx_word' id='word_1_569' title='bbox 2618 1910 2900 1982; x_wconf 73' lang='lat' dir='ltr'><strong>Stiltingus</strong></span> <span class='ocrx_word' id='word_1_570' title='bbox 2930 1918 3115 1967; x_wconf 91' lang='lat' dir='ltr'><strong>noster</strong></span> <span class='ocrx_word' id='word_1_571' title='bbox 3157 1919 3286 1965; x_wconf 90' lang='lat' dir='ltr'><strong>tom.</strong></span> <span class='ocrx_word' id='word_1_572' title='bbox 3316 1909 3337 1963; x_wconf 91' lang='lat' dir='ltr'><strong>l</strong></span> 
     </span>
    </p>
   </div>
   <div class='ocr_carea' id='block_1_81' title="bbox 1761 2000 3336 2072">
    <p class='ocr_par' dir='ltr' id='par_1_81' title="bbox 1761 2000 3336 2072">
     <span class='ocr_line' id='line_1_81' title="bbox 1761 2000 3336 2072; baseline -0.002 -16"><span class='ocrx_word' id='word_1_573' title='bbox 1761 2000 2099 2071; x_wconf 87' lang='lat' dir='ltr'><strong>Septembris</strong></span> <span class='ocrx_word' id='word_1_574' title='bbox 2130 2001 2183 2054; x_wconf 88' lang='lat' dir='ltr'><strong>in</strong></span> <span class='ocrx_word' id='word_1_575' title='bbox 2212 2001 2332 2055; x_wconf 84' lang='lat' dir='ltr'><strong>Vita</strong></span> <span class='ocrx_word' id='word_1_576' title='bbox 2360 2002 2416 2054; x_wconf 70' lang='lat' dir='ltr'><strong>Il.</strong></span> <span class='ocrx_word' id='word_1_577' title='bbox 2448 2000 2763 2072; x_wconf 77' lang='lat' dir='ltr'><strong>Margareta:</strong></span> <span class='ocrx_word' id='word_1_578' title='bbox 2785 2000 3137 2056; x_wconf 89' lang='lat' dir='ltr'><strong>Lovaniensis</strong></span> <span class='ocrx_word' id='word_1_579' title='bbox 3166 2000 3336 2071; x_wconf 82' lang='lat' dir='ltr'><strong>virgi-</strong></span> 
     </span>
    </p>
   </div>
   <div class='ocr_carea' id='block_1_82' title="bbox 1758 2092 3337 2164">
    <p class='ocr_par' dir='ltr' id='par_1_82' title="bbox 1758 2092 3337 2164">
     <span class='ocr_line' id='line_1_82' title="bbox 1758 2092 3337 2164; baseline -0.002 -16"><span class='ocrx_word' id='word_1_580' title='bbox 1758 2095 1845 2149; x_wconf 88' lang='lat' dir='ltr'><strong>nis</strong></span> <span class='ocrx_word' id='word_1_581' title='bbox 1871 2093 2192 2164; x_wconf 84' lang='lat' dir='ltr'><strong>etmartyris</strong></span> <span class='ocrx_word' id='word_1_582' title='bbox 2205 2107 2325 2163; x_wconf 81' lang='lat' dir='ltr'><strong>pag.</strong></span> <span class='ocrx_word' id='word_1_583' title='bbox 2341 2093 2464 2159; x_wconf 85' lang='lat'><strong>590,</strong></span> <span class='ocrx_word' id='word_1_584' title='bbox 2490 2110 2639 2148; x_wconf 92' lang='lat' dir='ltr'><strong>num.</strong></span> <span class='ocrx_word' id='word_1_585' title='bbox 2657 2093 2747 2157; x_wconf 71' lang='grc'><strong>44,</strong></span> <span class='ocrx_word' id='word_1_586' title='bbox 2770 2102 3070 2163; x_wconf 88' lang='lat' dir='ltr'><strong>opportune</strong></span> <span class='ocrx_word' id='word_1_587' title='bbox 3093 2092 3157 2145; x_wconf 89' lang='lat' dir='ltr'><strong>ad</strong></span> <span class='ocrx_word' id='word_1_588' title='bbox 3182 2092 3337 2146; x_wconf 84' lang='lat' dir='ltr'><strong>insti-</strong></span> 
     </span>
    </p>
   </div>
   <div class='ocr_carea' id='block_1_83' title="bbox 1760 2179 3355 2252">
    <p class='ocr_par' dir='ltr' id='par_1_83' title="bbox 1760 2179 3355 2252">
     <span class='ocr_line' id='line_1_83' title="bbox 1760 2179 3355 2252; baseline -0.005 -15"><span class='ocrx_word' id='word_1_589' title='bbox 1760 2192 1932 2238; x_wconf 87' lang='lat' dir='ltr'><strong>tutum</strong></span> <span class='ocrx_word' id='word_1_590' title='bbox 1958 2197 2201 2252; x_wconf 64' lang='lat' dir='ltr'><strong>praesens</strong></span> <span class='ocrx_word' id='word_1_591' title='bbox 2227 2184 2308 2238; x_wconf 90' lang='lat' dir='ltr'><strong>sic</strong></span> <span class='ocrx_word' id='word_1_592' title='bbox 2333 2182 2520 2238; x_wconf 84' lang='lat' dir='ltr'><strong>scribit</strong></span> <span class='ocrx_word' id='word_1_593' title='bbox 2550 2201 2562 2236; x_wconf 92' lang='lat'><strong>:</strong></span> <span class='ocrx_word' id='word_1_594' title='bbox 2599 2202 2617 2234; x_wconf 86' lang='grc'><strong><em>‹</em></strong></span> <span class='ocrx_word' id='word_1_595' title='bbox 2649 2183 2800 2248; x_wconf 86' lang='lat' dir='ltr'><strong>Quod</strong></span> <span class='ocrx_word' id='word_1_596' title='bbox 2829 2189 3035 2251; x_wconf 87' lang='lat' dir='ltr'><strong>spectat</strong></span> <span class='ocrx_word' id='word_1_597' title='bbox 3065 2181 3131 2235; x_wconf 91' lang='lat' dir='ltr'><strong>ad</strong></span> <span class='ocrx_word' id='word_1_598' title='bbox 3170 2179 3355 2234; x_wconf 62' lang='lat' dir='ltr'><strong>ﬁdem.</strong></span> 
     </span>
    </p>
   </div>
   <div class='ocr_carea' id='block_1_84' title="bbox 1758 2271 3336 2344">
    <p class='ocr_par' dir='ltr' id='par_1_84' title="bbox 1758 2271 3336 2344">
     <span class='ocr_line' id='line_1_84' title="bbox 1758 2271 3336 2344; baseline -0.003 -16"><span class='ocrx_word' id='word_1_599' title='bbox 1758 2276 1904 2329; x_wconf 88' lang='lat' dir='ltr'><strong>hisce</strong></span> <span class='ocrx_word' id='word_1_600' title='bbox 1932 2275 2080 2329; x_wconf 81' lang='lat' dir='ltr'><strong>Actis</strong></span> <span class='ocrx_word' id='word_1_601' title='bbox 2102 2274 2182 2343; x_wconf 85' lang='grc' dir='ltr'><strong>(Β.</strong></span> <span class='ocrx_word' id='word_1_602' title='bbox 2210 2274 2523 2344; x_wconf 69' lang='lat' dir='ltr'><strong>Margarctre</strong></span> <span class='ocrx_word' id='word_1_603' title='bbox 2542 2274 2748 2328; x_wconf 90' lang='lat' dir='ltr'><strong>scilicet</strong></span> <span class='ocrx_word' id='word_1_604' title='bbox 2774 2290 2800 2327; x_wconf 92' lang='lat' dir='ltr'><strong>a</strong></span> <span class='ocrx_word' id='word_1_605' title='bbox 2825 2274 3131 2344; x_wconf 88' lang='lat' dir='ltr'><strong>synchrono</strong></span> <span class='ocrx_word' id='word_1_606' title='bbox 3153 2271 3336 2326; x_wconf 65' lang='lat' dir='ltr'><strong>Caesa-</strong></span> 
     </span>
    </p>
   </div>
   <div class='ocr_carea' id='block_1_85' title="bbox 1757 2362 3329 2435">
    <p class='ocr_par' dir='ltr' id='par_1_85' title="bbox 1757 2362 3329 2435">
     <span class='ocr_line' id='line_1_85' title="bbox 1757 2362 3329 2435; baseline -0.003 -16"><span class='ocrx_word' id='word_1_607' title='bbox 1757 2366 1839 2419; x_wconf 85' lang='lat' dir='ltr'><strong>rio</strong></span> <span class='ocrx_word' id='word_1_608' title='bbox 1870 2364 1963 2420; x_wconf 90' lang='lat' dir='ltr'><strong>lib.</strong></span> <span class='ocrx_word' id='word_1_609' title='bbox 1996 2380 2051 2417; x_wconf 82' lang='lat' dir='ltr'><strong>vt</strong></span> <span class='ocrx_word' id='word_1_610' title='bbox 2084 2364 2426 2435; x_wconf 82' lang='lat' dir='ltr'><strong>Dialogorum</strong></span> <span class='ocrx_word' id='word_1_611' title='bbox 2458 2379 2577 2433; x_wconf 89' lang='lat' dir='ltr'><strong>cap.</strong></span> <span class='ocrx_word' id='word_1_612' title='bbox 2611 2364 2679 2417; x_wconf 73' lang='grc'><strong>54</strong></span> <span class='ocrx_word' id='word_1_613' title='bbox 2704 2363 3045 2434; x_wconf 87' lang='lat' dir='ltr'><strong>conscriptis)</strong></span> <span class='ocrx_word' id='word_1_614' title='bbox 3070 2362 3329 2417; x_wconf 86' lang='lat' dir='ltr'><strong>adhiben-</strong></span> 
     </span>
    </p>
   </div>
   <div class='ocr_carea' id='block_1_86' title="bbox 1759 2453 3333 2520">
    <p class='ocr_par' dir='ltr' id='par_1_86' title="bbox 1759 2453 3333 2520">
     <span class='ocr_line' id='line_1_86' title="bbox 1759 2453 3333 2520; baseline -0.001 -11"><span class='ocrx_word' id='word_1_615' title='bbox 1759 2456 1904 2520; x_wconf 85' lang='lat' dir='ltr'><strong>dam,</strong></span> <span class='ocrx_word' id='word_1_616' title='bbox 1938 2470 2042 2510; x_wconf 91' lang='lat' dir='ltr'><strong>non</strong></span> <span class='ocrx_word' id='word_1_617' title='bbox 2069 2456 2254 2511; x_wconf 90' lang='lat' dir='ltr'><strong>eadem</strong></span> <span class='ocrx_word' id='word_1_618' title='bbox 2287 2456 2467 2510; x_wconf 85' lang='lat' dir='ltr'><strong>forsan</strong></span> <span class='ocrx_word' id='word_1_619' title='bbox 2493 2457 2731 2511; x_wconf 89' lang='lat' dir='ltr'><strong>omnium</strong></span> <span class='ocrx_word' id='word_1_620' title='bbox 2766 2456 2869 2509; x_wconf 91' lang='lat' dir='ltr'><strong>erit</strong></span> <span class='ocrx_word' id='word_1_621' title='bbox 2909 2454 3193 2517; x_wconf 83' lang='lat' dir='ltr'><strong>sententia,</strong></span> <span class='ocrx_word' id='word_1_622' title='bbox 3229 2453 3333 2507; x_wconf 90' lang='lat' dir='ltr'><strong>nisi</strong></span> 
     </span>
    </p>
   </div>
   <div class='ocr_carea' id='block_1_87' title="bbox 1758 2543 3333 2614">
    <p class='ocr_par' dir='ltr' id='par_1_87' title="bbox 1758 2543 3333 2614">
     <span class='ocr_line' id='line_1_87' title="bbox 1758 2543 3333 2614; baseline -0.001 -16"><span class='ocrx_word' id='word_1_623' title='bbox 1758 2543 1986 2614; x_wconf 82' lang='lat' dir='ltr'><strong>diligens</strong></span> <span class='ocrx_word' id='word_1_624' title='bbox 2011 2546 2102 2599; x_wconf 92' lang='lat' dir='ltr'><strong>ﬁat</strong></span> <span class='ocrx_word' id='word_1_625' title='bbox 2126 2543 2399 2599; x_wconf 87' lang='lat' dir='ltr'><strong>distinctio</strong></span> <span class='ocrx_word' id='word_1_626' title='bbox 2430 2545 2572 2599; x_wconf 87' lang='lat' dir='ltr'><strong>inter</strong></span> <span class='ocrx_word' id='word_1_627' title='bbox 2604 2545 2750 2598; x_wconf 89' lang='lat' dir='ltr'><strong>varia</strong></span> <span class='ocrx_word' id='word_1_628' title='bbox 2783 2545 2854 2600; x_wconf 91' lang='lat' dir='ltr'><strong>ab</strong></span> <span class='ocrx_word' id='word_1_629' title='bbox 2876 2545 3065 2598; x_wconf 88' lang='lat' dir='ltr'><strong>eodem</strong></span> <span class='ocrx_word' id='word_1_630' title='bbox 3103 2552 3333 2598; x_wconf 86' lang='lat' dir='ltr'><strong>auctore</strong></span> 
     </span>
    </p>
   </div>
   <div class='ocr_carea' id='block_1_88' title="bbox 1756 2633 3338 2705">
    <p class='ocr_par' dir='ltr' id='par_1_88' title="bbox 1756 2633 3338 2705">
     <span class='ocr_line' id='line_1_88' title="bbox 1756 2633 3338 2705; baseline -0.003 -14"><span class='ocrx_word' id='word_1_631' title='bbox 1756 2643 1998 2691; x_wconf 78' lang='lat' dir='ltr'><strong>narrata.</strong></span> <span class='ocrx_word' id='word_1_632' title='bbox 2029 2634 2231 2705; x_wconf 86' lang='lat' dir='ltr'><strong>Quippe</strong></span> <span class='ocrx_word' id='word_1_633' title='bbox 2258 2634 2357 2688; x_wconf 83' lang='lat' dir='ltr'><strong>fuit</strong></span> <span class='ocrx_word' id='word_1_634' title='bbox 2382 2634 2646 2689; x_wconf 64' lang='lat' dir='ltr'><strong>Cazsarius</strong></span> <span class='ocrx_word' id='word_1_635' title='bbox 2666 2634 2753 2688; x_wconf 87' lang='lat' dir='ltr'><strong>vir</strong></span> <span class='ocrx_word' id='word_1_636' title='bbox 2778 2634 2900 2704; x_wconf 92' lang='lat' dir='ltr'><strong>pius</strong></span> <span class='ocrx_word' id='word_1_637' title='bbox 2923 2633 3195 2688; x_wconf 20' lang='lat' dir='ltr'><strong>ettdoctus</strong></span> <span class='ocrx_word' id='word_1_638' title='bbox 3215 2633 3338 2702; x_wconf 56' lang='lat' dir='ltr'><strong>quia</strong></span> 
     </span>
    </p>
   </div>
   <div class='ocr_carea' id='block_1_89' title="bbox 1757 2722 3331 2793">
    <p class='ocr_par' dir='ltr' id='par_1_89' title="bbox 1757 2722 3331 2793">
     <span class='ocr_line' id='line_1_89' title="bbox 1757 2722 3331 2793; baseline -0.003 -15"><span class='ocrx_word' id='word_1_639' title='bbox 1757 2724 1901 2788; x_wconf 91' lang='lat' dir='ltr'><strong>dem,</strong></span> <span class='ocrx_word' id='word_1_640' title='bbox 1930 2724 2022 2778; x_wconf 89' lang='lat' dir='ltr'><strong>sed</strong></span> <span class='ocrx_word' id='word_1_641' title='bbox 2050 2739 2147 2792; x_wconf 91' lang='lat' dir='ltr'><strong>pro</strong></span> <span class='ocrx_word' id='word_1_642' title='bbox 2177 2733 2441 2793; x_wconf 91' lang='lat' dir='ltr'><strong>tempore,</strong></span> <span class='ocrx_word' id='word_1_643' title='bbox 2468 2739 2575 2793; x_wconf 89' lang='lat' dir='ltr'><strong>quo</strong></span> <span class='ocrx_word' id='word_1_644' title='bbox 2604 2723 2842 2785; x_wconf 86' lang='lat' dir='ltr'><strong>vivebat.</strong></span> <span class='ocrx_word' id='word_1_645' title='bbox 2874 2722 3101 2791; x_wconf 78' lang='lat' dir='ltr'><strong>simplex</strong></span> <span class='ocrx_word' id='word_1_646' title='bbox 3129 2730 3185 2777; x_wconf 88' lang='lat' dir='ltr'><strong>et</strong></span> <span class='ocrx_word' id='word_1_647' title='bbox 3210 2735 3331 2775; x_wconf 80' lang='lat' dir='ltr'><strong>cre-</strong></span> 
     </span>
    </p>
   </div>
   <div class='ocr_carea' id='block_1_90' title="bbox 1757 2812 3337 2882">
    <p class='ocr_par' dir='ltr' id='par_1_90' title="bbox 1757 2812 3337 2882">
     <span class='ocr_line' id='line_1_90' title="bbox 1757 2812 3337 2882; baseline -0.003 -16"><span class='ocrx_word' id='word_1_648' title='bbox 1757 2812 1943 2877; x_wconf 89' lang='lat' dir='ltr'><strong>dulus;</strong></span> <span class='ocrx_word' id='word_1_649' title='bbox 1979 2822 2139 2882; x_wconf 86' lang='lat' dir='ltr'><strong>atque</strong></span> <span class='ocrx_word' id='word_1_650' title='bbox 2159 2828 2224 2868; x_wconf 84' lang='lat' dir='ltr'><strong>ex</strong></span> <span class='ocrx_word' id='word_1_651' title='bbox 2253 2828 2318 2867; x_wconf 93' lang='lat' dir='ltr'><strong>eo</strong></span> <span class='ocrx_word' id='word_1_652' title='bbox 2352 2814 2407 2867; x_wconf 92' lang='lat' dir='ltr'><strong>ﬁt</strong></span> <span class='ocrx_word' id='word_1_653' title='bbox 2441 2823 2497 2867; x_wconf 89' lang='lat' dir='ltr'><strong>ut</strong></span> <span class='ocrx_word' id='word_1_654' title='bbox 2520 2813 2721 2882; x_wconf 85' lang='lat' dir='ltr'><strong>Dialogi</strong></span> <span class='ocrx_word' id='word_1_655' title='bbox 2761 2812 2930 2882; x_wconf 89' lang='lat' dir='ltr'><strong>ipsius</strong></span> <span class='ocrx_word' id='word_1_656' title='bbox 2959 2827 3067 2866; x_wconf 92' lang='lat' dir='ltr'><strong>non</strong></span> <span class='ocrx_word' id='word_1_657' title='bbox 3106 2818 3337 2866; x_wconf 88' lang='lat' dir='ltr'><strong>careant</strong></span> 
     </span>
    </p>
   </div>
   <div class='ocr_carea' id='block_1_91' title="bbox 1757 2902 3337 2976">
    <p class='ocr_par' dir='ltr' id='par_1_91' title="bbox 1757 2902 3337 2976">
     <span class='ocr_line' id='line_1_91' title="bbox 1757 2902 3337 2976; baseline -0.003 -17"><span class='ocrx_word' id='word_1_658' title='bbox 1757 2906 2183 2961; x_wconf 89' lang='lat' dir='ltr'><strong>narratiunculis</strong></span> <span class='ocrx_word' id='word_1_659' title='bbox 2218 2907 2561 2976; x_wconf 87' lang='lat' dir='ltr'><strong>quibusdam,</strong></span> <span class='ocrx_word' id='word_1_660' title='bbox 2593 2920 2713 2975; x_wconf 82' lang='lat' dir='ltr'><strong>quae</strong></span> <span class='ocrx_word' id='word_1_661' title='bbox 2736 2918 2835 2973; x_wconf 83' lang='lat' dir='ltr'><strong>pro</strong></span> <span class='ocrx_word' id='word_1_662' title='bbox 2870 2902 3337 2972; x_wconf 81' lang='lat' dir='ltr'><strong>fabulisleguntur</strong></span> 
     </span>
    </p>
   </div>
   <div class='ocr_carea' id='block_1_92' title="bbox 1757 2993 3334 3068">
    <p class='ocr_par' dir='ltr' id='par_1_92' title="bbox 1757 2993 3334 3068">
     <span class='ocr_line' id='line_1_92' title="bbox 1757 2993 3334 3068; baseline -0.004 -16"><span class='ocrx_word' id='word_1_663' title='bbox 1757 2999 1861 3054; x_wconf 89' lang='lat' dir='ltr'><strong>hoc</strong></span> <span class='ocrx_word' id='word_1_664' title='bbox 1891 3009 2160 3068; x_wconf 84' lang='lat' dir='ltr'><strong>tempore;</strong></span> <span class='ocrx_word' id='word_1_665' title='bbox 2198 3012 2387 3051; x_wconf 79' lang='lat' dir='ltr'><strong>verum</strong></span> <span class='ocrx_word' id='word_1_666' title='bbox 2413 3012 2516 3050; x_wconf 89' lang='lat' dir='ltr'><strong>non</strong></span> <span class='ocrx_word' id='word_1_667' title='bbox 2546 3004 2690 3049; x_wconf 90' lang='lat' dir='ltr'><strong>recte</strong></span> <span class='ocrx_word' id='word_1_668' title='bbox 2709 2993 3091 3061; x_wconf 86' lang='lat' dir='ltr'><strong>judicabimus,</strong></span> <span class='ocrx_word' id='word_1_669' title='bbox 3115 2993 3161 3047; x_wconf 89' lang='lat' dir='ltr'><strong>si</strong></span> <span class='ocrx_word' id='word_1_670' title='bbox 3192 2993 3334 3046; x_wconf 86' lang='lat' dir='ltr'><strong>idem</strong></span> 
     </span>
    </p>
   </div>
   <div class='ocr_carea' id='block_1_93' title="bbox 1758 3082 3333 3160">
    <p class='ocr_par' dir='ltr' id='par_1_93' title="bbox 1758 3082 3333 3160">
     <span class='ocr_line' id='line_1_93' title="bbox 1758 3082 3333 3160; baseline -0.004 -17"><span class='ocrx_word' id='word_1_671' title='bbox 1758 3090 1917 3160; x_wconf 85' lang='lat' dir='ltr'><strong>plane</strong></span> <span class='ocrx_word' id='word_1_672' title='bbox 1963 3092 2029 3145; x_wconf 89' lang='lat' dir='ltr'><strong>de</strong></span> <span class='ocrx_word' id='word_1_673' title='bbox 2076 3089 2327 3144; x_wconf 88' lang='lat' dir='ltr'><strong>omnibus</strong></span> <span class='ocrx_word' id='word_1_674' title='bbox 2367 3088 2607 3143; x_wconf 85' lang='lat' dir='ltr'><strong>feramus</strong></span> <span class='ocrx_word' id='word_1_675' title='bbox 2646 3086 2935 3158; x_wconf 85' lang='lat' dir='ltr'><strong>judicium,</strong></span> <span class='ocrx_word' id='word_1_676' title='bbox 2987 3084 3116 3153; x_wconf 88' lang='lat' dir='ltr'><strong>quia</strong></span> <span class='ocrx_word' id='word_1_677' title='bbox 3160 3082 3333 3137; x_wconf 83' lang='lat' dir='ltr'><strong>multa.</strong></span> 
     </span>
    </p>
   </div>
   <div class='ocr_carea' id='block_1_94' title="bbox 1756 3175 3334 3251">
    <p class='ocr_par' dir='ltr' id='par_1_94' title="bbox 1756 3175 3334 3251">
     <span class='ocr_line' id='line_1_94' title="bbox 1756 3175 3334 3251; baseline -0.006 -14"><span class='ocrx_word' id='word_1_678' title='bbox 1756 3183 2018 3250; x_wconf 85' lang='lat' dir='ltr'><strong>narravit,</strong></span> <span class='ocrx_word' id='word_1_679' title='bbox 2061 3196 2180 3251; x_wconf 85' lang='lat' dir='ltr'><strong>quae</strong></span> <span class='ocrx_word' id='word_1_680' title='bbox 2225 3195 2256 3234; x_wconf 89' lang='lat' dir='ltr'><strong>a</strong></span> <span class='ocrx_word' id='word_1_681' title='bbox 2299 3179 2769 3235; x_wconf 83' lang='lat' dir='ltr'><strong>verisimilitudine</strong></span> <span class='ocrx_word' id='word_1_682' title='bbox 2808 3191 2918 3231; x_wconf 87' lang='lat' dir='ltr'><strong>non</strong></span> <span class='ocrx_word' id='word_1_683' title='bbox 2958 3184 3085 3230; x_wconf 89' lang='lat' dir='ltr'><strong>sunt</strong></span> <span class='ocrx_word' id='word_1_684' title='bbox 3134 3175 3334 3240; x_wconf 87' lang='lat' dir='ltr'><strong>aliena,</strong></span> 
     </span>
    </p>
   </div>
   <div class='ocr_carea' id='block_1_95' title="bbox 1755 3270 3335 3345">
    <p class='ocr_par' dir='ltr' id='par_1_95' title="bbox 1755 3270 3335 3345">
     <span class='ocr_line' id='line_1_95' title="bbox 1755 3270 3335 3345; baseline -0.003 -17"><span class='ocrx_word' id='word_1_685' title='bbox 1755 3288 1981 3345; x_wconf 65' lang='lat' dir='ltr'><strong>quaeque</strong></span> <span class='ocrx_word' id='word_1_686' title='bbox 2009 3279 2197 3328; x_wconf 82' lang='lat' dir='ltr'><strong>exacte</strong></span> <span class='ocrx_word' id='word_1_687' title='bbox 2219 3285 2381 3327; x_wconf 88' lang='lat' dir='ltr'><strong>nosse</strong></span> <span class='ocrx_word' id='word_1_688' title='bbox 2396 3270 2600 3340; x_wconf 90' lang='lat' dir='ltr'><strong>potuit,</strong></span> <span class='ocrx_word' id='word_1_689' title='bbox 2630 3271 2773 3341; x_wconf 91' lang='lat' dir='ltr'><strong>quod</strong></span> <span class='ocrx_word' id='word_1_690' title='bbox 2797 3272 2862 3326; x_wconf 84' lang='lat' dir='ltr'><strong>iis</strong></span> <span class='ocrx_word' id='word_1_691' title='bbox 2887 3279 2942 3326; x_wconf 88' lang='lat' dir='ltr'><strong>et</strong></span> <span class='ocrx_word' id='word_1_692' title='bbox 2961 3270 3082 3325; x_wconf 91' lang='lat' dir='ltr'><strong>loco</strong></span> <span class='ocrx_word' id='word_1_693' title='bbox 3109 3281 3164 3325; x_wconf 88' lang='lat' dir='ltr'><strong>et</strong></span> <span class='ocrx_word' id='word_1_694' title='bbox 3189 3279 3335 3323; x_wconf 82' lang='lat' dir='ltr'><strong>tem-</strong></span> 
     </span>
    </p>
   </div>
   <div class='ocr_carea' id='block_1_96' title="bbox 1762 3359 3333 3436">
    <p class='ocr_par' dir='ltr' id='par_1_96' title="bbox 1762 3359 3333 3436">
     <span class='ocr_line' id='line_1_96' title="bbox 1762 3359 3333 3436; baseline -0.005 -15"><span class='ocrx_word' id='word_1_695' title='bbox 1762 3377 1896 3436; x_wconf 85' lang='lat' dir='ltr'><strong>pore</strong></span> <span class='ocrx_word' id='word_1_696' title='bbox 1937 3370 2083 3420; x_wconf 88' lang='lat' dir='ltr'><strong>esset</strong></span> <span class='ocrx_word' id='word_1_697' title='bbox 2126 3363 2361 3417; x_wconf 80' lang='lat' dir='ltr'><strong>vicinus.</strong></span> <span class='ocrx_word' id='word_1_698' title='bbox 2403 3362 2586 3431; x_wconf 86' lang='lat' dir='ltr'><strong>Itaque</strong></span> <span class='ocrx_word' id='word_1_699' title='bbox 2620 3378 2740 3416; x_wconf 90' lang='lat' dir='ltr'><strong>cum</strong></span> <span class='ocrx_word' id='word_1_700' title='bbox 2788 3362 3024 3432; x_wconf 86' lang='lat' dir='ltr'><strong>suspicio</strong></span> <span class='ocrx_word' id='word_1_701' title='bbox 3069 3359 3333 3416; x_wconf 86' lang='lat' dir='ltr'><strong>mendacii</strong></span> 
     </span>
    </p>
   </div>
   <div class='ocr_carea' id='block_1_97' title="bbox 1754 3457 3332 3529">
    <p class='ocr_par' dir='ltr' id='par_1_97' title="bbox 1754 3457 3332 3529">
     <span class='ocr_line' id='line_1_97' title="bbox 1754 3457 3332 3529; baseline -0.003 -13"><span class='ocrx_word' id='word_1_702' title='bbox 1754 3474 1864 3516; x_wconf 80' lang='lat' dir='ltr'><strong>non</strong></span> <span class='ocrx_word' id='word_1_703' title='bbox 1895 3460 2053 3515; x_wconf 89' lang='lat' dir='ltr'><strong>cadat</strong></span> <span class='ocrx_word' id='word_1_704' title='bbox 2082 3459 2135 3513; x_wconf 92' lang='lat' dir='ltr'><strong>in</strong></span> <span class='ocrx_word' id='word_1_705' title='bbox 2164 3458 2478 3524; x_wconf 84' lang='lat' dir='ltr'><strong>Caesarium,</strong></span> <span class='ocrx_word' id='word_1_706' title='bbox 2505 3459 2676 3514; x_wconf 88' lang='lat' dir='ltr'><strong>virum</strong></span> <span class='ocrx_word' id='word_1_707' title='bbox 2701 3458 2887 3528; x_wconf 91' lang='lat' dir='ltr'><strong>utique</strong></span> <span class='ocrx_word' id='word_1_708' title='bbox 2911 3459 3060 3529; x_wconf 90' lang='lat' dir='ltr'><strong>pium</strong></span> <span class='ocrx_word' id='word_1_709' title='bbox 3084 3457 3332 3513; x_wconf 88' lang='lat' dir='ltr'><strong>etsince-</strong></span> 
     </span>
    </p>
   </div>
   <div class='ocr_carea' id='block_1_98' title="bbox 1756 3548 3334 3622">
    <p class='ocr_par' dir='ltr' id='par_1_98' title="bbox 1756 3548 3334 3622">
     <span class='ocr_line' id='line_1_98' title="bbox 1756 3548 3334 3622; baseline -0.004 -12"><span class='ocrx_word' id='word_1_710' title='bbox 1756 3569 1899 3619; x_wconf 90' lang='lat' dir='ltr'><strong>rum,</strong></span> <span class='ocrx_word' id='word_1_711' title='bbox 1950 3567 2183 3622; x_wconf 86' lang='lat' dir='ltr'><strong>cumque</strong></span> <span class='ocrx_word' id='word_1_712' title='bbox 2229 3552 2284 3607; x_wconf 90' lang='lat' dir='ltr'><strong>in</strong></span> <span class='ocrx_word' id='word_1_713' title='bbox 2326 3554 2489 3608; x_wconf 90' lang='lat' dir='ltr'><strong>rebus</strong></span> <span class='ocrx_word' id='word_1_714' title='bbox 2530 3562 2636 3606; x_wconf 87' lang='lat' dir='ltr'><strong>tam</strong></span> <span class='ocrx_word' id='word_1_715' title='bbox 2682 3552 2894 3616; x_wconf 91' lang='lat' dir='ltr'><strong>vicinis,</strong></span> <span class='ocrx_word' id='word_1_716' title='bbox 2950 3564 3110 3620; x_wconf 87' lang='lat' dir='ltr'><strong>quam</strong></span> <span class='ocrx_word' id='word_1_717' title='bbox 3157 3548 3334 3605; x_wconf 88' lang='lat' dir='ltr'><strong>eidem</strong></span> 
     </span>
    </p>
   </div>
   <div class='ocr_carea' id='block_1_99' title="bbox 1756 3640 3439 3716">
    <p class='ocr_par' dir='ltr' id='par_1_99' title="bbox 1756 3640 3439 3716">
     <span class='ocr_line' id='line_1_99' title="bbox 1756 3640 3439 3716; baseline -0.004 -16"><span class='ocrx_word' id='word_1_718' title='bbox 1756 3655 1915 3701; x_wconf 86' lang='lat' dir='ltr'><strong>erant</strong></span> <span class='ocrx_word' id='word_1_719' title='bbox 1966 3647 2262 3716; x_wconf 85' lang='lat' dir='ltr'><strong>spectantia</strong></span> <span class='ocrx_word' id='word_1_720' title='bbox 2310 3647 2376 3699; x_wconf 90' lang='lat' dir='ltr'><strong>ad</strong></span> <span class='ocrx_word' id='word_1_721' title='bbox 2424 3644 2804 3714; x_wconf 84' lang='lat' dir='ltr'><strong>Margaretam,</strong></span> <span class='ocrx_word' id='word_1_722' title='bbox 2852 3642 3060 3697; x_wconf 89' lang='lat' dir='ltr'><strong>nullum</strong></span> <span class='ocrx_word' id='word_1_723' title='bbox 3105 3640 3220 3695; x_wconf 82' lang='lat' dir='ltr'><strong>fere</strong></span> <span class='ocrx_word' id='word_1_724' title='bbox 3262 3642 3336 3696; x_wconf 85' lang='lat' dir='ltr'><strong>sit</strong></span> <span class='ocrx_word' id='word_1_725' title='bbox 3429 3650 3439 3658; x_wconf 88' lang='lat'>&#39;</span> 
     </span>
    </p>
   </div>
   <div class='ocr_carea' id='block_1_100' title="bbox 1757 3735 3331 3806">
    <p class='ocr_par' dir='ltr' id='par_1_100' title="bbox 1757 3735 3331 3806">
     <span class='ocr_line' id='line_1_100' title="bbox 1757 3735 3331 3806; baseline -0.004 -13"><span class='ocrx_word' id='word_1_726' title='bbox 1757 3738 1972 3794; x_wconf 81' lang='lat' dir='ltr'><strong>errandi</strong></span> <span class='ocrx_word' id='word_1_727' title='bbox 2003 3736 2321 3806; x_wconf 90' lang='lat' dir='ltr'><strong>periculum,</strong></span> <span class='ocrx_word' id='word_1_728' title='bbox 2347 3735 2505 3790; x_wconf 89' lang='lat' dir='ltr'><strong>ﬁdem</strong></span> <span class='ocrx_word' id='word_1_729' title='bbox 2535 3736 2587 3788; x_wconf 91' lang='lat' dir='ltr'><strong>in</strong></span> <span class='ocrx_word' id='word_1_730' title='bbox 2610 3735 2758 3788; x_wconf 87' lang='lat' dir='ltr'><strong>hisce</strong></span> <span class='ocrx_word' id='word_1_731' title='bbox 2785 3747 2978 3802; x_wconf 80' lang='lat' dir='ltr'><strong>negare</strong></span> <span class='ocrx_word' id='word_1_732' title='bbox 3003 3747 3110 3786; x_wconf 90' lang='lat' dir='ltr'><strong>non</strong></span> <span class='ocrx_word' id='word_1_733' title='bbox 3138 3746 3331 3801; x_wconf 85' lang='lat' dir='ltr'><strong>possu-</strong></span> 
     </span>
    </p>
   </div>
   <div class='ocr_carea' id='block_1_101' title="bbox 1755 3820 3333 3895">
    <p class='ocr_par' dir='ltr' id='par_1_101' title="bbox 1755 3820 3333 3895">
     <span class='ocr_line' id='line_1_101' title="bbox 1755 3820 3333 3895; baseline -0.006 -11"><span class='ocrx_word' id='word_1_734' title='bbox 1755 3845 1876 3884; x_wconf 88' lang='lat' dir='ltr'><strong>mus</strong></span> <span class='ocrx_word' id='word_1_735' title='bbox 1902 3827 2158 3892; x_wconf 69' lang='lat' dir='ltr'><strong>Caesario,</strong></span> <span class='ocrx_word' id='word_1_736' title='bbox 2205 3825 2429 3895; x_wconf 86' lang='lat' dir='ltr'><strong>ejusque</strong></span> <span class='ocrx_word' id='word_1_737' title='bbox 2469 3824 2763 3879; x_wconf 89' lang='lat' dir='ltr'><strong>auctoritas</strong></span> <span class='ocrx_word' id='word_1_738' title='bbox 2788 3822 3038 3877; x_wconf 76' lang='lat' dir='ltr'><strong>omnibus</strong></span> <span class='ocrx_word' id='word_1_739' title='bbox 3061 3820 3202 3888; x_wconf 89' lang='lat' dir='ltr'><strong>aliis,</strong></span> <span class='ocrx_word' id='word_1_740' title='bbox 3240 3820 3333 3890; x_wconf 87' lang='lat' dir='ltr'><strong>qui</strong></span> 
     </span>
    </p>
   </div>
   <div class='ocr_carea' id='block_1_102' title="bbox 1754 3912 3334 3988">
    <p class='ocr_par' dir='ltr' id='par_1_102' title="bbox 1754 3912 3334 3988">
     <span class='ocr_line' id='line_1_102' title="bbox 1754 3912 3334 3988; baseline -0.006 -13"><span class='ocrx_word' id='word_1_741' title='bbox 1754 3921 1929 3977; x_wconf 89' lang='lat' dir='ltr'><strong>serius</strong></span> <span class='ocrx_word' id='word_1_742' title='bbox 1948 3919 2303 3988; x_wconf 89' lang='lat' dir='ltr'><strong>scripserunt,</strong></span> <span class='ocrx_word' id='word_1_743' title='bbox 2346 3917 2434 3971; x_wconf 87' lang='lat' dir='ltr'><strong>hic</strong></span> <span class='ocrx_word' id='word_1_744' title='bbox 2470 3916 2682 3969; x_wconf 85' lang='lat' dir='ltr'><strong>videtur</strong></span> <span class='ocrx_word' id='word_1_745' title='bbox 2714 3913 3067 3984; x_wconf 82' lang='lat' dir='ltr'><strong>praeferenda.</strong></span> <span class='ocrx_word' id='word_1_746' title='bbox 3114 3912 3231 3979; x_wconf 85' lang='lat' dir='ltr'><strong>Qua</strong></span> <span class='ocrx_word' id='word_1_747' title='bbox 3267 3913 3334 3967; x_wconf 90' lang='lat' dir='ltr'><strong>de</strong></span> 
     </span>
    </p>
   </div>
   <div class='ocr_carea' id='block_1_103' title="bbox 1756 4004 3331 4082">
    <p class='ocr_par' dir='ltr' id='par_1_103' title="bbox 1756 4004 3331 4082">
     <span class='ocr_line' id='line_1_103' title="bbox 1756 4004 3331 4082; baseline -0.008 -13"><span class='ocrx_word' id='word_1_748' title='bbox 1756 4027 1916 4069; x_wconf 88' lang='lat' dir='ltr'><strong>causa</strong></span> <span class='ocrx_word' id='word_1_749' title='bbox 1945 4011 2173 4082; x_wconf 78' lang='lat' dir='ltr'><strong>elogium</strong></span> <span class='ocrx_word' id='word_1_750' title='bbox 2204 4010 2375 4065; x_wconf 84' lang='lat' dir='ltr'><strong>beatae</strong></span> <span class='ocrx_word' id='word_1_751' title='bbox 2396 4017 2625 4071; x_wconf 56' lang='lat' dir='ltr'><strong>nostra,</strong></span> <span class='ocrx_word' id='word_1_752' title='bbox 2663 4006 2803 4076; x_wconf 90' lang='lat' dir='ltr'><strong>quod</strong></span> <span class='ocrx_word' id='word_1_753' title='bbox 2828 4005 2944 4075; x_wconf 90' lang='lat' dir='ltr'><strong>ipse</strong></span> <span class='ocrx_word' id='word_1_754' title='bbox 2963 4004 3331 4068; x_wconf 70' lang='lat' dir='ltr'><strong>concinnavit,</strong></span> 
     </span>
    </p>
   </div>
   <div class='ocr_carea' id='block_1_104' title="bbox 1754 4093 3330 4173">
    <p class='ocr_par' dir='ltr' id='par_1_104' title="bbox 1754 4093 3330 4173">
     <span class='ocr_line' id='line_1_104' title="bbox 1754 4093 3330 4173; baseline -0.006 -17"><span class='ocrx_word' id='word_1_755' title='bbox 1754 4101 1929 4173; x_wconf 89' lang='lat' dir='ltr'><strong>primo</strong></span> <span class='ocrx_word' id='word_1_756' title='bbox 1981 4100 2099 4155; x_wconf 92' lang='lat' dir='ltr'><strong>loco</strong></span> <span class='ocrx_word' id='word_1_757' title='bbox 2156 4098 2345 4165; x_wconf 88' lang='lat' dir='ltr'><strong>edam,</strong></span> <span class='ocrx_word' id='word_1_758' title='bbox 2402 4096 2479 4152; x_wconf 91' lang='lat' dir='ltr'><strong>uti</strong></span> <span class='ocrx_word' id='word_1_759' title='bbox 2517 4096 2878 4166; x_wconf 89' lang='lat' dir='ltr'><strong>posteriorum</strong></span> <span class='ocrx_word' id='word_1_760' title='bbox 2920 4093 3330 4150; x_wconf 87' lang='lat' dir='ltr'><strong>narrationibus</strong></span> 
     </span>
    </p>
   </div>
   <div class='ocr_carea' id='block_1_105' title="bbox 1753 4191 2211 4262">
    <p class='ocr_par' dir='ltr' id='par_1_105' title="bbox 1753 4191 2211 4262">
     <span class='ocr_line' id='line_1_105' title="bbox 1753 4191 2211 4262; baseline -0.007 -16"><span class='ocrx_word' id='word_1_761' title='bbox 1753 4191 2164 4262; x_wconf 83' lang='lat' dir='ltr'><strong>praeferendam.</strong></span> <span class='ocrx_word' id='word_1_762' title='bbox 2190 4209 2211 4243; x_wconf 79' lang='grc' dir='ltr'><strong>ι</strong></span> 
     </span>
    </p>
   </div>
   <div class='ocr_carea' id='block_1_106' title="bbox 1824 4275 3327 4350">
    <p class='ocr_par' dir='ltr' id='par_1_106' title="bbox 1824 4275 3327 4350">
     <span class='ocr_line' id='line_1_106' title="bbox 1824 4275 3327 4350; baseline -0.006 -14"><span class='ocrx_word' id='word_1_763' title='bbox 1824 4282 1952 4337; x_wconf 72' lang='grc'><strong>255.</strong></span> <span class='ocrx_word' id='word_1_764' title='bbox 1988 4282 2255 4338; x_wconf 83' lang='lat' dir='ltr'><strong>Caesarius</strong></span> <span class='ocrx_word' id='word_1_765' title='bbox 2279 4282 2464 4350; x_wconf 90' lang='lat' dir='ltr'><strong>itaque</strong></span> <span class='ocrx_word' id='word_1_766' title='bbox 2485 4279 2647 4335; x_wconf 90' lang='lat' dir='ltr'><strong>etiam</strong></span> <span class='ocrx_word' id='word_1_767' title='bbox 2671 4276 2970 4333; x_wconf 87' lang='lat' dir='ltr'><strong>secundum</strong></span> <span class='ocrx_word' id='word_1_768' title='bbox 2995 4275 3327 4346; x_wconf 80' lang='lat' dir='ltr'><strong>Stiltingum,</strong></span> 
     </span>
    </p>
   </div>
   <div class='ocr_carea' id='block_1_107' title="bbox 1754 4367 3333 4445">
    <p class='ocr_par' dir='ltr' id='par_1_107' title="bbox 1754 4367 3333 4445">
     <span class='ocr_line' id='line_1_107' title="bbox 1754 4367 3333 4445; baseline -0.005 -16"><span class='ocrx_word' id='word_1_769' title='bbox 1754 4374 1845 4445; x_wconf 81' lang='lat' dir='ltr'><strong>qui</strong></span> <span class='ocrx_word' id='word_1_770' title='bbox 1872 4382 2076 4440; x_wconf 89' lang='lat' dir='ltr'><strong>tamen,</strong></span> <span class='ocrx_word' id='word_1_771' title='bbox 2103 4374 2184 4428; x_wconf 90' lang='lat' dir='ltr'><strong>uti</strong></span> <span class='ocrx_word' id='word_1_772' title='bbox 2213 4388 2282 4428; x_wconf 79' lang='lat' dir='ltr'><strong>ex</strong></span> <span class='ocrx_word' id='word_1_773' title='bbox 2310 4372 2443 4441; x_wconf 88' lang='lat' dir='ltr'><strong>ipsis</strong></span> <span class='ocrx_word' id='word_1_774' title='bbox 2467 4370 2583 4440; x_wconf 84' lang='lat' dir='ltr'><strong>ejus</strong></span> <span class='ocrx_word' id='word_1_775' title='bbox 2608 4371 2793 4424; x_wconf 87' lang='lat' dir='ltr'><strong>verbis</strong></span> <span class='ocrx_word' id='word_1_776' title='bbox 2823 4368 2957 4423; x_wconf 90' lang='lat' dir='ltr'><strong>satis</strong></span> <span class='ocrx_word' id='word_1_777' title='bbox 2978 4367 3170 4435; x_wconf 90' lang='lat' dir='ltr'><strong>liquet,</strong></span> <span class='ocrx_word' id='word_1_778' title='bbox 3203 4367 3333 4421; x_wconf 85' lang='lat' dir='ltr'><strong>crisi</strong></span> 
     </span>
    </p>
   </div>
   <div class='ocr_carea' id='block_1_108' title="bbox 1758 4457 3334 4530">
    <p class='ocr_par' dir='ltr' id='par_1_108' title="bbox 1758 4457 3334 4530">
     <span class='ocr_line' id='line_1_108' title="bbox 1758 4457 3334 4530; baseline -0.008 -9"><span class='ocrx_word' id='word_1_779' title='bbox 1758 4466 1936 4521; x_wconf 91' lang='lat' dir='ltr'><strong>minus</strong></span> <span class='ocrx_word' id='word_1_780' title='bbox 1965 4480 2175 4530; x_wconf 90' lang='lat' dir='ltr'><strong>severa,</strong></span> <span class='ocrx_word' id='word_1_781' title='bbox 2210 4464 2335 4518; x_wconf 91' lang='lat' dir='ltr'><strong>licet</strong></span> <span class='ocrx_word' id='word_1_782' title='bbox 2366 4478 2498 4518; x_wconf 89' lang='lat' dir='ltr'><strong>sane</strong></span> <span class='ocrx_word' id='word_1_783' title='bbox 2535 4461 2865 4530; x_wconf 72' lang='lat' dir='ltr'><strong>aequissima,</strong></span> <span class='ocrx_word' id='word_1_784' title='bbox 2910 4458 2965 4511; x_wconf 94' lang='lat' dir='ltr'><strong>in</strong></span> <span class='ocrx_word' id='word_1_785' title='bbox 3011 4457 3334 4526; x_wconf 88' lang='lat' dir='ltr'><strong>scriptorem</strong></span> 
     </span>
    </p>
   </div>
   <div class='ocr_carea' id='block_1_109' title="bbox 1759 4545 3330 4618">
    <p class='ocr_par' dir='ltr' id='par_1_109' title="bbox 1759 4545 3330 4618">
     <span class='ocr_line' id='line_1_109' title="bbox 1759 4545 3330 4618; baseline -0.007 -9"><span class='ocrx_word' id='word_1_786' title='bbox 1759 4556 1903 4610; x_wconf 89' lang='lat' dir='ltr'><strong>hunc</strong></span> <span class='ocrx_word' id='word_1_787' title='bbox 1930 4554 2124 4617; x_wconf 87' lang='lat' dir='ltr'><strong>utitur,</strong></span> <span class='ocrx_word' id='word_1_788' title='bbox 2153 4552 2312 4607; x_wconf 87' lang='lat' dir='ltr'><strong>ﬁdem</strong></span> <span class='ocrx_word' id='word_1_789' title='bbox 2339 4549 2696 4605; x_wconf 87' lang='lat' dir='ltr'><strong>indubitatam</strong></span> <span class='ocrx_word' id='word_1_790' title='bbox 2726 4546 2994 4618; x_wconf 76' lang='lat' dir='ltr'><strong>prodigio,</strong></span> <span class='ocrx_word' id='word_1_791' title='bbox 3023 4545 3167 4612; x_wconf 89' lang='lat' dir='ltr'><strong>quod</strong></span> <span class='ocrx_word' id='word_1_792' title='bbox 3202 4559 3330 4600; x_wconf 84' lang='lat' dir='ltr'><strong>ver-</strong></span> 
     </span>
    </p>
   </div>
   <div class='ocr_carea' id='block_1_110' title="bbox 1757 4635 3333 4709">
    <p class='ocr_par' dir='ltr' id='par_1_110' title="bbox 1757 4635 3333 4709">
     <span class='ocr_line' id='line_1_110' title="bbox 1757 4635 3333 4709; baseline -0.008 -11"><span class='ocrx_word' id='word_1_793' title='bbox 1757 4643 1842 4698; x_wconf 87' lang='lat' dir='ltr'><strong>bis</strong></span> <span class='ocrx_word' id='word_1_794' title='bbox 1866 4658 2015 4697; x_wconf 90' lang='lat' dir='ltr'><strong>num.</strong></span> <span class='ocrx_word' id='word_1_795' title='bbox 2045 4641 2142 4696; x_wconf 74' lang='grc'><strong>241</strong></span> <span class='ocrx_word' id='word_1_796' title='bbox 2175 4641 2280 4695; x_wconf 90' lang='lat' dir='ltr'><strong>huc</strong></span> <span class='ocrx_word' id='word_1_797' title='bbox 2302 4637 2649 4709; x_wconf 89' lang='lat' dir='ltr'><strong>transcriptis</strong></span> <span class='ocrx_word' id='word_1_798' title='bbox 2679 4646 2889 4701; x_wconf 89' lang='lat' dir='ltr'><strong>narrat,</strong></span> <span class='ocrx_word' id='word_1_799' title='bbox 2910 4635 3201 4691; x_wconf 85' lang='lat' dir='ltr'><strong>conciliare</strong></span> <span class='ocrx_word' id='word_1_800' title='bbox 3225 4647 3333 4687; x_wconf 91' lang='lat' dir='ltr'><strong>non</strong></span> 
     </span>
    </p>
   </div>
   <div class='ocr_carea' id='block_1_111' title="bbox 1755 4725 3333 4804">
    <p class='ocr_par' dir='ltr' id='par_1_111' title="bbox 1755 4725 3333 4804">
     <span class='ocr_line' id='line_1_111' title="bbox 1755 4725 3333 4804; baseline -0.006 -17"><span class='ocrx_word' id='word_1_801' title='bbox 1755 4742 1951 4804; x_wconf 90' lang='lat' dir='ltr'><strong>potest,</strong></span> <span class='ocrx_word' id='word_1_802' title='bbox 1984 4748 2105 4786; x_wconf 81' lang='lat' dir='ltr'><strong>cum</strong></span> <span class='ocrx_word' id='word_1_803' title='bbox 2137 4731 2211 4796; x_wconf 88' lang='lat' dir='ltr'><strong>id,</strong></span> <span class='ocrx_word' id='word_1_804' title='bbox 2244 4731 2290 4786; x_wconf 87' lang='lat' dir='ltr'><strong>si</strong></span> <span class='ocrx_word' id='word_1_805' title='bbox 2332 4730 2508 4798; x_wconf 89' lang='lat' dir='ltr'><strong>reipsa</strong></span> <span class='ocrx_word' id='word_1_806' title='bbox 2544 4743 2781 4799; x_wconf 87' lang='lat' dir='ltr'><strong>unquam</strong></span> <span class='ocrx_word' id='word_1_807' title='bbox 2816 4728 2991 4782; x_wconf 90' lang='lat' dir='ltr'><strong>locum</strong></span> <span class='ocrx_word' id='word_1_808' title='bbox 3024 4725 3237 4789; x_wconf 86' lang='lat' dir='ltr'><strong>habuit,</strong></span> <span class='ocrx_word' id='word_1_809' title='bbox 3276 4732 3333 4778; x_wconf 90' lang='lat' dir='ltr'><strong>ct</strong></span> 
     </span>
    </p>
   </div>
   <div class='ocr_carea' id='block_1_112' title="bbox 1757 4814 3335 4883">
    <p class='ocr_par' dir='ltr' id='par_1_112' title="bbox 1757 4814 3335 4883">
     <span class='ocr_line' id='line_1_112' title="bbox 1757 4814 3335 4883; baseline -0.006 -6"><span class='ocrx_word' id='word_1_810' title='bbox 1757 4822 1845 4877; x_wconf 90' lang='lat' dir='ltr'><strong>diu</strong></span> <span class='ocrx_word' id='word_1_811' title='bbox 1871 4829 1994 4875; x_wconf 88' lang='lat' dir='ltr'><strong>ante</strong></span> <span class='ocrx_word' id='word_1_812' title='bbox 2019 4820 2237 4875; x_wconf 68' lang='lat' dir='ltr'><strong>Caesarii</strong></span> <span class='ocrx_word' id='word_1_813' title='bbox 2274 4828 2511 4883; x_wconf 70' lang='lat' dir='ltr'><strong>a2tatem,</strong></span> <span class='ocrx_word' id='word_1_814' title='bbox 2544 4828 2598 4873; x_wconf 92' lang='lat' dir='ltr'><strong>et</strong></span> <span class='ocrx_word' id='word_1_815' title='bbox 2645 4818 2699 4873; x_wconf 91' lang='lat' dir='ltr'><strong>in</strong></span> <span class='ocrx_word' id='word_1_816' title='bbox 2751 4817 2945 4881; x_wconf 90' lang='lat' dir='ltr'><strong>Gallia,</strong></span> <span class='ocrx_word' id='word_1_817' title='bbox 3002 4814 3335 4871; x_wconf 89' lang='lat' dir='ltr'><strong>monasterio</strong></span> 
     </span>
    </p>
   </div>
   <div class='ocr_carea' id='block_1_113' title="bbox 1756 4906 3327 4971">
    <p class='ocr_par' dir='ltr' id='par_1_113' title="bbox 1756 4906 3327 4971">
     <span class='ocr_line' id='line_1_113' title="bbox 1756 4906 3327 4971; baseline -0.004 -8"><span class='ocrx_word' id='word_1_818' title='bbox 1756 4909 2161 4965; x_wconf 90' lang='lat' dir='ltr'><strong>Eisterbacensi</strong></span> <span class='ocrx_word' id='word_1_819' title='bbox 2214 4910 2392 4963; x_wconf 87' lang='lat' dir='ltr'><strong>minus</strong></span> <span class='ocrx_word' id='word_1_820' title='bbox 2436 4910 2645 4971; x_wconf 88' lang='lat' dir='ltr'><strong>vicina,</strong></span> <span class='ocrx_word' id='word_1_821' title='bbox 2690 4906 2891 4961; x_wconf 87' lang='lat' dir='ltr'><strong>factum</strong></span> <span class='ocrx_word' id='word_1_822' title='bbox 2932 4921 3052 4961; x_wconf 87' lang='lat' dir='ltr'><strong>esse</strong></span> <span class='ocrx_word' id='word_1_823' title='bbox 3098 4906 3327 4965; x_wconf 83' lang='lat' dir='ltr'><strong>debeat;</strong></span> 
     </span>
    </p>
   </div>
   <div class='ocr_carea' id='block_1_114' title="bbox 1754 4996 3332 5069">
    <p class='ocr_par' dir='ltr' id='par_1_114' title="bbox 1754 4996 3332 5069">
     <span class='ocr_line' id='line_1_114' title="bbox 1754 4996 3332 5069; baseline -0.004 -14"><span class='ocrx_word' id='word_1_824' title='bbox 1754 5001 1949 5069; x_wconf 89' lang='lat' dir='ltr'><strong>hicque</strong></span> <span class='ocrx_word' id='word_1_825' title='bbox 1975 5003 2205 5069; x_wconf 90' lang='lat' dir='ltr'><strong>scriptor</strong></span> <span class='ocrx_word' id='word_1_826' title='bbox 2245 5002 2386 5062; x_wconf 83' lang='lat' dir='ltr'><strong>(vide</strong></span> <span class='ocrx_word' id='word_1_827' title='bbox 2427 5000 2655 5068; x_wconf 83' lang='lat' dir='ltr'><strong>Stiltingi</strong></span> <span class='ocrx_word' id='word_1_828' title='bbox 2701 5000 2864 5052; x_wconf 85' lang='lat' dir='ltr'><strong>verba</strong></span> <span class='ocrx_word' id='word_1_829' title='bbox 2911 4998 3154 5065; x_wconf 83' lang='lat' dir='ltr'><strong>proxime</strong></span> <span class='ocrx_word' id='word_1_830' title='bbox 3196 4996 3332 5049; x_wconf 72' lang='lat' dir='ltr'><strong>reci~</strong></span> 
     </span>
    </p>
   </div>
   <div class='ocr_carea' id='block_1_115' title="bbox 1758 5091 3327 5164">
    <p class='ocr_par' dir='ltr' id='par_1_115' title="bbox 1758 5091 3327 5164">
     <span class='ocr_line' id='line_1_115' title="bbox 1758 5091 3327 5164; baseline -0.003 -18"><span class='ocrx_word' id='word_1_831' title='bbox 1758 5092 1889 5164; x_wconf 90' lang='lat' dir='ltr'><strong>tata)</strong></span> <span class='ocrx_word' id='word_1_832' title='bbox 1921 5092 2077 5145; x_wconf 84' lang='lat' dir='ltr'><strong>tidem</strong></span> <span class='ocrx_word' id='word_1_833' title='bbox 2112 5092 2466 5146; x_wconf 88' lang='lat' dir='ltr'><strong>indubitatam</strong></span> <span class='ocrx_word' id='word_1_834' title='bbox 2496 5092 2549 5145; x_wconf 90' lang='lat' dir='ltr'><strong>in</strong></span> <span class='ocrx_word' id='word_1_835' title='bbox 2583 5092 2670 5156; x_wconf 89' lang='lat' dir='ltr'><strong>iis,</strong></span> <span class='ocrx_word' id='word_1_836' title='bbox 2701 5091 2901 5159; x_wconf 87' lang='lat' dir='ltr'><strong>quibus</strong></span> <span class='ocrx_word' id='word_1_837' title='bbox 2918 5098 2973 5144; x_wconf 84' lang='lat' dir='ltr'><strong>et</strong></span> <span class='ocrx_word' id='word_1_838' title='bbox 3001 5099 3245 5157; x_wconf 88' lang='lat' dir='ltr'><strong>tempore</strong></span> <span class='ocrx_word' id='word_1_839' title='bbox 3270 5097 3327 5142; x_wconf 85' lang='lat' dir='ltr'><strong>et</strong></span> 
     </span>
    </p>
   </div>
   <div class='ocr_carea' id='block_1_116' title="bbox 1754 5178 3328 5246">
    <p class='ocr_par' dir='ltr' id='par_1_116' title="bbox 1754 5178 3328 5246">
     <span class='ocr_line' id='line_1_116' title="bbox 1754 5178 3328 5246; baseline -0.003 -10"><span class='ocrx_word' id='word_1_840' title='bbox 1754 5182 1874 5238; x_wconf 93' lang='lat' dir='ltr'><strong>loco</strong></span> <span class='ocrx_word' id='word_1_841' title='bbox 1900 5183 2112 5235; x_wconf 90' lang='lat' dir='ltr'><strong>vicinus</strong></span> <span class='ocrx_word' id='word_1_842' title='bbox 2140 5182 2278 5236; x_wconf 90' lang='lat' dir='ltr'><strong>haud</strong></span> <span class='ocrx_word' id='word_1_843' title='bbox 2315 5180 2435 5246; x_wconf 83' lang='lat' dir='ltr'><strong>fuit,</strong></span> <span class='ocrx_word' id='word_1_844' title='bbox 2474 5196 2581 5235; x_wconf 92' lang='lat' dir='ltr'><strong>non</strong></span> <span class='ocrx_word' id='word_1_845' title='bbox 2617 5189 2908 5235; x_wconf 87' lang='lat' dir='ltr'><strong>mereatur.</strong></span> <span class='ocrx_word' id='word_1_846' title='bbox 2939 5178 3107 5232; x_wconf 83' lang='lat' dir='ltr'><strong>Recte</strong></span> <span class='ocrx_word' id='word_1_847' title='bbox 3149 5178 3328 5244; x_wconf 87' lang='lat' dir='ltr'><strong>itaque</strong></span> 
     </span>
    </p>
   </div>
   <div class='ocr_carea' id='block_1_117' title="bbox 1754 5268 3321 5329">
    <p class='ocr_par' dir='ltr' id='par_1_117' title="bbox 1754 5268 3321 5329">
     <span class='ocr_line' id='line_1_117' title="bbox 1754 5268 3321 5329; baseline -0.005 -3"><span class='ocrx_word' id='word_1_848' title='bbox 1754 5272 1882 5327; x_wconf 91' lang='lat' dir='ltr'><strong>illud</strong></span> <span class='ocrx_word' id='word_1_849' title='bbox 1913 5287 1941 5325; x_wconf 90' lang='lat' dir='ltr'><strong>a</strong></span> <span class='ocrx_word' id='word_1_850' title='bbox 1968 5272 2207 5326; x_wconf 91' lang='lat' dir='ltr'><strong>Launoio</strong></span> <span class='ocrx_word' id='word_1_851' title='bbox 2254 5273 2305 5325; x_wconf 90' lang='lat' dir='ltr'><strong>in</strong></span> <span class='ocrx_word' id='word_1_852' title='bbox 2339 5272 2556 5325; x_wconf 89' lang='lat' dir='ltr'><strong>dubium</strong></span> <span class='ocrx_word' id='word_1_853' title='bbox 2605 5280 2889 5327; x_wconf 84' lang='lat' dir='ltr'><strong>revocatur</strong></span> <span class='ocrx_word' id='word_1_854' title='bbox 2916 5271 2985 5324; x_wconf 90' lang='lat' dir='ltr'><strong>ob</strong></span> <span class='ocrx_word' id='word_1_855' title='bbox 3032 5268 3321 5329; x_wconf 88' lang='lat' dir='ltr'><strong>inﬁrmam,</strong></span> 
     </span>
    </p>
   </div>
   <div class='ocr_carea' id='block_1_118' title="bbox 1754 5360 3325 5426">
    <p class='ocr_par' dir='ltr' id='par_1_118' title="bbox 1754 5360 3325 5426">
     <span class='ocr_line' id='line_1_118' title="bbox 1754 5360 3325 5426; baseline -0.005 -8"><span class='ocrx_word' id='word_1_856' title='bbox 1754 5362 1839 5418; x_wconf 91' lang='lat' dir='ltr'><strong>cui</strong></span> <span class='ocrx_word' id='word_1_857' title='bbox 1890 5362 2155 5426; x_wconf 91' lang='lat' dir='ltr'><strong>innititur,</strong></span> <span class='ocrx_word' id='word_1_858' title='bbox 2186 5360 2417 5416; x_wconf 71' lang='lat' dir='ltr'><strong>.Cazsarii</strong></span> <span class='ocrx_word' id='word_1_859' title='bbox 2453 5363 2851 5417; x_wconf 88' lang='lat' dir='ltr'><strong>auctoritatem.</strong></span> <span class='ocrx_word' id='word_1_860' title='bbox 2889 5360 3165 5422; x_wconf 83' lang='lat' dir='ltr'><strong>Attamen,</strong></span> <span class='ocrx_word' id='word_1_861' title='bbox 3199 5372 3325 5411; x_wconf 88' lang='lat' dir='ltr'><strong>cum</strong></span> 
     </span>
    </p>
   </div>
   <div class='ocr_carea' id='block_1_119' title="bbox 1754 5448 3326 5523">
    <p class='ocr_par' dir='ltr' id='par_1_119' title="bbox 1754 5448 3326 5523">
     <span class='ocr_line' id='line_1_119' title="bbox 1754 5448 3326 5523; baseline -0.001 -17"><span class='ocrx_word' id='word_1_862' title='bbox 1754 5467 1921 5507; x_wconf 92' lang='lat' dir='ltr'><strong>unum</strong></span> <span class='ocrx_word' id='word_1_863' title='bbox 1946 5460 2106 5522; x_wconf 90' lang='lat' dir='ltr'><strong>atque</strong></span> <span class='ocrx_word' id='word_1_864' title='bbox 2145 5452 2314 5518; x_wconf 91' lang='lat' dir='ltr'><strong>idem,</strong></span> <span class='ocrx_word' id='word_1_865' title='bbox 2340 5462 2401 5507; x_wconf 88' lang='lat' dir='ltr'><strong>ut</strong></span> <span class='ocrx_word' id='word_1_866' title='bbox 2443 5452 2556 5523; x_wconf 87' lang='lat' dir='ltr'><strong>jam</strong></span> <span class='ocrx_word' id='word_1_867' title='bbox 2602 5452 2780 5517; x_wconf 91' lang='lat' dir='ltr'><strong>docui,</strong></span> <span class='ocrx_word' id='word_1_868' title='bbox 2832 5448 3213 5504; x_wconf 89' lang='lat' dir='ltr'><strong>verosimiliter</strong></span> <span class='ocrx_word' id='word_1_869' title='bbox 3253 5450 3326 5505; x_wconf 81' lang='lat' dir='ltr'><strong>sit</strong></span> 
     </span>
    </p>
   </div>
   <div class='ocr_carea' id='block_1_120' title="bbox 1754 5538 3319 5612">
    <p class='ocr_par' dir='ltr' id='par_1_120' title="bbox 1754 5538 3319 5612">
     <span class='ocr_line' id='line_1_120' title="bbox 1754 5538 3319 5612; baseline -0.004 -13"><span class='ocrx_word' id='word_1_870' title='bbox 1754 5559 1876 5599; x_wconf 89' lang='lat' dir='ltr'><strong>cum</strong></span> <span class='ocrx_word' id='word_1_871' title='bbox 1907 5541 2224 5608; x_wconf 84' lang='lat' dir='ltr'><strong>Parisiensi,</strong></span> <span class='ocrx_word' id='word_1_872' title='bbox 2250 5557 2358 5612; x_wconf 88' lang='lat' dir='ltr'><strong>quo</strong></span> <span class='ocrx_word' id='word_1_873' title='bbox 2380 5542 2561 5599; x_wconf 90' lang='lat' dir='ltr'><strong>Bruno</strong></span> <span class='ocrx_word' id='word_1_874' title='bbox 2590 5543 2644 5597; x_wconf 89' lang='lat' dir='ltr'><strong>in</strong></span> <span class='ocrx_word' id='word_1_875' title='bbox 2673 5554 2915 5597; x_wconf 88' lang='lat' dir='ltr'><strong>eremum</strong></span> <span class='ocrx_word' id='word_1_876' title='bbox 2938 5538 3122 5609; x_wconf 87' lang='lat' dir='ltr'><strong>pulsus</strong></span> <span class='ocrx_word' id='word_1_877' title='bbox 3137 5538 3319 5603; x_wconf 83' lang='lat' dir='ltr'><strong>fuerit,</strong></span> 
     </span>
    </p>
   </div>
   <div class='ocr_carea' id='block_1_121' title="bbox 1753 5630 3322 5703">
    <p class='ocr_par' dir='ltr' id='par_1_121' title="bbox 1753 5630 3322 5703">
     <span class='ocr_line' id='line_1_121' title="bbox 1753 5630 3322 5703; baseline -0.001 -16"><span class='ocrx_word' id='word_1_878' title='bbox 1753 5632 2018 5703; x_wconf 71' lang='lat' dir='ltr'><strong>prodigio,</strong></span> <span class='ocrx_word' id='word_1_879' title='bbox 2066 5633 2274 5701; x_wconf 88' lang='lat' dir='ltr'><strong>hocque</strong></span> <span class='ocrx_word' id='word_1_880' title='bbox 2320 5634 2387 5688; x_wconf 89' lang='lat' dir='ltr'><strong>ab</strong></span> <span class='ocrx_word' id='word_1_881' title='bbox 2440 5646 2726 5702; x_wconf 82' lang='lat' dir='ltr'><strong>anonymo,</strong></span> <span class='ocrx_word' id='word_1_882' title='bbox 2773 5630 2863 5699; x_wconf 87' lang='lat' dir='ltr'><strong>qui</strong></span> <span class='ocrx_word' id='word_1_883' title='bbox 2920 5631 3118 5686; x_wconf 68' lang='lat' dir='ltr'><strong>samulo</strong></span> <span class='ocrx_word' id='word_1_884' title='bbox 3163 5632 3322 5687; x_wconf 86' lang='lat' dir='ltr'><strong>tertio</strong></span> 
     </span>
    </p>
   </div>
   <div class='ocr_carea' id='block_1_122' title="bbox 1751 5720 3320 5792">
    <p class='ocr_par' dir='ltr' id='par_1_122' title="bbox 1751 5720 3320 5792">
     <span class='ocr_line' id='line_1_122' title="bbox 1751 5720 3320 5792; baseline 0 -12"><span class='ocrx_word' id='word_1_885' title='bbox 1751 5723 1958 5780; x_wconf 84' lang='lat' dir='ltr'><strong>decimo</strong></span> <span class='ocrx_word' id='word_1_886' title='bbox 1970 5723 2167 5789; x_wconf 78' lang='lat' dir='ltr'><strong>floruit,</strong></span> <span class='ocrx_word' id='word_1_887' title='bbox 2181 5724 2477 5792; x_wconf 89' lang='lat' dir='ltr'><strong>primorum</strong></span> <span class='ocrx_word' id='word_1_888' title='bbox 2495 5722 2731 5792; x_wconf 86' lang='lat' dir='ltr'><strong>quinque</strong></span> <span class='ocrx_word' id='word_1_889' title='bbox 2750 5720 3054 5779; x_wconf 63' lang='lat' dir='ltr'><strong>Cartbusia</strong></span> <span class='ocrx_word' id='word_1_890' title='bbox 3076 5723 3320 5780; x_wconf 69' lang='lat' dir='ltr'><strong>Priorum</strong></span> 
     </span>
    </p>
   </div>
  </div>
