3862 6310
512 220 605 301 tat
1294 251 1352 305 s.
1392 251 1743 311 summus
1782 253 2429 319 cau'ruusuuouuu
2465 255 2951 319 lNSTlTUTORlS
3646 264 3735 322 is:

507 360 763 417 Chronici
810 367 1033 415 auctore
1086 359 1282 416 litteris
1327 361 1397 416 sit
1440 363 1786 431 mandatum,
1838 365 2089 421 falsitatis
2118 368 2163 426 Α
2194 363 2381 420 audire
2417 366 2626 431 videor,
2655 368 3237 438 hancargumentandi
3265 371 3521 429 rationem
3543 387 3738 431 enerva-

508 451 782 523 equidem,
822 460 1006 521 utpote
1056 452 1107 505 in
1160 453 1366 508 duobus
1408 454 1489 508 sic
1545 454 1737 511 saltem
1777 456 1955 512 saeculi
1994 474 2090 511 xm

515 543 879 612 scriptoribus
926 542 1231 608 fundatum,
1284 546 1461 601 minus
1511 558 1819 618 suspectum
1878 549 2093 605 videtur

514 638 846 701 habendum,
880 638 981 692 nisi
1015 636 1154 691 forte
1177 637 1299 707 quis
1337 638 1485 703 velit,
1515 648 1607 692 aut
1638 654 1668 693 a
1703 640 1949 709 proxime
1977 640 2094 694 lau-

515 725 643 783 dato
668 726 971 782 Carthusizc
1010 727 1257 781 Priorum
1305 729 1557 784 Chronici
1606 740 1845 793 auctare,
1883 742 1976 786 aut
2019 734 2088 788 ab

516 820 709 884 altero,
741 834 770 872 e
797 834 904 887 quo
941 819 1027 874 hic
1056 835 1150 873 sua
1190 821 1452 886 hauserit,
1503 834 1533 874 e
1564 821 1733 875 relato
1777 838 1874 891 per
1912 823 2092 880 Cresa-

516 912 679 976 rium,
713 912 851 979 quod
880 927 1154 979 nunquam
1202 912 1477 976 acciderit,
1508 911 1754 982 prodigio
1782 913 2092 969 Parisiense

516 1001 646 1055 illud
671 1002 839 1066 aliud,
869 1019 976 1072 quo
1001 1003 1182 1057 Bruno
1214 1004 1264 1057 in
1297 1019 1536 1059 eremum
1559 1012 1712 1059 actus
1736 1004 1915 1067 fuerit,
1941 1019 2094 1061 acce-

514 1100 665 1158 ptum
696 1090 883 1157 fuisse,
910 1093 1283 1163 adjunctisquc
1320 1109 1417 1164 pro
1446 1094 1675 1148 arbitrio
1710 1095 1962 1150 confictis
1991 1111 2091 1150 au-

516 1189 685 1233 clum.
716 1182 895 1251 Atque
936 1185 1037 1238 hoc
1068 1184 1283 1253 quidem
1328 1194 1384 1237 ut
1431 1186 1752 1253 aestimaret,
1793 1201 2093 1259 propensus

514 1270 680 1325 etiam
710 1271 877 1329 fuisse
908 1274 1249 1328 Mabillonius
1275 1276 1507 1329 videtur.

582 1362 711 1418 256.
753 1364 963 1420 Etenim
1002 1368 1052 1420 in
1083 1367 1383 1424 Annalibus
1418 1368 1781 1425 Benedictinis
1815 1369 1909 1427 lib.
1946 1388 2093 1440 var,

516 1470 666 1508 nttm.
696 1455 763 1511 64
788 1458 865 1512 sic
892 1458 1080 1512 scribit
1107 1473 1121 1512 ε
1161 1478 1178 1510 ι
1208 1459 1382 1513 Aliam
1409 1460 1566 1514 istius
1587 1476 1832 1518 secessus
1856 1464 1934 1534 (S.
1960 1465 2095 1520 Bru-

515 1548 677 1602 nonis
707 1549 759 1603 in
786 1553 1051 1620 eremum)
1084 1566 1305 1605 causam
1336 1560 1457 1620 post
1488 1536 1970 1609 annos'minimum
1999 1556 2095 1609 du~

513 1648 701 1694 cenlos
727 1641 942 1709 quidam
970 1643 1201 1697 attulere
1247 1651 1521 1707 auctores,
1580 1644 1835 1700 nimirum
1884 1646 2093 1702 Bruno—

510 1741 657 1793 nem,
699 1729 825 1783 dum
869 1730 1096 1789 Parisiis
1130 1733 1182 1786 in
1218 1732 1420 1788 scholis
1469 1744 1800 1799 versaretur,
1845 1738 2091 1807 prodigio
2120 1707 2165 1766 Β

510 1820 739 1875 redivivi
770 1822 1043 1887 canonici,
1075 1823 1165 1891 qui
1192 1838 1251 1878 se
1282 1824 1595 1878 damnatum
1628 1827 1956 1882 vociferatus
1983 1829 2088 1893 sit,

507 1914 861 1979 perterritum
891 1913 946 1967 in
971 1929 1214 1967 eremum
1249 1916 1563 1982 secessisse,
1595 1925 1647 1972 et
1688 1918 1957 1987 adjunctis
1987 1918 2090 1974 sibi

509 2004 674 2058 sociis
694 2004 1162 2061 Carthusiensium
1189 2007 1442 2061 Ordinem
1472 2008 1791 2065 instituisse.
1817 2009 1945 2077 Quae
1967 2024 2091 2065 nar-

511 2096 683 2161 ratio,
729 2096 896 2151 variis
932 2096 1157 2152 subinde
1194 2108 1351 2153 aucta
1400 2099 1860 2167 circumstantiis,
1902 2109 2091 2156 sancto

510 2188 806 2253 Antonino,
832 2188 1042 2259 ipsique
1071 2188 1326 2255 Gersoni,
1359 2192 1542 2245 solida:
1582 2193 1839 2246 doctrinm
1883 2208 1946 2247 ac
1975 2193 2090 2262 pie-

515 2279 643 2333 tutis
675 2280 816 2342 viro,
846 2281 1093 2349 probata,
1123 2294 1228 2336 non
1259 2283 1455 2337 mirum
1484 2283 1526 2337 si
1560 2283 1698 2337 bona
1735 2283 1840 2339 fide
1871 2300 1897 2336 a
1929 2284 2092 2339 tutius

513 2370 655 2424 sacri
712 2372 917 2425 ordinis
953 2373 1183 2428 alumnis
1224 2374 1457 2429 admissa
1512 2383 1596 2429 est
1643 2384 1699 2430 et
1742 2386 1947 2431 asserta
1998 2378 2088 2443 sit,

511 2464 598 2517 cui
641 2462 911 2519 Caesarius
961 2466 1396 2522 Eisterbacensis
1435 2466 1647 2521 videtur
1697 2467 2028 2536 prrelusisse.
2067 2487 2084 2519 ι

511 2558 591 2611 lta
622 2556 753 2611 ille:
785 2572 852 2611 an
884 2566 1061 2613 autem
1094 2557 1363 2612 Caesarius
1393 2557 1714 2623 Parisiensi,
1738 2574 1847 2628 quo
1878 2568 2093 2615 sanctus

512 2646 677 2701 fuerit
702 2662 1014 2713 conversus,
1040 2648 1287 2719 prodigio
1311 2649 1486 2718 reipsa
1510 2650 1834 2717 prteluserit,
1861 2649 2092 2718 hujusve

513 2736 749 2807 fingendi
772 2739 1115 2794 occasionem
1145 2739 1337 2793 otiosis
1370 2740 1599 2810 ingeniis
1625 2741 1857 2806 dederit,
1898 2743 2093 2812 cuique

511 2844 578 2883 ex
610 2826 749 2883 infra
777 2829 1020 2884 dicendis
1052 2830 1443 2900 dispiciendum
1473 2830 1739 2902 relinquo.
1773 2833 1844 2889 Ut
1873 2834 2091 2889 interim

513 2934 544 2972 e
571 2919 809 2975 Caesarie
837 2922 1089 2976 haustum
1123 2922 1227 2976 hoc
1251 2936 1389 2988 esse,
1426 2922 1801 2980 vehementius
1821 2928 1942 2996 quis
1972 2942 2093 2982 sus-

2198 465 2304 509 tam
2327 456 2744 527 plumbeatnque
2770 474 2909 524 esse,
2933 460 3140 530 quippe
3165 471 3507 531 argumento,
3531 474 3585 519 ut
3608 465 3740 536 Ιοςὶρὶ

2194 547 2481 617 appellant,
2514 550 2762 619 negativo
2805 551 2879 604 nil
2911 560 3092 621 potest
3134 552 3381 621 probari.
3426 553 3500 608 Ita
3541 555 3744 613 fortasse

2195 640 2578 707 respondeant,
2607 642 2700 709 qui
2736 641 3169 701 ecclesiasticam
3206 642 3561 698 eruditionem
3596 662 3745 716 neque

2194 746 2224 782 a
2258 729 2444 785 limine
2469 731 2792 795 salutarunt,
2820 742 3099 803 totumque
3125 733 3416 787 cerebrum
3446 734 3587 789 tricis
3610 736 3744 790 scito-

2198 822 2408 878 lasticis
2432 824 2718 880 devovere.
2737 824 2868 881 Nam
2894 835 3162 895 quantum
3204 825 3420 881 roboris
3460 837 3745 896 argumento

2194 914 2449 984 negativo
2483 914 2635 979 insit,
2662 925 2771 968 tum
2817 913 3127 969 luculentus
3158 915 3267 970 bac
3306 916 3373 970 de
3416 930 3476 969 re
3518 924 3748 970 tractatus

2192 1005 2395 1073 prodit,
2421 1013 2532 1060 tum
2558 1006 2811 1062 universa
2834 1007 3176 1061 eruditorum
3211 1007 3514 1076 respublica
3539 1007 3749 1077 quotidie

2193 1095 2486 1164 experitur.
2518 1096 2585 1151 Et
2625 1112 2733 1166 quo
2773 1107 2955 1166 pacto,
2996 1099 3220 1162 amabo,
3254 1107 3578 1162 commenta,
3615 1098 3743 1153 fabu-~

2194 1182 2367 1252 lchue
2392 1184 2608 1255 explodi
2636 1194 2800 1255 atque
2828 1187 3109 1242 exsibilari
3149 1197 3398 1258 possent,
3425 1202 3540 1257 quae
3570 1187 3617 1241 in
3643 1202 3747 1258 pos-

2196 1274 2455 1331 teriorum
2495 1284 2798 1345 temporum
2847 1276 3110 1332 historias
3150 1275 3457 1346 irrepsere,
3501 1276 3597 1330 nisi
3634 1276 3753 1329 antis

2195 1366 2446 1436 quiorum
2480 1366 2752 1422 silentium
2773 1367 2968 1437 pluris,
3001 1367 3469 1436 quam-imperita
3501 1366 3757 1434 audaxque

2195 1458 2560 1513 recentiorum
2593 1457 2897 1528 loquacitas
2924 1458 3305 1528 penderetur?
3332 1456 3607 1513 Afﬁrmant
3629 1455 3675 1511 1ιὶ
3696 1456 3750 1509 ad

2196 1548 2480 1605 arbitrium
2514 1566 2695 1617 suum,
2725 1559 2987 1620 gestaque
3019 1565 3051 1605 a
3086 1550 3432 1620 temporibus
3464 1549 3572 1604 suis
3600 1561 3751 1601 remo-

2197 1638 2405 1695 tissima
2437 1641 2738 1707 somniant;
2774 1641 2852 1697 illi
2881 1655 3013 1697 vero
3039 1656 3108 1696 ne
3129 1641 3317 1695 volam
3347 1639 3580 1711 quidem,
3614 1638 3751 1692 vesti-

2195 1730 2449 1800 giumque
2470 1745 2653 1785 earum
2694 1747 2877 1786 rerum
2908 1730 3205 1801 reliquere,
3247 1730 3493 1785 relicturi
3533 1743 3677 1792 sane,
3714 1729 3753 1787 si

2194 1837 2379 1877 earum
2408 1824 2658 1883 notitiam
2690 1824 3026 1879 habuissent.
3056 1824 3124 1878 Et
3154 1839 3260 1878 nos
3288 1821 3659 1877 afﬁrmantium
3679 1834 3753 1889 po-

2197 1916 2303 1970 tius
2330 1915 2623 1985 imperitia,
2650 1932 2813 1986 quam
2862 1916 3159 1972 tacentium
3190 1915 3446 1973 doctrina
3480 1913 3597 1969 duci
3635 1912 3752 1966 sine-

2194 2006 2348 2062 mus?
2394 2027 2412 2059 ι
2472 2007 2935 2078 [laeegcueratim
2987 2006 3326 2061 Muratorius
3371 2006 3440 2060 de
3482 2002 3752 2073 argumenti

2193 2099 2427 2167 negativi
2453 2099 2523 2163 vi,
2548 2115 2667 2168 qum
2689 2107 2890 2168 quanta
2912 2098 3144 2152 subinde
3180 2098 3276 2162 sit,
3298 2098 3377 2151 uti
3395 2098 3555 2151 etiam
3601 2092 3679 2162 qui
3709 2102 3751 2145 et

2195 2190 2411 2259 quando
2453 2190 2629 2244 locum
2672 2190 2876 2243 habere
2913 2198 3106 2257 queat,
3143 2203 3382 2258 pronum
3424 2187 3525 2242 erit
3559 2201 3619 2239 ex
3660 2184 3751 2253 jam

2195 2295 2338 2335 nunc
2368 2281 2611 2341 dicendis
2639 2294 2852 2334 eruere.

2272 2371 2395 2425 “258.
2428 2372 2561 2427 Cum
2589 2372 2765 2441 plura,
2798 2384 2971 2439 eaque
3008 2371 3176 2425 etiam
3222 2377 3414 2437 uolatu
3450 2364 3751 2437 dignissima,

2194 2474 2313 2529 quze
2345 2462 2540 2516 litteris
2570 2463 2888 2532 consignata
2931 2476 3038 2515 non
3088 2462 3459 2531 reperiantur,
3499 2472 3593 2512 nec
3630 2455 3753 2509 forte

2194 2552 2357 2605 etiam
2404 2552 2637 2618 fuerint,
2683 2553 2894 2608 szcculis
2926 2554 3220 2621 praeteritis
3258 2562 3415 2624 gesta
3454 2564 3600 2612 esse,
3634 2544 3753 2616 apud

2189 2656 2385 2696 omnes
2414 2658 2578 2712 prope
2605 2644 2656 2697 in
2685 2642 2934 2698 confesso
2956 2644 3047 2709 sit,
3073 2659 3176 2700 nec
3196 2645 3399 2699 merito
3424 2640 3600 2712 negari
3622 2650 3756 2708 posse

2195 2732 2459 2797 videatur,
2491 2750 2598 2789 non
2629 2736 2889 2789 continuo
2919 2742 3006 2789 est
3034 2750 3408 2805 consequens,
3439 2741 3499 2786 ut
3524 2744 3626 2793 res,
3651 2740 3753 2796 qum

2195 2839 2223 2875 a
2248 2825 2376 2879 solis
2398 2826 2755 2895 scriptoribus
2778 2826 3173 2882 recentioribus
3220 2832 3606 2887 memorantur,
3619 2819 3753 2873 indu-

2194 2916 2285 2970 bie
2316 2915 2477 2986 fuisse
2517 2917 2653 2982 sint;
2695 2926 2846 2974 certo
2890 2926 3071 2972 tamen
3112 2928 3243 2975 tunc
3289 2917 3374 2974 vel
3421 2911 3747 2986 probabiliter

511 3011 749 3080 Iicctur,
788 3013 993 3068 moveri
1040 3021 1219 3082 potest
1266 3028 1332 3067 ex
1378 3028 1464 3079 eo,
1509 3015 1653 3084 quod
1726 3018 1958 3087 scriptor
2004 3019 2093 3072 hic
2121 3046 2165 3107 ρ
2196 3007 2459 3063 duntaxat
2507 3008 2657 3064 {31518
2702 3017 2894 3075 omni.
2941 3019 3103 3079 ρνοιιι
3152 3011 3262 3077 Vel:
3308 3009 3462 3107 Qu0d_
3495 3020 3614 3107 ῐξξνθ
3649 3016 3757 3107 fam

513 3104 694 3158 saeculi
727 3104 871 3157 tertii
902 3104 1095 3158 decimi
1128 3103 1280 3158 initio
1315 3104 1537 3159 indubie
1573 3103 1839 3173 ﬂoruerit,
1881 3122 2093 3178 anony-

514 3206 637 3248 mus
671 3203 851 3246 autem
894 3194 1194 3261 primorum
1232 3195 1472 3265 quinque
1512 3196 1815 3252 Corthusim
1851 3197 2098 3252 Priorum

516 3282 773 3336 Chroniei
819 3291 1008 3336 auctor
1059 3292 1186 3339 ante
1230 3300 1429 3340 annum
1484 3286 1706 3341 circiter
1756 3288 1895 3341 1250
1945 3304 2097 3343 suam

518 3372 659 3425 hanc
687 3370 1175 3438 elucubrationem,
1209 3374 1261 3427 in
1300 3390 1405 3444 qua
1447 3374 1756 3431 Parisiense
1792 3378 2099 3449 prodigium

520 3460 712 3525 refert,
745 3463 1112 3520 verosimilius
1139 3481 1247 3520 non
1277 3465 1595 3530 elaborarit,
1624 3468 1699 3522 uti
1730 3484 1796 3524 ex
1846 3470 1934 3535 iis,
1983 3485 2102 3539 qua:

520 3555 552 3625 ﬁ
578 3556 594 3607 l
626 3554 875 3620 disserui,
905 3555 1040 3610 satis
1068 3556 1254 3625 liquet.
1280 3556 1431 3623 Quod
1457 3558 1501 3612 si
1531 3573 1690 3628 porro
1712 3570 1918 3616 certum
1940 3561 2100 3628 foret,

520 3646 851 3717 prodigium,
883 3647 1026 3715 quod
1059 3647 1226 3701 refert
1256 3646 1551 3714 Caesarius,
1585 3651 1853 3714 evenisse,
1883 3651 2042 3721 idque
2072 3667 2101 3706 a

518 3744 768 3815 prodigio
812 3743 1129 3806 Parisiensi,
1157 3760 1264 3814 quo
1296 3742 1478 3800 Bruno
1528 3746 1581 3799 in
1626 3762 1868 3803 eremum
1916 3748 2104 3818 pulsus

519 3837 726 3900 fertur,
760 3850 865 3889 non
914 3849 1036 3889 esse
1086 3835 1384 3901 diversum,
1417 3834 1901 3891 Carthusianorum
1944 3851 2100 3902 sane,

520 3926 648 3980 hinc
703 3941 921 3980 causam
972 3927 1345 3983 conversionis
1398 3925 1571 3981 sancti
1636 3928 1962 3998 patriarchae
2018 3929 2100 3982 sui

521 4019 904 4087 repetentium,
946 4030 1032 4073 sat
1068 4017 1396 4073 verosimilis
1438 4028 1723 4088 appareret
1763 4018 1968 4088 Opinio,
1999 4019 2103 4074 etsi

522 4109 738 4164 interim
770 4109 1059 4173 Caesarius,
1092 4109 1399 4165 Brunonem
1427 4109 1692 4179 prodigio,
1720 4109 1864 4178 quod
1895 4118 2101 4175 narrat,

521 4203 577 4256 in
603 4216 844 4257 eremum
877 4211 1055 4257 actum
1084 4202 1269 4267 fuisse,
1299 4217 1403 4255 non
1426 4201 1624 4256 edicat.
1649 4207 1825 4270 Atque
1854 4202 1982 4256 hinc
1999 4211 2101 4267 est,

517 4310 620 4349 cur
647 4295 1021 4365 potissimum,
1058 4309 1165 4350 non
1200 4309 1270 4349 an
1314 4309 1477 4350 causa
1520 4294 1892 4349 conversionis
1930 4298 2101 4350 sancti

2199 3100 2312 3165 fiet,
2357 3100 2688 3167 constiterit,
2717 3101 2800 3156 vel
2839 3101 3119 3171 probabile
3155 3111 3253 3157 aut
3284 3098 3591 3155 vcrosimile
3638 3095 3755 3148 dun-

2202 3201 2353 3248 taxat
2396 3191 2583 3259 fuerit,
2624 3193 2924 3263 scriptores
2968 3193 3227 3262 antiquos
3262 3202 3359 3247 aut
3396 3204 3559 3246 unum
3594 3184 3757 3242 saltem

2201 3297 2267 3337 ex
2298 3283 2385 3337 bis
2409 3283 2729 3350 alterumve,
2757 3300 2785 3337 a
2816 3284 3014 3354 quibus
3048 3285 3269 3340 silentio
3298 3288 3633 3354 premuntur,
3657 3286 3757 3329 esse

2201 3376 2533 3445 bujusmodi,
2580 3386 2641 3431 ut
2680 3391 2795 3442 eas,
2849 3377 2894 3430 si
2940 3376 3189 3441 fuissent,
3240 3375 3471 3440 scituri,
3517 3370 3757 3435 scitusque

2204 3467 2683 3527 commemoraturi
2730 3465 2980 3527 fuissent.
3036 3465 3448 3537 Papebrochius
3489 3468 3661 3517 noster
3702 3451 3757 3507 ab

2206 3559 2356 3613 hisce
2388 3574 2493 3613 non
2521 3557 2753 3612 multum
2782 3558 3011 3622 abludit,
3038 3558 3092 3612 in
3128 3558 3415 3630 Pmpylaao
3438 3550 3627 3609 mensis
3653 3542 3757 3600 Maii

2205 3650 2531 3715 reetissime,
2566 3658 2626 3703 ut
2661 3649 2791 3703 mihi
2838 3648 3089 3719 equidem
3140 3658 3403 3720 apparet,
3441 3646 3507 3701 ad
3546 3649 3758 3713 praesens

2205 3741 2510 3795 institutum
2539 3741 2617 3794 sic
2647 3740 2891 3797 scribens
2919 3758 2934 3794 :
2969 3759 2987 3795 ε
3019 3739 3286 3806 Quamvis
3317 3740 3374 3794 in
3412 3738 3585 3807 rigore
3610 3725 3757 3784 diale-

2206 3833 2349 3888 ctico
2376 3848 2483 3887 non
2521 3831 2959 3901 scqrtatueron
3007 3840 3090 3885 est
3132 3832 3398 3901 scriptum
3446 3825 3529 3882 vel
3550 3823 3754 3877 dictum;

2205 3938 2338 3994 ergo
2387 3937 2491 3975 non
2540 3930 2623 3976 est
2665 3920 2901 3985 factum;
2946 3936 3046 3976 nec
3086 3920 3235 3975 enim
3287 3919 3472 3974 minus
3522 3911 3695 3966 fuisset
3732 3916 3757 3952 τι

2207 4012 2429 4069 Christo
2459 4012 2755 4068 suscitatus
2807 4010 3073 4077 Lazarus,
3120 4010 3251 4065 licet
3290 4011 3397 4065 hoc
3441 4005 3681 4095 Joannes
3714 3998 3759 4044 ει

2208 4106 2298 4161 alii
2347 4114 2455 4160 tres
2501 4102 2847 4172 evangelistze
2894 4102 3221 4171 tacuissent,
3274 4098 3571 4161 tacuissent
3617 4095 3756 4141 etiam

2205 4195 2572 4266 apostolorum
2618 4192 2896 4261 discipuli,
2938 4201 2993 4246 et
3039 4192 3125 4247 his
3171 4199 3336 4248 aetate
3370 4179 3599 4260 proximi
3647 4186 3745 4228 om-

2207 4302 2334 4352 nes;
2365 4295 2513 4341 rccte
2540 4294 2719 4339 tamen
2750 4283 3034 4353 sequitur:
3064 4282 3177 4337 lloc
3203 4281 3286 4341 vel
3316 4277 3447 4335 illud
3478 4276 3621 4329 caret
3645 4275 3757 4316 cou-

518 4363 705 4453 fuerit,
729 4388 821 4443 sed
844 4404 910 4442 an
926 4386 1143 4443 veritati
1170 4395 1431 4442 consonet
1452 4382 1759 4440 Parisiense
1781 4384 2101 4455 prodigium,
2131 4383 2184 4447 D
2210 4394 2359 4449 grtiae
2381 4377 2721 4445 antiquitatis
2738 4416 2751 4441 ,
2790 4385 2846 4428 et
2886 4374 3231 4431 auctoritatis
3275 4363 3606 4427 testimonio;
3627 4364 3754 4455 filim

520 4477 907 4546 inquirendum
941 4480 1051 4544 sit;
1096 4494 1201 4549 qua
1249 4479 1318 4533 de
1352 4492 1412 4532 re
1445 4491 1565 4546 quae
1613 4467 1830 4533 tandem
1886 4491 2003 4531 mea
2033 4475 2105 4532 sit

522 4567 727 4636 opinio,
766 4576 893 4623 tunc
912 4569 1143 4633 edicam,
1165 4584 1289 4624 cum
1312 4576 1433 4638 post
1449 4568 1561 4637 jam
1583 4568 1784 4622 relatos
1808 4568 2105 4637 scriptores

522 4656 798 4725 antiquos,
829 4658 918 4726 qui
951 4659 1273 4713 testimoniis
1304 4659 1415 4715 suis
1437 4659 1682 4727 prodigio
1708 4658 2100 4729 suffragantur,

525 4763 856 4809 recensuero
897 4750 1060 4807 etiam
1103 4750 1396 4820 scriptorcs
1435 4750 1708 4818 antiquos,
1756 4752 1846 4821 qui
1890 4752 2105 4808 silentio

524 4858 622 4896 suo
648 4842 820 4896 eidem
847 4842 1100 4896 videntur
1126 4842 1359 4898 oilicere.

524 4955 553 5028 ᾗ
584 4953 701 5010 XV.
726 4954 805 5008 An
834 4956 961 5028 quid
983 4966 1166 5028 contra
1192 4966 1504 5021 anaslastm,
1525 4976 1629 5023 qua
1655 4971 1839 5015 doctor
1863 4980 1917 5016 se
1950 4965 2106 5018 dam-

598 5035 780 5078 natum
804 5025 1009 5091 publice
1034 5027 1384 5089 denuntiarit,
1412 5044 1475 5080 ex
1512 5029 1719 5082 silentio
1751 5031 1827 5084 vel
1854 5030 1915 5087 S.
1961 5033 2105 5087 Bru-

594 5096 766 5173 n_om's,
797 5094 878 5173 pel
908 5094 1181 5166 Guigom’s,
1206 5097 1282 5151 vel
1316 5095 1551 5151 Guiberti
1581 5099 1644 5151 de
1675 5098 1962 5169 Novigento
1988 5119 2105 5173 pos-

592 5166 657 5221 sit
680 5166 887 5234 conﬁci.

590 5284 720 5338 257.
737 5283 791 5341 In
807 5284 968 5337 rebus
982 5281 1257 5338 historicis
1279 5291 1599 5352 argumento
1615 5284 1864 5354 negativo
1879 5285 1986 5338 vim
2002 5300 2105 5337 non

524 5378 793 5432 modicam
820 5376 1134 5445 frequenter
1158 5377 1350 5436 inesse,
1386 5375 1673 5443 peritiores
1711 5393 1901 5432 mnnes
1927 5378 2106 5434 critici

524 5468 688 5525 modo
717 5468 1027 5524 admittunt.
1077 5466 1253 5522 Unum
1297 5466 1386 5521 bic
1413 5466 1653 5521 omnium
1700 5467 1818 5523 loco
1864 5468 2107 5523 attulisse

526 5562 764 5618 sufficiat
796 5562 1168 5617 Muratorium.
1192 5559 1291 5613 Hic
1312 5557 1711 5614 Auecdotorum
1736 5568 1870 5613 tom.
1895 5560 1956 5624 Il,
1984 5574 2103 5629 cap.

525 5656 617 5724 21,
648 5656 728 5713 sic
750 5656 941 5712 scribit
974 5674 988 5712 :
1018 5675 1035 5708 ‹
1057 5654 1161 5711 Sed
1185 5651 1298 5724 jam
1325 5651 1587 5724 quosdam
1618 5651 1749 5713 mihi
1780 5664 2101 5725 reperientes

2205 4448 2406 4527 factum
2431 4487 2572 4535 esse,
2603 4486 2710 4524 non
2740 4478 2823 4524 est
2849 4468 3145 4536 prudenter
3177 4462 3455 4526 credibile,
3494 4448 3642 4511 sicuti
3667 4454 3754 4537 non

2205 4573 2353 4619 esset
2396 4561 2675 4618 credibilis
2746 4558 3094 4614 resuscitatio
3140 4554 3337 4613 Lazari
3389 4552 3441 4606 in
3494 4530 3753 4641 universali

2206 4656 2449 4711 omnium
2483 4654 2725 4716 silentio,
2747 4650 2839 4720 qui
2864 4650 2941 4704 rei
2968 4658 3133 4718 gestae
3155 4648 3237 4703 vel
3265 4639 3629 4701 interfuissent
3652 4638 3753 4720 ipsi.

2206 4747 2288 4802 vel
2318 4761 2382 4801 ex
2405 4746 2760 4816 praesentibus
2789 4741 3148 4809 accepissent,
3179 4748 3286 4795 etc.
3316 4738 3489 4792 Tanto
3517 4714 3754 4816 autem“!

2206 4806 2421 4895 certior.
2470 4849 2525 4892 et
2567 4835 2869 4891 evidentior
2927 4848 2991 4886 ex
3039 4839 3363 4902 argumento
3403 4806 3755 4912 negativoudf'

2207 4892 2548 4992 monstratio,
2578 4934 2784 4995 quanto
2808 4922 2997 4977 notitia
3035 4892 3185 4985 facti,
3231 4920 3299 4973 de
3328 4914 3482 4984 cujus
3514 4892 3754 4995 credibili-

2210 4984 2320 5074 tate
2347 4984 2794 5077 controvertitur,
2822 5014 2886 5068 ad
2913 5014 3098 5083 plures
3128 5011 3454 5081 pertingere,
3497 5007 3551 5097 ei
3590 5008 3617 5097 ἦ

2208 5111 2359 5166 ribus
2387 5109 2591 5178 scripto
2621 5104 2931 5175 consignari
2961 5104 3239 5159 debuisset
3273 5109 3494 5173 propter
3515 5088 3751 5183 insi???"n

2209 5203 2288 5258 sui
2315 5172 2638 5255 claritatem.
2680 5218 2697 5248 ι
2734 5172 2857 5251 Ηᾧο
2888 5194 3310 5265 Papebrochius,
3343 5191 3535 5244 docens

2209 5299 2529 5361 argumento
2558 5289 2829 5359 negativo,
2861 5264 3000 5340 utut
3027 5286 3195 5351 facta,
3219 5293 3406 5340 contra
3428 5289 3543 5347 qua:
3561 5264 3751 5325 militi".

2210 5395 2239 5437 a
2269 5395 2398 5434 vero
2421 5394 2542 5435 esse
2569 5378 2767 5443 aliena,
2815 5377 3015 5432 invicte
3060 5392 3164 5431 non
3206 5376 3421 5445 probet,
3448 5378 3560 5421 eam
3596 5361 3749 5445 tam."

2212 5474 2317 5526 vim
2353 5472 2556 5533 inesse,
2589 5484 2695 5539 qua
2725 5470 2843 5533 fiat,
2875 5476 2933 5523 ut
2958 5468 3076 5523 haec
3108 5468 3231 5521 inde
3260 5465 3343 5519 vel
3380 5456 3543 5527 magis
3567 5443 3640 5501 vel
3667 5451 3752 5492 mt-

2212 5577 2312 5617 nus
2350 5563 2416 5615 ad
2447 5576 2627 5615 rerum
2663 5559 3061 5617 incredibilium
3085 5559 3311 5613 classem
3336 5550 3597 5607 accedant.

2280 5652 2405 5708 259.
2456 5652 2813 5724 Dispiciamus
2869 5650 3063 5716 modo,
3114 5663 3179 5702 an
3225 5655 3277 5702 et
3316 5642 3441 5715 quid
3489 5620 3746 5690 secundum
