  <div class='ocr_page' id='page_1' title='image "/cluster/home/n/w/nwhite01/storage/ocr_20150623/152/hvd.32044015473804/082.png"; bbox 0 0 3862 6310; ppageno 0'>
   <div class='ocr_carea' id='block_1_1' title="bbox 160 302 244 356">
    <p class='ocr_par' dir='ltr' id='par_1_1' title="bbox 160 302 244 356">
     <span class='ocr_line' id='line_1_1' title="bbox 160 302 244 356; baseline 0.012 -1"><span class='ocrx_word' id='word_1_1' title='bbox 160 302 244 356; x_wconf 71' lang='grc'><strong>153</strong></span> 
     </span>
    </p>
   </div>
   <div class='ocr_carea' id='block_1_2' title="bbox 1647 293 1844 357">
    <p class='ocr_par' dir='ltr' id='par_1_2' title="bbox 1647 293 1844 357">
     <span class='ocr_line' id='line_1_2' title="bbox 1647 293 1844 357; baseline 0 0"><span class='ocrx_word' id='word_1_2' title='bbox 1647 293 1844 357; x_wconf 54' lang='lat' dir='ltr'><strong>ACTA.</strong></span> 
     </span>
    </p>
   </div>
   <div class='ocr_carea' id='block_1_3' title="bbox 3253 290 3355 347">
    <p class='ocr_par' dir='ltr' id='par_1_3' title="bbox 3253 290 3355 347">
     <span class='ocr_line' id='line_1_3' title="bbox 3253 290 3355 347; baseline -0.02 0"><span class='ocrx_word' id='word_1_3' title='bbox 3253 290 3355 347; x_wconf 67' lang='grc'><strong>154</strong></span> 
     </span>
    </p>
   </div>
   <div class='ocr_carea' id='block_1_4' title="bbox 157 402 3354 488">
    <p class='ocr_par' dir='ltr' id='par_1_4' title="bbox 157 402 3354 488">
     <span class='ocr_line' id='line_1_4' title="bbox 157 402 3354 488; baseline -0.003 -16"><span class='ocrx_word' id='word_1_4' title='bbox 157 420 243 488; x_wconf 78' lang='lat' dir='ltr'><strong>iam</strong></span> <span class='ocrx_word' id='word_1_5' title='bbox 267 414 396 470; x_wconf 81' lang='lat' dir='ltr'><strong>dicta</strong></span> <span class='ocrx_word' id='word_1_6' title='bbox 425 428 457 468; x_wconf 88' lang='lat' dir='ltr'><strong>e</strong></span> <span class='ocrx_word' id='word_1_7' title='bbox 496 412 818 482; x_wconf 83' lang='lat' dir='ltr'><strong>scriptorum</strong></span> <span class='ocrx_word' id='word_1_8' title='bbox 847 408 1195 478; x_wconf 89' lang='lat' dir='ltr'><strong>antiquorum</strong></span> <span class='ocrx_word' id='word_1_9' title='bbox 1221 404 1466 472; x_wconf 87' lang='lat' dir='ltr'><strong>silentio,</strong></span> <span class='ocrx_word' id='word_1_10' title='bbox 1495 420 1589 463; x_wconf 85' lang='lat' dir='ltr'><strong>seu</strong></span> <span class='ocrx_word' id='word_1_11' title='bbox 1618 419 1683 459; x_wconf 77' lang='lat' dir='ltr'><strong>ex</strong></span> <span class='ocrx_word' id='word_1_12' title='bbox 1713 409 1761 463; x_wconf 77' lang='grc' dir='ltr'>Α</span> <span class='ocrx_word' id='word_1_13' title='bbox 1786 404 1872 458; x_wconf 88' lang='lat' dir='ltr'><strong>ubi</strong></span> <span class='ocrx_word' id='word_1_14' title='bbox 1936 402 2248 474; x_wconf 78' lang='lat' dir='ltr'><strong>religionem</strong></span> <span class='ocrx_word' id='word_1_15' title='bbox 2296 403 2438 467; x_wconf 86' lang='lat' dir='ltr'><strong>voti,</strong></span> <span class='ocrx_word' id='word_1_16' title='bbox 2495 416 2604 473; x_wconf 83' lang='lat' dir='ltr'><strong>quo</strong></span> <span class='ocrx_word' id='word_1_17' title='bbox 2675 402 2854 457; x_wconf 88' lang='lat' dir='ltr'><strong>Bruno</strong></span> <span class='ocrx_word' id='word_1_18' title='bbox 2921 411 2977 456; x_wconf 90' lang='lat' dir='ltr'><strong>et</strong></span> <span class='ocrx_word' id='word_1_19' title='bbox 3034 403 3354 475; x_wconf 81' lang='lat' dir='ltr'><strong>Badulphus</strong></span> 
     </span>
    </p>
   </div>
   <div class='ocr_carea' id='block_1_5' title="bbox 157 497 1687 577">
    <p class='ocr_par' dir='ltr' id='par_1_5' title="bbox 157 497 1687 577">
     <span class='ocr_line' id='line_1_5' title="bbox 157 497 1687 577; baseline -0.007 -15"><span class='ocrx_word' id='word_1_20' title='bbox 157 504 449 577; x_wconf 75' lang='lat' dir='ltr'><strong>argumentis</strong></span> <span class='ocrx_word' id='word_1_21' title='bbox 483 504 767 573; x_wconf 84' lang='lat' dir='ltr'><strong>negativis,</strong></span> <span class='ocrx_word' id='word_1_22' title='bbox 793 516 825 556; x_wconf 90' lang='lat' dir='ltr'><strong>e</strong></span> <span class='ocrx_word' id='word_1_23' title='bbox 851 500 1064 555; x_wconf 83' lang='lat' dir='ltr'><strong>silentio</strong></span> <span class='ocrx_word' id='word_1_24' title='bbox 1088 501 1191 555; x_wconf 86' lang='lat' dir='ltr'><strong>hoc</strong></span> <span class='ocrx_word' id='word_1_25' title='bbox 1220 497 1486 566; x_wconf 88' lang='lat' dir='ltr'><strong>formatis,</strong></span> <span class='ocrx_word' id='word_1_26' title='bbox 1513 498 1687 567; x_wconf 89' lang='lat' dir='ltr'><strong>possit</strong></span> 
     </span>
    </p>
   </div>
   <div class='ocr_carea' id='block_1_6' title="bbox 157 588 1685 661">
    <p class='ocr_par' dir='ltr' id='par_1_6' title="bbox 157 588 1685 661">
     <span class='ocr_line' id='line_1_6' title="bbox 157 588 1685 661; baseline -0.007 -10"><span class='ocrx_word' id='word_1_27' title='bbox 157 597 313 659; x_wconf 74' lang='lat' dir='ltr'><strong>cariﬁci</strong></span> <span class='ocrx_word' id='word_1_28' title='bbox 332 605 518 651; x_wconf 88' lang='lat' dir='ltr'><strong>contra</strong></span> <span class='ocrx_word' id='word_1_29' title='bbox 543 594 863 655; x_wconf 84' lang='lat' dir='ltr'><strong>Parisiense,</strong></span> <span class='ocrx_word' id='word_1_30' title='bbox 888 606 995 661; x_wconf 91' lang='lat' dir='ltr'><strong>quo</strong></span> <span class='ocrx_word' id='word_1_31' title='bbox 1020 591 1203 645; x_wconf 90' lang='lat' dir='ltr'><strong>Bruno</strong></span> <span class='ocrx_word' id='word_1_32' title='bbox 1230 590 1284 644; x_wconf 89' lang='lat' dir='ltr'><strong>in</strong></span> <span class='ocrx_word' id='word_1_33' title='bbox 1304 605 1546 645; x_wconf 86' lang='lat' dir='ltr'><strong>eremum</strong></span> <span class='ocrx_word' id='word_1_34' title='bbox 1569 588 1685 657; x_wconf 85' lang='lat' dir='ltr'><strong>pul-</strong></span> 
     </span>
    </p>
   </div>
   <div class='ocr_carea' id='block_1_7' title="bbox 156 680 1685 757">
    <p class='ocr_par' dir='ltr' id='par_1_7' title="bbox 156 680 1685 757">
     <span class='ocr_line' id='line_1_7' title="bbox 156 680 1685 757; baseline -0.008 -13"><span class='ocrx_word' id='word_1_35' title='bbox 156 706 228 744; x_wconf 83' lang='lat' dir='ltr'><strong>sus</strong></span> <span class='ocrx_word' id='word_1_36' title='bbox 252 687 420 750; x_wconf 84' lang='lat' dir='ltr'><strong>fuerit,</strong></span> <span class='ocrx_word' id='word_1_37' title='bbox 447 684 690 745; x_wconf 80' lang='lat' dir='ltr'><strong>doctoris</strong></span> <span class='ocrx_word' id='word_1_38' title='bbox 722 684 991 753; x_wconf 76' lang='lat' dir='ltr'><strong>tantisper</strong></span> <span class='ocrx_word' id='word_1_39' title='bbox 1020 681 1248 737; x_wconf 83' lang='lat' dir='ltr'><strong>redivivi</strong></span> <span class='ocrx_word' id='word_1_40' title='bbox 1276 696 1443 757; x_wconf 81' lang='lat' dir='ltr'><strong>seque</strong></span> <span class='ocrx_word' id='word_1_41' title='bbox 1462 680 1685 734; x_wconf 84' lang='lat' dir='ltr'><strong>damna-</strong></span> 
     </span>
    </p>
   </div>
   <div class='ocr_carea' id='block_1_8' title="bbox 155 771 1680 847">
    <p class='ocr_par' dir='ltr' id='par_1_8' title="bbox 155 771 1680 847">
     <span class='ocr_line' id='line_1_8' title="bbox 155 771 1680 847; baseline -0.005 -14"><span class='ocrx_word' id='word_1_42' title='bbox 155 790 263 842; x_wconf 84' lang='lat' dir='ltr'><strong>tum,</strong></span> <span class='ocrx_word' id='word_1_43' title='bbox 301 777 510 847; x_wconf 81' lang='lat' dir='ltr'><strong>publice</strong></span> <span class='ocrx_word' id='word_1_44' title='bbox 558 789 740 830; x_wconf 89' lang='lat' dir='ltr'><strong>coram</strong></span> <span class='ocrx_word' id='word_1_45' title='bbox 794 773 1003 833; x_wconf 79' lang='lat' dir='ltr'><strong>inﬁnita</strong></span> <span class='ocrx_word' id='word_1_46' title='bbox 1062 773 1451 845; x_wconf 84' lang='lat' dir='ltr'><strong>propemodum</strong></span> <span class='ocrx_word' id='word_1_47' title='bbox 1497 771 1680 843; x_wconf 85' lang='lat' dir='ltr'><strong>populi</strong></span> 
     </span>
    </p>
   </div>
   <div class='ocr_carea' id='block_1_9' title="bbox 154 862 1682 936">
    <p class='ocr_par' dir='ltr' id='par_1_9' title="bbox 154 862 1682 936">
     <span class='ocr_line' id='line_1_9' title="bbox 154 862 1682 936; baseline -0.005 -12"><span class='ocrx_word' id='word_1_48' title='bbox 154 868 466 924; x_wconf 84' lang='lat' dir='ltr'><strong>multitudine</strong></span> <span class='ocrx_word' id='word_1_49' title='bbox 500 874 632 922; x_wconf 91' lang='lat' dir='ltr'><strong>tunc</strong></span> <span class='ocrx_word' id='word_1_50' title='bbox 654 864 937 925; x_wconf 75' lang='lat' dir='ltr'><strong>vociferati</strong></span> <span class='ocrx_word' id='word_1_51' title='bbox 966 865 1292 936; x_wconf 77' lang='lat' dir='ltr'><strong>prodigium.</strong></span> <span class='ocrx_word' id='word_1_52' title='bbox 1326 862 1598 919; x_wconf 87' lang='lat' dir='ltr'><strong>Launoius</strong></span> <span class='ocrx_word' id='word_1_53' title='bbox 1626 863 1682 917; x_wconf 90' lang='lat' dir='ltr'><strong>in</strong></span> 
     </span>
    </p>
   </div>
   <div class='ocr_carea' id='block_1_10' title="bbox 152 952 1680 1023">
    <p class='ocr_par' dir='ltr' id='par_1_10' title="bbox 152 952 1680 1023">
     <span class='ocr_line' id='line_1_10' title="bbox 152 952 1680 1023; baseline -0.006 -6"><span class='ocrx_word' id='word_1_54' title='bbox 152 978 225 1017; x_wconf 77' lang='lat' dir='ltr'><strong>sua</strong></span> <span class='ocrx_word' id='word_1_55' title='bbox 249 961 308 1015; x_wconf 85' lang='lat' dir='ltr'><strong>de</strong></span> <span class='ocrx_word' id='word_1_56' title='bbox 324 976 447 1023; x_wconf 82' lang='lat' dir='ltr'><strong>vera</strong></span> <span class='ocrx_word' id='word_1_57' title='bbox 477 974 641 1022; x_wconf 85' lang='lat' dir='ltr'><strong>causa</strong></span> <span class='ocrx_word' id='word_1_58' title='bbox 669 952 916 1015; x_wconf 83' lang='lat' dir='ltr'><strong>seCessus</strong></span> <span class='ocrx_word' id='word_1_59' title='bbox 954 958 1013 1012; x_wconf 87' lang='lat' dir='ltr'><strong>S.</strong></span> <span class='ocrx_word' id='word_1_60' title='bbox 1054 956 1320 1015; x_wconf 82' lang='lat' dir='ltr'><strong>Brunonis</strong></span> <span class='ocrx_word' id='word_1_61' title='bbox 1350 956 1401 1010; x_wconf 92' lang='lat' dir='ltr'><strong>in</strong></span> <span class='ocrx_word' id='word_1_62' title='bbox 1435 969 1680 1009; x_wconf 89' lang='lat' dir='ltr'><strong>eremum</strong></span> 
     </span>
    </p>
   </div>
   <div class='ocr_carea' id='block_1_11' title="bbox 153 1044 1679 1117">
    <p class='ocr_par' dir='ltr' id='par_1_11' title="bbox 153 1044 1679 1117">
     <span class='ocr_line' id='line_1_11' title="bbox 153 1044 1679 1117; baseline -0.007 -10"><span class='ocrx_word' id='word_1_63' title='bbox 153 1051 499 1107; x_wconf 82' lang='lat' dir='ltr'><strong>Dissertatione</strong></span> <span class='ocrx_word' id='word_1_64' title='bbox 539 1050 595 1104; x_wconf 89' lang='lat' dir='ltr'><strong>in</strong></span> <span class='ocrx_word' id='word_1_65' title='bbox 637 1049 875 1104; x_wconf 91' lang='lat' dir='ltr'><strong>medium</strong></span> <span class='ocrx_word' id='word_1_66' title='bbox 925 1046 1164 1117; x_wconf 62' lang='lat' dir='ltr'><strong>adducit}</strong></span> <span class='ocrx_word' id='word_1_67' title='bbox 1195 1057 1443 1101; x_wconf 87' lang='lat' dir='ltr'><strong>auctores</strong></span> <span class='ocrx_word' id='word_1_68' title='bbox 1491 1044 1679 1114; x_wconf 78' lang='lat' dir='ltr'><strong>viginti</strong></span> 
     </span>
    </p>
   </div>
   <div class='ocr_carea' id='block_1_12' title="bbox 152 1136 1679 1211">
    <p class='ocr_par' dir='ltr' id='par_1_12' title="bbox 152 1136 1679 1211">
     <span class='ocr_line' id='line_1_12' title="bbox 152 1136 1679 1211; baseline -0.005 -16"><span class='ocrx_word' id='word_1_69' title='bbox 152 1157 301 1195; x_wconf 77' lang='lat' dir='ltr'><strong>novem</strong></span> <span class='ocrx_word' id='word_1_70' title='bbox 339 1141 617 1211; x_wconf 81' lang='lat' dir='ltr'><strong>antiquos,</strong></span> <span class='ocrx_word' id='word_1_71' title='bbox 644 1156 803 1210; x_wconf 88' lang='lat' dir='ltr'><strong>quos,</strong></span> <span class='ocrx_word' id='word_1_72' title='bbox 831 1155 955 1195; x_wconf 91' lang='lat' dir='ltr'><strong>cum</strong></span> <span class='ocrx_word' id='word_1_73' title='bbox 975 1138 1204 1210; x_wconf 81' lang='lat' dir='ltr'><strong>prodigii</strong></span> <span class='ocrx_word' id='word_1_74' title='bbox 1231 1136 1547 1191; x_wconf 88' lang='lat' dir='ltr'><strong>Parisiensis</strong></span> <span class='ocrx_word' id='word_1_75' title='bbox 1572 1149 1679 1189; x_wconf 89' lang='lat' dir='ltr'><strong>non</strong></span> 
     </span>
    </p>
   </div>
   <div class='ocr_carea' id='block_1_13' title="bbox 151 1227 1678 1295">
    <p class='ocr_par' dir='ltr' id='par_1_13' title="bbox 151 1227 1678 1295">
     <span class='ocr_line' id='line_1_13' title="bbox 151 1227 1678 1295; baseline -0.003 -10"><span class='ocrx_word' id='word_1_76' title='bbox 151 1231 471 1295; x_wconf 83' lang='lat' dir='ltr'><strong>meminerint,</strong></span> <span class='ocrx_word' id='word_1_77' title='bbox 500 1230 933 1287; x_wconf 88' lang='lat' dir='ltr'><strong>commentitium</strong></span> <span class='ocrx_word' id='word_1_78' title='bbox 973 1231 1023 1284; x_wconf 88' lang='lat' dir='ltr'><strong>id</strong></span> <span class='ocrx_word' id='word_1_79' title='bbox 1056 1244 1177 1284; x_wconf 88' lang='lat' dir='ltr'><strong>esse</strong></span> <span class='ocrx_word' id='word_1_80' title='bbox 1220 1244 1318 1283; x_wconf 90' lang='lat' dir='ltr'><strong>suo</strong></span> <span class='ocrx_word' id='word_1_81' title='bbox 1349 1227 1563 1282; x_wconf 92' lang='lat' dir='ltr'><strong>silentio</strong></span> <span class='ocrx_word' id='word_1_82' title='bbox 1601 1234 1678 1280; x_wconf 91' lang='lat' dir='ltr'><strong>te-</strong></span> 
     </span>
    </p>
   </div>
   <div class='ocr_carea' id='block_1_14' title="bbox 149 1318 1677 1388">
    <p class='ocr_par' dir='ltr' id='par_1_14' title="bbox 149 1318 1677 1388">
     <span class='ocr_line' id='line_1_14' title="bbox 149 1318 1677 1388; baseline -0.002 -13"><span class='ocrx_word' id='word_1_83' title='bbox 149 1320 249 1379; x_wconf 75' lang='lat' dir='ltr'><strong>stari</strong></span> <span class='ocrx_word' id='word_1_84' title='bbox 274 1322 563 1381; x_wconf 83' lang='lat' dir='ltr'><strong>contendit.</strong></span> <span class='ocrx_word' id='word_1_85' title='bbox 599 1322 798 1381; x_wconf 84' lang='lat' dir='ltr'><strong>llorum</strong></span> <span class='ocrx_word' id='word_1_86' title='bbox 827 1321 919 1376; x_wconf 87' lang='lat' dir='ltr'><strong>alii</strong></span> <span class='ocrx_word' id='word_1_87' title='bbox 946 1328 1135 1375; x_wconf 89' lang='lat' dir='ltr'><strong>sancto</strong></span> <span class='ocrx_word' id='word_1_88' title='bbox 1167 1318 1401 1388; x_wconf 78' lang='lat' dir='ltr'><strong>aequales</strong></span> <span class='ocrx_word' id='word_1_89' title='bbox 1434 1326 1526 1372; x_wconf 90' lang='lat' dir='ltr'><strong>aut</strong></span> <span class='ocrx_word' id='word_1_90' title='bbox 1550 1318 1677 1372; x_wconf 84' lang='lat' dir='ltr'><strong>sub-</strong></span> 
     </span>
    </p>
   </div>
   <div class='ocr_carea' id='block_1_15' title="bbox 146 1409 1676 1483">
    <p class='ocr_par' dir='ltr' id='par_1_15' title="bbox 146 1409 1676 1483">
     <span class='ocr_line' id='line_1_15' title="bbox 146 1409 1676 1483; baseline -0.002 -18"><span class='ocrx_word' id='word_1_91' title='bbox 146 1412 337 1483; x_wconf 67' lang='lat' dir='ltr'><strong>aequales</strong></span> <span class='ocrx_word' id='word_1_92' title='bbox 380 1412 620 1481; x_wconf 87' lang='lat' dir='ltr'><strong>fuerunt,</strong></span> <span class='ocrx_word' id='word_1_93' title='bbox 666 1413 758 1479; x_wconf 87' lang='lat' dir='ltr'><strong>alii</strong></span> <span class='ocrx_word' id='word_1_94' title='bbox 804 1428 912 1467; x_wconf 89' lang='lat' dir='ltr'><strong>uno</strong></span> <span class='ocrx_word' id='word_1_95' title='bbox 950 1412 1187 1466; x_wconf 89' lang='lat' dir='ltr'><strong>alterove</strong></span> <span class='ocrx_word' id='word_1_96' title='bbox 1225 1410 1443 1464; x_wconf 90' lang='lat' dir='ltr'><strong>circiter</strong></span> <span class='ocrx_word' id='word_1_97' title='bbox 1481 1409 1676 1464; x_wconf 73' lang='lat' dir='ltr'><strong>smculo</strong></span> 
     </span>
    </p>
   </div>
   <div class='ocr_carea' id='block_1_16' title="bbox 148 1500 1676 1574">
    <p class='ocr_par' dir='ltr' id='par_1_16' title="bbox 148 1500 1676 1574">
     <span class='ocr_line' id='line_1_16' title="bbox 148 1500 1676 1574; baseline -0.003 -15"><span class='ocrx_word' id='word_1_98' title='bbox 148 1512 240 1574; x_wconf 85' lang='lat' dir='ltr'><strong>post</strong></span> <span class='ocrx_word' id='word_1_99' title='bbox 273 1518 386 1559; x_wconf 89' lang='lat' dir='ltr'><strong>eum</strong></span> <span class='ocrx_word' id='word_1_100' title='bbox 422 1502 764 1569; x_wconf 85' lang='lat' dir='ltr'><strong>ﬂoruerunt,</strong></span> <span class='ocrx_word' id='word_1_101' title='bbox 802 1504 1149 1570; x_wconf 90' lang='lat' dir='ltr'><strong>omniumque</strong></span> <span class='ocrx_word' id='word_1_102' title='bbox 1179 1501 1400 1554; x_wconf 87' lang='lat' dir='ltr'><strong>ultimus</strong></span> <span class='ocrx_word' id='word_1_103' title='bbox 1440 1500 1676 1555; x_wconf 85' lang='lat' dir='ltr'><strong>Joannes</strong></span> 
     </span>
    </p>
   </div>
   <div class='ocr_carea' id='block_1_17' title="bbox 148 1590 1671 1663">
    <p class='ocr_par' dir='ltr' id='par_1_17' title="bbox 148 1590 1671 1663">
     <span class='ocr_line' id='line_1_17' title="bbox 148 1590 1671 1663; baseline -0.005 -11"><span class='ocrx_word' id='word_1_104' title='bbox 148 1595 195 1652; x_wconf 84' lang='lat' dir='ltr'><strong>de</strong></span> <span class='ocrx_word' id='word_1_105' title='bbox 217 1594 394 1663; x_wconf 85' lang='lat' dir='ltr'><strong>Sancto</strong></span> <span class='ocrx_word' id='word_1_106' title='bbox 430 1595 652 1649; x_wconf 79' lang='lat' dir='ltr'><strong>Victore</strong></span> <span class='ocrx_word' id='word_1_107' title='bbox 674 1608 813 1653; x_wconf 89' lang='lat' dir='ltr'><strong>anno</strong></span> <span class='ocrx_word' id='word_1_108' title='bbox 843 1592 981 1648; x_wconf 69' lang='lat'><strong>1322</strong></span> <span class='ocrx_word' id='word_1_109' title='bbox 1015 1591 1284 1647; x_wconf 84' lang='lat' dir='ltr'><strong>scribendi</strong></span> <span class='ocrx_word' id='word_1_110' title='bbox 1318 1590 1479 1650; x_wconf 86' lang='lat' dir='ltr'><strong>linem</strong></span> <span class='ocrx_word' id='word_1_111' title='bbox 1529 1590 1671 1644; x_wconf 87' lang='lat' dir='ltr'><strong>fecit.</strong></span> 
     </span>
    </p>
   </div>
   <div class='ocr_carea' id='block_1_18' title="bbox 149 1680 1670 1751">
    <p class='ocr_par' dir='ltr' id='par_1_18' title="bbox 149 1680 1670 1751">
     <span class='ocr_line' id='line_1_18' title="bbox 149 1680 1670 1751; baseline 0.004 -18"><span class='ocrx_word' id='word_1_112' title='bbox 149 1680 305 1736; x_wconf 73' lang='lat' dir='ltr'><strong>Verum</strong></span> <span class='ocrx_word' id='word_1_113' title='bbox 355 1682 499 1736; x_wconf 86' lang='lat' dir='ltr'><strong>nulla</strong></span> <span class='ocrx_word' id='word_1_114' title='bbox 550 1684 781 1748; x_wconf 85' lang='lat' dir='ltr'><strong>ratione,</strong></span> <span class='ocrx_word' id='word_1_115' title='bbox 817 1698 915 1738; x_wconf 90' lang='lat' dir='ltr'><strong>cur</strong></span> <span class='ocrx_word' id='word_1_116' title='bbox 961 1682 1219 1738; x_wconf 56' lang='lat' dir='ltr'><strong>nonnulli.</strong></span> <span class='ocrx_word' id='word_1_117' title='bbox 1248 1695 1314 1736; x_wconf 82' lang='lat' dir='ltr'><strong>ex</strong></span> <span class='ocrx_word' id='word_1_118' title='bbox 1356 1681 1442 1737; x_wconf 86' lang='lat' dir='ltr'><strong>his</strong></span> <span class='ocrx_word' id='word_1_119' title='bbox 1484 1682 1670 1751; x_wconf 86' lang='lat' dir='ltr'><strong>prodi-</strong></span> 
     </span>
    </p>
   </div>
   <div class='ocr_carea' id='block_1_19' title="bbox 1789 494 3355 563">
    <p class='ocr_par' dir='ltr' id='par_1_19' title="bbox 1789 494 3355 563">
     <span class='ocr_line' id='line_1_19' title="bbox 1789 494 3355 563; baseline 0.001 -15"><span class='ocrx_word' id='word_1_120' title='bbox 1789 496 2129 558; x_wconf 84' lang='lat' dir='ltr'><strong>tenehantnr,</strong></span> <span class='ocrx_word' id='word_1_121' title='bbox 2154 510 2276 549; x_wconf 90' lang='lat' dir='ltr'><strong>cum</strong></span> <span class='ocrx_word' id='word_1_122' title='bbox 2309 494 2381 547; x_wconf 89' lang='lat' dir='ltr'><strong>illi</strong></span> <span class='ocrx_word' id='word_1_123' title='bbox 2404 494 2646 549; x_wconf 85' lang='lat' dir='ltr'><strong>horribili</strong></span> <span class='ocrx_word' id='word_1_124' title='bbox 2675 495 3006 563; x_wconf 88' lang='lat' dir='ltr'><strong>spectaculo,</strong></span> <span class='ocrx_word' id='word_1_125' title='bbox 3036 496 3174 563; x_wconf 86' lang='lat' dir='ltr'><strong>quod</strong></span> <span class='ocrx_word' id='word_1_126' title='bbox 3220 496 3355 549; x_wconf 88' lang='lat' dir='ltr'><strong>Bru-</strong></span> 
     </span>
    </p>
   </div>
   <div class='ocr_carea' id='block_1_20' title="bbox 1783 586 3372 655">
    <p class='ocr_par' dir='ltr' id='par_1_20' title="bbox 1783 586 3372 655">
     <span class='ocr_line' id='line_1_20' title="bbox 1783 586 3372 655; baseline 0.003 -16"><span class='ocrx_word' id='word_1_127' title='bbox 1783 600 1980 640; x_wconf 88' lang='lat' dir='ltr'><strong>nonem</strong></span> <span class='ocrx_word' id='word_1_128' title='bbox 2003 586 2055 639; x_wconf 93' lang='lat' dir='ltr'><strong>in</strong></span> <span class='ocrx_word' id='word_1_129' title='bbox 2087 600 2325 640; x_wconf 88' lang='lat' dir='ltr'><strong>eremum</strong></span> <span class='ocrx_word' id='word_1_130' title='bbox 2347 587 2524 655; x_wconf 84' lang='lat' dir='ltr'><strong>egisse</strong></span> <span class='ocrx_word' id='word_1_131' title='bbox 2547 586 2723 649; x_wconf 84' lang='lat' dir='ltr'><strong>docet,</strong></span> <span class='ocrx_word' id='word_1_132' title='bbox 2747 601 3073 655; x_wconf 81' lang='lat' dir='ltr'><strong>componens</strong></span> <span class='ocrx_word' id='word_1_133' title='bbox 3098 587 3372 643; x_wconf 75' lang='lat' dir='ltr'><strong>horribile</strong></span> 
     </span>
    </p>
   </div>
   <div class='ocr_carea' id='block_1_21' title="bbox 1783 675 3352 748">
    <p class='ocr_par' dir='ltr' id='par_1_21' title="bbox 1783 675 3352 748">
     <span class='ocr_line' id='line_1_21' title="bbox 1783 675 3352 748; baseline 0.003 -19"><span class='ocrx_word' id='word_1_134' title='bbox 1783 675 2148 747; x_wconf 86' lang='lat' dir='ltr'><strong>spectaculum</strong></span> <span class='ocrx_word' id='word_1_135' title='bbox 2201 693 2298 748; x_wconf 87' lang='lat' dir='ltr'><strong>pro</strong></span> <span class='ocrx_word' id='word_1_136' title='bbox 2344 677 2556 737; x_wconf 73' lang='lat' dir='ltr'><strong>fortiori</strong></span> <span class='ocrx_word' id='word_1_137' title='bbox 2615 678 2964 733; x_wconf 86' lang='lat' dir='ltr'><strong>incitamento</strong></span> <span class='ocrx_word' id='word_1_138' title='bbox 3012 680 3182 734; x_wconf 89' lang='lat' dir='ltr'><strong>ducit.</strong></span> <span class='ocrx_word' id='word_1_139' title='bbox 3241 679 3352 736; x_wconf 85' lang='lat' dir='ltr'><strong>Hoc</strong></span> 
     </span>
    </p>
   </div>
   <div class='ocr_carea' id='block_1_22' title="bbox 1782 767 3353 839">
    <p class='ocr_par' dir='ltr' id='par_1_22' title="bbox 1782 767 3353 839">
     <span class='ocr_line' id='line_1_22' title="bbox 1782 767 3353 839; baseline -0.001 -14"><span class='ocrx_word' id='word_1_140' title='bbox 1782 778 1963 826; x_wconf 84' lang='lat' dir='ltr'><strong>autem</strong></span> <span class='ocrx_word' id='word_1_141' title='bbox 1993 767 2201 823; x_wconf 83' lang='lat' dir='ltr'><strong>fortiori</strong></span> <span class='ocrx_word' id='word_1_142' title='bbox 2233 769 2588 825; x_wconf 88' lang='lat' dir='ltr'><strong>incitamento</strong></span> <span class='ocrx_word' id='word_1_143' title='bbox 2613 770 2657 839; x_wconf 91' lang='lat' dir='ltr'><strong>si</strong></span> <span class='ocrx_word' id='word_1_144' title='bbox 2681 785 2816 839; x_wconf 81' lang='lat' dir='ltr'><strong>Opus</strong></span> <span class='ocrx_word' id='word_1_145' title='bbox 2846 768 2942 823; x_wconf 91' lang='lat' dir='ltr'><strong>fuit</strong></span> <span class='ocrx_word' id='word_1_146' title='bbox 2971 770 3228 834; x_wconf 86' lang='lat' dir='ltr'><strong>Brunoni,</strong></span> <span class='ocrx_word' id='word_1_147' title='bbox 3254 786 3353 824; x_wconf 91' lang='lat' dir='ltr'><strong>cur</strong></span> 
     </span>
    </p>
   </div>
   <div class='ocr_carea' id='block_1_23' title="bbox 1779 859 3349 929">
    <p class='ocr_par' dir='ltr' id='par_1_23' title="bbox 1779 859 3349 929">
     <span class='ocr_line' id='line_1_23' title="bbox 1779 859 3349 929; baseline -0.001 -14"><span class='ocrx_word' id='word_1_148' title='bbox 1779 874 1909 923; x_wconf 86' lang='lat' dir='ltr'><strong>non,</strong></span> <span class='ocrx_word' id='word_1_149' title='bbox 1932 874 2131 928; x_wconf 62' lang='lat' dir='ltr'><strong>quaeso,</strong></span> <span class='ocrx_word' id='word_1_150' title='bbox 2158 859 2457 928; x_wconf 80' lang='lat' dir='ltr'><strong>Radulpho,</strong></span> <span class='ocrx_word' id='word_1_151' title='bbox 2479 860 2569 929; x_wconf 90' lang='lat' dir='ltr'><strong>qui</strong></span> <span class='ocrx_word' id='word_1_152' title='bbox 2592 859 2979 915; x_wconf 78' lang='lat' dir='ltr'><strong>exsolutioncm</strong></span> <span class='ocrx_word' id='word_1_153' title='bbox 3007 859 3115 913; x_wconf 88' lang='lat' dir='ltr'><strong>voti</strong></span> <span class='ocrx_word' id='word_1_154' title='bbox 3139 860 3217 913; x_wconf 91' lang='lat' dir='ltr'><strong>sic</strong></span> <span class='ocrx_word' id='word_1_155' title='bbox 3246 860 3349 914; x_wconf 82' lang='lat' dir='ltr'><strong>dis-</strong></span> 
     </span>
    </p>
   </div>
   <div class='ocr_carea' id='block_1_24' title="bbox 1781 948 3355 1019">
    <p class='ocr_par' dir='ltr' id='par_1_24' title="bbox 1781 948 3355 1019">
     <span class='ocr_line' id='line_1_24' title="bbox 1781 948 3355 1019; baseline -0.001 -16"><span class='ocrx_word' id='word_1_156' title='bbox 1781 948 1924 1012; x_wconf 90' lang='lat' dir='ltr'><strong>tulit,</strong></span> <span class='ocrx_word' id='word_1_157' title='bbox 1974 956 2035 1003; x_wconf 92' lang='lat' dir='ltr'><strong>ut</strong></span> <span class='ocrx_word' id='word_1_158' title='bbox 2084 963 2395 1015; x_wconf 82' lang='lat' dir='ltr'><strong>nunquam,</strong></span> <span class='ocrx_word' id='word_1_159' title='bbox 2438 950 2583 1018; x_wconf 88' lang='lat' dir='ltr'><strong>quod</strong></span> <span class='ocrx_word' id='word_1_160' title='bbox 2633 950 2837 1013; x_wconf 88' lang='lat' dir='ltr'><strong>sciam,</strong></span> <span class='ocrx_word' id='word_1_161' title='bbox 2890 949 3232 1019; x_wconf 82' lang='lat' dir='ltr'><strong>impleverit?</strong></span> <span class='ocrx_word' id='word_1_162' title='bbox 3282 949 3355 1002; x_wconf 71' lang='lat' dir='ltr'><strong>At</strong></span> 
     </span>
    </p>
   </div>
   <div class='ocr_carea' id='block_1_25' title="bbox 1780 1038 3352 1109">
    <p class='ocr_par' dir='ltr' id='par_1_25' title="bbox 1780 1038 3352 1109">
     <span class='ocr_line' id='line_1_25' title="bbox 1780 1038 3352 1109; baseline -0.001 -14"><span class='ocrx_word' id='word_1_163' title='bbox 1780 1040 2079 1108; x_wconf 85' lang='lat' dir='ltr'><strong>sapientem</strong></span> <span class='ocrx_word' id='word_1_164' title='bbox 2109 1038 2285 1091; x_wconf 89' lang='lat' dir='ltr'><strong>virum</strong></span> <span class='ocrx_word' id='word_1_165' title='bbox 2318 1039 2371 1092; x_wconf 91' lang='lat' dir='ltr'><strong>in</strong></span> <span class='ocrx_word' id='word_1_166' title='bbox 2415 1041 2663 1109; x_wconf 84' lang='lat' dir='ltr'><strong>epistola,</strong></span> <span class='ocrx_word' id='word_1_167' title='bbox 2709 1041 2800 1096; x_wconf 89' lang='lat' dir='ltr'><strong>ubi</strong></span> <span class='ocrx_word' id='word_1_168' title='bbox 2842 1041 3123 1095; x_wconf 83' lang='lat' dir='ltr'><strong>machinas</strong></span> <span class='ocrx_word' id='word_1_169' title='bbox 3162 1054 3352 1094; x_wconf 85' lang='lat' dir='ltr'><strong>omnes</strong></span> 
     </span>
    </p>
   </div>
   <div class='ocr_carea' id='block_1_26' title="bbox 1780 1127 3350 1200">
    <p class='ocr_par' dir='ltr' id='par_1_26' title="bbox 1780 1127 3350 1200">
     <span class='ocr_line' id='line_1_26' title="bbox 1780 1127 3350 1200; baseline -0.001 -17"><span class='ocrx_word' id='word_1_170' title='bbox 1780 1129 2001 1183; x_wconf 83' lang='lat' dir='ltr'><strong>adhibet</strong></span> <span class='ocrx_word' id='word_1_171' title='bbox 2031 1129 2098 1181; x_wconf 90' lang='lat' dir='ltr'><strong>ad</strong></span> <span class='ocrx_word' id='word_1_172' title='bbox 2125 1127 2446 1182; x_wconf 80' lang='lat' dir='ltr'><strong>movendum</strong></span> <span class='ocrx_word' id='word_1_173' title='bbox 2486 1129 2846 1199; x_wconf 83' lang='lat' dir='ltr'><strong>Radulphum,</strong></span> <span class='ocrx_word' id='word_1_174' title='bbox 2878 1131 3232 1200; x_wconf 63' lang='lat' dir='ltr'><strong>praeteriisse,</strong></span> <span class='ocrx_word' id='word_1_175' title='bbox 3264 1129 3350 1182; x_wconf 80' lang='lat' dir='ltr'><strong>vel</strong></span> 
     </span>
    </p>
   </div>
   <div class='ocr_carea' id='block_1_27' title="bbox 1780 1219 3351 1291">
    <p class='ocr_par' dir='ltr' id='par_1_27' title="bbox 1780 1219 3351 1291">
     <span class='ocr_line' id='line_1_27' title="bbox 1780 1219 3351 1291; baseline 0.002 -18"><span class='ocrx_word' id='word_1_176' title='bbox 1780 1234 1887 1273; x_wconf 89' lang='lat' dir='ltr'><strong>non</strong></span> <span class='ocrx_word' id='word_1_177' title='bbox 1951 1219 2147 1287; x_wconf 70' lang='lat' dir='ltr'><strong>saepius</strong></span> <span class='ocrx_word' id='word_1_178' title='bbox 2196 1233 2551 1289; x_wconf 84' lang='lat' dir='ltr'><strong>exaggerasse</strong></span> <span class='ocrx_word' id='word_1_179' title='bbox 2601 1222 2882 1289; x_wconf 67' lang='lat' dir='ltr'><strong>quaesitum</strong></span> <span class='ocrx_word' id='word_1_180' title='bbox 2936 1222 3253 1291; x_wconf 82' lang='lat' dir='ltr'><strong>supplicium</strong></span> <span class='ocrx_word' id='word_1_181' title='bbox 3310 1235 3351 1276; x_wconf 24' lang='lat' dir='ltr'><strong>ei</strong></span> 
     </span>
    </p>
   </div>
   <div class='ocr_carea' id='block_1_28' title="bbox 1776 1309 3353 1380">
    <p class='ocr_par' dir='ltr' id='par_1_28' title="bbox 1776 1309 3353 1380">
     <span class='ocr_line' id='line_1_28' title="bbox 1776 1309 3353 1380; baseline 0 -15"><span class='ocrx_word' id='word_1_182' title='bbox 1776 1309 2105 1380; x_wconf 82' lang='lat' dir='ltr'><strong>spectaculo,</strong></span> <span class='ocrx_word' id='word_1_183' title='bbox 2131 1310 2272 1378; x_wconf 90' lang='lat' dir='ltr'><strong>quod</strong></span> <span class='ocrx_word' id='word_1_184' title='bbox 2300 1311 2352 1363; x_wconf 88' lang='lat' dir='ltr'><strong>in</strong></span> <span class='ocrx_word' id='word_1_185' title='bbox 2383 1319 2628 1380; x_wconf 90' lang='lat' dir='ltr'><strong>promptu</strong></span> <span class='ocrx_word' id='word_1_186' title='bbox 2660 1311 2891 1379; x_wconf 91' lang='lat' dir='ltr'><strong>positum</strong></span> <span class='ocrx_word' id='word_1_187' title='bbox 2935 1322 3073 1376; x_wconf 88' lang='lat' dir='ltr'><strong>erat,</strong></span> <span class='ocrx_word' id='word_1_188' title='bbox 3101 1312 3143 1365; x_wconf 90' lang='lat' dir='ltr'><strong>si</strong></span> <span class='ocrx_word' id='word_1_189' title='bbox 3171 1322 3353 1373; x_wconf 86' lang='lat' dir='ltr'><strong>tamen</strong></span> 
     </span>
    </p>
   </div>
   <div class='ocr_carea' id='block_1_29' title="bbox 1775 1400 3354 1472">
    <p class='ocr_par' dir='ltr' id='par_1_29' title="bbox 1775 1400 3354 1472">
     <span class='ocr_line' id='line_1_29' title="bbox 1775 1400 3354 1472; baseline -0.001 -15"><span class='ocrx_word' id='word_1_190' title='bbox 1775 1417 2012 1471; x_wconf 84' lang='lat' dir='ltr'><strong>unquam</strong></span> <span class='ocrx_word' id='word_1_191' title='bbox 2043 1401 2278 1472; x_wconf 87' lang='lat' dir='ltr'><strong>positum</strong></span> <span class='ocrx_word' id='word_1_192' title='bbox 2307 1400 2437 1467; x_wconf 90' lang='lat' dir='ltr'><strong>fuit,</strong></span> <span class='ocrx_word' id='word_1_193' title='bbox 2475 1402 2526 1456; x_wconf 89' lang='lat' dir='ltr'><strong>id</strong></span> <span class='ocrx_word' id='word_1_194' title='bbox 2578 1417 2707 1456; x_wconf 85' lang='lat' dir='ltr'><strong>vero</strong></span> <span class='ocrx_word' id='word_1_195' title='bbox 2732 1401 2936 1470; x_wconf 88' lang='lat' dir='ltr'><strong>justam</strong></span> <span class='ocrx_word' id='word_1_196' title='bbox 2978 1404 3030 1458; x_wconf 88' lang='lat' dir='ltr'><strong>in</strong></span> <span class='ocrx_word' id='word_1_197' title='bbox 3072 1402 3354 1470; x_wconf 73' lang='lat' dir='ltr'><strong>Brunone,</strong></span> 
     </span>
    </p>
   </div>
   <div class='ocr_carea' id='block_1_30' title="bbox 1775 1493 3357 1564">
    <p class='ocr_par' dir='ltr' id='par_1_30' title="bbox 1775 1493 3357 1564">
     <span class='ocr_line' id='line_1_30' title="bbox 1775 1493 3357 1564; baseline 0 -15"><span class='ocrx_word' id='word_1_198' title='bbox 1775 1502 1836 1549; x_wconf 90' lang='lat' dir='ltr'><strong>ut</strong></span> <span class='ocrx_word' id='word_1_199' title='bbox 1863 1495 2077 1563; x_wconf 87' lang='lat' dir='ltr'><strong>opinor,</strong></span> <span class='ocrx_word' id='word_1_200' title='bbox 2106 1493 2519 1548; x_wconf 86' lang='lat' dir='ltr'><strong>admirationem</strong></span> <span class='ocrx_word' id='word_1_201' title='bbox 2550 1493 2791 1549; x_wconf 85' lang='lat' dir='ltr'><strong>haberet.</strong></span> <span class='ocrx_word' id='word_1_202' title='bbox 2836 1493 2969 1548; x_wconf 88' lang='lat' dir='ltr'><strong>Cum</strong></span> <span class='ocrx_word' id='word_1_203' title='bbox 2998 1495 3163 1564; x_wconf 83' lang='lat' dir='ltr'><strong>igitur</strong></span> <span class='ocrx_word' id='word_1_204' title='bbox 3210 1496 3357 1556; x_wconf 80' lang='lat' dir='ltr'><strong>inter-</strong></span> 
     </span>
    </p>
   </div>
   <div class='ocr_carea' id='block_1_31' title="bbox 1775 1576 3371 1657">
    <p class='ocr_par' dir='ltr' id='par_1_31' title="bbox 1775 1576 3371 1657">
     <span class='ocr_line' id='line_1_31' title="bbox 1775 1576 3371 1657; baseline -0.001 -16"><span class='ocrx_word' id='word_1_205' title='bbox 1775 1597 2048 1642; x_wconf 88' lang='lat' dir='ltr'><strong>momeuta</strong></span> <span class='ocrx_word' id='word_1_206' title='bbox 2077 1586 2368 1651; x_wconf 88' lang='lat' dir='ltr'><strong>rationum,</strong></span> <span class='ocrx_word' id='word_1_207' title='bbox 2399 1586 2592 1656; x_wconf 88' lang='lat' dir='ltr'><strong>quibus</strong></span> <span class='ocrx_word' id='word_1_208' title='bbox 2622 1584 2803 1641; x_wconf 89' lang='lat' dir='ltr'><strong>Bruno</strong></span> <span class='ocrx_word' id='word_1_209' title='bbox 2830 1586 3173 1657; x_wconf 78' lang='lat' dir='ltr'><strong>Radulphum</strong></span> <span class='ocrx_word' id='word_1_210' title='bbox 3218 1576 3371 1657; x_wconf 24' lang='lat' dir='ltr'><strong>per-.J</strong></span> 
     </span>
    </p>
   </div>
   <div class='ocr_carea' id='block_1_32' title="bbox 1776 1678 3345 1747">
    <p class='ocr_par' dir='ltr' id='par_1_32' title="bbox 1776 1678 3345 1747">
     <span class='ocr_line' id='line_1_32' title="bbox 1776 1678 3345 1747; baseline -0.003 -13"><span class='ocrx_word' id='word_1_211' title='bbox 1776 1687 1955 1735; x_wconf 77' lang='lat' dir='ltr'><strong>movet</strong></span> <span class='ocrx_word' id='word_1_212' title='bbox 1996 1680 2064 1735; x_wconf 86' lang='lat' dir='ltr'><strong>ad</strong></span> <span class='ocrx_word' id='word_1_213' title='bbox 2110 1678 2438 1734; x_wconf 90' lang='lat' dir='ltr'><strong>reddendum</strong></span> <span class='ocrx_word' id='word_1_214' title='bbox 2480 1686 2681 1743; x_wconf 81' lang='lat' dir='ltr'><strong>votum,</strong></span> <span class='ocrx_word' id='word_1_215' title='bbox 2713 1678 2897 1732; x_wconf 86' lang='lat' dir='ltr'><strong>omisit</strong></span> <span class='ocrx_word' id='word_1_216' title='bbox 2935 1679 3193 1733; x_wconf 87' lang='lat' dir='ltr'><strong>horribile</strong></span> <span class='ocrx_word' id='word_1_217' title='bbox 3223 1694 3345 1747; x_wconf 59' lang='lat' dir='ltr'><strong>spe-</strong></span> 
     </span>
    </p>
   </div>
   <div class='ocr_carea' id='block_1_33' title="bbox 148 1741 3348 1841">
    <p class='ocr_par' dir='ltr' id='par_1_33' title="bbox 148 1741 3348 1841">
     <span class='ocr_line' id='line_1_33' title="bbox 148 1741 3348 1841; baseline -0.002 -17"><span class='ocrx_word' id='word_1_218' title='bbox 148 1774 257 1841; x_wconf 79' lang='lat' dir='ltr'><strong>gium</strong></span> <span class='ocrx_word' id='word_1_219' title='bbox 290 1772 409 1827; x_wconf 92' lang='lat' dir='ltr'><strong>illud</strong></span> <span class='ocrx_word' id='word_1_220' title='bbox 449 1762 728 1833; x_wconf 86' lang='lat' dir='ltr'><strong>siluerint.</strong></span> <span class='ocrx_word' id='word_1_221' title='bbox 777 1774 973 1828; x_wconf 91' lang='lat' dir='ltr'><strong>mirum</strong></span> <span class='ocrx_word' id='word_1_222' title='bbox 1013 1772 1243 1839; x_wconf 91' lang='lat' dir='ltr'><strong>accidit,</strong></span> <span class='ocrx_word' id='word_1_223' title='bbox 1278 1741 1501 1841; x_wconf 75' lang='lat' dir='ltr'><strong>vimque</strong></span> <span class='ocrx_word' id='word_1_224' title='bbox 1540 1787 1669 1841; x_wconf 81' lang='lat' dir='ltr'><strong>pro-</strong></span> <span class='ocrx_word' id='word_1_225' title='bbox 1703 1741 1746 1799; x_wconf 76' lang='grc' dir='ltr'>Β</span> <span class='ocrx_word' id='word_1_226' title='bbox 1772 1770 2191 1838; x_wconf 89' lang='lat' dir='ltr'><strong>ctaculum,quo</strong></span> <span class='ocrx_word' id='word_1_227' title='bbox 2220 1768 2453 1838; x_wconf 86' lang='lat' dir='ltr'><strong>scriptor</strong></span> <span class='ocrx_word' id='word_1_228' title='bbox 2476 1767 2833 1822; x_wconf 86' lang='lat' dir='ltr'><strong>didascalicus</strong></span> <span class='ocrx_word' id='word_1_229' title='bbox 2854 1767 3174 1834; x_wconf 70' lang='lat' dir='ltr'><strong>(Sansseeius</strong></span> <span class='ocrx_word' id='word_1_230' title='bbox 3198 1782 3348 1825; x_wconf 81' lang='lat' dir='ltr'><strong>nem-</strong></span> 
     </span>
    </p>
   </div>
   <div class='ocr_carea' id='block_1_34' title="bbox 147 1848 1669 1932">
    <p class='ocr_par' dir='ltr' id='par_1_34' title="bbox 147 1848 1669 1932">
     <span class='ocr_line' id='line_1_34' title="bbox 147 1848 1669 1932; baseline -0.002 -11"><span class='ocrx_word' id='word_1_231' title='bbox 147 1862 240 1921; x_wconf 84' lang='lat' dir='ltr'><strong>inde</strong></span> <span class='ocrx_word' id='word_1_232' title='bbox 275 1874 361 1919; x_wconf 91' lang='lat' dir='ltr'><strong>ant</strong></span> <span class='ocrx_word' id='word_1_233' title='bbox 400 1865 631 1928; x_wconf 85' lang='lat' dir='ltr'><strong>nullam,</strong></span> <span class='ocrx_word' id='word_1_234' title='bbox 663 1873 755 1918; x_wconf 91' lang='lat' dir='ltr'><strong>aut</strong></span> <span class='ocrx_word' id='word_1_235' title='bbox 791 1880 924 1920; x_wconf 88' lang='lat' dir='ltr'><strong>sane</strong></span> <span class='ocrx_word' id='word_1_236' title='bbox 959 1865 1248 1919; x_wconf 91' lang='lat' dir='ltr'><strong>admodum</strong></span> <span class='ocrx_word' id='word_1_237' title='bbox 1279 1864 1529 1932; x_wconf 76' lang='lat' dir='ltr'><strong>exiguam</strong></span> <span class='ocrx_word' id='word_1_238' title='bbox 1554 1848 1669 1919; x_wconf 85' lang='lat' dir='ltr'><strong>for-</strong></span> 
     </span>
    </p>
   </div>
   <div class='ocr_carea' id='block_1_35' title="bbox 146 1957 1667 2027">
    <p class='ocr_par' dir='ltr' id='par_1_35' title="bbox 146 1957 1667 2027">
     <span class='ocr_line' id='line_1_35' title="bbox 146 1957 1667 2027; baseline 0 -18"><span class='ocrx_word' id='word_1_239' title='bbox 146 1966 305 2011; x_wconf 83' lang='lat' dir='ltr'><strong>matum</strong></span> <span class='ocrx_word' id='word_1_240' title='bbox 329 1971 395 2011; x_wconf 78' lang='lat' dir='ltr'><strong>ex</strong></span> <span class='ocrx_word' id='word_1_241' title='bbox 437 1972 636 2012; x_wconf 87' lang='lat' dir='ltr'><strong>eorum</strong></span> <span class='ocrx_word' id='word_1_242' title='bbox 682 1957 901 2011; x_wconf 86' lang='lat' dir='ltr'><strong>silentio</strong></span> <span class='ocrx_word' id='word_1_243' title='bbox 936 1957 1243 2027; x_wconf 77' lang='lat' dir='ltr'><strong>negativum</strong></span> <span class='ocrx_word' id='word_1_244' title='bbox 1287 1965 1667 2025; x_wconf 86' lang='lat' dir='ltr'><strong>argumentum</strong></span> 
     </span>
    </p>
   </div>
   <div class='ocr_carea' id='block_1_36' title="bbox 146 2047 1667 2117">
    <p class='ocr_par' dir='ltr' id='par_1_36' title="bbox 146 2047 1667 2117">
     <span class='ocr_line' id='line_1_36' title="bbox 146 2047 1667 2117; baseline 0.001 -14"><span class='ocrx_word' id='word_1_245' title='bbox 146 2050 326 2103; x_wconf 88' lang='lat' dir='ltr'><strong>obtinet.</strong></span> <span class='ocrx_word' id='word_1_246' title='bbox 356 2049 544 2117; x_wconf 83' lang='lat' dir='ltr'><strong>Quare</strong></span> <span class='ocrx_word' id='word_1_247' title='bbox 595 2048 914 2103; x_wconf 85' lang='lat' dir='ltr'><strong>nominatim</strong></span> <span class='ocrx_word' id='word_1_248' title='bbox 957 2058 1236 2106; x_wconf 87' lang='lat' dir='ltr'><strong>auctorum</strong></span> <span class='ocrx_word' id='word_1_249' title='bbox 1282 2047 1515 2112; x_wconf 92' lang='lat' dir='ltr'><strong>illorum,</strong></span> <span class='ocrx_word' id='word_1_250' title='bbox 1562 2064 1667 2104; x_wconf 92' lang='lat' dir='ltr'><strong>non</strong></span> 
     </span>
    </p>
   </div>
   <div class='ocr_carea' id='block_1_37' title="bbox 146 2140 1669 2209">
    <p class='ocr_par' dir='ltr' id='par_1_37' title="bbox 146 2140 1669 2209">
     <span class='ocr_line' id='line_1_37' title="bbox 146 2140 1669 2209; baseline -0.001 -14"><span class='ocrx_word' id='word_1_251' title='bbox 146 2143 362 2203; x_wconf 87' lang='lat' dir='ltr'><strong>omnium,</strong></span> <span class='ocrx_word' id='word_1_252' title='bbox 405 2141 500 2195; x_wconf 90' lang='lat' dir='ltr'><strong>sed</strong></span> <span class='ocrx_word' id='word_1_253' title='bbox 562 2140 956 2209; x_wconf 82' lang='lat' dir='ltr'><strong>praecipuorum</strong></span> <span class='ocrx_word' id='word_1_254' title='bbox 1009 2141 1274 2195; x_wconf 75' lang='lat' dir='ltr'><strong>duntaxat</strong></span> <span class='ocrx_word' id='word_1_255' title='bbox 1324 2154 1388 2193; x_wconf 91' lang='lat' dir='ltr'><strong>ac</strong></span> <span class='ocrx_word' id='word_1_256' title='bbox 1434 2140 1669 2194; x_wconf 78' lang='lat' dir='ltr'><strong>maxime</strong></span> 
     </span>
    </p>
   </div>
   <div class='ocr_carea' id='block_1_38' title="bbox 144 2230 1667 2301">
    <p class='ocr_par' dir='ltr' id='par_1_38' title="bbox 144 2230 1667 2301">
     <span class='ocr_line' id='line_1_38' title="bbox 144 2230 1667 2301; baseline -0.001 -15"><span class='ocrx_word' id='word_1_257' title='bbox 144 2247 307 2295; x_wconf 84' lang='lat' dir='ltr'><strong>eorum,</strong></span> <span class='ocrx_word' id='word_1_258' title='bbox 334 2232 421 2301; x_wconf 91' lang='lat' dir='ltr'><strong>qui</strong></span> <span class='ocrx_word' id='word_1_259' title='bbox 468 2230 807 2300; x_wconf 81' lang='lat' dir='ltr'><strong>prodigium,</strong></span> <span class='ocrx_word' id='word_1_260' title='bbox 835 2231 879 2285; x_wconf 92' lang='lat' dir='ltr'><strong>si</strong></span> <span class='ocrx_word' id='word_1_261' title='bbox 921 2230 1144 2295; x_wconf 84' lang='lat' dir='ltr'><strong>fuisset,</strong></span> <span class='ocrx_word' id='word_1_262' title='bbox 1187 2232 1667 2291; x_wconf 85' lang='lat' dir='ltr'><strong>commemoraturi</strong></span> 
     </span>
    </p>
   </div>
   <div class='ocr_carea' id='block_1_39' title="bbox 143 2320 1668 2394">
    <p class='ocr_par' dir='ltr' id='par_1_39' title="bbox 143 2320 1668 2394">
     <span class='ocr_line' id='line_1_39' title="bbox 143 2320 1668 2394; baseline 0 -19"><span class='ocrx_word' id='word_1_263' title='bbox 143 2323 473 2381; x_wconf 77' lang='lat' dir='ltr'><strong>verosimiliter</strong></span> <span class='ocrx_word' id='word_1_264' title='bbox 498 2321 755 2385; x_wconf 80' lang='lat' dir='ltr'><strong>fuissent,</strong></span> <span class='ocrx_word' id='word_1_265' title='bbox 783 2335 1027 2394; x_wconf 88' lang='lat' dir='ltr'><strong>quosque</strong></span> <span class='ocrx_word' id='word_1_266' title='bbox 1071 2320 1299 2389; x_wconf 85' lang='lat' dir='ltr'><strong>proinde</strong></span> <span class='ocrx_word' id='word_1_267' title='bbox 1346 2320 1399 2374; x_wconf 88' lang='lat' dir='ltr'><strong>id</strong></span> <span class='ocrx_word' id='word_1_268' title='bbox 1438 2336 1544 2375; x_wconf 92' lang='lat' dir='ltr'><strong>non</strong></span> <span class='ocrx_word' id='word_1_269' title='bbox 1587 2320 1668 2376; x_wconf 86' lang='lat' dir='ltr'><strong>fe-</strong></span> 
     </span>
    </p>
   </div>
   <div class='ocr_carea' id='block_1_40' title="bbox 142 2411 1666 2480">
    <p class='ocr_par' dir='ltr' id='par_1_40' title="bbox 142 2411 1666 2480">
     <span class='ocr_line' id='line_1_40' title="bbox 142 2411 1666 2480; baseline 0.003 -17"><span class='ocrx_word' id='word_1_270' title='bbox 142 2411 263 2475; x_wconf 84' lang='lat' dir='ltr'><strong>cisse,</strong></span> <span class='ocrx_word' id='word_1_271' title='bbox 290 2412 477 2466; x_wconf 90' lang='lat' dir='ltr'><strong>mirum</strong></span> <span class='ocrx_word' id='word_1_272' title='bbox 503 2419 689 2480; x_wconf 86' lang='lat' dir='ltr'><strong>potest</strong></span> <span class='ocrx_word' id='word_1_273' title='bbox 716 2427 821 2465; x_wconf 91' lang='lat' dir='ltr'><strong>non</strong></span> <span class='ocrx_word' id='word_1_274' title='bbox 861 2411 1133 2467; x_wconf 87' lang='lat' dir='ltr'><strong>immerito</strong></span> <span class='ocrx_word' id='word_1_275' title='bbox 1162 2411 1355 2475; x_wconf 87' lang='lat' dir='ltr'><strong>videri,</strong></span> <span class='ocrx_word' id='word_1_276' title='bbox 1387 2412 1666 2468; x_wconf 89' lang='lat' dir='ltr'><strong>silentium</strong></span> 
     </span>
    </p>
   </div>
   <div class='ocr_carea' id='block_1_41' title="bbox 144 2502 1665 2573">
    <p class='ocr_par' dir='ltr' id='par_1_41' title="bbox 144 2502 1665 2573">
     <span class='ocr_line' id='line_1_41' title="bbox 144 2502 1665 2573; baseline 0.004 -21"><span class='ocrx_word' id='word_1_277' title='bbox 144 2502 253 2557; x_wconf 85' lang='lat' dir='ltr'><strong>lubet</strong></span> <span class='ocrx_word' id='word_1_278' title='bbox 276 2503 570 2573; x_wconf 81' lang='lat' dir='ltr'><strong>discutere,</strong></span> <span class='ocrx_word' id='word_1_279' title='bbox 615 2518 680 2559; x_wconf 88' lang='lat' dir='ltr'><strong>ac</strong></span> <span class='ocrx_word' id='word_1_280' title='bbox 709 2503 837 2571; x_wconf 69' lang='lat' dir='ltr'><strong>quid</strong></span> <span class='ocrx_word' id='word_1_281' title='bbox 865 2518 1090 2573; x_wconf 63' lang='lat' dir='ltr'><strong>quaeque</strong></span> <span class='ocrx_word' id='word_1_282' title='bbox 1118 2518 1183 2558; x_wconf 83' lang='lat' dir='ltr'><strong>ex</strong></span> <span class='ocrx_word' id='word_1_283' title='bbox 1220 2504 1323 2558; x_wconf 91' lang='lat' dir='ltr'><strong>hoc</strong></span> <span class='ocrx_word' id='word_1_284' title='bbox 1368 2504 1599 2558; x_wconf 89' lang='lat' dir='ltr'><strong>adducta</strong></span> <span class='ocrx_word' id='word_1_285' title='bbox 1635 2520 1665 2558; x_wconf 90' lang='lat' dir='ltr'><strong>a</strong></span> 
     </span>
    </p>
   </div>
   <div class='ocr_carea' id='block_1_42' title="bbox 142 2590 1661 2668">
    <p class='ocr_par' dir='ltr' id='par_1_42' title="bbox 142 2590 1661 2668">
     <span class='ocr_line' id='line_1_42' title="bbox 142 2590 1661 2668; baseline 0.006 -25"><span class='ocrx_word' id='word_1_286' title='bbox 142 2590 330 2647; x_wconf 77' lang='lat' dir='ltr'><strong>Laumio</strong></span> <span class='ocrx_word' id='word_1_287' title='bbox 370 2602 702 2668; x_wconf 76' lang='lat' dir='ltr'><strong>argumenta</strong></span> <span class='ocrx_word' id='word_1_288' title='bbox 742 2594 994 2664; x_wconf 87' lang='lat' dir='ltr'><strong>negativa</strong></span> <span class='ocrx_word' id='word_1_289' title='bbox 1041 2594 1289 2659; x_wconf 79' lang='lat' dir='ltr'><strong>valeant,</strong></span> <span class='ocrx_word' id='word_1_290' title='bbox 1339 2596 1661 2665; x_wconf 85' lang='lat' dir='ltr'><strong>ponderare.</strong></span> 
     </span>
    </p>
   </div>
   <div class='ocr_carea' id='block_1_43' title="bbox 142 2680 1662 2754">
    <p class='ocr_par' dir='ltr' id='par_1_43' title="bbox 142 2680 1662 2754">
     <span class='ocr_line' id='line_1_43' title="bbox 142 2680 1662 2754; baseline 0.006 -20"><span class='ocrx_word' id='word_1_291' title='bbox 142 2680 308 2737; x_wconf 89' lang='lat' dir='ltr'><strong>Initium</strong></span> <span class='ocrx_word' id='word_1_292' title='bbox 336 2683 475 2741; x_wconf 89' lang='lat' dir='ltr'><strong>duco</strong></span> <span class='ocrx_word' id='word_1_293' title='bbox 530 2700 558 2736; x_wconf 89' lang='lat' dir='ltr'><strong>a</strong></span> <span class='ocrx_word' id='word_1_294' title='bbox 586 2683 805 2739; x_wconf 91' lang='lat' dir='ltr'><strong>silentio</strong></span> <span class='ocrx_word' id='word_1_295' title='bbox 836 2685 1119 2754; x_wconf 84' lang='lat' dir='ltr'><strong>ipsiusmet</strong></span> <span class='ocrx_word' id='word_1_296' title='bbox 1152 2686 1208 2741; x_wconf 93' lang='lat' dir='ltr'><strong>S.</strong></span> <span class='ocrx_word' id='word_1_297' title='bbox 1250 2686 1540 2752; x_wconf 89' lang='lat' dir='ltr'><strong>Brunonis,</strong></span> <span class='ocrx_word' id='word_1_298' title='bbox 1578 2690 1662 2744; x_wconf 92' lang='lat' dir='ltr'><strong>cui</strong></span> 
     </span>
    </p>
   </div>
   <div class='ocr_carea' id='block_1_44' title="bbox 144 2769 1660 2848">
    <p class='ocr_par' dir='ltr' id='par_1_44' title="bbox 144 2769 1660 2848">
     <span class='ocr_line' id='line_1_44' title="bbox 144 2769 1660 2848; baseline 0.003 -21"><span class='ocrx_word' id='word_1_299' title='bbox 144 2769 397 2840; x_wconf 63' lang='lat' dir='ltr'><strong>ipracsenti</strong></span> <span class='ocrx_word' id='word_1_300' title='bbox 431 2774 574 2828; x_wconf 89' lang='lat' dir='ltr'><strong>duos</strong></span> <span class='ocrx_word' id='word_1_301' title='bbox 623 2775 799 2828; x_wconf 90' lang='lat' dir='ltr'><strong>adhuc</strong></span> <span class='ocrx_word' id='word_1_302' title='bbox 844 2774 999 2840; x_wconf 91' lang='lat' dir='ltr'><strong>alios,</strong></span> <span class='ocrx_word' id='word_1_303' title='bbox 1044 2777 1297 2832; x_wconf 85' lang='lat' dir='ltr'><strong>videlicet</strong></span> <span class='ocrx_word' id='word_1_304' title='bbox 1335 2777 1660 2848; x_wconf 89' lang='lat' dir='ltr'><strong>Guigonem,</strong></span> 
     </span>
    </p>
   </div>
   <div class='ocr_carea' id='block_1_45' title="bbox 142 2864 1666 2934">
    <p class='ocr_par' dir='ltr' id='par_1_45' title="bbox 142 2864 1666 2934">
     <span class='ocr_line' id='line_1_45' title="bbox 142 2864 1666 2934; baseline 0.008 -20"><span class='ocrx_word' id='word_1_305' title='bbox 142 2864 332 2929; x_wconf 84' lang='lat' dir='ltr'><strong>quintum</strong></span> <span class='ocrx_word' id='word_1_306' title='bbox 364 2866 674 2921; x_wconf 65' lang='lat' dir='ltr'><strong>Carthusiai</strong></span> <span class='ocrx_word' id='word_1_307' title='bbox 719 2866 974 2934; x_wconf 76' lang='lat' dir='ltr'><strong>priorem,</strong></span> <span class='ocrx_word' id='word_1_308' title='bbox 1005 2876 1061 2922; x_wconf 90' lang='lat' dir='ltr'><strong>et</strong></span> <span class='ocrx_word' id='word_1_309' title='bbox 1097 2869 1413 2925; x_wconf 85' lang='lat' dir='ltr'><strong>Guibertum</strong></span> <span class='ocrx_word' id='word_1_310' title='bbox 1454 2872 1520 2925; x_wconf 91' lang='lat' dir='ltr'><strong>de</strong></span> <span class='ocrx_word' id='word_1_311' title='bbox 1566 2870 1666 2926; x_wconf 83' lang='lat' dir='ltr'><strong>No-</strong></span> 
     </span>
    </p>
   </div>
   <div class='ocr_carea' id='block_1_46' title="bbox 141 2954 1665 3032">
    <p class='ocr_par' dir='ltr' id='par_1_46' title="bbox 141 2954 1665 3032">
     <span class='ocr_line' id='line_1_46' title="bbox 141 2954 1665 3032; baseline 0.007 -25"><span class='ocrx_word' id='word_1_312' title='bbox 141 2954 323 3022; x_wconf 78' lang='lat' dir='ltr'><strong>vigento,</strong></span> <span class='ocrx_word' id='word_1_313' title='bbox 346 2957 657 3029; x_wconf 73' lang='lat' dir='ltr'><strong>prodigium</strong></span> <span class='ocrx_word' id='word_1_314' title='bbox 678 2959 882 3026; x_wconf 88' lang='lat' dir='ltr'><strong>pariter</strong></span> <span class='ocrx_word' id='word_1_315' title='bbox 902 2960 1146 3025; x_wconf 89' lang='lat' dir='ltr'><strong>silentes,</strong></span> <span class='ocrx_word' id='word_1_316' title='bbox 1180 2960 1490 3032; x_wconf 84' lang='lat' dir='ltr'><strong>adjungain.</strong></span> <span class='ocrx_word' id='word_1_317' title='bbox 1533 2963 1665 3017; x_wconf 86' lang='lat' dir='ltr'><strong>San-</strong></span> 
     </span>
    </p>
   </div>
   <div class='ocr_carea' id='block_1_47' title="bbox 142 3044 1733 3141">
    <p class='ocr_par' dir='ltr' id='par_1_47' title="bbox 142 3044 1733 3141">
     <span class='ocr_line' id='line_1_47' title="bbox 142 3044 1733 3141; baseline 0.009 -46"><span class='ocrx_word' id='word_1_318' title='bbox 142 3052 230 3141; x_wconf 71' lang='lat' dir='ltr'><strong>ctus</strong></span> <span class='ocrx_word' id='word_1_319' title='bbox 264 3044 436 3141; x_wconf 78' lang='lat' dir='ltr'><strong>itaque</strong></span> <span class='ocrx_word' id='word_1_320' title='bbox 473 3048 532 3141; x_wconf 77' lang='lat' dir='ltr'><strong>in</strong></span> <span class='ocrx_word' id='word_1_321' title='bbox 578 3048 840 3117; x_wconf 89' lang='lat' dir='ltr'><strong>epistola,</strong></span> <span class='ocrx_word' id='word_1_322' title='bbox 874 3065 1036 3141; x_wconf 83' lang='lat' dir='ltr'><strong>supra</strong></span> <span class='ocrx_word' id='word_1_323' title='bbox 1073 3051 1183 3118; x_wconf 90' lang='lat' dir='ltr'><strong>jam</strong></span> <span class='ocrx_word' id='word_1_324' title='bbox 1210 3052 1414 3122; x_wconf 88' lang='lat' dir='ltr'><strong>pluries</strong></span> <span class='ocrx_word' id='word_1_325' title='bbox 1442 3053 1659 3110; x_wconf 88' lang='lat' dir='ltr'><strong>laudata</strong></span> <span class='ocrx_word' id='word_1_326' title='bbox 1689 3080 1733 3141; x_wconf 72' lang='grc' dir='ltr'>ο</span> 
     </span>
    </p>
   </div>
   <div class='ocr_carea' id='block_1_48' title="bbox 142 3130 1662 3211">
    <p class='ocr_par' dir='ltr' id='par_1_48' title="bbox 142 3130 1662 3211">
     <span class='ocr_line' id='line_1_48' title="bbox 142 3130 1662 3211; baseline 0.011 -29"><span class='ocrx_word' id='word_1_327' title='bbox 142 3130 340 3204; x_wconf 87' lang='lat' dir='ltr'><strong>infraque</strong></span> <span class='ocrx_word' id='word_1_328' title='bbox 384 3137 471 3191; x_wconf 90' lang='lat' dir='ltr'><strong>hic</strong></span> <span class='ocrx_word' id='word_1_329' title='bbox 520 3137 734 3208; x_wconf 84' lang='lat' dir='ltr'><strong>integra</strong></span> <span class='ocrx_word' id='word_1_330' title='bbox 780 3139 1081 3206; x_wconf 83' lang='lat' dir='ltr'><strong>recitanda,</strong></span> <span class='ocrx_word' id='word_1_331' title='bbox 1131 3156 1294 3211; x_wconf 88' lang='lat' dir='ltr'><strong>quam</strong></span> <span class='ocrx_word' id='word_1_332' title='bbox 1338 3144 1406 3200; x_wconf 91' lang='lat' dir='ltr'><strong>ad</strong></span> <span class='ocrx_word' id='word_1_333' title='bbox 1465 3145 1662 3201; x_wconf 80' lang='lat' dir='ltr'><strong>Radul-</strong></span> 
     </span>
    </p>
   </div>
   <div class='ocr_carea' id='block_1_49' title="bbox 142 3221 1661 3296">
    <p class='ocr_par' dir='ltr' id='par_1_49' title="bbox 142 3221 1661 3296">
     <span class='ocr_line' id='line_1_49' title="bbox 142 3221 1661 3296; baseline 0.011 -21"><span class='ocrx_word' id='word_1_334' title='bbox 142 3221 265 3289; x_wconf 77' lang='lat' dir='ltr'><strong>phum</strong></span> <span class='ocrx_word' id='word_1_335' title='bbox 293 3226 548 3292; x_wconf 71' lang='lat' dir='ltr'><strong>Viridem,</strong></span> <span class='ocrx_word' id='word_1_336' title='bbox 597 3242 707 3296; x_wconf 89' lang='lat' dir='ltr'><strong>quo</strong></span> <span class='ocrx_word' id='word_1_337' title='bbox 760 3228 906 3284; x_wconf 90' lang='lat' dir='ltr'><strong>hunc</strong></span> <span class='ocrx_word' id='word_1_338' title='bbox 938 3231 1004 3285; x_wconf 90' lang='lat' dir='ltr'><strong>ad</strong></span> <span class='ocrx_word' id='word_1_339' title='bbox 1047 3232 1305 3287; x_wconf 92' lang='lat' dir='ltr'><strong>emissum</strong></span> <span class='ocrx_word' id='word_1_340' title='bbox 1356 3236 1661 3292; x_wconf 87' lang='lat' dir='ltr'><strong>monachici</strong></span> 
     </span>
    </p>
   </div>
   <div class='ocr_carea' id='block_1_50' title="bbox 143 3311 1658 3395">
    <p class='ocr_par' dir='ltr' id='par_1_50' title="bbox 143 3311 1658 3395">
     <span class='ocr_line' id='line_1_50' title="bbox 143 3311 1658 3395; baseline 0.011 -28"><span class='ocrx_word' id='word_1_341' title='bbox 143 3311 310 3377; x_wconf 75' lang='lat' dir='ltr'><strong>habitus</strong></span> <span class='ocrx_word' id='word_1_342' title='bbox 355 3320 693 3387; x_wconf 88' lang='lat' dir='ltr'><strong>suscipiendi</strong></span> <span class='ocrx_word' id='word_1_343' title='bbox 744 3328 929 3376; x_wconf 87' lang='lat' dir='ltr'><strong>votum</strong></span> <span class='ocrx_word' id='word_1_344' title='bbox 977 3323 1310 3394; x_wconf 91' lang='lat' dir='ltr'><strong>implendum</strong></span> <span class='ocrx_word' id='word_1_345' title='bbox 1356 3328 1658 3395; x_wconf 83' lang='lat' dir='ltr'><strong>excitaret,</strong></span> 
     </span>
    </p>
   </div>
   <div class='ocr_carea' id='block_1_51' title="bbox 143 3406 1660 3480">
    <p class='ocr_par' dir='ltr' id='par_1_51' title="bbox 143 3406 1660 3480">
     <span class='ocr_line' id='line_1_51' title="bbox 143 3406 1660 3480; baseline 0.012 -25"><span class='ocrx_word' id='word_1_346' title='bbox 143 3406 440 3477; x_wconf 81' lang='lat' dir='ltr'><strong>conscripsit,</strong></span> <span class='ocrx_word' id='word_1_347' title='bbox 498 3409 709 3464; x_wconf 88' lang='lat' dir='ltr'><strong>nullam</strong></span> <span class='ocrx_word' id='word_1_348' title='bbox 768 3411 925 3480; x_wconf 88' lang='lat' dir='ltr'><strong>plane</strong></span> <span class='ocrx_word' id='word_1_349' title='bbox 977 3413 1045 3469; x_wconf 92' lang='lat' dir='ltr'><strong>de</strong></span> <span class='ocrx_word' id='word_1_350' title='bbox 1098 3414 1372 3470; x_wconf 85' lang='lat' dir='ltr'><strong>horrendo</strong></span> <span class='ocrx_word' id='word_1_351' title='bbox 1426 3417 1660 3473; x_wconf 85' lang='lat' dir='ltr'><strong>doctoris</strong></span> 
     </span>
    </p>
   </div>
   <div class='ocr_carea' id='block_1_52' title="bbox 143 3492 1662 3578">
    <p class='ocr_par' dir='ltr' id='par_1_52' title="bbox 143 3492 1662 3578">
     <span class='ocr_line' id='line_1_52' title="bbox 143 3492 1662 3578; baseline 0.011 -32"><span class='ocrx_word' id='word_1_352' title='bbox 143 3492 328 3553; x_wconf 80' lang='lat' dir='ltr'><strong>damnati</strong></span> <span class='ocrx_word' id='word_1_353' title='bbox 365 3501 705 3569; x_wconf 86' lang='lat' dir='ltr'><strong>spectaculo,</strong></span> <span class='ocrx_word' id='word_1_354' title='bbox 752 3518 859 3571; x_wconf 92' lang='lat' dir='ltr'><strong>quo</strong></span> <span class='ocrx_word' id='word_1_355' title='bbox 901 3505 1038 3570; x_wconf 88' lang='lat' dir='ltr'><strong>viso,</strong></span> <span class='ocrx_word' id='word_1_356' title='bbox 1078 3516 1263 3562; x_wconf 82' lang='lat' dir='ltr'><strong>votum</strong></span> <span class='ocrx_word' id='word_1_357' title='bbox 1314 3506 1431 3576; x_wconf 89' lang='lat' dir='ltr'><strong>ipse</strong></span> <span class='ocrx_word' id='word_1_358' title='bbox 1479 3508 1662 3578; x_wconf 87' lang='lat' dir='ltr'><strong>imple-</strong></span> 
     </span>
    </p>
   </div>
   <div class='ocr_carea' id='block_1_53' title="bbox 142 3585 1657 3664">
    <p class='ocr_par' dir='ltr' id='par_1_53' title="bbox 142 3585 1657 3664">
     <span class='ocr_line' id='line_1_53' title="bbox 142 3585 1657 3664; baseline 0.011 -30"><span class='ocrx_word' id='word_1_359' title='bbox 142 3585 242 3639; x_wconf 66' lang='lat' dir='ltr'><strong>verit</strong></span> <span class='ocrx_word' id='word_1_360' title='bbox 264 3597 415 3657; x_wconf 86' lang='lat' dir='ltr'><strong>atque</strong></span> <span class='ocrx_word' id='word_1_361' title='bbox 454 3591 511 3644; x_wconf 89' lang='lat' dir='ltr'><strong>in</strong></span> <span class='ocrx_word' id='word_1_362' title='bbox 557 3604 805 3645; x_wconf 89' lang='lat' dir='ltr'><strong>eremum</strong></span> <span class='ocrx_word' id='word_1_363' title='bbox 851 3607 971 3648; x_wconf 90' lang='lat' dir='ltr'><strong>sese</strong></span> <span class='ocrx_word' id='word_1_364' title='bbox 1014 3594 1301 3664; x_wconf 88' lang='lat' dir='ltr'><strong>receperit,</strong></span> <span class='ocrx_word' id='word_1_365' title='bbox 1331 3597 1657 3650; x_wconf 90' lang='lat' dir='ltr'><strong>mentionem</strong></span> 
     </span>
    </p>
   </div>
   <div class='ocr_carea' id='block_1_54' title="bbox 144 3671 1658 3755">
    <p class='ocr_par' dir='ltr' id='par_1_54' title="bbox 144 3671 1658 3755">
     <span class='ocr_line' id='line_1_54' title="bbox 144 3671 1658 3755; baseline 0.013 -32"><span class='ocrx_word' id='word_1_366' title='bbox 144 3671 254 3736; x_wconf 72' lang='lat' dir='ltr'><strong>facit,</strong></span> <span class='ocrx_word' id='word_1_367' title='bbox 284 3679 365 3732; x_wconf 88' lang='lat' dir='ltr'><strong>ubi</strong></span> <span class='ocrx_word' id='word_1_368' title='bbox 402 3689 590 3736; x_wconf 82' lang='lat' dir='ltr'><strong>tamen</strong></span> <span class='ocrx_word' id='word_1_369' title='bbox 642 3681 745 3738; x_wconf 88' lang='lat' dir='ltr'><strong>hoc</strong></span> <span class='ocrx_word' id='word_1_370' title='bbox 785 3684 854 3736; x_wconf 89' lang='lat' dir='ltr'><strong>ad</strong></span> <span class='ocrx_word' id='word_1_371' title='bbox 896 3685 1343 3739; x_wconf 88' lang='lat' dir='ltr'><strong>commovendum</strong></span> <span class='ocrx_word' id='word_1_372' title='bbox 1388 3686 1658 3755; x_wconf 83' lang='lat' dir='ltr'><strong>Radulphi</strong></span> 
     </span>
    </p>
   </div>
   <div class='ocr_carea' id='block_1_55' title="bbox 142 3762 1661 3844">
    <p class='ocr_par' dir='ltr' id='par_1_55' title="bbox 142 3762 1661 3844">
     <span class='ocr_line' id='line_1_55' title="bbox 142 3762 1661 3844; baseline 0.006 -23"><span class='ocrx_word' id='word_1_373' title='bbox 142 3762 188 3815; x_wconf 68' lang='lat' dir='ltr'><strong>ad</strong></span> <span class='ocrx_word' id='word_1_374' title='bbox 218 3767 308 3833; x_wconf 64' lang='lat' dir='ltr'><strong>voti</strong></span> <span class='ocrx_word' id='word_1_375' title='bbox 341 3769 741 3835; x_wconf 64' lang='lat' dir='ltr'><strong>exsultationem</strong></span> <span class='ocrx_word' id='word_1_376' title='bbox 774 3772 1011 3827; x_wconf 87' lang='lat' dir='ltr'><strong>animum</strong></span> <span class='ocrx_word' id='word_1_377' title='bbox 1040 3783 1499 3844; x_wconf 63' lang='lat' dir='ltr'><strong>peropportunum</strong></span> <span class='ocrx_word' id='word_1_378' title='bbox 1532 3776 1661 3834; x_wconf 79' lang='lat' dir='ltr'><strong>fuis-</strong></span> 
     </span>
    </p>
   </div>
   <div class='ocr_carea' id='block_1_56' title="bbox 142 3863 214 3907">
    <p class='ocr_par' dir='ltr' id='par_1_56' title="bbox 142 3863 214 3907">
     <span class='ocr_line' id='line_1_56' title="bbox 142 3863 214 3907; baseline 0.014 -1"><span class='ocrx_word' id='word_1_379' title='bbox 142 3863 214 3907; x_wconf 74' lang='lat' dir='ltr'><strong>set.</strong></span> 
     </span>
    </p>
   </div>
   <div class='ocr_carea' id='block_1_57' title="bbox 188 3945 1658 4026">
    <p class='ocr_par' dir='ltr' id='par_1_57' title="bbox 188 3945 1658 4026">
     <span class='ocr_line' id='line_1_57' title="bbox 188 3945 1658 4026; baseline 0.009 -27"><span class='ocrx_word' id='word_1_380' title='bbox 188 3945 441 4007; x_wconf 75' lang='lat' dir='ltr'><strong>260.ilinc</strong></span> <span class='ocrx_word' id='word_1_381' title='bbox 480 3952 764 4010; x_wconf 87' lang='lat' dir='ltr'><strong>Launoius</strong></span> <span class='ocrx_word' id='word_1_382' title='bbox 794 3955 845 4010; x_wconf 90' lang='lat' dir='ltr'><strong>in</strong></span> <span class='ocrx_word' id='word_1_383' title='bbox 891 3971 988 4013; x_wconf 88' lang='lat' dir='ltr'><strong>sua</strong></span> <span class='ocrx_word' id='word_1_384' title='bbox 1033 3958 1277 4026; x_wconf 79' lang='lat' dir='ltr'><strong>proxime</strong></span> <span class='ocrx_word' id='word_1_385' title='bbox 1318 3958 1513 4013; x_wconf 90' lang='lat' dir='ltr'><strong>iterum</strong></span> <span class='ocrx_word' id='word_1_386' title='bbox 1544 3958 1658 4013; x_wconf 89' lang='lat' dir='ltr'><strong>Iau-</strong></span> 
     </span>
    </p>
   </div>
   <div class='ocr_carea' id='block_1_58' title="bbox 144 4033 1654 4103">
    <p class='ocr_par' dir='ltr' id='par_1_58' title="bbox 144 4033 1654 4103">
     <span class='ocr_line' id='line_1_58' title="bbox 144 4033 1654 4103; baseline 0.011 -18"><span class='ocrx_word' id='word_1_387' title='bbox 144 4033 232 4089; x_wconf 77' lang='lat' dir='ltr'><strong>data</strong></span> <span class='ocrx_word' id='word_1_388' title='bbox 255 4040 310 4094; x_wconf 90' lang='lat' dir='ltr'><strong>de</strong></span> <span class='ocrx_word' id='word_1_389' title='bbox 334 4057 459 4097; x_wconf 81' lang='lat' dir='ltr'><strong>vera</strong></span> <span class='ocrx_word' id='word_1_390' title='bbox 488 4059 657 4098; x_wconf 85' lang='lat' dir='ltr'><strong>causa</strong></span> <span class='ocrx_word' id='word_1_391' title='bbox 689 4061 940 4103; x_wconf 89' lang='lat' dir='ltr'><strong>secessus</strong></span> <span class='ocrx_word' id='word_1_392' title='bbox 970 4047 1025 4101; x_wconf 92' lang='lat' dir='ltr'><strong>S.</strong></span> <span class='ocrx_word' id='word_1_393' title='bbox 1050 4048 1318 4103; x_wconf 90' lang='lat' dir='ltr'><strong>Brunonis</strong></span> <span class='ocrx_word' id='word_1_394' title='bbox 1340 4049 1391 4101; x_wconf 93' lang='lat' dir='ltr'><strong>in</strong></span> <span class='ocrx_word' id='word_1_395' title='bbox 1414 4064 1654 4103; x_wconf 90' lang='lat' dir='ltr'><strong>eremum</strong></span> 
     </span>
    </p>
   </div>
   <div class='ocr_carea' id='block_1_59' title="bbox 145 4121 1657 4207">
    <p class='ocr_par' dir='ltr' id='par_1_59' title="bbox 145 4121 1657 4207">
     <span class='ocr_line' id='line_1_59' title="bbox 145 4121 1657 4207; baseline 0.009 -30"><span class='ocrx_word' id='word_1_396' title='bbox 145 4121 478 4185; x_wconf 83' lang='lat' dir='ltr'><strong>Dissertatione</strong></span> <span class='ocrx_word' id='word_1_397' title='bbox 503 4148 628 4202; x_wconf 88' lang='lat' dir='ltr'><strong>cap.</strong></span> <span class='ocrx_word' id='word_1_398' title='bbox 656 4136 681 4188; x_wconf 78' lang='grc'><strong>1</strong></span> <span class='ocrx_word' id='word_1_399' title='bbox 715 4135 786 4188; x_wconf 89' lang='lat' dir='ltr'><strong>ita</strong></span> <span class='ocrx_word' id='word_1_400' title='bbox 807 4137 1022 4205; x_wconf 89' lang='lat' dir='ltr'><strong>arguit:</strong></span> <span class='ocrx_word' id='word_1_401' title='bbox 1046 4155 1065 4196; x_wconf 67' lang='grc' dir='ltr'><strong>ε</strong></span> <span class='ocrx_word' id='word_1_402' title='bbox 1096 4137 1409 4205; x_wconf 80' lang='lat' dir='ltr'><strong>Radnlphus</strong></span> <span class='ocrx_word' id='word_1_403' title='bbox 1428 4137 1657 4207; x_wconf 84' lang='lat' dir='ltr'><strong>indiguit</strong></span> 
     </span>
    </p>
   </div>
   <div class='ocr_carea' id='block_1_60' title="bbox 143 4218 1657 4298">
    <p class='ocr_par' dir='ltr' id='par_1_60' title="bbox 143 4218 1657 4298">
     <span class='ocr_line' id='line_1_60' title="bbox 143 4218 1657 4298; baseline 0.01 -32"><span class='ocrx_word' id='word_1_404' title='bbox 143 4218 383 4279; x_wconf 76' lang='lat' dir='ltr'><strong>acrioribus</strong></span> <span class='ocrx_word' id='word_1_405' title='bbox 407 4224 667 4290; x_wconf 79' lang='lat' dir='ltr'><strong>Stimulis,</strong></span> <span class='ocrx_word' id='word_1_406' title='bbox 691 4227 888 4295; x_wconf 85' lang='lat' dir='ltr'><strong>quibus</strong></span> <span class='ocrx_word' id='word_1_407' title='bbox 917 4229 982 4282; x_wconf 90' lang='lat' dir='ltr'><strong>ad</strong></span> <span class='ocrx_word' id='word_1_408' title='bbox 1015 4230 1167 4284; x_wconf 89' lang='lat' dir='ltr'><strong>sui...</strong></span> <span class='ocrx_word' id='word_1_409' title='bbox 1209 4228 1374 4298; x_wconf 92' lang='lat' dir='ltr'><strong>(quod</strong></span> <span class='ocrx_word' id='word_1_410' title='bbox 1397 4228 1657 4283; x_wconf 83' lang='lat' dir='ltr'><strong>cumBrn-</strong></span> 
     </span>
    </p>
   </div>
   <div class='ocr_carea' id='block_1_61' title="bbox 142 4310 1655 4388">
    <p class='ocr_par' dir='ltr' id='par_1_61' title="bbox 142 4310 1655 4388">
     <span class='ocr_line' id='line_1_61' title="bbox 142 4310 1655 4388; baseline 0.007 -27"><span class='ocrx_word' id='word_1_411' title='bbox 142 4319 244 4362; x_wconf 82' lang='lat' dir='ltr'><strong>noue</strong></span> <span class='ocrx_word' id='word_1_412' title='bbox 265 4310 322 4365; x_wconf 88' lang='lat' dir='ltr'><strong>de</strong></span> <span class='ocrx_word' id='word_1_413' title='bbox 353 4315 676 4381; x_wconf 86' lang='lat' dir='ltr'><strong>monachico</strong></span> <span class='ocrx_word' id='word_1_414' title='bbox 703 4317 890 4371; x_wconf 88' lang='lat' dir='ltr'><strong>habitu</strong></span> <span class='ocrx_word' id='word_1_415' title='bbox 919 4318 1259 4388; x_wconf 89' lang='lat' dir='ltr'><strong>suscipiendo</strong></span> <span class='ocrx_word' id='word_1_416' title='bbox 1289 4318 1341 4371; x_wconf 91' lang='lat' dir='ltr'><strong>in</strong></span> <span class='ocrx_word' id='word_1_417' title='bbox 1373 4318 1655 4372; x_wconf 87' lang='lat' dir='ltr'><strong>collatione</strong></span> 
     </span>
    </p>
   </div>
   <div class='ocr_carea' id='block_1_62' title="bbox 141 4408 1731 4479">
    <p class='ocr_par' dir='ltr' id='par_1_62' title="bbox 141 4408 1731 4479">
     <span class='ocr_line' id='line_1_62' title="bbox 141 4408 1731 4479; baseline 0.004 -25"><span class='ocrx_word' id='word_1_418' title='bbox 141 4409 259 4464; x_wconf 65' lang='lat' dir='ltr'><strong>supra</strong></span> <span class='ocrx_word' id='word_1_419' title='bbox 280 4414 570 4460; x_wconf 87' lang='lat' dir='ltr'><strong>memorata</strong></span> <span class='ocrx_word' id='word_1_420' title='bbox 593 4408 875 4479; x_wconf 90' lang='lat' dir='ltr'><strong>emiserat)</strong></span> <span class='ocrx_word' id='word_1_421' title='bbox 902 4410 1013 4463; x_wconf 87' lang='lat' dir='ltr'><strong>voti</strong></span> <span class='ocrx_word' id='word_1_422' title='bbox 1045 4410 1440 4471; x_wconf 81' lang='lat' dir='ltr'><strong>exsolutionem</strong></span> <span class='ocrx_word' id='word_1_423' title='bbox 1470 4409 1653 4465; x_wconf 86' lang='lat' dir='ltr'><strong>conci-</strong></span> <span class='ocrx_word' id='word_1_424' title='bbox 1682 4411 1731 4469; x_wconf 86' lang='grc' dir='ltr'><strong>Ι)</strong></span> 
     </span>
    </p>
   </div>
   <div class='ocr_carea' id='block_1_63' title="bbox 141 4494 1652 4570">
    <p class='ocr_par' dir='ltr' id='par_1_63' title="bbox 141 4494 1652 4570">
     <span class='ocr_line' id='line_1_63' title="bbox 141 4494 1652 4570; baseline 0.009 -31"><span class='ocrx_word' id='word_1_425' title='bbox 141 4494 318 4546; x_wconf 77' lang='lat' dir='ltr'><strong>tarctur.</strong></span> <span class='ocrx_word' id='word_1_426' title='bbox 360 4495 515 4551; x_wconf 84' lang='lat' dir='ltr'><strong>Unde</strong></span> <span class='ocrx_word' id='word_1_427' title='bbox 561 4497 621 4551; x_wconf 85' lang='lat' dir='ltr'><strong>fit</strong></span> <span class='ocrx_word' id='word_1_428' title='bbox 656 4508 717 4551; x_wconf 90' lang='lat' dir='ltr'><strong>ut</strong></span> <span class='ocrx_word' id='word_1_429' title='bbox 762 4499 941 4555; x_wconf 90' lang='lat' dir='ltr'><strong>Bruno</strong></span> <span class='ocrx_word' id='word_1_430' title='bbox 979 4502 1083 4562; x_wconf 87' lang='lat' dir='ltr'><strong>hac</strong></span> <span class='ocrx_word' id='word_1_431' title='bbox 1127 4502 1180 4554; x_wconf 94' lang='lat' dir='ltr'><strong>in</strong></span> <span class='ocrx_word' id='word_1_432' title='bbox 1214 4501 1475 4570; x_wconf 87' lang='lat' dir='ltr'><strong>epistola,</strong></span> <span class='ocrx_word' id='word_1_433' title='bbox 1512 4501 1652 4561; x_wconf 86' lang='lat' dir='ltr'><strong>sicut</strong></span> 
     </span>
    </p>
   </div>
   <div class='ocr_carea' id='block_1_64' title="bbox 141 4585 1649 4658">
    <p class='ocr_par' dir='ltr' id='par_1_64' title="bbox 141 4585 1649 4658">
     <span class='ocr_line' id='line_1_64' title="bbox 141 4585 1649 4658; baseline 0.006 -25"><span class='ocrx_word' id='word_1_434' title='bbox 141 4589 277 4637; x_wconf 67' lang='lat' dir='ltr'><strong>totum</strong></span> <span class='ocrx_word' id='word_1_435' title='bbox 302 4585 544 4642; x_wconf 87' lang='lat' dir='ltr'><strong>reddenti</strong></span> <span class='ocrx_word' id='word_1_436' title='bbox 582 4588 838 4658; x_wconf 79' lang='lat' dir='ltr'><strong>gloriam,</strong></span> <span class='ocrx_word' id='word_1_437' title='bbox 875 4591 952 4645; x_wconf 89' lang='lat' dir='ltr'><strong>ita</strong></span> <span class='ocrx_word' id='word_1_438' title='bbox 980 4606 1087 4646; x_wconf 93' lang='lat' dir='ltr'><strong>non</strong></span> <span class='ocrx_word' id='word_1_439' title='bbox 1118 4591 1363 4646; x_wconf 89' lang='lat' dir='ltr'><strong>reddenti</strong></span> <span class='ocrx_word' id='word_1_440' title='bbox 1394 4600 1649 4645; x_wconf 85' lang='lat' dir='ltr'><strong>aeternam</strong></span> 
     </span>
    </p>
   </div>
   <div class='ocr_carea' id='block_1_65' title="bbox 140 4675 1652 4750">
    <p class='ocr_par' dir='ltr' id='par_1_65' title="bbox 140 4675 1652 4750">
     <span class='ocr_line' id='line_1_65' title="bbox 140 4675 1652 4750; baseline 0 -17"><span class='ocrx_word' id='word_1_441' title='bbox 140 4678 305 4733; x_wconf 69' lang='lat' dir='ltr'><strong>Nnam</strong></span> <span class='ocrx_word' id='word_1_442' title='bbox 346 4675 630 4747; x_wconf 84' lang='lat' dir='ltr'><strong>Radulpbo</strong></span> <span class='ocrx_word' id='word_1_443' title='bbox 672 4690 970 4750; x_wconf 90' lang='lat' dir='ltr'><strong>proponat;</strong></span> <span class='ocrx_word' id='word_1_444' title='bbox 1020 4681 1112 4737; x_wconf 90' lang='lat' dir='ltr'><strong>ubi</strong></span> <span class='ocrx_word' id='word_1_445' title='bbox 1163 4690 1316 4739; x_wconf 88' lang='lat' dir='ltr'><strong>certe</strong></span> <span class='ocrx_word' id='word_1_446' title='bbox 1357 4680 1510 4737; x_wconf 90' lang='lat' dir='ltr'><strong>locus</strong></span> <span class='ocrx_word' id='word_1_447' title='bbox 1551 4680 1652 4733; x_wconf 86' lang='lat' dir='ltr'><strong>fuit</strong></span> 
     </span>
    </p>
   </div>
   <div class='ocr_carea' id='block_1_66' title="bbox 141 4755 1647 4843">
    <p class='ocr_par' dir='ltr' id='par_1_66' title="bbox 141 4755 1647 4843">
     <span class='ocr_line' id='line_1_66' title="bbox 141 4755 1647 4843; baseline 0.011 -35"><span class='ocrx_word' id='word_1_448' title='bbox 141 4755 194 4813; x_wconf 87' lang='lat' dir='ltr'><strong>illi</strong></span> <span class='ocrx_word' id='word_1_449' title='bbox 228 4768 515 4832; x_wconf 82' lang='lat' dir='ltr'><strong>spectaculo</strong></span> <span class='ocrx_word' id='word_1_450' title='bbox 566 4771 847 4837; x_wconf 89' lang='lat' dir='ltr'><strong>horribili,</strong></span> <span class='ocrx_word' id='word_1_451' title='bbox 900 4773 945 4835; x_wconf 87' lang='lat' dir='ltr'><strong>si</strong></span> <span class='ocrx_word' id='word_1_452' title='bbox 992 4774 1134 4843; x_wconf 89' lang='lat' dir='ltr'><strong>quod</strong></span> <span class='ocrx_word' id='word_1_453' title='bbox 1186 4771 1417 4828; x_wconf 84' lang='lat' dir='ltr'><strong>Parisiis</strong></span> <span class='ocrx_word' id='word_1_454' title='bbox 1465 4779 1647 4825; x_wconf 89' lang='lat' dir='ltr'><strong>actum</strong></span> 
     </span>
    </p>
   </div>
   <div class='ocr_carea' id='block_1_67' title="bbox 142 4845 1647 4932">
    <p class='ocr_par' dir='ltr' id='par_1_67' title="bbox 142 4845 1647 4932">
     <span class='ocr_line' id='line_1_67' title="bbox 142 4845 1647 4932; baseline 0.007 -29"><span class='ocrx_word' id='word_1_455' title='bbox 142 4845 389 4912; x_wconf 75' lang='lat' dir='ltr'><strong>Brinnonem</strong></span> <span class='ocrx_word' id='word_1_456' title='bbox 434 4860 503 4915; x_wconf 91' lang='lat' dir='ltr'><strong>ad</strong></span> <span class='ocrx_word' id='word_1_457' title='bbox 529 4860 857 4932; x_wconf 87' lang='lat' dir='ltr'><strong>implendum</strong></span> <span class='ocrx_word' id='word_1_458' title='bbox 902 4873 1085 4918; x_wconf 86' lang='lat' dir='ltr'><strong>votum</strong></span> <span class='ocrx_word' id='word_1_459' title='bbox 1125 4872 1285 4918; x_wconf 89' lang='lat' dir='ltr'><strong>antea</strong></span> <span class='ocrx_word' id='word_1_460' title='bbox 1325 4862 1647 4932; x_wconf 86' lang='lat' dir='ltr'><strong>impulisset.</strong></span> 
     </span>
    </p>
   </div>
   <div class='ocr_carea' id='block_1_68' title="bbox 147 4935 1647 5024">
    <p class='ocr_par' dir='ltr' id='par_1_68' title="bbox 147 4935 1647 5024">
     <span class='ocr_line' id='line_1_68' title="bbox 147 4935 1647 5024; baseline 0.004 -23"><span class='ocrx_word' id='word_1_461' title='bbox 147 4935 247 5001; x_wconf 77' lang='lat' dir='ltr'><strong>Quid</strong></span> <span class='ocrx_word' id='word_1_462' title='bbox 264 4948 393 5002; x_wconf 88' lang='lat' dir='ltr'><strong>enim</strong></span> <span class='ocrx_word' id='word_1_463' title='bbox 421 4959 541 5005; x_wconf 90' lang='lat' dir='ltr'><strong>erat</strong></span> <span class='ocrx_word' id='word_1_464' title='bbox 584 4953 652 5007; x_wconf 91' lang='lat' dir='ltr'><strong>ad</strong></span> <span class='ocrx_word' id='word_1_465' title='bbox 692 4953 1064 5022; x_wconf 83' lang='lat' dir='ltr'><strong>conﬁgendam</strong></span> <span class='ocrx_word' id='word_1_466' title='bbox 1091 4953 1378 5024; x_wconf 68' lang='lat' dir='ltr'><strong>iﬁadulpbi</strong></span> <span class='ocrx_word' id='word_1_467' title='bbox 1422 4962 1647 5019; x_wconf 81' lang='lat' dir='ltr'><strong>cuncta-</strong></span> 
     </span>
    </p>
   </div>
   <div class='ocr_carea' id='block_1_69' title="bbox 142 5028 1648 5113">
    <p class='ocr_par' dir='ltr' id='par_1_69' title="bbox 142 5028 1648 5113">
     <span class='ocr_line' id='line_1_69' title="bbox 142 5028 1648 5113; baseline 0.013 -35"><span class='ocrx_word' id='word_1_468' title='bbox 142 5028 294 5088; x_wconf 84' lang='lat' dir='ltr'><strong>tionem</strong></span> <span class='ocrx_word' id='word_1_469' title='bbox 316 5042 572 5108; x_wconf 79' lang='lat' dir='ltr'><strong>paratius,</strong></span> <span class='ocrx_word' id='word_1_470' title='bbox 605 5058 769 5112; x_wconf 89' lang='lat' dir='ltr'><strong>quam</strong></span> <span class='ocrx_word' id='word_1_471' title='bbox 817 5044 868 5105; x_wconf 84' lang='lat' dir='ltr'><strong>ei</strong></span> <span class='ocrx_word' id='word_1_472' title='bbox 917 5052 975 5103; x_wconf 83' lang='lat' dir='ltr'><strong>et</strong></span> <span class='ocrx_word' id='word_1_473' title='bbox 1020 5051 1321 5113; x_wconf 89' lang='lat' dir='ltr'><strong>opportune</strong></span> <span class='ocrx_word' id='word_1_474' title='bbox 1355 5051 1412 5099; x_wconf 86' lang='lat' dir='ltr'><strong>et</strong></span> <span class='ocrx_word' id='word_1_475' title='bbox 1448 5044 1648 5112; x_wconf 90' lang='lat' dir='ltr'><strong>impor-</strong></span> 
     </span>
    </p>
   </div>
   <div class='ocr_carea' id='block_1_70' title="bbox 147 5127 1647 5208">
    <p class='ocr_par' dir='ltr' id='par_1_70' title="bbox 147 5127 1647 5208">
     <span class='ocr_line' id='line_1_70' title="bbox 147 5127 1647 5208; baseline 0.009 -32"><span class='ocrx_word' id='word_1_476' title='bbox 147 5128 240 5177; x_wconf 74' lang='lat' dir='ltr'><strong>tune</strong></span> <span class='ocrx_word' id='word_1_477' title='bbox 278 5127 539 5191; x_wconf 82' lang='lat' dir='ltr'><strong>inculcare</strong></span> <span class='ocrx_word' id='word_1_478' title='bbox 568 5135 622 5191; x_wconf 92' lang='lat' dir='ltr'><strong>id</strong></span> <span class='ocrx_word' id='word_1_479' title='bbox 652 5136 943 5205; x_wconf 87' lang='lat' dir='ltr'><strong>spectaculi</strong></span> <span class='ocrx_word' id='word_1_480' title='bbox 985 5152 1177 5207; x_wconf 87' lang='lat' dir='ltr'><strong>genus,</strong></span> <span class='ocrx_word' id='word_1_481' title='bbox 1206 5151 1314 5208; x_wconf 87' lang='lat' dir='ltr'><strong>quo</strong></span> <span class='ocrx_word' id='word_1_482' title='bbox 1353 5136 1466 5206; x_wconf 88' lang='lat' dir='ltr'><strong>ipsa</strong></span> <span class='ocrx_word' id='word_1_483' title='bbox 1512 5135 1647 5190; x_wconf 90' lang='lat' dir='ltr'><strong>Bru-</strong></span> 
     </span>
    </p>
   </div>
   <div class='ocr_carea' id='block_1_71' title="bbox 142 5213 1646 5297">
    <p class='ocr_par' dir='ltr' id='par_1_71' title="bbox 142 5213 1646 5297">
     <span class='ocr_line' id='line_1_71' title="bbox 142 5213 1646 5297; baseline 0.009 -30"><span class='ocrx_word' id='word_1_484' title='bbox 142 5213 256 5267; x_wconf 73' lang='lat' dir='ltr'><strong>nonis</strong></span> <span class='ocrx_word' id='word_1_485' title='bbox 276 5223 550 5288; x_wconf 85' lang='lat' dir='ltr'><strong>cunctatio,</strong></span> <span class='ocrx_word' id='word_1_486' title='bbox 570 5224 616 5285; x_wconf 85' lang='lat' dir='ltr'><strong>si</strong></span> <span class='ocrx_word' id='word_1_487' title='bbox 647 5225 898 5295; x_wconf 66' lang='lat' dir='ltr'><strong>Epistolas</strong></span> <span class='ocrx_word' id='word_1_488' title='bbox 926 5226 1261 5283; x_wconf 78' lang='lat' dir='ltr'><strong>didascalij</strong></span> <span class='ocrx_word' id='word_1_489' title='bbox 1302 5226 1355 5297; x_wconf 89' lang='lat' dir='ltr'><strong>(a</strong></span> <span class='ocrx_word' id='word_1_490' title='bbox 1378 5224 1646 5281; x_wconf 75' lang='lat' dir='ltr'><strong>Sausszeio</strong></span> 
     </span>
    </p>
   </div>
   <div class='ocr_carea' id='block_1_72' title="bbox 143 5300 1643 5388">
    <p class='ocr_par' dir='ltr' id='par_1_72' title="bbox 143 5300 1643 5388">
     <span class='ocr_line' id='line_1_72' title="bbox 143 5300 1643 5388; baseline 0.019 -35"><span class='ocrx_word' id='word_1_491' title='bbox 143 5300 299 5361; x_wconf 73' lang='lat' dir='ltr'><strong>scilicet</strong></span> <span class='ocrx_word' id='word_1_492' title='bbox 322 5312 384 5365; x_wconf 87' lang='lat' dir='ltr'><strong>ad</strong></span> <span class='ocrx_word' id='word_1_493' title='bbox 419 5312 760 5371; x_wconf 84' lang='lat' dir='ltr'><strong>Bertboldum</strong></span> <span class='ocrx_word' id='word_1_494' title='bbox 791 5315 1069 5375; x_wconf 80' lang='lat' dir='ltr'><strong>Nihusium</strong></span> <span class='ocrx_word' id='word_1_495' title='bbox 1099 5320 1335 5388; x_wconf 83' lang='lat' dir='ltr'><strong>scriptae,</strong></span> <span class='ocrx_word' id='word_1_496' title='bbox 1372 5333 1643 5387; x_wconf 59' lang='lat' dir='ltr'><strong>annoque,</strong></span> 
     </span>
    </p>
   </div>
   <div class='ocr_carea' id='block_1_73' title="bbox 144 5399 1643 5481">
    <p class='ocr_par' dir='ltr' id='par_1_73' title="bbox 144 5399 1643 5481">
     <span class='ocr_line' id='line_1_73' title="bbox 144 5399 1643 5481; baseline 0.016 -37"><span class='ocrx_word' id='word_1_497' title='bbox 144 5399 185 5439; x_wconf 84' lang='grc' dir='ltr'><strong>ιιι</strong></span> <span class='ocrx_word' id='word_1_498' title='bbox 204 5406 338 5464; x_wconf 84' lang='lat' dir='ltr'><strong>supra</strong></span> <span class='ocrx_word' id='word_1_499' title='bbox 374 5403 550 5469; x_wconf 86' lang='lat' dir='ltr'><strong>docui,</strong></span> <span class='ocrx_word' id='word_1_500' title='bbox 597 5406 736 5462; x_wconf 72' lang='grc'><strong>1645</strong></span> <span class='ocrx_word' id='word_1_501' title='bbox 778 5410 919 5479; x_wconf 77' lang='lat' dir='ltr'><strong>typis</strong></span> <span class='ocrx_word' id='word_1_502' title='bbox 961 5410 1371 5467; x_wconf 88' lang='lat' dir='ltr'><strong>Coloniensibus</strong></span> <span class='ocrx_word' id='word_1_503' title='bbox 1408 5410 1643 5481; x_wconf 61' lang='lat' dir='ltr'><strong>excusata)</strong></span> 
     </span>
    </p>
   </div>
   <div class='ocr_carea' id='block_1_74' title="bbox 144 5484 1644 5575">
    <p class='ocr_par' dir='ltr' id='par_1_74' title="bbox 144 5484 1644 5575">
     <span class='ocr_line' id='line_1_74' title="bbox 144 5484 1644 5575; baseline 0.028 -41"><span class='ocrx_word' id='word_1_504' title='bbox 144 5484 374 5573; x_wconf 49' lang='lat' dir='ltr'><strong>credimus,</strong></span> <span class='ocrx_word' id='word_1_505' title='bbox 422 5495 628 5551; x_wconf 81' lang='lat' dir='ltr'><strong>devicta</strong></span> <span class='ocrx_word' id='word_1_506' title='bbox 659 5500 783 5554; x_wconf 88' lang='lat' dir='ltr'><strong>est?</strong></span> <span class='ocrx_word' id='word_1_507' title='bbox 829 5500 1016 5570; x_wconf 83' lang='lat' dir='ltr'><strong>Neque</strong></span> <span class='ocrx_word' id='word_1_508' title='bbox 1062 5502 1166 5556; x_wconf 85' lang='lat' dir='ltr'><strong>hoc</strong></span> <span class='ocrx_word' id='word_1_509' title='bbox 1197 5502 1385 5566; x_wconf 72' lang='lat' dir='ltr'><strong>lelllm.</strong></span> <span class='ocrx_word' id='word_1_510' title='bbox 1433 5518 1543 5570; x_wconf 80' lang='grc' dir='ltr'><strong>(1υο</strong></span> <span class='ocrx_word' id='word_1_511' title='bbox 1586 5516 1644 5575; x_wconf 69' lang='grc' dir='ltr'><strong>ξθ</strong></span> 
     </span>
    </p>
   </div>
   <div class='ocr_carea' id='block_1_75' title="bbox 146 5576 1644 5655">
    <p class='ocr_par' dir='ltr' id='par_1_75' title="bbox 146 5576 1644 5655">
     <span class='ocr_line' id='line_1_75' title="bbox 146 5576 1644 5655; baseline 0.006 -17"><span class='ocrx_word' id='word_1_512' title='bbox 146 5576 384 5638; x_wconf 70' lang='grc' dir='ltr'><strong>¹¹⁰Ρειίιιιηι</strong></span> <span class='ocrx_word' id='word_1_513' title='bbox 408 5582 473 5638; x_wconf 89' lang='lat' dir='ltr'><strong>iri</strong></span> <span class='ocrx_word' id='word_1_514' title='bbox 504 5587 745 5654; x_wconf 58' lang='lat' dir='ltr'><strong>praevidit</strong></span> <span class='ocrx_word' id='word_1_515' title='bbox 766 5597 952 5645; x_wconf 87' lang='lat' dir='ltr'><strong>auctor</strong></span> <span class='ocrx_word' id='word_1_516' title='bbox 969 5590 1345 5655; x_wconf 85' lang='lat' dir='ltr'><strong>didascalicus,</strong></span> <span class='ocrx_word' id='word_1_517' title='bbox 1370 5593 1501 5647; x_wconf 90' lang='lat' dir='ltr'><strong>satis</strong></span> <span class='ocrx_word' id='word_1_518' title='bbox 1528 5592 1644 5647; x_wconf 65' lang='lat' dir='ltr'><strong>ido«</strong></span> 
     </span>
    </p>
   </div>
   <div class='ocr_carea' id='block_1_76' title="bbox 147 5666 1637 5754">
    <p class='ocr_par' dir='ltr' id='par_1_76' title="bbox 147 5666 1637 5754">
     <span class='ocr_line' id='line_1_76' title="bbox 147 5666 1637 5754; baseline 0.021 -48"><span class='ocrx_word' id='word_1_519' title='bbox 147 5668 217 5711; x_wconf 75' lang='lat' dir='ltr'><strong>nec</strong></span> <span class='ocrx_word' id='word_1_520' title='bbox 261 5666 505 5739; x_wconf 82' lang='lat' dir='ltr'><strong>declinat,</strong></span> <span class='ocrx_word' id='word_1_521' title='bbox 555 5675 662 5732; x_wconf 89' lang='lat' dir='ltr'><strong>imo</strong></span> <span class='ocrx_word' id='word_1_522' title='bbox 711 5679 1178 5751; x_wconf 85' lang='lat' dir='ltr'><strong>transadigendum</strong></span> <span class='ocrx_word' id='word_1_523' title='bbox 1216 5692 1402 5751; x_wconf 89' lang='lat' dir='ltr'><strong>pectus</strong></span> <span class='ocrx_word' id='word_1_524' title='bbox 1430 5683 1637 5754; x_wconf 87' lang='lat' dir='ltr'><strong>objicit,</strong></span> 
     </span>
    </p>
   </div>
   <div class='ocr_carea' id='block_1_77' title="bbox 1770 1856 3340 1934">
    <p class='ocr_par' dir='ltr' id='par_1_77' title="bbox 1770 1856 3340 1934">
     <span class='ocr_line' id='line_1_77' title="bbox 1770 1856 3340 1934; baseline -0.005 -16"><span class='ocrx_word' id='word_1_525' title='bbox 1770 1877 1860 1934; x_wconf 85' lang='lat' dir='ltr'><strong>pe,</strong></span> <span class='ocrx_word' id='word_1_526' title='bbox 1885 1862 1955 1916; x_wconf 86' lang='lat' dir='ltr'><strong>ita</strong></span> <span class='ocrx_word' id='word_1_527' title='bbox 1985 1861 2075 1915; x_wconf 91' lang='lat' dir='ltr'><strong>hic</strong></span> <span class='ocrx_word' id='word_1_528' title='bbox 2102 1876 2133 1916; x_wconf 90' lang='lat' dir='ltr'><strong>a</strong></span> <span class='ocrx_word' id='word_1_529' title='bbox 2155 1859 2482 1917; x_wconf 87' lang='lat' dir='ltr'><strong>didascalica</strong></span> <span class='ocrx_word' id='word_1_530' title='bbox 2506 1874 2602 1913; x_wconf 88' lang='lat' dir='ltr'><strong>sua</strong></span> <span class='ocrx_word' id='word_1_531' title='bbox 2626 1856 2865 1927; x_wconf 83' lang='lat' dir='ltr'><strong>Epistola</strong></span> <span class='ocrx_word' id='word_1_532' title='bbox 2891 1872 3013 1911; x_wconf 82' lang='lat' dir='ltr'><strong>mox</strong></span> <span class='ocrx_word' id='word_1_533' title='bbox 3043 1864 3340 1910; x_wconf 84' lang='lat' dir='ltr'><strong>memorata</strong></span> 
     </span>
    </p>
   </div>
   <div class='ocr_carea' id='block_1_78' title="bbox 1772 1946 3341 2024">
    <p class='ocr_par' dir='ltr' id='par_1_78' title="bbox 1772 1946 3341 2024">
     <span class='ocr_line' id='line_1_78' title="bbox 1772 1946 3341 2024; baseline -0.004 -17"><span class='ocrx_word' id='word_1_534' title='bbox 1772 1952 2090 2024; x_wconf 84' lang='lat' dir='ltr'><strong>appellatus)</strong></span> <span class='ocrx_word' id='word_1_535' title='bbox 2115 1967 2172 2006; x_wconf 91' lang='lat' dir='ltr'><strong>sc</strong></span> <span class='ocrx_word' id='word_1_536' title='bbox 2195 1968 2225 2007; x_wconf 93' lang='lat' dir='ltr'><strong>a</strong></span> <span class='ocrx_word' id='word_1_537' title='bbox 2248 1966 2414 2023; x_wconf 89' lang='lat' dir='ltr'><strong>puero</strong></span> <span class='ocrx_word' id='word_1_538' title='bbox 2437 1953 2701 2007; x_wconf 87' lang='lat' dir='ltr'><strong>imbutum</strong></span> <span class='ocrx_word' id='word_1_539' title='bbox 2736 1948 3041 2019; x_wconf 80' lang='lat' dir='ltr'><strong>profitetur,</strong></span> <span class='ocrx_word' id='word_1_540' title='bbox 3068 1948 3121 2002; x_wconf 88' lang='lat' dir='ltr'><strong>id</strong></span> <span class='ocrx_word' id='word_1_541' title='bbox 3137 1946 3341 2012; x_wconf 90' lang='lat' dir='ltr'><strong>omisit,</strong></span> 
     </span>
    </p>
   </div>
   <div class='ocr_carea' id='block_1_79' title="bbox 1771 2038 3347 2121">
    <p class='ocr_par' dir='ltr' id='par_1_79' title="bbox 1771 2038 3347 2121">
     <span class='ocr_line' id='line_1_79' title="bbox 1771 2038 3347 2121; baseline -0.006 -21"><span class='ocrx_word' id='word_1_542' title='bbox 1771 2047 1913 2121; x_wconf 79' lang='lat' dir='ltr'><strong>quod</strong></span> <span class='ocrx_word' id='word_1_543' title='bbox 1970 2047 2152 2101; x_wconf 87' lang='lat' dir='ltr'><strong>dicere</strong></span> <span class='ocrx_word' id='word_1_544' title='bbox 2193 2061 2298 2099; x_wconf 87' lang='lat' dir='ltr'><strong>non</strong></span> <span class='ocrx_word' id='word_1_545' title='bbox 2351 2044 2540 2113; x_wconf 88' lang='lat' dir='ltr'><strong>potuit.</strong></span> <span class='ocrx_word' id='word_1_546' title='bbox 2574 2043 2768 2097; x_wconf 87' lang='lat' dir='ltr'><strong>Dicere</strong></span> <span class='ocrx_word' id='word_1_547' title='bbox 2810 2050 2988 2096; x_wconf 87' lang='lat' dir='ltr'><strong>autem</strong></span> <span class='ocrx_word' id='word_1_548' title='bbox 3028 2054 3131 2093; x_wconf 88' lang='lat' dir='ltr'><strong>non</strong></span> <span class='ocrx_word' id='word_1_549' title='bbox 3172 2038 3347 2108; x_wconf 87' lang='lat' dir='ltr'><strong>potuit</strong></span> 
     </span>
    </p>
   </div>
   <div class='ocr_carea' id='block_1_80' title="bbox 1770 2134 3346 2209">
    <p class='ocr_par' dir='ltr' id='par_1_80' title="bbox 1770 2134 3346 2209">
     <span class='ocr_line' id='line_1_80' title="bbox 1770 2134 3346 2209; baseline -0.008 -16"><span class='ocrx_word' id='word_1_550' title='bbox 1770 2140 1914 2209; x_wconf 87' lang='lat' dir='ltr'><strong>quod</strong></span> <span class='ocrx_word' id='word_1_551' title='bbox 1945 2140 2046 2193; x_wconf 87' lang='lat' dir='ltr'><strong>sibi</strong></span> <span class='ocrx_word' id='word_1_552' title='bbox 2078 2155 2186 2192; x_wconf 87' lang='lat' dir='ltr'><strong>non</strong></span> <span class='ocrx_word' id='word_1_553' title='bbox 2212 2138 2430 2200; x_wconf 88' lang='lat' dir='ltr'><strong>accidit,</strong></span> <span class='ocrx_word' id='word_1_554' title='bbox 2465 2136 2715 2206; x_wconf 85' lang='lat' dir='ltr'><strong>quodque</strong></span> <span class='ocrx_word' id='word_1_555' title='bbox 2752 2134 2911 2204; x_wconf 87' lang='lat' dir='ltr'><strong>longo</strong></span> <span class='ocrx_word' id='word_1_556' title='bbox 2958 2140 3080 2203; x_wconf 90' lang='lat' dir='ltr'><strong>post</strong></span> <span class='ocrx_word' id='word_1_557' title='bbox 3126 2145 3184 2185; x_wconf 93' lang='lat' dir='ltr'><strong>se</strong></span> <span class='ocrx_word' id='word_1_558' title='bbox 3211 2140 3346 2183; x_wconf 87' lang='lat' dir='ltr'><strong>tem-</strong></span> 
     </span>
    </p>
   </div>
   <div class='ocr_carea' id='block_1_81' title="bbox 1769 2220 3348 2302">
    <p class='ocr_par' dir='ltr' id='par_1_81' title="bbox 1769 2220 3348 2302">
     <span class='ocr_line' id='line_1_81' title="bbox 1769 2220 3348 2302; baseline -0.006 -14"><span class='ocrx_word' id='word_1_559' title='bbox 1769 2246 1901 2302; x_wconf 78' lang='lat' dir='ltr'><strong>pore</strong></span> <span class='ocrx_word' id='word_1_560' title='bbox 1928 2231 2196 2286; x_wconf 81' lang='lat' dir='ltr'><strong>invectum</strong></span> <span class='ocrx_word' id='word_1_561' title='bbox 2219 2228 2460 2285; x_wconf 87' lang='lat' dir='ltr'><strong>nonnulli</strong></span> <span class='ocrx_word' id='word_1_562' title='bbox 2481 2226 2962 2284; x_wconf 84' lang='lat' dir='ltr'><strong>Carthusianorum</strong></span> <span class='ocrx_word' id='word_1_563' title='bbox 2984 2222 3245 2292; x_wconf 79' lang='lat' dir='ltr'><strong>originem</strong></span> <span class='ocrx_word' id='word_1_564' title='bbox 3266 2220 3348 2278; x_wconf 82' lang='lat' dir='ltr'><strong>fe-</strong></span> 
     </span>
    </p>
   </div>
   <div class='ocr_carea' id='block_1_82' title="bbox 1770 2334 2038 2379">
    <p class='ocr_par' dir='ltr' id='par_1_82' title="bbox 1770 2334 2038 2379">
     <span class='ocr_line' id='line_1_82' title="bbox 1770 2334 2038 2379; baseline -0.015 0"><span class='ocrx_word' id='word_1_565' title='bbox 1770 2334 1980 2379; x_wconf 89' lang='lat' dir='ltr'><strong>cernnt.</strong></span> <span class='ocrx_word' id='word_1_566' title='bbox 2018 2342 2038 2375; x_wconf 71' lang='grc' dir='ltr'><strong><em>ι</em></strong></span> 
     </span>
    </p>
   </div>
   <div class='ocr_carea' id='block_1_83' title="bbox 1838 2403 3328 2479">
    <p class='ocr_par' dir='ltr' id='par_1_83' title="bbox 1838 2403 3328 2479">
     <span class='ocr_line' id='line_1_83' title="bbox 1838 2403 3328 2479; baseline -0.007 -14"><span class='ocrx_word' id='word_1_567' title='bbox 1838 2412 1961 2479; x_wconf 68' lang='lat' dir='ltr'><strong>26L</strong></span> <span class='ocrx_word' id='word_1_568' title='bbox 2010 2408 2279 2466; x_wconf 78' lang='lat' dir='ltr'><strong>Hactenus</strong></span> <span class='ocrx_word' id='word_1_569' title='bbox 2326 2409 2633 2475; x_wconf 70' lang='lat' dir='ltr'><strong>Lauricius;</strong></span> <span class='ocrx_word' id='word_1_570' title='bbox 2679 2408 2802 2463; x_wconf 86' lang='lat' dir='ltr'><strong>audi</strong></span> <span class='ocrx_word' id='word_1_571' title='bbox 2852 2407 3034 2471; x_wconf 89' lang='lat' dir='ltr'><strong>modo,</strong></span> <span class='ocrx_word' id='word_1_572' title='bbox 3080 2403 3210 2474; x_wconf 85' lang='lat' dir='ltr'><strong>quid</strong></span> <span class='ocrx_word' id='word_1_573' title='bbox 3262 2403 3328 2455; x_wconf 90' lang='lat' dir='ltr'><strong>ad</strong></span> 
     </span>
    </p>
   </div>
   <div class='ocr_carea' id='block_1_84' title="bbox 1773 2496 3343 2573">
    <p class='ocr_par' dir='ltr' id='par_1_84' title="bbox 1773 2496 3343 2573">
     <span class='ocr_line' id='line_1_84' title="bbox 1773 2496 3343 2573; baseline -0.008 -13"><span class='ocrx_word' id='word_1_574' title='bbox 1773 2505 1878 2560; x_wconf 91' lang='lat' dir='ltr'><strong>hoc</strong></span> <span class='ocrx_word' id='word_1_575' title='bbox 1926 2502 2043 2571; x_wconf 87' lang='lat' dir='ltr'><strong>ejus</strong></span> <span class='ocrx_word' id='word_1_576' title='bbox 2092 2511 2281 2559; x_wconf 88' lang='lat' dir='ltr'><strong>contra</strong></span> <span class='ocrx_word' id='word_1_577' title='bbox 2322 2502 2681 2573; x_wconf 78' lang='lat' dir='ltr'><strong>prodigiosum</strong></span> <span class='ocrx_word' id='word_1_578' title='bbox 2730 2499 2971 2557; x_wconf 89' lang='lat' dir='ltr'><strong>doctoris</strong></span> <span class='ocrx_word' id='word_1_579' title='bbox 3017 2496 3343 2554; x_wconf 86' lang='lat' dir='ltr'><strong>Parisieusis</strong></span> 
     </span>
    </p>
   </div>
   <div class='ocr_carea' id='block_1_85' title="bbox 1768 2591 3343 2663">
    <p class='ocr_par' dir='ltr' id='par_1_85' title="bbox 1768 2591 3343 2663">
     <span class='ocr_line' id='line_1_85' title="bbox 1768 2591 3343 2663; baseline -0.004 -16"><span class='ocrx_word' id='word_1_580' title='bbox 1768 2595 2066 2649; x_wconf 88' lang='lat' dir='ltr'><strong>anastasim</strong></span> <span class='ocrx_word' id='word_1_581' title='bbox 2097 2602 2471 2663; x_wconf 81' lang='lat' dir='ltr'><strong>argumentum</strong></span> <span class='ocrx_word' id='word_1_582' title='bbox 2500 2594 2817 2662; x_wconf 82' lang='lat' dir='ltr'><strong>respondeat</strong></span> <span class='ocrx_word' id='word_1_583' title='bbox 2844 2591 3196 2647; x_wconf 89' lang='lat' dir='ltr'><strong>Cartnsianus</strong></span> <span class='ocrx_word' id='word_1_584' title='bbox 3220 2603 3343 2642; x_wconf 87' lang='lat' dir='ltr'><strong>ano-</strong></span> 
     </span>
    </p>
   </div>
   <div class='ocr_carea' id='block_1_86' title="bbox 1767 2681 3345 2757">
    <p class='ocr_par' dir='ltr' id='par_1_86' title="bbox 1767 2681 3345 2757">
     <span class='ocr_line' id='line_1_86' title="bbox 1767 2681 3345 2757; baseline -0.004 -18"><span class='ocrx_word' id='word_1_585' title='bbox 1767 2701 1980 2757; x_wconf 83' lang='lat' dir='ltr'><strong>nymus,</strong></span> <span class='ocrx_word' id='word_1_586' title='bbox 2020 2685 2311 2739; x_wconf 86' lang='lat' dir='ltr'><strong>Annalium</strong></span> <span class='ocrx_word' id='word_1_587' title='bbox 2342 2682 2562 2739; x_wconf 83' lang='lat' dir='ltr'><strong>Ordinis</strong></span> <span class='ocrx_word' id='word_1_588' title='bbox 2589 2683 2671 2738; x_wconf 91' lang='lat' dir='ltr'><strong>sui</strong></span> <span class='ocrx_word' id='word_1_589' title='bbox 2702 2683 2823 2737; x_wconf 89' lang='lat' dir='ltr'><strong>lihri</strong></span> <span class='ocrx_word' id='word_1_590' title='bbox 2865 2682 3044 2752; x_wconf 83' lang='lat' dir='ltr'><strong>quarti</strong></span> <span class='ocrx_word' id='word_1_591' title='bbox 3081 2681 3345 2735; x_wconf 87' lang='lat' dir='ltr'><strong>hactenus</strong></span> 
     </span>
    </p>
   </div>
   <div class='ocr_carea' id='block_1_87' title="bbox 1767 2770 3342 2847">
    <p class='ocr_par' dir='ltr' id='par_1_87' title="bbox 1767 2770 3342 2847">
     <span class='ocr_line' id='line_1_87' title="bbox 1767 2770 3342 2847; baseline -0.005 -16"><span class='ocrx_word' id='word_1_592' title='bbox 1767 2793 1873 2831; x_wconf 87' lang='lat' dir='ltr'><strong>non</strong></span> <span class='ocrx_word' id='word_1_593' title='bbox 1895 2776 2091 2847; x_wconf 79' lang='lat' dir='ltr'><strong>vulgati</strong></span> <span class='ocrx_word' id='word_1_594' title='bbox 2114 2784 2325 2839; x_wconf 77' lang='lat' dir='ltr'><strong>auctor,</strong></span> <span class='ocrx_word' id='word_1_595' title='bbox 2352 2794 2369 2828; x_wconf 74' lang='grc' dir='ltr'><strong><em>ι</em></strong></span> <span class='ocrx_word' id='word_1_596' title='bbox 2397 2775 2702 2843; x_wconf 66' lang='lat' dir='ltr'><strong>Quorsum.</strong></span> <span class='ocrx_word' id='word_1_597' title='bbox 2731 2773 2927 2846; x_wconf 80' lang='lat' dir='ltr'><strong>(inquit</strong></span> <span class='ocrx_word' id='word_1_598' title='bbox 2948 2770 3342 2827; x_wconf 67' lang='lat' dir='ltr'><strong>lucubrationis</strong></span> 
     </span>
    </p>
   </div>
   <div class='ocr_carea' id='block_1_88' title="bbox 1772 2860 3343 2939">
    <p class='ocr_par' dir='ltr' id='par_1_88' title="bbox 1772 2860 3343 2939">
     <span class='ocr_line' id='line_1_88' title="bbox 1772 2860 3343 2939; baseline -0.006 -17"><span class='ocrx_word' id='word_1_599' title='bbox 1772 2883 1884 2923; x_wconf 66' lang='lat' dir='ltr'><strong>sure</strong></span> <span class='ocrx_word' id='word_1_600' title='bbox 1915 2882 2068 2922; x_wconf 91' lang='lat' dir='ltr'><strong>num.</strong></span> <span class='ocrx_word' id='word_1_601' title='bbox 2110 2866 2200 2939; x_wconf 83' lang='lat'><strong>90)</strong></span> <span class='ocrx_word' id='word_1_602' title='bbox 2240 2867 2397 2937; x_wconf 89' lang='lat' dir='ltr'><strong>hujus</strong></span> <span class='ocrx_word' id='word_1_603' title='bbox 2442 2865 2645 2919; x_wconf 90' lang='lat' dir='ltr'><strong>mentio</strong></span> <span class='ocrx_word' id='word_1_604' title='bbox 2684 2863 3004 2933; x_wconf 88' lang='lat' dir='ltr'><strong>spectaculi,</strong></span> <span class='ocrx_word' id='word_1_605' title='bbox 3048 2862 3189 2931; x_wconf 86' lang='lat' dir='ltr'><strong>quod</strong></span> <span class='ocrx_word' id='word_1_606' title='bbox 3240 2860 3343 2915; x_wconf 80' lang='lat' dir='ltr'><strong>Ba—</strong></span> 
     </span>
    </p>
   </div>
   <div class='ocr_carea' id='block_1_89' title="bbox 1766 2952 3342 3027">
    <p class='ocr_par' dir='ltr' id='par_1_89' title="bbox 1766 2952 3342 3027">
     <span class='ocr_line' id='line_1_89' title="bbox 1766 2952 3342 3027; baseline -0.005 -15"><span class='ocrx_word' id='word_1_607' title='bbox 1766 2958 2028 3027; x_wconf 90' lang='lat' dir='ltr'><strong>dulphnm</strong></span> <span class='ocrx_word' id='word_1_608' title='bbox 2054 2972 2158 3011; x_wconf 89' lang='lat' dir='ltr'><strong>non</strong></span> <span class='ocrx_word' id='word_1_609' title='bbox 2186 2958 2485 3027; x_wconf 88' lang='lat' dir='ltr'><strong>spectabat,</strong></span> <span class='ocrx_word' id='word_1_610' title='bbox 2515 2955 2712 3025; x_wconf 87' lang='lat' dir='ltr'><strong>quippe</strong></span> <span class='ocrx_word' id='word_1_611' title='bbox 2738 2954 2828 3024; x_wconf 89' lang='lat' dir='ltr'><strong>qui</strong></span> <span class='ocrx_word' id='word_1_612' title='bbox 2860 2963 3044 3009; x_wconf 88' lang='lat' dir='ltr'><strong>votum</strong></span> <span class='ocrx_word' id='word_1_613' title='bbox 3077 2968 3231 3008; x_wconf 85' lang='lat' dir='ltr'><strong>suum</strong></span> <span class='ocrx_word' id='word_1_614' title='bbox 3255 2952 3342 3005; x_wconf 87' lang='lat' dir='ltr'><strong>diu</strong></span> 
     </span>
    </p>
   </div>
   <div class='ocr_carea' id='block_1_90' title="bbox 1766 3044 3346 3115">
    <p class='ocr_par' dir='ltr' id='par_1_90' title="bbox 1766 3044 3346 3115">
     <span class='ocr_line' id='line_1_90' title="bbox 1766 3044 3346 3115; baseline -0.005 -12"><span class='ocrx_word' id='word_1_615' title='bbox 1766 3047 1950 3103; x_wconf 90' lang='lat' dir='ltr'><strong>forsan</strong></span> <span class='ocrx_word' id='word_1_616' title='bbox 1996 3058 2123 3109; x_wconf 88' lang='lat' dir='ltr'><strong>ante</strong></span> <span class='ocrx_word' id='word_1_617' title='bbox 2167 3049 2463 3103; x_wconf 77' lang='lat' dir='ltr'><strong>emiserat?</strong></span> <span class='ocrx_word' id='word_1_618' title='bbox 2525 3046 2767 3115; x_wconf 87' lang='lat' dir='ltr'><strong>Cumque</strong></span> <span class='ocrx_word' id='word_1_619' title='bbox 2823 3046 2954 3100; x_wconf 85' lang='lat' dir='ltr'><strong>illud</strong></span> <span class='ocrx_word' id='word_1_620' title='bbox 3014 3061 3078 3100; x_wconf 85' lang='lat' dir='ltr'><strong>ex</strong></span> <span class='ocrx_word' id='word_1_621' title='bbox 3118 3044 3346 3098; x_wconf 89' lang='lat' dir='ltr'><strong>Chroni-</strong></span> 
     </span>
    </p>
   </div>
   <div class='ocr_carea' id='block_1_91' title="bbox 1764 3134 3344 3208">
    <p class='ocr_par' dir='ltr' id='par_1_91' title="bbox 1764 3134 3344 3208">
     <span class='ocr_line' id='line_1_91' title="bbox 1764 3134 3344 3208; baseline -0.006 -14"><span class='ocrx_word' id='word_1_622' title='bbox 1764 3140 1842 3194; x_wconf 89' lang='lat' dir='ltr'><strong>cis</strong></span> <span class='ocrx_word' id='word_1_623' title='bbox 1872 3139 2091 3194; x_wconf 89' lang='lat' dir='ltr'><strong>Ordinis</strong></span> <span class='ocrx_word' id='word_1_624' title='bbox 2119 3138 2542 3208; x_wconf 86' lang='lat' dir='ltr'><strong>(Carthusiensis</strong></span> <span class='ocrx_word' id='word_1_625' title='bbox 2574 3136 2852 3207; x_wconf 90' lang='lat' dir='ltr'><strong>nimirum)</strong></span> <span class='ocrx_word' id='word_1_626' title='bbox 2874 3136 3086 3190; x_wconf 89' lang='lat' dir='ltr'><strong>dicatur</strong></span> <span class='ocrx_word' id='word_1_627' title='bbox 3120 3134 3344 3188; x_wconf 69' lang='lat' dir='ltr'><strong>Parisiis</strong></span> 
     </span>
    </p>
   </div>
   <div class='ocr_carea' id='block_1_92' title="bbox 1762 3221 3341 3297">
    <p class='ocr_par' dir='ltr' id='par_1_92' title="bbox 1762 3221 3341 3297">
     <span class='ocr_line' id='line_1_92' title="bbox 1762 3221 3341 3297; baseline -0.005 -13"><span class='ocrx_word' id='word_1_628' title='bbox 1762 3229 2023 3284; x_wconf 88' lang='lat' dir='ltr'><strong>accidisse</strong></span> <span class='ocrx_word' id='word_1_629' title='bbox 2069 3243 2210 3282; x_wconf 91' lang='lat' dir='ltr'><strong>anno</strong></span> <span class='ocrx_word' id='word_1_630' title='bbox 2253 3226 2412 3295; x_wconf 65' lang='lat'><strong>£082,</strong></span> <span class='ocrx_word' id='word_1_631' title='bbox 2460 3242 2567 3297; x_wconf 91' lang='lat' dir='ltr'><strong>quo</strong></span> <span class='ocrx_word' id='word_1_632' title='bbox 2614 3226 2831 3297; x_wconf 88' lang='lat' dir='ltr'><strong>quidem</strong></span> <span class='ocrx_word' id='word_1_633' title='bbox 2873 3233 3114 3293; x_wconf 89' lang='lat' dir='ltr'><strong>tempore</strong></span> <span class='ocrx_word' id='word_1_634' title='bbox 3154 3221 3341 3277; x_wconf 78' lang='lat' dir='ltr'><strong>clerici</strong></span> 
     </span>
    </p>
   </div>
   <div class='ocr_carea' id='block_1_93' title="bbox 1767 3314 3339 3388">
    <p class='ocr_par' dir='ltr' id='par_1_93' title="bbox 1767 3314 3339 3388">
     <span class='ocr_line' id='line_1_93' title="bbox 1767 3314 3339 3388; baseline -0.005 -13"><span class='ocrx_word' id='word_1_635' title='bbox 1767 3320 2084 3387; x_wconf 85' lang='lat' dir='ltr'><strong>Remenses,</strong></span> <span class='ocrx_word' id='word_1_636' title='bbox 2136 3334 2164 3373; x_wconf 93' lang='lat' dir='ltr'><strong>a</strong></span> <span class='ocrx_word' id='word_1_637' title='bbox 2208 3318 2456 3374; x_wconf 79' lang='lat' dir='ltr'><strong>Manasse</strong></span> <span class='ocrx_word' id='word_1_638' title='bbox 2492 3320 2619 3374; x_wconf 91' lang='lat' dir='ltr'><strong>olim</strong></span> <span class='ocrx_word' id='word_1_639' title='bbox 2656 3317 2888 3388; x_wconf 84' lang='lat' dir='ltr'><strong>expulsi,</strong></span> <span class='ocrx_word' id='word_1_640' title='bbox 2934 3315 3001 3371; x_wconf 90' lang='lat' dir='ltr'><strong>ad</strong></span> <span class='ocrx_word' id='word_1_641' title='bbox 3054 3314 3339 3371; x_wconf 86' lang='lat' dir='ltr'><strong>ecclesiam</strong></span> 
     </span>
    </p>
   </div>
   <div class='ocr_carea' id='block_1_94' title="bbox 1763 3404 3333 3477">
    <p class='ocr_par' dir='ltr' id='par_1_94' title="bbox 1763 3404 3333 3477">
     <span class='ocr_line' id='line_1_94' title="bbox 1763 3404 3333 3477; baseline -0.002 -14"><span class='ocrx_word' id='word_1_642' title='bbox 1763 3424 1916 3463; x_wconf 88' lang='lat' dir='ltr'><strong>suam</strong></span> <span class='ocrx_word' id='word_1_643' title='bbox 1937 3408 2048 3477; x_wconf 88' lang='lat' dir='ltr'><strong>jam</strong></span> <span class='ocrx_word' id='word_1_644' title='bbox 2078 3408 2370 3477; x_wconf 90' lang='lat' dir='ltr'><strong>redierant,</strong></span> <span class='ocrx_word' id='word_1_645' title='bbox 2415 3409 2532 3464; x_wconf 90' lang='lat' dir='ltr'><strong>fieri</strong></span> <span class='ocrx_word' id='word_1_646' title='bbox 2564 3418 2765 3477; x_wconf 87' lang='lat' dir='ltr'><strong>potest,</strong></span> <span class='ocrx_word' id='word_1_647' title='bbox 2792 3408 2935 3477; x_wconf 81' lang='lat' dir='ltr'><strong>quod</strong></span> <span class='ocrx_word' id='word_1_648' title='bbox 2977 3404 3063 3460; x_wconf 86' lang='lat' dir='ltr'><strong>vel</strong></span> <span class='ocrx_word' id='word_1_649' title='bbox 3094 3404 3249 3471; x_wconf 89' lang='lat' dir='ltr'><strong>illud,</strong></span> <span class='ocrx_word' id='word_1_650' title='bbox 3284 3406 3333 3460; x_wconf 87' lang='lat' dir='ltr'><strong>si</strong></span> 
     </span>
    </p>
   </div>
   <div class='ocr_carea' id='block_1_95' title="bbox 1762 3496 3337 3563">
    <p class='ocr_par' dir='ltr' id='par_1_95' title="bbox 1762 3496 3337 3563">
     <span class='ocr_line' id='line_1_95' title="bbox 1762 3496 3337 3563; baseline -0.004 -7"><span class='ocrx_word' id='word_1_651' title='bbox 1762 3500 1816 3557; x_wconf 87' lang='lat' dir='ltr'><strong>in</strong></span> <span class='ocrx_word' id='word_1_652' title='bbox 1863 3499 1983 3555; x_wconf 86' lang='lat' dir='ltr'><strong>aula</strong></span> <span class='ocrx_word' id='word_1_653' title='bbox 2036 3500 2176 3554; x_wconf 91' lang='lat' dir='ltr'><strong>inter</strong></span> <span class='ocrx_word' id='word_1_654' title='bbox 2221 3499 2427 3554; x_wconf 84' lang='lat' dir='ltr'><strong>amicos</strong></span> <span class='ocrx_word' id='word_1_655' title='bbox 2466 3514 2554 3553; x_wconf 91' lang='lat' dir='ltr'><strong>res</strong></span> <span class='ocrx_word' id='word_1_656' title='bbox 2600 3508 2720 3553; x_wconf 88' lang='lat' dir='ltr'><strong>acta</strong></span> <span class='ocrx_word' id='word_1_657' title='bbox 2770 3498 2893 3563; x_wconf 88' lang='lat' dir='ltr'><strong>fuit,</strong></span> <span class='ocrx_word' id='word_1_658' title='bbox 2932 3505 2992 3551; x_wconf 88' lang='lat' dir='ltr'><strong>ut</strong></span> <span class='ocrx_word' id='word_1_659' title='bbox 3034 3512 3101 3551; x_wconf 85' lang='lat' dir='ltr'><strong>ex</strong></span> <span class='ocrx_word' id='word_1_660' title='bbox 3146 3496 3337 3550; x_wconf 88' lang='lat' dir='ltr'><strong>iisdem</strong></span> 
     </span>
    </p>
   </div>
   <div class='ocr_carea' id='block_1_96' title="bbox 1764 3588 3336 3662">
    <p class='ocr_par' dir='ltr' id='par_1_96' title="bbox 1764 3588 3336 3662">
     <span class='ocr_line' id='line_1_96' title="bbox 1764 3588 3336 3662; baseline -0.001 -17"><span class='ocrx_word' id='word_1_661' title='bbox 1764 3591 2052 3646; x_wconf 81' lang='lat' dir='ltr'><strong>Chronicis</strong></span> <span class='ocrx_word' id='word_1_662' title='bbox 2080 3591 2438 3662; x_wconf 84' lang='lat' dir='ltr'><strong>colligendum</strong></span> <span class='ocrx_word' id='word_1_663' title='bbox 2481 3600 2585 3657; x_wconf 91' lang='lat' dir='ltr'><strong>est,</strong></span> <span class='ocrx_word' id='word_1_664' title='bbox 2637 3591 2968 3661; x_wconf 88' lang='lat' dir='ltr'><strong>ignoraverit</strong></span> <span class='ocrx_word' id='word_1_665' title='bbox 2995 3588 3336 3657; x_wconf 83' lang='lat' dir='ltr'><strong>Radulphus,</strong></span> 
     </span>
    </p>
   </div>
   <div class='ocr_carea' id='block_1_97' title="bbox 1760 3681 3337 3738">
    <p class='ocr_par' dir='ltr' id='par_1_97' title="bbox 1760 3681 3337 3738">
     <span class='ocr_line' id='line_1_97' title="bbox 1760 3681 3337 3738; baseline 0 -4"><span class='ocrx_word' id='word_1_666' title='bbox 1760 3683 1845 3738; x_wconf 87' lang='lat' dir='ltr'><strong>vel</strong></span> <span class='ocrx_word' id='word_1_667' title='bbox 1865 3683 2055 3737; x_wconf 86' lang='lat' dir='ltr'><strong>saltem</strong></span> <span class='ocrx_word' id='word_1_668' title='bbox 2079 3684 2127 3738; x_wconf 92' lang='lat' dir='ltr'><strong>ei</strong></span> <span class='ocrx_word' id='word_1_669' title='bbox 2155 3698 2259 3737; x_wconf 90' lang='lat' dir='ltr'><strong>non</strong></span> <span class='ocrx_word' id='word_1_670' title='bbox 2290 3682 2617 3738; x_wconf 88' lang='lat' dir='ltr'><strong>interfuerit.</strong></span> <span class='ocrx_word' id='word_1_671' title='bbox 2639 3683 2745 3738; x_wconf 89' lang='lat' dir='ltr'><strong>Sed</strong></span> <span class='ocrx_word' id='word_1_672' title='bbox 2769 3683 2868 3738; x_wconf 90' lang='lat' dir='ltr'><strong>etsi</strong></span> <span class='ocrx_word' id='word_1_673' title='bbox 2912 3681 3337 3737; x_wconf 88' lang='lat' dir='ltr'><strong>concederemus</strong></span> 
     </span>
    </p>
   </div>
   <div class='ocr_carea' id='block_1_98' title="bbox 1764 3771 3339 3843">
    <p class='ocr_par' dir='ltr' id='par_1_98' title="bbox 1764 3771 3339 3843">
     <span class='ocr_line' id='line_1_98' title="bbox 1764 3771 3339 3843; baseline -0.001 -17"><span class='ocrx_word' id='word_1_674' title='bbox 1764 3788 1888 3828; x_wconf 91' lang='lat' dir='ltr'><strong>eum</strong></span> <span class='ocrx_word' id='word_1_675' title='bbox 1921 3783 2049 3828; x_wconf 91' lang='lat' dir='ltr'><strong>tunc</strong></span> <span class='ocrx_word' id='word_1_676' title='bbox 2095 3771 2265 3830; x_wconf 88' lang='lat' dir='ltr'><strong>fuisse</strong></span> <span class='ocrx_word' id='word_1_677' title='bbox 2304 3782 2664 3842; x_wconf 84' lang='lat' dir='ltr'><strong>praesentem,</strong></span> <span class='ocrx_word' id='word_1_678' title='bbox 2708 3789 2816 3828; x_wconf 96' lang='lat' dir='ltr'><strong>non</strong></span> <span class='ocrx_word' id='word_1_679' title='bbox 2858 3773 2986 3829; x_wconf 88' lang='lat' dir='ltr'><strong>inde</strong></span> <span class='ocrx_word' id='word_1_680' title='bbox 3016 3781 3339 3843; x_wconf 85' lang='lat' dir='ltr'><strong>sequeretur</strong></span> 
     </span>
    </p>
   </div>
   <div class='ocr_carea' id='block_1_99' title="bbox 1758 3863 3333 3936">
    <p class='ocr_par' dir='ltr' id='par_1_99' title="bbox 1758 3863 3333 3936">
     <span class='ocr_line' id='line_1_99' title="bbox 1758 3863 3333 3936; baseline -0.003 -18"><span class='ocrx_word' id='word_1_681' title='bbox 1758 3864 2065 3919; x_wconf 88' lang='lat' dir='ltr'><strong>Brunouem</strong></span> <span class='ocrx_word' id='word_1_682' title='bbox 2113 3863 2290 3919; x_wconf 88' lang='lat' dir='ltr'><strong>amico</strong></span> <span class='ocrx_word' id='word_1_683' title='bbox 2334 3863 2588 3920; x_wconf 88' lang='lat' dir='ltr'><strong>debuisse</strong></span> <span class='ocrx_word' id='word_1_684' title='bbox 2635 3865 2813 3936; x_wconf 90' lang='lat' dir='ltr'><strong>potius</strong></span> <span class='ocrx_word' id='word_1_685' title='bbox 2856 3863 3117 3934; x_wconf 80' lang='lat' dir='ltr'><strong>prodigii,</strong></span> <span class='ocrx_word' id='word_1_686' title='bbox 3171 3877 3333 3932; x_wconf 90' lang='lat' dir='ltr'><strong>quam</strong></span> 
     </span>
    </p>
   </div>
   <div class='ocr_carea' id='block_1_100' title="bbox 1760 3954 3334 4012">
    <p class='ocr_par' dir='ltr' id='par_1_100' title="bbox 1760 3954 3334 4012">
     <span class='ocr_line' id='line_1_100' title="bbox 1760 3954 3334 4012; baseline 0 -5"><span class='ocrx_word' id='word_1_687' title='bbox 1760 3954 1868 4007; x_wconf 83' lang='lat' dir='ltr'><strong>voti</strong></span> <span class='ocrx_word' id='word_1_688' title='bbox 1923 3954 2106 4010; x_wconf 89' lang='lat' dir='ltr'><strong>emissi</strong></span> <span class='ocrx_word' id='word_1_689' title='bbox 2158 3955 2479 4010; x_wconf 87' lang='lat' dir='ltr'><strong>memoriam</strong></span> <span class='ocrx_word' id='word_1_690' title='bbox 2534 3956 2824 4012; x_wconf 85' lang='lat' dir='ltr'><strong>refricare.</strong></span> <span class='ocrx_word' id='word_1_691' title='bbox 2879 3956 3133 4011; x_wconf 85' lang='lat' dir='ltr'><strong>Paratius</strong></span> <span class='ocrx_word' id='word_1_692' title='bbox 3188 3955 3334 4010; x_wconf 87' lang='lat' dir='ltr'><strong>enim</strong></span> 
     </span>
    </p>
   </div>
   <div class='ocr_carea' id='block_1_101' title="bbox 1757 4046 3335 4117">
    <p class='ocr_par' dir='ltr' id='par_1_101' title="bbox 1757 4046 3335 4117">
     <span class='ocr_line' id='line_1_101' title="bbox 1757 4046 3335 4117; baseline -0.001 -16"><span class='ocrx_word' id='word_1_693' title='bbox 1757 4055 1875 4101; x_wconf 90' lang='lat' dir='ltr'><strong>erat</strong></span> <span class='ocrx_word' id='word_1_694' title='bbox 1906 4046 1971 4101; x_wconf 93' lang='lat' dir='ltr'><strong>ad</strong></span> <span class='ocrx_word' id='word_1_695' title='bbox 2001 4046 2374 4117; x_wconf 83' lang='lat' dir='ltr'><strong>configendam</strong></span> <span class='ocrx_word' id='word_1_696' title='bbox 2418 4047 2684 4117; x_wconf 71' lang='lat' dir='ltr'><strong>lladulphi</strong></span> <span class='ocrx_word' id='word_1_697' title='bbox 2706 4049 3129 4103; x_wconf 87' lang='lat' dir='ltr'><strong>.cunctationem</strong></span> <span class='ocrx_word' id='word_1_698' title='bbox 3159 4046 3209 4102; x_wconf 91' lang='lat' dir='ltr'><strong>ei</strong></span> <span class='ocrx_word' id='word_1_699' title='bbox 3237 4061 3335 4116; x_wconf 88' lang='lat' dir='ltr'><strong>op-</strong></span> 
     </span>
    </p>
   </div>
   <div class='ocr_carea' id='block_1_102' title="bbox 1755 4139 3335 4209">
    <p class='ocr_par' dir='ltr' id='par_1_102' title="bbox 1755 4139 3335 4209">
     <span class='ocr_line' id='line_1_102' title="bbox 1755 4139 3335 4209; baseline -0.001 -15"><span class='ocrx_word' id='word_1_700' title='bbox 1755 4147 1986 4209; x_wconf 91' lang='lat' dir='ltr'><strong>portune</strong></span> <span class='ocrx_word' id='word_1_701' title='bbox 2016 4148 2073 4193; x_wconf 90' lang='lat' dir='ltr'><strong>et</strong></span> <span class='ocrx_word' id='word_1_702' title='bbox 2126 4139 2435 4209; x_wconf 89' lang='lat' dir='ltr'><strong>importune</strong></span> <span class='ocrx_word' id='word_1_703' title='bbox 2485 4140 2757 4194; x_wconf 88' lang='lat' dir='ltr'><strong>inculcare</strong></span> <span class='ocrx_word' id='word_1_704' title='bbox 2799 4148 3006 4207; x_wconf 86' lang='lat' dir='ltr'><strong>votum,</strong></span> <span class='ocrx_word' id='word_1_705' title='bbox 3049 4153 3156 4209; x_wconf 90' lang='lat' dir='ltr'><strong>quo</strong></span> <span class='ocrx_word' id='word_1_706' title='bbox 3184 4148 3335 4193; x_wconf 83' lang='lat' dir='ltr'><strong>tene-</strong></span> 
     </span>
    </p>
   </div>
   <div class='ocr_carea' id='block_1_103' title="bbox 1755 4228 3331 4299">
    <p class='ocr_par' dir='ltr' id='par_1_103' title="bbox 1755 4228 3331 4299">
     <span class='ocr_line' id='line_1_103' title="bbox 1755 4228 3331 4299; baseline -0.004 -14"><span class='ocrx_word' id='word_1_707' title='bbox 1755 4231 1917 4285; x_wconf 88' lang='lat' dir='ltr'><strong>batur</strong></span> <span class='ocrx_word' id='word_1_708' title='bbox 1962 4230 2244 4295; x_wconf 88' lang='lat' dir='ltr'><strong>astrictus,</strong></span> <span class='ocrx_word' id='word_1_709' title='bbox 2301 4229 2367 4284; x_wconf 91' lang='lat' dir='ltr'><strong>ad</strong></span> <span class='ocrx_word' id='word_1_710' title='bbox 2407 4230 2553 4299; x_wconf 89' lang='lat' dir='ltr'><strong>quod</strong></span> <span class='ocrx_word' id='word_1_711' title='bbox 2603 4229 2987 4285; x_wconf 80' lang='lat' dir='ltr'><strong>exsolvendum</strong></span> <span class='ocrx_word' id='word_1_712' title='bbox 3041 4228 3140 4282; x_wconf 88' lang='lat' dir='ltr'><strong>sub</strong></span> <span class='ocrx_word' id='word_1_713' title='bbox 3167 4240 3331 4295; x_wconf 67' lang='lat' dir='ltr'><strong>paena</strong></span> 
     </span>
    </p>
   </div>
   <div class='ocr_carea' id='block_1_104' title="bbox 1755 4319 3332 4393">
    <p class='ocr_par' dir='ltr' id='par_1_104' title="bbox 1755 4319 3332 4393">
     <span class='ocr_line' id='line_1_104' title="bbox 1755 4319 3332 4393; baseline -0.004 -16"><span class='ocrx_word' id='word_1_714' title='bbox 1755 4322 1963 4392; x_wconf 89' lang='lat' dir='ltr'><strong>peccati</strong></span> <span class='ocrx_word' id='word_1_715' title='bbox 2017 4322 2262 4377; x_wconf 88' lang='lat' dir='ltr'><strong>mortalis</strong></span> <span class='ocrx_word' id='word_1_716' title='bbox 2280 4322 2719 4392; x_wconf 76' lang='lat' dir='ltr'><strong>obligabatur,ex</strong></span> <span class='ocrx_word' id='word_1_717' title='bbox 2740 4320 2895 4393; x_wconf 90' lang='lat' dir='ltr'><strong>cujus</strong></span> <span class='ocrx_word' id='word_1_718' title='bbox 2923 4320 3133 4375; x_wconf 86' lang='lat' dir='ltr'><strong>defectu</strong></span> <span class='ocrx_word' id='word_1_719' title='bbox 3175 4319 3332 4373; x_wconf 61' lang='lat' dir='ltr'><strong>dam»</strong></span> 
     </span>
    </p>
   </div>
   <div class='ocr_carea' id='block_1_105' title="bbox 1758 4410 3332 4480">
    <p class='ocr_par' dir='ltr' id='par_1_105' title="bbox 1758 4410 3332 4480">
     <span class='ocr_line' id='line_1_105' title="bbox 1758 4410 3332 4480; baseline -0.001 -14"><span class='ocrx_word' id='word_1_720' title='bbox 1758 4413 2027 4468; x_wconf 90' lang='lat' dir='ltr'><strong>nationem</strong></span> <span class='ocrx_word' id='word_1_721' title='bbox 2054 4421 2166 4468; x_wconf 89' lang='lat' dir='ltr'><strong>erat</strong></span> <span class='ocrx_word' id='word_1_722' title='bbox 2196 4413 2513 4470; x_wconf 82' lang='lat' dir='ltr'><strong>incursuros</strong></span> <span class='ocrx_word' id='word_1_723' title='bbox 2543 4422 2826 4476; x_wconf 60' lang='lat' dir='ltr'><strong>aeternam,</strong></span> <span class='ocrx_word' id='word_1_724' title='bbox 2869 4427 3031 4480; x_wconf 88' lang='lat' dir='ltr'><strong>quam</strong></span> <span class='ocrx_word' id='word_1_725' title='bbox 3064 4410 3198 4465; x_wconf 87' lang='lat' dir='ltr'><strong>alias</strong></span> <span class='ocrx_word' id='word_1_726' title='bbox 3220 4426 3332 4465; x_wconf 87' lang='lat' dir='ltr'><strong>non</strong></span> 
     </span>
    </p>
   </div>
   <div class='ocr_carea' id='block_1_106' title="bbox 1752 4502 3331 4567">
    <p class='ocr_par' dir='ltr' id='par_1_106' title="bbox 1752 4502 3331 4567">
     <span class='ocr_line' id='line_1_106' title="bbox 1752 4502 3331 4567; baseline -0.001 -10"><span class='ocrx_word' id='word_1_727' title='bbox 1752 4510 1869 4557; x_wconf 84' lang='lat' dir='ltr'><strong>erat</strong></span> <span class='ocrx_word' id='word_1_728' title='bbox 1933 4502 2268 4567; x_wconf 83' lang='lat' dir='ltr'><strong>incursuros,</strong></span> <span class='ocrx_word' id='word_1_729' title='bbox 2315 4503 2418 4557; x_wconf 91' lang='lat' dir='ltr'><strong>etsi</strong></span> <span class='ocrx_word' id='word_1_730' title='bbox 2466 4518 2573 4557; x_wconf 92' lang='lat' dir='ltr'><strong>non</strong></span> <span class='ocrx_word' id='word_1_731' title='bbox 2620 4503 2853 4567; x_wconf 87' lang='lat' dir='ltr'><strong>audiret,</strong></span> <span class='ocrx_word' id='word_1_732' title='bbox 2901 4518 2999 4556; x_wconf 90' lang='lat' dir='ltr'><strong>nec</strong></span> <span class='ocrx_word' id='word_1_733' title='bbox 3026 4503 3331 4567; x_wconf 88' lang='lat' dir='ltr'><strong>obaudiret,</strong></span> 
     </span>
    </p>
   </div>
   <div class='ocr_carea' id='block_1_107' title="bbox 1752 4593 3324 4664">
    <p class='ocr_par' dir='ltr' id='par_1_107' title="bbox 1752 4593 3324 4664">
     <span class='ocr_line' id='line_1_107' title="bbox 1752 4593 3324 4664; baseline 0.003 -17"><span class='ocrx_word' id='word_1_734' title='bbox 1752 4594 2069 4664; x_wconf 74' lang='lat' dir='ltr'><strong>prmdictum</strong></span> <span class='ocrx_word' id='word_1_735' title='bbox 2113 4594 2500 4662; x_wconf 87' lang='lat' dir='ltr'><strong>spectaculum.</strong></span> <span class='ocrx_word' id='word_1_736' title='bbox 2549 4593 2722 4661; x_wconf 87' lang='lat' dir='ltr'><strong>Quam</strong></span> <span class='ocrx_word' id='word_1_737' title='bbox 2759 4595 2827 4650; x_wconf 90' lang='lat' dir='ltr'><strong>ob</strong></span> <span class='ocrx_word' id='word_1_738' title='bbox 2883 4610 2997 4651; x_wconf 90' lang='lat' dir='ltr'><strong>rem</strong></span> <span class='ocrx_word' id='word_1_739' title='bbox 3042 4596 3176 4651; x_wconf 88' lang='lat' dir='ltr'><strong>nihil</strong></span> <span class='ocrx_word' id='word_1_740' title='bbox 3210 4595 3324 4651; x_wconf 91' lang='lat' dir='ltr'><strong>fre-</strong></span> 
     </span>
    </p>
   </div>
   <div class='ocr_carea' id='block_1_108' title="bbox 1751 4686 3322 4758">
    <p class='ocr_par' dir='ltr' id='par_1_108' title="bbox 1751 4686 3322 4758">
     <span class='ocr_line' id='line_1_108' title="bbox 1751 4686 3322 4758; baseline 0.002 -19"><span class='ocrx_word' id='word_1_741' title='bbox 1751 4686 2004 4755; x_wconf 86' lang='lat' dir='ltr'><strong>quentius</strong></span> <span class='ocrx_word' id='word_1_742' title='bbox 2052 4686 2103 4740; x_wconf 87' lang='lat' dir='ltr'><strong>ei</strong></span> <span class='ocrx_word' id='word_1_743' title='bbox 2134 4694 2353 4741; x_wconf 86' lang='lat' dir='ltr'><strong>sanctus</strong></span> <span class='ocrx_word' id='word_1_744' title='bbox 2382 4686 2564 4741; x_wconf 90' lang='lat' dir='ltr'><strong>Bruno</strong></span> <span class='ocrx_word' id='word_1_745' title='bbox 2596 4687 2795 4756; x_wconf 81' lang='lat' dir='ltr'><strong>ingerit</strong></span> <span class='ocrx_word' id='word_1_746' title='bbox 2847 4689 2899 4742; x_wconf 91' lang='lat' dir='ltr'><strong>in</strong></span> <span class='ocrx_word' id='word_1_747' title='bbox 2932 4704 3028 4743; x_wconf 89' lang='lat' dir='ltr'><strong>sua</strong></span> <span class='ocrx_word' id='word_1_748' title='bbox 3060 4689 3322 4758; x_wconf 83' lang='lat' dir='ltr'><strong>Epistola,</strong></span> 
     </span>
    </p>
   </div>
   <div class='ocr_carea' id='block_1_109' title="bbox 1751 4776 3324 4850">
    <p class='ocr_par' dir='ltr' id='par_1_109' title="bbox 1751 4776 3324 4850">
     <span class='ocr_line' id='line_1_109' title="bbox 1751 4776 3324 4850; baseline 0.001 -18"><span class='ocrx_word' id='word_1_749' title='bbox 1751 4793 1911 4848; x_wconf 89' lang='lat' dir='ltr'><strong>quam</strong></span> <span class='ocrx_word' id='word_1_750' title='bbox 1971 4776 2357 4847; x_wconf 86' lang='lat' dir='ltr'><strong>obligationcm</strong></span> <span class='ocrx_word' id='word_1_751' title='bbox 2413 4787 2597 4833; x_wconf 88' lang='lat' dir='ltr'><strong>votum</strong></span> <span class='ocrx_word' id='word_1_752' title='bbox 2649 4779 2984 4845; x_wconf 74' lang='lat' dir='ltr'><strong>exsolvendi,</strong></span> <span class='ocrx_word' id='word_1_753' title='bbox 3018 4790 3071 4834; x_wconf 90' lang='lat' dir='ltr'><strong>et</strong></span> <span class='ocrx_word' id='word_1_754' title='bbox 3115 4796 3324 4850; x_wconf 73' lang='lat' dir='ltr'><strong>punias,</strong></span> 
     </span>
    </p>
   </div>
   <div class='ocr_carea' id='block_1_110' title="bbox 1750 4867 3321 4939">
    <p class='ocr_par' dir='ltr' id='par_1_110' title="bbox 1750 4867 3321 4939">
     <span class='ocr_line' id='line_1_110' title="bbox 1750 4867 3321 4939; baseline -0.001 -15"><span class='ocrx_word' id='word_1_755' title='bbox 1750 4883 1885 4939; x_wconf 88' lang='lat' dir='ltr'><strong>quas</strong></span> <span class='ocrx_word' id='word_1_756' title='bbox 1912 4870 2052 4923; x_wconf 89' lang='lat' dir='ltr'><strong>Deus</strong></span> <span class='ocrx_word' id='word_1_757' title='bbox 2080 4867 2345 4938; x_wconf 86' lang='lat' dir='ltr'><strong>promissa</strong></span> <span class='ocrx_word' id='word_1_758' title='bbox 2385 4870 2486 4925; x_wconf 90' lang='lat' dir='ltr'><strong>sibi</strong></span> <span class='ocrx_word' id='word_1_759' title='bbox 2514 4886 2621 4925; x_wconf 92' lang='lat' dir='ltr'><strong>non</strong></span> <span class='ocrx_word' id='word_1_760' title='bbox 2652 4869 2980 4927; x_wconf 78' lang='lat' dir='ltr'><strong>facientibus</strong></span> <span class='ocrx_word' id='word_1_761' title='bbox 3004 4872 3261 4926; x_wconf 88' lang='lat' dir='ltr'><strong>minatur.</strong></span> <span class='ocrx_word' id='word_1_762' title='bbox 3302 4891 3321 4923; x_wconf 70' lang='grc' dir='ltr'><strong><em>ι</em></strong></span> 
     </span>
    </p>
   </div>
   <div class='ocr_carea' id='block_1_111' title="bbox 1749 4960 3326 5032">
    <p class='ocr_par' dir='ltr' id='par_1_111' title="bbox 1749 4960 3326 5032">
     <span class='ocr_line' id='line_1_111' title="bbox 1749 4960 3326 5032; baseline 0.001 -17"><span class='ocrx_word' id='word_1_763' title='bbox 1749 4961 1823 5015; x_wconf 87' lang='lat' dir='ltr'><strong>lta</strong></span> <span class='ocrx_word' id='word_1_764' title='bbox 1855 4960 1962 5026; x_wconf 90' lang='lat' dir='ltr'><strong>ille,</strong></span> <span class='ocrx_word' id='word_1_765' title='bbox 1987 4961 2265 5030; x_wconf 87' lang='lat' dir='ltr'><strong>proposito</strong></span> <span class='ocrx_word' id='word_1_766' title='bbox 2293 4978 2321 5015; x_wconf 91' lang='lat' dir='ltr'><strong>a</strong></span> <span class='ocrx_word' id='word_1_767' title='bbox 2344 4962 2587 5017; x_wconf 86' lang='lat' dir='ltr'><strong>Launoio</strong></span> <span class='ocrx_word' id='word_1_768' title='bbox 2608 4973 2925 5032; x_wconf 89' lang='lat' dir='ltr'><strong>argumento</strong></span> <span class='ocrx_word' id='word_1_769' title='bbox 2945 4963 3078 5018; x_wconf 91' lang='lat' dir='ltr'><strong>nihil</strong></span> <span class='ocrx_word' id='word_1_770' title='bbox 3101 4963 3326 5019; x_wconf 91' lang='lat' dir='ltr'><strong>omnino</strong></span> 
     </span>
    </p>
   </div>
   <div class='ocr_carea' id='block_1_112' title="bbox 1748 5049 3328 5117">
    <p class='ocr_par' dir='ltr' id='par_1_112' title="bbox 1748 5049 3328 5117">
     <span class='ocr_line' id='line_1_112' title="bbox 1748 5049 3328 5117; baseline 0.003 -14"><span class='ocrx_word' id='word_1_771' title='bbox 1748 5058 1936 5104; x_wconf 87' lang='lat' dir='ltr'><strong>contra</strong></span> <span class='ocrx_word' id='word_1_772' title='bbox 1979 5049 2220 5105; x_wconf 89' lang='lat' dir='ltr'><strong>doctoris</strong></span> <span class='ocrx_word' id='word_1_773' title='bbox 2271 5051 2514 5106; x_wconf 88' lang='lat' dir='ltr'><strong>damnati</strong></span> <span class='ocrx_word' id='word_1_774' title='bbox 2561 5053 2846 5109; x_wconf 82' lang='lat' dir='ltr'><strong>historiam</strong></span> <span class='ocrx_word' id='word_1_775' title='bbox 2886 5054 3084 5117; x_wconf 85' lang='lat' dir='ltr'><strong>evinci,</strong></span> <span class='ocrx_word' id='word_1_776' title='bbox 3118 5054 3328 5107; x_wconf 84' lang='lat' dir='ltr'><strong>idcirco</strong></span> 
     </span>
    </p>
   </div>
   <div class='ocr_carea' id='block_1_113' title="bbox 1748 5141 3323 5213">
    <p class='ocr_par' dir='ltr' id='par_1_113' title="bbox 1748 5141 3323 5213">
     <span class='ocr_line' id='line_1_113' title="bbox 1748 5141 3323 5213; baseline 0.003 -20"><span class='ocrx_word' id='word_1_777' title='bbox 1748 5141 2084 5211; x_wconf 88' lang='lat' dir='ltr'><strong>potissimum</strong></span> <span class='ocrx_word' id='word_1_778' title='bbox 2109 5143 2460 5207; x_wconf 74' lang='lat' dir='ltr'><strong>contendens,</strong></span> <span class='ocrx_word' id='word_1_779' title='bbox 2499 5145 2641 5213; x_wconf 90' lang='lat' dir='ltr'><strong>quod</strong></span> <span class='ocrx_word' id='word_1_780' title='bbox 2676 5154 2897 5201; x_wconf 88' lang='lat' dir='ltr'><strong>sanctus</strong></span> <span class='ocrx_word' id='word_1_781' title='bbox 2929 5145 2981 5199; x_wconf 91' lang='lat' dir='ltr'><strong>in</strong></span> <span class='ocrx_word' id='word_1_782' title='bbox 3006 5160 3099 5200; x_wconf 88' lang='lat' dir='ltr'><strong>sua</strong></span> <span class='ocrx_word' id='word_1_783' title='bbox 3126 5146 3194 5199; x_wconf 84' lang='lat' dir='ltr'><strong>ad</strong></span> <span class='ocrx_word' id='word_1_784' title='bbox 3218 5145 3323 5198; x_wconf 78' lang='lat' dir='ltr'><strong>lla-</strong></span> 
     </span>
    </p>
   </div>
   <div class='ocr_carea' id='block_1_114' title="bbox 1746 5232 3321 5305">
    <p class='ocr_par' dir='ltr' id='par_1_114' title="bbox 1746 5232 3321 5305">
     <span class='ocr_line' id='line_1_114' title="bbox 1746 5232 3321 5305; baseline 0.004 -20"><span class='ocrx_word' id='word_1_785' title='bbox 1746 5232 1999 5301; x_wconf 89' lang='lat' dir='ltr'><strong>dulphum</strong></span> <span class='ocrx_word' id='word_1_786' title='bbox 2053 5232 2287 5300; x_wconf 84' lang='lat' dir='ltr'><strong>Epistola</strong></span> <span class='ocrx_word' id='word_1_787' title='bbox 2334 5235 2442 5289; x_wconf 88' lang='lat' dir='ltr'><strong>voti</strong></span> <span class='ocrx_word' id='word_1_788' title='bbox 2511 5235 2721 5305; x_wconf 87' lang='lat' dir='ltr'><strong>potius,</strong></span> <span class='ocrx_word' id='word_1_789' title='bbox 2785 5251 2878 5292; x_wconf 84' lang='lat' dir='ltr'><strong>seu</strong></span> <span class='ocrx_word' id='word_1_790' title='bbox 2944 5236 3321 5305; x_wconf 86' lang='lat' dir='ltr'><strong>obligationis,</strong></span> 
     </span>
    </p>
   </div>
   <div class='ocr_carea' id='block_1_115' title="bbox 1747 5324 3321 5391">
    <p class='ocr_par' dir='ltr' id='par_1_115' title="bbox 1747 5324 3321 5391">
     <span class='ocr_line' id='line_1_115' title="bbox 1747 5324 3321 5391; baseline 0.001 -14"><span class='ocrx_word' id='word_1_791' title='bbox 1747 5324 1873 5377; x_wconf 89' lang='lat' dir='ltr'><strong>lmic</strong></span> <span class='ocrx_word' id='word_1_792' title='bbox 1910 5338 2159 5383; x_wconf 75' lang='lat' dir='ltr'><strong>annexre,</strong></span> <span class='ocrx_word' id='word_1_793' title='bbox 2194 5339 2353 5391; x_wconf 91' lang='lat' dir='ltr'><strong>quam</strong></span> <span class='ocrx_word' id='word_1_794' title='bbox 2400 5325 2585 5382; x_wconf 85' lang='lat' dir='ltr'><strong>feralis</strong></span> <span class='ocrx_word' id='word_1_795' title='bbox 2639 5328 2876 5382; x_wconf 85' lang='lat' dir='ltr'><strong>damnati</strong></span> <span class='ocrx_word' id='word_1_796' title='bbox 2921 5329 3192 5389; x_wconf 68' lang='lat' dir='ltr'><strong>historiae.</strong></span> <span class='ocrx_word' id='word_1_797' title='bbox 3237 5338 3321 5381; x_wconf 85' lang='lat' dir='ltr'><strong>ut-</strong></span> 
     </span>
    </p>
   </div>
   <div class='ocr_carea' id='block_1_116' title="bbox 1745 5414 3318 5483">
    <p class='ocr_par' dir='ltr' id='par_1_116' title="bbox 1745 5414 3318 5483">
     <span class='ocr_line' id='line_1_116' title="bbox 1745 5414 3318 5483; baseline 0.004 -15"><span class='ocrx_word' id='word_1_798' title='bbox 1745 5423 1869 5482; x_wconf 86' lang='lat' dir='ltr'><strong>pote</strong></span> <span class='ocrx_word' id='word_1_799' title='bbox 1904 5430 2022 5483; x_wconf 84' lang='lat' dir='ltr'><strong>quae</strong></span> <span class='ocrx_word' id='word_1_800' title='bbox 2076 5414 2267 5478; x_wconf 89' lang='lat' dir='ltr'><strong>minus,</strong></span> <span class='ocrx_word' id='word_1_801' title='bbox 2302 5432 2464 5483; x_wconf 83' lang='lat' dir='ltr'><strong>quam</strong></span> <span class='ocrx_word' id='word_1_802' title='bbox 2496 5417 2603 5481; x_wconf 85' lang='lat' dir='ltr'><strong>illa,</strong></span> <span class='ocrx_word' id='word_1_803' title='bbox 2658 5419 2726 5473; x_wconf 89' lang='lat' dir='ltr'><strong>ad</strong></span> <span class='ocrx_word' id='word_1_804' title='bbox 2782 5418 2891 5473; x_wconf 83' lang='lat' dir='ltr'><strong>voti</strong></span> <span class='ocrx_word' id='word_1_805' title='bbox 2928 5419 3318 5475; x_wconf 70' lang='lat' dir='ltr'><strong>exsultationem</strong></span> 
     </span>
    </p>
   </div>
   <div class='ocr_carea' id='block_1_117' title="bbox 1745 5504 3321 5579">
    <p class='ocr_par' dir='ltr' id='par_1_117' title="bbox 1745 5504 3321 5579">
     <span class='ocr_line' id='line_1_117' title="bbox 1745 5504 3321 5579; baseline 0.004 -21"><span class='ocrx_word' id='word_1_806' title='bbox 1745 5520 1774 5558; x_wconf 92' lang='lat' dir='ltr'><strong>a</strong></span> <span class='ocrx_word' id='word_1_807' title='bbox 1821 5504 2106 5574; x_wconf 84' lang='lat' dir='ltr'><strong>Radulpho</strong></span> <span class='ocrx_word' id='word_1_808' title='bbox 2146 5511 2573 5577; x_wconf 74' lang='lat' dir='ltr'><strong>extorquendum</strong></span> <span class='ocrx_word' id='word_1_809' title='bbox 2622 5519 2767 5565; x_wconf 87' lang='lat' dir='ltr'><strong>esset</strong></span> <span class='ocrx_word' id='word_1_810' title='bbox 2796 5519 2945 5579; x_wconf 82' lang='lat' dir='ltr'><strong>apta,</strong></span> <span class='ocrx_word' id='word_1_811' title='bbox 3002 5511 3321 5569; x_wconf 61' lang='lat' dir='ltr'><strong>meminine</strong></span> 
     </span>
    </p>
   </div>
   <div class='ocr_carea' id='block_1_118' title="bbox 1745 5596 2008 5651">
    <p class='ocr_par' dir='ltr' id='par_1_118' title="bbox 1745 5596 2008 5651">
     <span class='ocr_line' id='line_1_118' title="bbox 1745 5596 2008 5651; baseline -0.011 0"><span class='ocrx_word' id='word_1_812' title='bbox 1745 5596 2008 5651; x_wconf 87' lang='lat' dir='ltr'><strong>debuerit.</strong></span> 
     </span>
    </p>
   </div>
   <div class='ocr_carea' id='block_1_119' title="bbox 1813 5688 3314 5767">
    <p class='ocr_par' dir='ltr' id='par_1_119' title="bbox 1813 5688 3314 5767">
     <span class='ocr_line' id='line_1_119' title="bbox 1813 5688 3314 5767; baseline 0.003 -26"><span class='ocrx_word' id='word_1_813' title='bbox 1813 5688 1933 5743; x_wconf 56' lang='lat'><strong>26%.</strong></span> <span class='ocrx_word' id='word_1_814' title='bbox 1973 5690 2199 5753; x_wconf 72' lang='lat' dir='ltr'><strong>Verum,</strong></span> <span class='ocrx_word' id='word_1_815' title='bbox 2229 5692 2328 5744; x_wconf 86' lang='lat' dir='ltr'><strong>etsi</strong></span> <span class='ocrx_word' id='word_1_816' title='bbox 2361 5692 2409 5745; x_wconf 87' lang='lat' dir='ltr'><strong>id</strong></span> <span class='ocrx_word' id='word_1_817' title='bbox 2452 5694 2523 5747; x_wconf 84' lang='lat' dir='ltr'><strong>ita</strong></span> <span class='ocrx_word' id='word_1_818' title='bbox 2553 5694 2649 5761; x_wconf 90' lang='lat' dir='ltr'><strong>sit,</strong></span> <span class='ocrx_word' id='word_1_819' title='bbox 2683 5704 2887 5750; x_wconf 86' lang='lat' dir='ltr'><strong>certum</strong></span> <span class='ocrx_word' id='word_1_820' title='bbox 2936 5695 3180 5767; x_wconf 73' lang='lat' dir='ltr'><strong>equidem</strong></span> <span class='ocrx_word' id='word_1_821' title='bbox 3230 5701 3314 5748; x_wconf 78' lang='lat' dir='ltr'><strong>est</strong></span> 
     </span>
    </p>
   </div>
  </div>
