4016 6310
572 341 676 398 155
1350 333 1410 389 S.
1450 324 1793 388 BRUNONIS
1827 312 2469 381 CARTHUSIANORUM
2508 306 2991 369 INSTITLTORIS
3691 303 3783 362 {56

566 454 799 513 luctuosi
827 428 974 510 illius
1000 448 1293 523 spectaculi
1313 443 1877 504 commemorationem
1900 437 2132 491 futuram
2164 434 2209 490 Α
2238 427 2502 523 llugonis,
2532 442 2638 523 non
2676 426 2846 523 sancti
2886 422 3149 523 Brunonis
3193 421 3375 523 Vitam
3415 420 3779 523 conscribere;

565 550 739 605 fuisse
770 550 835 603 ad
878 542 1324 601 commovendum
1371 536 1633 606 lladulphi
1672 533 1912 587 animum
1940 539 2135 595 perop-

565 648 859 712 portunam
907 634 1253 699 maximeque
1292 625 1777 685 accommodatam.
1802 620 1978 712 Quare
2010 626 2133 670 cum

567 708 899 788 Brunonem,
936 724 1112 776 virum
1160 718 1501 791 prudentem,
1547 716 1600 769 in
1642 711 1889 782 epistola,
1922 708 1974 761 in
2002 720 2132 775 qua,

563 832 675 886 quo
725 817 793 871 ad
842 815 953 868 voti
1012 810 1407 865 exsolutionem
1461 805 1803 873 Radulphum
1862 798 2130 864 inﬂectat,

564 908 844 971 machinas
872 918 1063 960 omnes
1096 900 1338 969 adhibet,
1364 896 1617 951 horrendi
1650 893 1888 963 ejusdem
1929 900 2135 960 specta-

563 998 693 1063 culi,
720 999 761 1053 si
785 996 997 1067 publice
1017 995 1088 1056 id,
1110 991 1328 1061 absente
1351 988 1475 1041 licet
1499 982 2128 1052 Radulpho,’accidisset,

562 1091 890 1151 memionem
919 1087 1185 1142 facturum
1210 1082 1403 1155 fuisse,
1416 1085 1501 1132 sat
1525 1075 1832 1153 verosimile
1855 1080 2130 1141 appareat,

562 1182 810 1249 hancque
851 1177 1200 1232 nihilominus
1254 1171 1341 1225 ille
1401 1169 1453 1223 in
1507 1176 1615 1222 tota
1668 1166 1735 1221 ad
1778 1164 2131 1233 Radulphum

566 1272 813 1344 cpistola,
847 1286 1006 1340 quam
1035 1269 1188 1335 longa
1220 1271 1322 1327 est,
1358 1262 1594 1322 omittat,
1632 1274 1763 1313 sane
1793 1256 1959 1320 istud,
1989 1254 2133 1325 quod

565 1363 728 1416 nullis
755 1363 917 1415 etiam
955 1360 1074 1413 aliis
1097 1357 1442 1424 scriptorum,
1470 1351 1554 1405 vel
1580 1350 2017 1421 synchro‘norum
2048 1344 2134 1399 vel

566 1468 869 1507 coaevorum
901 1448 1223 1504 testimoniis
1266 1446 1484 1507 nititur,
1516 1442 1770 1497 falsitatis
1801 1439 1885 1493 vel
1932 1438 2134 1493 idcirco

566 1554 839 1611 utcunque
888 1548 1232 1609 suspectum,
1274 1546 1365 1592 aut
1403 1542 1551 1589 certe
1602 1530 1872 1586 diiiicilius
1922 1529 2131 1584 creditu

564 1634 811 1695 efﬁcitur,
860 1633 962 1685 etsi
1002 1631 1219 1684 interim
1269 1636 1555 1699 propterea
1603 1632 1752 1678 certo
1790 1622 1987 1675 falsum
2026 1637 2134 1675 non

563 1726 652 1779 sit.
690 1724 768 1776 Ad
798 1723 1094 1776 secundum
1127 1721 1383 1790 praesenti
1418 1720 1521 1773 hoc
1552 1717 1579 1789 §
1612 1717 2006 1772 discutiendum
2051 1729 2136 1767 ar—
2167 1758 2209 1817 Β

564 1824 875 1886 gumentum
907 1815 1230 1883 negativum,
1258 1812 1397 1882 quod
1437 1811 1705 1865 Launoius
1748 1809 2135 1864 Dissertatione

571 1906 846 1974 hujusque
892 1922 1011 1975 cap.
1063 1906 1311 1974 proxime
1366 1905 1480 1959 citt.
1540 1918 1569 1956 a
1616 1901 1901 1973 Guigonis,
1954 1900 2136 1970 quinti

564 1998 868 2052 (Iarthusim
906 1996 1125 2066 prioris,
1158 1996 1372 2051 silentio
1404 1994 1615 2064 repetit,
1640 1992 1750 2062 jam
1797 1980 2132 2062 progredior.

564 2089 839 2145 Launoius
871 2091 1054 2159 itaque
1086 2084 1130 2143 e'
1159 2088 1218 2142 S.
1268 2086 1527 2157 Hugonis,
1570 2086 1808 2154 episcopi
1852 2084 2135 2139 Gratiano.

566 2182 813 2248 politani,
862 2182 1002 2245 Vita,
1053 2196 1152 2250 per
1201 2179 1529 2248 Guigonem,
1559 2176 1804 2245 quintum
1836 2175 2138 2229 Carthusia

569 2272 836 2337 Priorem,
863 2270 1156 2344 descripta,
1184 2269 1464 2339 sequentia
1497 2270 1611 2323 hmc
1645 2269 1804 2321 verba
1831 2267 2090 2322 describit
2118 2283 2132 2320 :

573 2383 593 2414 ‹
631 2364 686 2418 in
721 2366 805 2419 his
834 2365 914 2435 (S.
941 2365 1111 2434 rlugo,
1142 2361 1674 2431 Gratianopolitanus
1692 2358 1994 2428 episcopus)
2014 2373 2139 2431 age-

567 2457 683 2521 bat,
730 2464 785 2510 et
837 2472 984 2520 ecce,
1031 2458 1202 2510 tribus
1260 2453 1485 2508 necdum
1538 2452 1603 2504 in"
1650 2452 1963 2518 episcopatu
2013 2460 2135 2519 post

570 2549 883 2602 monasterii
916 2547 1145 2602 reditum
1179 2543 1461 2612 completis
1491 2542 1667 2605 annis,
1704 2547 1855 2595 adest
1878 2544 2138 2611 magister

568 2638 770 2705 Bruno,
806 2638 890 2693 vir
942 2639 1199 2708 religione
1235 2636 1568 2703 scientiaque
1592 2634 1850 2697 famosus,
1886 2634 2137 2688 honesta-

571 2732 645 2787 tis
689 2739 744 2786 et
800 2731 1081 2801 gravitatis
1114 2745 1176 2784 ac
1204 2728 1368 2782 totius
1402 2726 1727 2782 maturitatis
1769 2726 1921 2795 quasi
1960 2727 2135 2795 qttod-

574 2824 698 2876 dam
732 2822 1098 2877 simulacrum.
1128 2820 1368 2875 llabebat
1405 2827 1582 2873 autem
1618 2819 1794 2872 socios
1820 2820 2134 2888 magistrum

572 2910 933 2976 Lauduinum,
961 2913 1048 2982 qtti
1078 2919 1196 2982 post
1235 2927 1354 2966 eum
1381 2909 1686 2964 Carthusiae
1714 2910 1869 2962 Prior
1903 2910 2134 2976 exstitit,

572 3002 709 3056 duos
745 2990 1048 3072 Stephanus
1086 3002 1413 3073 Burgeusem
1451 3010 1505 3055 et
1539 3001 1807 3056 Dicnsem.
1857 3002 1919 3055 lli
1961 3002 2134 3056 sancti

2235 520 2378 588 quod
2407 532 2505 573 nec
2525 518 2688 572 etiam
2719 517 2866 580 fecit,
2905 515 3006 571 nisi
3031 530 3061 569 a
3090 529 3301 570 summo
3337 513 3600 569 Pontiﬁce
3647 514 3783 587 prius

2236 610 2475 665 adactus.
2505 608 2675 675 Quam
2706 608 2776 663 ob
2820 623 2942 664 rem
2959 622 3029 662 ex
3069 606 3327 663 incidenti
3375 613 3585 659 tantum
3617 604 3782 674 aliqua

2234 700 2300 753 de
2326 707 2513 754 sancto
2532 699 2783 754 Brunone
2804 699 3010 763 habuit,
3036 706 3295 768 quantum
3326 712 3397 752 ea
3414 706 3657 757 sanctum
3686 697 3784 765 Hu-

2234 803 2425 858 gonem
2454 788 2768 859 tangebam;
2803 804 2902 843 nec
2928 789 3080 858 plura
3108 789 3176 843 de
3217 786 3417 844 Ordine
3448 785 3786 843 Carthttsien-

2235 878 2372 932 sinm
2405 892 2627 933 narrare
2669 878 2858 943 voluit,
2902 893 3002 933 nac
3036 877 3287 935 detentus
3327 875 3557 942 ratione,
3597 875 3662 931 de
3688 892 3781 947 qua

2235 967 2314 1022 sic
2353 968 2569 1036 scripsit
2595 968 2792 1025 Petrus
2838 967 3248 1029 Cluniacensis:
3296 985 3313 1017 ‹
3367 966 3528 1025 Multa
3577 965 3781 1036 quidem

2240 1074 2267 1111 ί
2305 1057 2356 1111 iu
2422 1058 2511 1111 illo
2554 1072 2707 1112 sacro
2757 1057 2956 1112 Ordine
3012 1056 3470 1112 Carlbusiensinm
3538 1056 3785 1111 miracula

2242 1165 2261 1203 ε
2304 1150 2615 1218 contigisse,
2659 1165 2688 1204 a
2715 1151 2959 1219 pluribus
2984 1151 3187 1218 accepi,
3214 1150 3304 1204 sed
3350 1149 3449 1217 ipsi
3480 1149 3783 1204 humilitatis

2240 1256 2259 1290 ι
2304 1241 2527 1306 virtute,
2550 1256 2653 1309 qua
2680 1256 2893 1311 semper
2918 1243 3058 1299 servi
3093 1242 3182 1295 Dei
3214 1241 3453 1295 miranda
3489 1256 3649 1310 Opera
3676 1256 3784 1308 sua,

2242 1350 2261 1383 ι
2308 1341 2509 1401 quanto
2552 1342 2774 1401 possunt
2820 1334 2961 1397 nisu,
3010 1334 3300 1396 occultant,
3354 1333 3443 1389 vix
3485 1333 3682 1413 aliquid
3724 1346 3787 1394 ex

2240 1438 2265 1470 ιη
2306 1421 2392 1473 his
2419 1421 2645 1489 prodere
2671 1421 2973 1475 voluerunt.
3014 1440 3032 1473 ι

2301 1511 2427 1564 264.
2461 1530 2481 1563 ι
2515 1511 2619 1565 Sed
2667 1527 2810 1565 mmc
2849 1512 3155 1577 videamus.
3182 1513 3225 1567 si
3255 1511 3427 1582 Guigo
3477 1512 3785 1568 incunabula

2236 1599 2642 1656 Carthusicnsis
2695 1603 3473 1673 religionis.ita.descripscrit,
3513 1614 3567 1658 et
3597 1604 3783 1662 minuta

2236 1707 2461 1761 quaeque
2488 1693 2558 1746 ita
2582 1692 2865 1763 diligenter
2894 1704 3207 1763 prosccutus
3236 1694 3416 1757 fuerit,
3443 1704 3501 1748 ut
3530 1694 3787 1749 silentium

2237 1781 2353 1850 ejus
2384 1784 2449 1837 de
2480 1784 2790 1851 spectaculo
2831 1787 2901 1840 sit
2932 1796 3306 1855 argumentum
3338 1785 3592 1841 falsitatis
3632 1784 3787 1845 illius.

2236 1871 2434 1927 Narrat
2497 1873 2713 1943 quidem
2748 1875 3088 1944 paucissimis
3127 1876 3305 1931 verbis
3347 1876 3652 1930 Brunonem
3678 1891 3788 1931 cum

2236 1979 2331 2021 sex
2355 1963 2542 2029 sociis,
2579 1980 2807 2034 quorum
2856 1976 3100 2023 recenset
3140 1968 3381 2032 nomina,
3410 1967 3649 2038 [lagonis
3671 1982 3787 2027 sane

2236 2057 2443 2113 ctitatis
2469 2056 2610 2111 fama
2656 2066 2969 2124 attractum,
3000 2059 3066 2113 ad
3098 2074 3220 2113 eum
3251 2059 3487 2123 venisse,
3513 2068 3571 2111 ut
3599 2058 3788 2126 locum,

2235 2152 2678 2210 eremiticaavitze
2706 2167 3020 2222 congruum,
3052 2154 3119 2208 ab
3146 2155 3553 2225 eoobtineret;
3585 2154 3791 2224 ipsoque

2235 2245 2569 2311 consulente,
2595 2246 2820 2316 juvante
2851 2255 2907 2300 et
2935 2247 3252 2314 comitante,
3284 2248 3591 2304 Carthusiae
3621 2249 3792 2303 solitu-

2238 2338 2419 2393 dinem
2462 2340 2714 2405 intrasse,
2743 2349 2909 2409 atque
2947 2343 3302 2398 exstruxisse.
3345 2342 3629 2410 Quomodo
3674 2357 3792 2399 vero

2236 2432 2351 2487 haec
2382 2432 2603 2488 fuerunt
2647 2443 2945 2499 transacta,
2994 2450 3099 2489 non
3155 2447 3358 2491 narrat.
3408 2436 3596 2506 Neque
3640 2439 3791 2491 etiam

2238 2524 2483 2577 meminit
2539 2525 2679 2578 unde
2721 2522 2931 2579 venerit
2963 2533 3187 2581 sanctus
3220 2525 3425 2588 Bruno,
3474 2542 3548 2579 an
3600 2525 3790 2591 Remis,

2238 2615 2329 2669 ubi
2360 2615 2659 2681 canonicos
2680 2624 2816 2678 erat,
2851 2625 2940 2669 aut
2972 2616 3224 2676 Parisiis,
3257 2616 3347 2669 ubi
3388 2616 3583 2677 ultimo
3602 2616 3680 2671 vel
3708 2617 3792 2670 do-

2238 2714 2446 2771 cuerat,
2484 2706 2569 2761 vel
2615 2706 2804 2761 saltem
2843 2707 3125 2761 consilium
3173 2706 3512 2775 relinquendi
3553 2706 3791 2762 saeculum

2238 2805 2566 2866 susceperat.
2626 2797 2764 2851 Silet
2812 2798 2876 2852 de
2907 2796 3023 2865 ejus
3067 2797 3423 2867 dignitatibus
3471 2798 3529 2851 in
3575 2796 3792 2853 ecclesia

2245 2886 2517 2951 Remensi,
2549 2889 2613 2943 de
2637 2889 2932 2954 laboribus,
2951 2904 3086 2958 quos
3109 2905 3206 2959 pro
3234 2889 3549 2944 defensione
3590 2888 3793 2942 liberta-

2243 2981 2312 3035 tis
2352 2989 2405 3033 ct
2439 2982 2639 3050 jurium
2673 2981 2927 3037 Ecclesiae
2981 2981 3032 3035 in
3086 2981 3314 3035 diversis
3365 2981 3611 3035 conciliis
3648 2980 3794 3034 sustio

574 3092 695 3147 Ruﬁ
727 3096 972 3154 canonici
1022 3094 1257 3159 fuerant,
1297 3095 1388 3148 sed
1421 3094 1689 3149 desiderio
1714 3094 1837 3148 vitm
1876 3095 2133 3149 solitaria:
2164 3089 2208 3151 C
2240 3079 2452 3134 ““erat'
2515 3072 2653 3143 unde
2704 3081 2758 3125 ει
2794 3071 3055 3141 ειθτίοδοδ
3087 3071 3270 3124 mulos
3311 3079 3589 3125 metuar”
3635 3088 3653 3120 ί
3704 3068 3795 3122 CO‘

571 3185 651 3251 ei,
699 3186 895 3241 abbate
953 3187 1195 3254 favente,
1250 3201 1371 3241 sese
1416 3184 1807 3254 conjunxerant
1857 3185 2132 3255 ilugoncm

567 3279 756 3343 etiam,
785 3294 943 3347 qttem
968 3278 1419 3349 cognominabant
1440 3278 1808 3347 CapcILmum,
1835 3293 1975 3331 exeo
1996 3277 2140 3346 quod

572 3364 720 3419 solus
740 3380 805 3420 ex
828 3366 905 3419 eis
934 3367 1230 3421 sacerdotis
1249 3366 1564 3437 fungeretur
1584 3365 1776 3432 cilicio,
1795 3366 1928 3420 duos
1949 3366 2135 3434 laicos,

570 3471 708 3525 quos
734 3456 1063 3527 appellamus
1086 3473 1393 3524 conversos,
1406 3459 1675 3513 Andream
1709 3468 1764 3512 et
1787 3458 2101 3513 Guarinum.

646 3546 769 3601 265.
801 3566 819 3599 ι
841 3546 1354 3615 Quaerebantautem
1372 3550 1548 3604 locmn
1570 3549 1860 3604 eremiticze
1880 3549 2001 3603 vita?
2014 3566 2141 3605 cou-

575 3654 791 3709 gruum,
816 3641 1039 3696 necdum
1069 3651 1399 3710 repereraut.
1433 3641 1545 3695 Ilac
1587 3657 1715 3711 ergo
1764 3657 1858 3711 spe
1902 3651 1955 3695 et
1986 3641 2137 3696 suavi

574 3740 778 3784 sanctae
814 3732 1240 3786 conversationis
1282 3733 1397 3801 ejus
1430 3732 1593 3786 odore
1624 3734 1891 3796 trahente,
1939 3734 2003 3786 ad
2053 3734 2135 3787 vi-

576 3835 696 3873 rum
732 3831 976 3876 sanctum
1008 3834 1294 3887 venerunt,
1334 3839 1468 3892 quos
1514 3824 1601 3877 ille
1641 3839 1747 3879 non
1793 3824 1965 3879 solum
2015 3842 2139 3895 gra-

578 3917 795 3977 tanter,
849 3914 943 3966 sed
996 3922 1050 3966 et
1092 3921 1405 3968 reverenter
1444 3913 1720 3983 suscepit,
1770 3915 2022 3968 tractavit
2086 3924 2142 3970 et

576 3999 687 4054 voti
735 4009 1008 4070 compotes
1046 4002 1187 4056 fecit.
1232 4001 1351 4071 Ipso
1402 4016 1634 4070 namque
1677 4002 2012 4070 consulente,
2054 4004 2139 4073 ju-

575 4091 1083 4158 vante,comitantc,
1110 4091 1411 4146 Carthusiae
1435 4091 1778 4146 solitudinem
1807 4092 2142 4148 intraverunt

583 4184 743 4246 atque
767 4189 1142 4234 extruxerunt.
1167 4180 1389 4235 Viderat
1432 4188 1611 4234 autem
1642 4179 1787 4235 circa
1832 4180 1885 4235 id
1934 4189 2143 4251 tempus

578 4283 678 4338 per
702 4272 970 4325 somnium
1005 4273 1057 4324 in
1088 4270 1275 4325 eadem
1300 4270 1594 4325 solitudine
1624 4270 1789 4325 Deum
1821 4287 1931 4325 suae
1949 4270 2141 4341 digna-

582 4360 714 4415 tioni
744 4361 1109 4417 habitaculum
1160 4370 1585 4426 construenlem,
1628 4362 1809 4417 stellas
1842 4363 2005 4415 etiam
2053 4378 2142 4417 se-

578 4458 746 4515 ptem,
769 4451 1018 4506 ducatum
1044 4451 1117 4505 illi
1145 4460 1463 4521 prrestantes
1485 4450 1715 4506 itineris.
1740 4451 1905 4503 Erant
1940 4466 2067 4504 vero
2090 4461 2144 4504 et

578 4541 877 4610 hiseplem;
912 4560 929 4591 ›
960 4557 1023 4595 ac
1045 4540 1483 4610 deinde,qnodfiu
1514 4540 1660 4593 hisce
1683 4538 1942 4609 Guigonis
1964 4539 2145 4594 verbis

578 4631 725 4685 nulla
747 4634 966 4688 omnino
992 4632 1057 4687 de
1077 4631 1320 4700 prodigio
1340 4630 1628 4685 Parisiensi
1653 4630 1853 4684 mentio
1871 4640 2143 4697 occurrat,

582 4722 776 4777 falsum
814 4725 864 4779 id
911 4740 1031 4778 esse
1062 4724 1315 4787 innuens,
1345 4723 1421 4777 ita
1440 4722 1710 4777 concludit
1741 4736 1757 4774 :
1786 4738 1804 4771 ι
1838 4721 1934 4776 llic
1957 4730 2147 4777 auctor

579 4815 774 4888 (Guigo
828 4818 1043 4887 nempe)
1091 4817 1465 4871 Carthasiana:
1505 4815 1781 4882 religionis
1826 4815 2146 4870 incunabula

580 4908 859 4975 describit,
911 4918 965 4964 et
1000 4908 1203 4962 minuta
1234 4923 1462 4977 quaeque
1504 4905 1911 4977 diligentissime
1961 4920 2149 4976 perse-

580 5000 786 5068 quitur,
832 5015 933 5054 nec
980 5007 1155 5052 tamen
1204 5000 1371 5053 verbo
1386 4998 1605 5068 attingit
1635 4997 1721 5051 illa
1746 4998 1875 5063 duo,
1911 5015 1930 5048 ι
1955 5010 2147 5066 nempe

581 5089 911 5151 Parisiense,
943 5103 1050 5156 qtto
1077 5104 1195 5143 sese
1226 5090 1535 5142 damnatum
1568 5088 1757 5142 doctor
1800 5086 2067 5141 redivivus
2116 5100 2148 5141 c

584 5182 785 5234 leretro
816 5181 1144 5234 vociferatus
1174 5181 1266 5245 sit,
1290 5180 1615 5250 prodigium,
1640 5187 1991 5247 secutumque
2024 5178 2149 5233 hinc

585 5271 642 5325 S.
679 5270 944 5324 Brunonis
983 5270 1033 5322 in
1064 5286 1303 5325 cremum
1361 5286 1685 5326 seccessnm.
1735 5270 1807 5324 lta
1854 5269 2144 5324 Launoius.

582 5361 660 5414 En
692 5359 871 5422 modo,
905 5360 1034 5428 quid
1063 5360 1129 5415 ad
1159 5359 1246 5413 illa
1285 5376 1584 5431 anonymus
1622 5359 2011 5415 Carlhusianus
2038 5356 2151 5411 An-

584 5452 783 5505 nalium
808 5454 1016 5507 ordinis
1046 5453 1128 5507 sui
1155 5453 1275 5508 libri
1312 5452 1491 5523 quarti
1522 5453 1786 5507 hactenus
1810 5466 1913 5505 non
1948 5449 2147 5519 vulgati

584 5552 772 5593 auctor
817 5543 1158 5612 respondeat.
1185 5561 1204 5594 ι
1242 5544 1321 5597 Ad
1361 5543 1478 5598 haec
1519 5542 1572 5611 (a
1606 5539 1845 5594 Launoio
1893 5537 2150 5592 scilicete

584 5629 826 5699 Guigone
871 5633 1191 5703 proposita.)
1228 5634 1557 5704 reponimus,
1594 5652 1611 5683 ι
1643 5632 1816 5700 inquit
1843 5629 2035 5698 Operis
2061 5630 2147 5682 sui

587 5736 733 5775 num.
766 5722 852 5790 9'2,
888 5741 906 5775 ι
939 5724 1197 5794 Guigonis
1238 5725 1455 5780 unicum
1502 5737 1721 5792 scepum
1752 5721 1936 5785 fuisse,
1971 5718 2149 5775 sancti

2248 3181 2265 3215 ι
2304 3163 2498 3217 lumnae
2555 3165 2720 3217 totius
2765 3162 3107 3232 metropolis,
3161 3170 3215 3215 et
3269 3161 3464 3215 sinceri
3526 3158 3794 3214 catholicas

2245 3272 2264 3306 ι
2301 3255 2420 3309 ﬁdei
2463 3253 2784 3308 defensoris.
2831 3273 2851 3307 ι
2898 3253 3041 3308 Silet
3095 3255 3161 3308 de
3202 3252 3495 3309 collatione
3535 3251 3620 3306 illa
3665 3252 3795 3306 inter.

2240 3354 2485 3401 sanctum
2524 3344 2861 3410 Brunnnem,
2912 3346 3250 3416 Radnlphnm
3295 3354 3351 3400 et
3408 3346 3655 3400 Fulcium
3684 3384 3697 3409 ,
3736 3345 3794 3398 de

2238 3449 2365 3495 voto
2402 3440 2691 3511 recipiendi
2736 3440 3111 3495 monachicum
3151 3439 3416 3502 habitum,
3454 3436 3527 3491 de
3559 3450 3801 3505 persecuq

2241 3531 2477 3585 tionibus
2518 3530 2798 3593 Manassae,
2849 3531 2919 3583 ita
2960 3539 3018 3583 ut
3056 3529 3187 3582 nihil
3229 3528 3448 3583 omnino
3500 3527 3699 3581 habeat
3735 3523 3797 3578 do

2240 3637 2403 3676 causa
2442 3630 2495 3676 et
2546 3621 2829 3675 occasione
2874 3620 3243 3674 conversionis
3293 3619 3437 3672 illius
3471 3628 3795 3687 quaecunque

2242 3710 2466 3764 fuerint.
2505 3710 2639 3765 Silet
2667 3710 2896 3778 denique
2927 3710 2991 3763 de
3018 3710 3231 3763 cunctis
3257 3709 3417 3764 rebus
3452 3708 3525 3762 ab
3550 3721 3617 3761 eo
3642 3704 3796 3775 gestis

2241 3799 2309 3851 ab
2335 3800 2480 3852 exitu
2514 3815 2577 3853 ex
2618 3798 2751 3852 urbe
2786 3796 3039 3851 Remensi
3094 3812 3265 3865 usque
3302 3796 3370 3850 ad
3426 3809 3699 3850 secessum
3747 3792 3801 3846 in

2242 3887 2619 3941 Carthnsiatn.
2643 3886 2771 3952 Quae
2842 3885 3060 3954 quidem
3130 3885 3311 3939 omnia
3389 3891 3443 3939 et
3482 3884 3589 3938 alia
3641 3881 3801 3937 multa

2251 3974 2580 4042 hujnsmodi,
2629 3977 2679 4029 in
2723 3975 2919 4045 quibus
2966 3974 3354 4029 enumerandis
3397 3989 3505 4028 non
3559 3982 3647 4029 est
3688 3973 3797 4026 diu-

2246 4064 2352 4118 tius
2427 4064 2861 4125 imntoraudum,
2942 4077 3069 4118 vera
3126 4074 3285 4118 erant
3361 4064 3613 4127 minuta,
3682 4061 3801 4115 licet

2244 4155 2482 4210 maxima
2513 4164 2568 4208 et
2621 4156 2687 4207 ad
2719 4155 3045 4210 incunabula
3088 4154 3306 4211 Ordinis
3332 4155 3432 4209 rite
3455 4152 3797 4209 describenda

2245 4245 2401 4314 plane
2463 4246 2807 4310 necessaria;
2868 4261 2988 4315 qua:
3043 4246 3394 4299 nihilominus
3464 4243 3799 4315 praetermisit

2244 4333 2436 4400 Guigo,
2470 4336 2610 4387 sicut
2661 4342 2714 4386 et
2757 4332 3125 4403 spectaculum
3160 4332 3489 4398 Parisiense,
3516 4333 3643 4402 quia
3672 4329 3800 4385 nihil

2178 4421 2220 4473 D
2248 4423 2518 4478 faciebant
2565 4424 2631 4477 ad
2673 4422 2861 4499 Vitam
2892 4424 3067 4477 sancti
3097 4422 3357 4493 ilugonis,
3396 4438 3561 4492 quam
3606 4420 3799 4477 solum-

2246 4512 2407 4568 modo
2436 4511 2776 4567 scribendam
2809 4518 3141 4580 susceperat.
3176 4510 3231 4565 Si
3263 4511 3428 4580 igitur
3454 4526 3521 4565 ex
3553 4508 3803 4580 Guigonis

2246 4602 2464 4658 silentio
2495 4611 2687 4657 caetera
2715 4601 2994 4667 vacillant,
3026 4615 3147 4669 quae
3177 4600 3244 4657 de
3286 4601 3565 4657 Brunonis,
3588 4600 3803 4663 historia

2247 4692 2438 4748 referri
2495 4699 2775 4763 poterant,
2831 4692 3005 4748 solum
3047 4692 3100 4747 id
3153 4693 3442 4747 tenendum
3472 4693 3609 4757 erit,
3668 4689 3803 4761 quod

2246 4785 2418 4857 Guigo
2446 4785 2689 4853 scripsit;
2719 4786 2861 4854 quod
2901 4785 3081 4839 dicere
3108 4784 3192 4839 vel
3215 4786 3452 4854 cogitare
3488 4784 3612 4854 plus
3651 4794 3803 4853 quam

2246 4878 2532 4933 ridiculum
2556 4880 2885 4932 censendum
2914 4885 3017 4932 est.
3056 4895 3076 4931 ι

2317 4988 2441 5044 265.
2470 4988 2740 5042 Hactenus
2766 4987 3160 5042 Cartbusianus
3190 5001 3491 5058 anonymus
3538 4986 3803 5048 laudatus,

2248 5082 2445 5136 merito
2473 5094 2603 5134 sane
2625 5078 2978 5143 contendens,
3011 5089 3200 5134 contra
3227 5078 3465 5132 doctoris
3489 5076 3807 5132 Parisiensis

2251 5170 2572 5234 anastasim,
2615 5168 2936 5237 pulsumque
2973 5182 3039 5222 ex
3075 5168 3179 5221 hac
3216 5167 3269 5221 in
3307 5155 3653 5221 solitudinem
3683 5164 3807 5217 Bru-

2255 5276 2450 5316 nonem
2479 5259 2613 5314 nihil
2642 5258 2863 5313 omnino
2889 5272 3050 5328 posse
3075 5256 3319 5313 concludi
3351 5272 3413 5312 ex
3452 5256 3666 5313 silentio
3688 5253 3808 5310 Gui~

2250 5352 2426 5424 genis.
2450 5350 2813 5418 Praeterquam
2835 5347 2978 5402 enim
3002 5346 3145 5417 quod
3168 5346 3333 5401 multa
3356 5345 3480 5412 alia,
3504 5342 3573 5399 ad
3600 5343 3658 5398 S.
3686 5343 3809 5395 Bru-

2252 5457 2446 5500 nouem
2476 5441 2823 5511 pertinentia,
2851 5438 3186 5504 subticuerit,
3214 5452 3315 5511 nec
3354 5430 3532 5492 Vitam
3562 5435 3719 5504 hujus
3750 5446 3808 5487 ex

2255 5506 2507 5594 instituto
2558 5530 2930 5599 descripserit,
2976 5527 3126 5583 nullo
3169 5506 3234 5582 es
3283 5527 3460 5596 capite
3509 5522 3809 5581 verosimile

2256 5631 2502 5693 apparet,
2527 5622 2763 5675 futurum
2814 5619 3008 5683 fuisse,
3042 5626 3103 5673 ut
3148 5612 3451 5689 predigium
3490 5615 3652 5681 illud,
3674 5622 3731 5669 ut
3760 5620 3813 5665 ut

2261 5715 2463 5770 factum
2494 5720 2643 5769 certo
2679 5710 2942 5777 solvisset,
2991 5709 3045 5764 in
3088 5709 3180 5765 cit.
3212 5707 3268 5764 S.
3303 5707 3538 5778 Hugonis
3582 5706 3723 5771 Vita,
3754 5703 3812 5757 ad
