3862 6310
493 321 603 391 iss,

490 436 785 500 recensuit,
813 434 1055 492 voluisse
1069 451 1162 491 seu
1188 440 1522 508 propositum
1547 437 1647 494 sibi
1678 436 1946 499 habuisse,
1973 433 2073 491 ini-
2101 439 2146 495 Α

490 528 693 587 tiurum
734 527 948 583 illorum
993 529 1335 590 occasionem
1366 546 1459 586 seu
1498 529 1773 598 improbos
1815 526 2075 580 Manassis

492 635 695 687 mores,
738 621 919 677 minus
939 629 1245 677 memoratu
1284 622 1498 693 dignos,
1529 621 1709 692 pOtius
1748 632 2075 673 commemo-

493 727 812 782 rare,quam
837 712 1209 768 conversionis
1232 713 1490 783 perfecta:
1511 727 1754 772 causam,
1781 725 1872 763 seu
1902 709 2083 775 illam,

494 806 540 860 si
596 806 776 860 locum
829 820 1066 875 unquam
1115 805 1433 875 habuisset,
1475 804 1710 861 doctoris
1752 801 2076 856 Parisieusis

493 896 817 960 anastasim,
845 910 963 950 rem
992 895 1213 964 utique,
1235 896 1289 951 si
1328 878 1611 959 acciderit,
1641 892 1788 948 omni
1831 891 2075 949 omnium

494 982 820 1041 smculorum
871 985 1132 1047 memoria
1184 985 1340 1056 longe
1384 983 1794 1053 dignissimam?
1846 981 2069 1052 Anony-

492 1090 617 1129 mus
644 1074 936 1130 Annalium
961 1075 1426 1131 Carthusieusium
1458 1074 1579 1129 libri
1603 1074 1783 1144 quarti
1813 1074 2081 1128 hactenus

494 1180 601 1219 non
632 1166 833 1234 vulgati
865 1175 1075 1229 auctor,
1106 1175 1214 1220 uta
1235 1166 1474 1223 Launoio
1496 1174 1683 1224 contra
1714 1163 1935 1218 feralem
1984 1164 2078 1218 do-

494 1256 663 1310 ctoris
688 1258 927 1311 damnati
958 1258 1236 1312 historiam
1264 1256 1555 1310 adductum
1578 1272 1608 1310 e
1630 1253 1877 1310 Guiberti
1908 1252 2075 1315 silen-

496 1346 572 1401 tio
602 1358 985 1418 argumentum
1012 1356 1257 1411 enervet,
1288 1347 1449 1411 aliam
1481 1348 1620 1401 viam
1654 1346 1773 1400 init.

564 1436 697 1501 269.
730 1438 938 1492 Etenim
978 1448 1033 1492 et
1085 1438 1375 1507 ipsummet
1422 1437 1746 1492 Guibertum
1780 1450 1960 1489 rerum
2009 1435 2076 1489 ad

494 1525 554 1579 S.
572 1527 871 1581 Brunonem
900 1528 1395 1597 Cartbusianosque
1415 1526 1771 1597 spectantium
1796 1526 2079 1595 imperitia:

492 1620 688 1689 arguit,
713 1628 767 1673 et
793 1618 926 1673 Vita;
954 1620 1284 1675 Guibertinaa
1328 1620 1447 1673 libri
1474 1619 1633 1689 primi
1670 1628 1832 1687 caput
1856 1619 1939 1679 11,
1971 1632 2078 1687 quo

490 1708 727 1762 doctoris
754 1709 995 1764 damnati
1028 1710 1257 1765 historia
1282 1711 1754 1765 commemoranda
1786 1709 2077 1779 fuisset,_et

489 1806 668 1853 tamen
695 1799 913 1855 silentio
939 1801 1268 1869 praeteritur,
1310 1801 1597 1872 insigniter
1638 1815 1759 1857 esse
1782 1800 2075 1869 interpola-
2106 1774 2149 1832 Β

496 1899 611 1944 tum
663 1901 758 1945 aut
806 1891 995 1957 etiam,
1045 1892 1232 1954 alium,
1263 1907 1426 1960 quam
1479 1892 1824 1956 Guibertum,
1876 1892 2078 1946 habere

488 1989 789 2045 auctorem,
820 1981 1117 2043 contendit.
1146 1982 1475 2053 Argumenta
1509 1984 1802 2053 praecipua,
1840 1997 1934 2038 seu
1961 1997 2078 2039 ma—

492 2073 576 2141 gis
607 2073 805 2137 valida,
854 2074 1050 2142 quibus
1081 2074 1223 2129 hanc
1260 2077 1564 2144 Opinionem
1616 2091 1767 2130 suam
1816 2076 2073 2145 probare,

492 2170 589 2224 aut
620 2162 827 2222 nititur.
879 2173 973 2217 aut
1000 2165 1164 2217 etiam
1193 2163 1368 2234 reipsa
1400 2166 1679 2235 probatam
1723 2167 1872 2231 dare,
1905 2165 2078 2219 videri

492 2261 694 2320 potest,
731 2254 975 2322 ipsismet
1000 2255 1194 2309 iterum
1218 2255 1362 2311 illius
1392 2257 1570 2310 vertis
1611 2257 1716 2310 huc
1752 2256 2075 2311 transcribo.

504 2340 690 2404 Primo
720 2344 897 2411 itaque
926 2344 1318 2403 lucubrationis
1347 2362 1455 2400 sum
1476 2363 1625 2401 nam.
1658 2347 1747 2412 9i,
1782 2347 2089 2413 nonnullis,

490 2448 614 2501 qua:
646 2435 732 2488 hic
762 2438 1471 2505 praztereo.piscinissismic
1501 2440 1662 2492 habet
1697 2457 1709 2492 :
1746 2459 1763 2489 ι
1806 2439 2078 2493 Describit

492 2523 809 2592 (Guibertus
842 2540 1035 2596 nempe
1060 2528 1177 2582 loco
1208 2528 1325 2598 cit.)
1359 2526 1625 2595 majorem
1643 2527 1983 2583 Carthasiam
2015 2541 2082 2581 eo

492 2614 682 2682 modo,
712 2632 822 2687 quo
870 2624 990 2673 erat
1042 2627 1164 2689 post
1190 2630 1421 2674 mortem
1465 2619 1725 2689 Guigonis
1756 2620 1949 2684 nostri,
1982 2619 2075 2689 qui

490 2706 627 2762 obiit
689 2723 834 2764 anno
905 2709 1044 2765 1156
1100 2728 1123 2771 t
1164 2711 1477 2767 Claustrnm
1541 2711 1800 2779 quidem,
1859 2711 2078 2780 inquit,

498 2819 517 2850 ι
565 2801 699 2855 satis
720 2802 970 2857 Idoneum
1001 2817 1098 2870 pro
1131 2804 1425 2859 ctenohiali
1446 2803 1841 2860 consuetudine
1870 2802 2075 2857 baben-

496 2907 519 2941 ι
568 2898 669 2956 tes,
693 2892 789 2945 sed
816 2907 919 2945 non
944 2892 1334 2957 elaustralitcr,
1373 2903 1431 2946 ut
1464 2893 1648 2947 caueri
1677 2892 2078 2951 cohabitantes,

504 2998 525 3031 ι
568 2978 788 3035 Habent
813 2982 1011 3053 quippe
1038 2982 1236 3053 singuli
1265 2983 1490 3039 cellulas
1514 2999 1611 3052 per
1640 2998 1829 3054 gyrum
1860 2982 2077 3038 claustri

498 3092 517 3124 ι
564 3073 835 3143 proprias,
857 3093 880 3132 ι
906 3082 1011 3129 etc.
1033 3073 1241 3142 Quibus
1260 3077 1440 3131 verbis
1462 3077 1716 3144 exprimit
1738 3092 1935 3131 novum
1950 3075 2080 3130 Car-
2109 3115 2148 3171 Ο

495 3166 689 3227 thusite
718 3168 1128 3230 monasterium,
1160 3170 1227 3223 ab
1264 3185 1408 3225 anno
1445 3171 1576 3233 H32
1610 3181 1914 3225 extructum
1958 3179 2079 3238 p'lSl

504 3256 631 3310 nive
676 3271 966 3326 oppressos
1003 3259 1111 3328 (adi
1160 3259 1435 3315 Labbeum
1492 3270 1620 3313 tom.
1668 3260 1685 3313 l
1733 3261 2077 3315 Bibliozhccm

495 3361 652 3402 novae
682 3362 813 3402 mss.
847 3363 967 3419 pag.
1003 3350 1130 3418 640)
1164 3352 1215 3402 iu
1253 3352 1417 3419 priori
1450 3350 1569 3405 loco
1600 3352 1913 3406 monachos.
1945 3351 2079 3406 Nam

497 3449 570 3492 eo
620 3446 900 3506 tempore,
959 3454 1069 3509 quo
1120 3440 1415 3499 Guibertus
1471 3442 1712 3505 creditur
1762 3444 2071 3514 scripsisse,

495 3544 693 3599 nempe
739 3539 867 3586 ante
917 3534 1000 3587 vel
1066 3534 1210 3589 circa
1273 3551 1474 3589 anzium
1526 3536 1664 3590 1121
1723 3537 1928 3592 ςθῚιιΙιθ
1986 3550 2083 3606 per

498 3635 689 3691 gyrum
741 3621 965 3678 claustri
990 3640 1097 3678 non
1144 3634 1303 3679 erant
1351 3625 1660 3703 dispositrc,
1714 3628 1805 3680 sed
1846 3626 1912 3681 ab
1959 3627 2077 3695 ipso

496 3710 737 3768 claustro
763 3715 976 3785 penitus
1005 3725 1289 3786 separatae,
1332 3728 1392 3772 ut
1432 3719 1780 3787 probabimus
1806 3719 1857 3783 in
1894 3721 2077 3774 Anna—

494 3804 639 3861 libus
696 3808 763 3861 ad
816 3824 1015 3863 annum
1068 3812 1223 3866 1154.
1262 3813 1394 3866 Dum
1429 3829 1555 3867 vero
1581 3816 1798 3869 subdit:
1826 3834 1842 3865 ι
1873 3816 2082 3886 Aquam

511 3913 533 3947 α
580 3905 764 3952 autem
795 3906 904 3952 tam
951 3901 1188 3964 hanstui,
1220 3920 1379 3974 quam
1421 3906 1638 3960 residuo
1678 3907 1797 3961 usui
1827 3923 1891 3961 ex
1922 3907 2086 3962 ductu

508 4005 530 4039 ι
568 3988 861 4059 fontis,‘qui
884 3993 1125 4049 omnium
1145 3996 1389 4051 obambit
1408 3997 1651 4064 cellulas,
1677 4008 1731 4053 et
1751 3999 2084 4067 singulorum

505 4095 526 4129 ι
570 4091 670 4148 per
698 4079 1145 4137 certa'foramina
1178 4085 1422 4141 aediculis
1452 4085 1645 4152 influit,
1673 4088 1893 4155 habent,
1940 4109 1958 4142 ι
1997 4090 2084 4145 his

497 4170 678 4226 innuit
723 4178 962 4243 tempora
1013 4177 1187 4231 sancti
1240 4177 1494 4242 Antelmi,
1530 4179 1745 4247 septimi
1792 4179 2090 4235 Carthusiae

498 4260 727 4330 Prioris,
760 4266 876 4337 qui,
909 4274 965 4321 ut
985 4268 1061 4322 ait
1090 4267 1223 4323 Vita:
1249 4269 1390 4323 illius
1421 4280 1626 4334 auctor,
1656 4289 1673 4321 ‹
1694 4272 2090 4340 Aquae-ductus

508 4367 530 4402 ι
557 4353 857 4421 multo,sed
882 4356 1199 4429 infatigabili
1226 4358 1409 4413 labore
1432 4359 1721 4419 fabricans.
1738 4360 1913 4430 longis
1941 4377 2089 4416 inea-

1270 309 1327 375 S.
1368 317 1720 377 BRUNONIS
1756 313 2405 373 CARTHUSIANORUM'
2433 316 2941 375 lNSTl‘l‘UTORlS.

3632 324 3735 381 16οι

2177 434 2323 504 guis,
2353 443 2412 488 ut
2439 434 2551 488 vult
2575 435 2889 502 Guibertus,
2924 434 3016 491 sed
3058 433 3261 505 lingua,
3311 450 3428 504 qua:
3459 435 3603 494 nobis
3644 458 3737 498 ne-V

2177 527 2414 580 cessaria
2446 536 2594 592 sunt,
2627 527 2915 597 exigimus.
2951 544 2971 578 ι
3008 526 3146 581 Sunt
3188 535 3394 592 autem,
3425 529 3588 599 inquit
3612 530 3722 587 Gui~

2177 616 2393 682 bertus,
2432 615 2570 671 infra
2627 626 2865 673 montem
2916 616 3065 671 illum
3125 616 3490 688 (Carthusiae)
3536 619 3722 676 habita-

2177 708 2294 763 cula
2324 710 2509 772 laicos,
2537 710 2871 765 vicenarium
2900 725 3197 764 numerum»
3230 711 3572 778 cxcedentes,
3613 713 3723 769 fide-

2179 801 2411 855 lissimos
2473 802 2781 857 retinentia.
2829 821 2847 853 ι
2882 802 2950 857 At
2976 802 3115 855 idem
3162 802 3340 871 Guigo
3404 803 3481 858 sic
3525 805 3723 859 sanxit:

2183 909 2217 949 σ,
2238 892 2522 948 Laicornm
2547 903 2728 948 autem
2753 880 3032 958 numerus,
3059 908 3194 963 quos
3234 912 3253 943 ι
3283 890 3581 951 Conversos
3597 910 3735 951 voca-

2183 1000 2211 1035 ‹.
2252 998 2391 1047 mus,
2430 984 2666 1040 sedecim
2708 992 2948 1039 statutus
2996 992 3098 1038 est.
3137 1002 3155 1035 ι
3220 983 3361 1037 llinc
3407 986 3736 1053 suspicamur,

2177 1075 2261 1129 vel
2298 1074 2617 1130 Gnibertum
2657 1091 2764 1129 non
2822 1077 3021 1130 abiisse
3066 1090 3209 1129 anno
3266 1075 3428 1141 1121,
3473 1084 3527 1129 et
3567 1077 3737 1133 vixisse

2180 1182 2349 1236 usque
2376 1168 2441 1220 ad
2475 1175 2718 1236 tempora
2751 1167 2931 1220 Basilii
2965 1167 3174 1221 Prioris
3200 1168 3530 1231 Carthusize,
3564 1168 3610 1221 id
3648 1179 3737 1233 est,

2176 1266 2299 1329 post
2317 1273 2516 1311 annum
2544 1258 2693 1318 1150,
2719 1257 2801 1311 vel
2828 1258 3120 1325 capitulum
3145 1257 3273 1310 illud
3299 1258 3592 1327 (xl-nempe
3611 1258 3692 1311 lib.
3722 1275 3734 1313 ι

2179 1365 2337 1419 Supra
2388 1351 2507 1418 cit.)
2560 1349 2727 1419 Operi
2758 1349 3005 1404 Guiberti
3034 1365 3061 1401 a
3090 1350 3330 1418 quodam
3367 1349 3472 1401 alio
3498 1348 3650 1402 fuisse
3672 1349 3740 1401 in-

2180 1450 2407 1496 sertum.
2427 1439 2561 1494 Nam
2589 1440 2739 1494 circa
2765 1449 3007 1509 tempora
3042 1438 3226 1493 Basilii
3256 1455 3516 1493 numerus
3545 1454 3741 1492 conver-

2180 1545 2362 1583 sorum
2421 1538 2476 1583 et
2528 1530 2987 1587 mercenariorum
3037 1528 3204 1596 coepit
3247 1527 3468 1597 augeri,
3517 1536 3575 1581 ut
3617 1536 3742 1596 patet

2180 1635 2247 1675 ex
2303 1619 2506 1673 tltarlis
2559 1617 2915 1687 capitulorum
2956 1617 3317 1687 generalium,
3380 1624 3437 1669 et
3484 1614 3744 1670 confirma.

2184 1719 2275 1764 tur
2303 1727 2332 1764 a
2364 1711 2528 1765 Petro
2553 1709 2925 1776 Cluniacensi,
2959 1710 3052 1779 qui
3109 1709 3162 1762 in
3210 1708 3396 1778 capite
3418 1707 3487 1762 28
3515 1706 3601 1761 lib.
3628 1723 3662 1760 ιι
3690 1707 3743 1759 de

2180 1803 2473 1868 Miracnlis,
2514 1817 2674 1872 quem
2726 1802 2873 1857 circa
2913 1818 3114 1856 annum
3150 1802 3291 1858 1150
3339 1802 3526 1865 edidit,
3572 1808 3627 1853 ut
3665 1813 3745 1853 suo

2182 1896 2305 1949 loco
2332 1895 2598 1960 dicemus,
2642 1894 2841 1950 scribit
2868 1909 3153 1949 numerum
3205 1907 3598 1951 conversorum
3633 1901 3740 1944 tunc

2178 1986 2347 2043 fuisse
2402 1986 2727 2044 octodecim.
2780 1986 2990 2041 Asserit
3032 1985 3329 2042 Guibertus
3359 1982 3744 2039 Carthusienses

2190 2097 2208 2131 ‹
2260 2088 2409 2132 tanto
2457 2086 2647 2146 emptas
2703 2075 3175 2145 contemplationis
3227 2075 3445 2130 fervore
3495 2071 3645 2133 ferri,
3695 2078 3741 2120 ut

2190 2186 2209 2223 ι
2256 2169 2398 2223 nulla
2427 2168 2689 2238 temporis
2728 2166 3063 2236 longitudine
3094 2181 3122 2219 a
3173 2182 3273 2221 sua
3309 2161 3638 2219 institutione
3664 2159 3742 2211 de-

2189 2278 2211 2313 ι
2257 2260 2485 2321 sistant,
2540 2272 2639 2312 nec
2692 2256 2869 2324 aliqua
2922 2257 3105 2310 ardua:
3147 2256 3294 2315 illius
3346 2250 3741 2312 conversationis

2192 2370 2211 2404 ι
2261 2350 2619 2411 diuturnitate
2665 2358 2967 2416 tepescant.
2999 2366 3021 2401 ι
3051 2348 3129 2401 Ex
3159 2348 3245 2403 his
3273 2356 3426 2403 certe
3454 2344 3625 2399 verbis
3651 2342 3743 2396 col-

2184 2444 2396 2513 lingus
2425 2456 2673 2510 magnam
2706 2459 2723 2491 ι
2754 2439 3011 2508 temporis
3036 2437 3432 2509 longitudinem
3456 2455 3472 2487 ι
3498 2449 3587 2490 seu
3613 2432 3744 2486 «diu-

2190 2553 2209 2587 ‹
2255 2536 2571 2587 turnitatem
2600 2529 3032 2591 conversationis
3074 2547 3093 2580 ι
3129 2529 3197 2583 ab
3229 2527 3573 2584 institutione
3606 2521 3740 2578 Ordi-

2183 2625 2270 2681 nis
2304 2624 2579 2680 efﬂuxisse
2605 2636 2777 2692 usque
2807 2622 2874 2676 ad
2902 2630 3134 2690 tempus,
3165 2635 3276 2690 quo
3302 2622 3425 2675 haec
3458 2616 3739 2673 scribeban-

2185 2727 2293 2783 tur,
2320 2717 2393 2770 ita
2422 2724 2479 2769 ut
2503 2723 2649 2769 esset
2676 2712 3048 2779 admirationi,
3075 2726 3194 2781 qua»
3224 2710 3473 2780 profecto
3500 2721 3599 2760 non
3628 2703 3738 2755 fuis-

2184 2816 2289 2871 set,
2321 2806 2365 2862 si
2396 2806 2541 2860 ultra
2564 2813 2775 2858 mtatem
2824 2803 3096 2864 Guiberti,
3142 2804 3235 2871 qui
3270 2801 3379 2855 fuit
3408 2800 3466 2854 S.
3505 2794 3742 2852 Brunouis

2185 2913 2419 2961 csmvus,
2453 2912 2559 2950 non
2591 2892 3139 2955 extenderetur.<Nec
3164 2902 3453 2963 propterea
3477 2888 3605 2944 adeo
3631 2885 3739 2939 fuis-

2185 2998 2304 3044 sent
2334 2985 2581 3041 laudandi
2608 2984 3049 3039 Carthusieuses.

2255 3078 2382 3132 271.
2418 3095 2436 3128 ‹
2466 3074 2650 3146 Pergit
2678 3074 2973 3129 Guibertus
3001 3088 3154 3130 suam
3183 3074 3331 3131 circa
3358 3080 3597 3131 sanctum
3630 3066 3741 3121 Bruo

2185 3188 2383 3229 nonem
2434 3172 2761 3241 imperitiam
2790 3169 3261 3239 prodere,dicens
3304 3191 3319 3225 :
3373 3188 3392 3221 ι
3432 3168 3557 3223 lnde
3604 3161 3741 3216 etiam

2190 3285 2209 3319 ι
2250 3266 2339 3332 (de
2366 3262 2673 3326 Carthusii)
2695 3276 2801 3333 qua
2827 3262 3010 3317 nescio
3036 3262 3349 3327 occasione,
3380 3255 3633 3316 mirabilis
3664 3253 3743 3305 iste

2195 3376 2215 3411 ι
2261 3357 2443 3412 Bruno
2472 3355 2753 3414 recedens,
2799 3362 3092 3423 postquam
3146 3353 3254 3418 his,
3297 3367 3423 3421 quae
3469 3341 3740 3420 praalibari—

2193 3467 2213 3501 σ
2258 3463 2402 3511 mus,
2434 3446 2742 3500 rudimenta
2776 3444 2942 3498 multa
2992 3444 3259 3503 dictorum
3307 3453 3363 3498 et
3396 3443 3647 3496 factorum
3677 3435 3741 3484 in-

2194 3556 2219 3590 ι
2258 3536 2559 3592 culcatione
2588 3535 2935 3605 praestiterat.
2978 3533 3047 3588 ad
3107 3534 3327 3604 Apulos,
3378 3531 3579 3591 nescio,
3613 3523 3741 3581 Cala-

2196 3647 2215 3679 ‹
2260 3628 2460 3682 brosne
2487 3627 2780 3690 concessit,
2819 3634 2874 3680 et
2900 3625 3099 3681 ibidem
3136 3626 3264 3681 huic
3302 3623 3563 3696 quiddam
3588 3615 3741 3673 simile

2196 3738 2215 3771 ι
2259 3718 2471 3775 vivendi
2502 3733 2673 3790 genus
2721 3718 2977 3774 instituit.
3017 3737 3035 3770 ι
3072 3717 3308 3773 Sanctus
3354 3717 3535 3771 Bruno
3562 3709 3738 3767 invitus

2192 3810 2495 3865 eCartusia
2544 3809 2789 3873 recessit,
2823 3808 3049 3877 iubente
3090 3817 3145 3863 et
3192 3817 3425 3879 cogente
3467 3803 3669 3861 Urbano
3708 3794 3740 3848 ll

2191 3915 2403 3956 summo
2429 3899 2715 3966 Pontiﬁce,
2736 3915 2896 3969 quem
2928 3900 3032 3968 piis
3062 3901 3305 3955 consiliis
3330 3916 3431 3970 per
3457 3897 3645 3965 aliquot
3663 3903 3742 3943 an—

2192 4006 2297 4046 nos
2321 3989 2479 4060 juvit,
2517 3990 2759 4045 maxime
2801 3990 2855 4044 in
2886 3989 3156 4057 conciliis,
3188 3998 3315 4044 tunc
3340 3985 3596 4058 temporis
3620 3979 3740 4033 cele-

2192 4082 2384 4138 bratis.
2416 4080 2521 4136 Sed
2550 4083 2666 4136 haec
2694 4082 2948 4139 omnibus
2988 4091 3117 4136 nota
3164 4080 3311 4136 solus
3353 4075 3614 4153 ignoravit
3636 4069 3743 4125 Gui-

2193 4176 2409 4237 bertus,
2447 4172 2539 4243 qui
2587 4173 2787 4227 fatetur
2826 4189 2884 4229 se
2921 4173 3135 4228 nescire
3192 4189 3299 4243 qna
3332 4170 3613 4227 occasione
3639 4176 3743 4217 sau-

2192 4276 2313 4324 ctus
2342 4265 2523 4321 Bruno
2547 4264 2892 4321 Carthusiam
2916 4266 3203 4321 dimiserit.
3233 4266 3438 4322 Deinde
3469 4266 3617 4333 putat
3637 4268 3742 4310 san-

2193 4366 2341 4412 ctum
2382 4357 2752 4424 pa:riarcham
2776 4367 2926 4412 recta
2953 4357 3039 4411 via
3080 4373 3109 4411 a
3132 4355 3323 4411 Galliis
3345 4371 3407 4412 se
3434 4346 3743 4410 transtulisse

508 4463 529 4494 ι
557 4445 704 4502 tibus
725 4450 792 4503 ad
810 4450 1299 4522 cellas,coquinam
1321 4451 1905 4523 czeterasqueollicinas
1921 4470 2091 4525 aqua-
2123 4455 2169 4512 D
2202 4447 2255 4499 in
2277 4446 2527 4515 Aptlliam
2557 4446 2641 4505 νει
2661 4446 2992 4510 Calabriam.
3021 4448 3117 4502 58d
3144 4447 3212 4505 ad
3235 4457 3414 4502 υιΐθῐη
3440 4448 3745 4525 τενθτ³.⁶⁰¹¹ῗ

504 4554 525 4586 ι
563 4551 681 4590 rum
717 4549 921 4594 tantam
957 4544 1155 4599 direxit
1176 4546 1582 4611 abundantiam,
1610 4556 1752 4602 sete:
1779 4547 1933 4614 Quod
1965 4547 2089 4617 qui-

498 4624 625 4681 dem
646 4642 781 4698 opus
807 4633 1036 4698 primum
1059 4634 1233 4703 Guigo
1257 4651 1543 4706 aggressus
1574 4636 1770 4702 fuerat,
1798 4638 1890 4693 sel
1917 4647 2090 4698 morte

501 4729 808 4790 praeventus
832 4722 957 4779 illud
982 4740 1076 4793 per
1096 4726 1260 4782 cellas
1280 4728 1543 4784 deducere
1564 4742 1667 4783 non
1690 4737 1956 4799 potuerat.

570 4810 699 4866 270.
737 4828 756 4862 ι
778 4811 981 4867 Scribit
1018 4813 1333 4884 (Guihertus
1360 4818 1614 4873 nimirum
1641 4817 1760 4874 loco
1786 4834 1947 4890 supra
1970 4818 2087 4877 cit.l

500 4904 927 4962 Carthusienses
957 4928 973 4957 ι
1001 4922 1269 4978 nusquam
1306 4924 1444 4980 pene
1473 4910 1641 4981 loqui,
1693 4925 1819 4964 nam
1857 4911 1904 4966 si
1951 4910 2080 4980 quid

507 5014 530 5047 ι
567 4996 675 5066 peti
709 5009 929 5051 necesse
951 5005 1054 5057 est.
1102 4998 1256 5069 signo
1286 5000 1541 5069 exigitur.
1583 5018 1602 5051 ι
1656 4998 1762 5053 Sed
1801 4999 2087 5053 videamus

505 5102 573 5142 ex
599 5086 863 5157 Guigonis
910 5088 1081 5144 nostri
1129 5090 1632 5155 consuetudinibus,
1679 5105 1747 5145 an
1798 5088 2091 5145 Guibcrtns

505 5192 657 5239 recte
707 5199 887 5239 mores
942 5197 1155 5241 nostros
1201 5188 1492 5242 calluerit.-
1520 5188 1613 5243 Sic
1650 5189 1814 5257 igitur
1851 5186 2092 5257 loquitur

501 5274 679 5347 Guigo
711 5296 725 5331 :
761 5295 779 5328 ι
820 5275 931 5332 Soli
957 5280 1212 5348 degentes
1239 5280 1391 5349 signa
1419 5280 1790 5335 emnobiorum
1816 5287 1908 5332 aut
1927 5277 2092 5342 nulla,

512 5386 535 5418 ‹
579 5380 673 5423 aut
722 5385 895 5441 pauca
935 5372 1207 5434 novimus,
1251 5372 1503 5426 sufficere
1542 5381 1794 5443 putantes
1844 5370 2082 5442 linguam

508 5481 532 5511 ‹
580 5465 769 5527 solum,
796 5480 904 5518 non
929 5465 1092 5519 etiam
1122 5475 1348 5519 caeteros
1373 5473 1525 5518 artus
1551 5464 1792 5521 rentibus
1816 5462 2097 5533 implicare

516 5572 536 5604 ι
584 5553 837 5620 loquendi
866 5574 881 5620 ;
914 5565 968 5611 et
1001 5557 1121 5611 ideo
1147 5558 1191 5611 si
1239 5565 1385 5611 tanta
1426 5556 1727 5613 necessitas
1769 5562 1947 5625 urget,
1987 5569 2097 5608 uno

514 5665 538 5694 ιι
586 5645 668 5697 vel
702 5647 931 5711 duobus,
984 5661 1075 5702 aut
1116 5660 1265 5705 certe
1313 5649 1663 5718 paucissimis
1702 5648 1907 5712 verbis,
1953 5646 2095 5716 (11³0(1

520 5758 535 5788 ι
587 5753 672 5792 res
701 5739 959 5808 postulat,
986 5741 1271 5799 inaluimus
1321 5742 1568 5797 indicari.
1606 5760 1623 5793 ι
1657 5739 1770 5799 Non
1822 5739 1985 5810 igitur
2026 5737 2097 5791 si—

2196 4538 2445 4604 cesserit,
2471 4538 2701 4609 ignorat.
2725 4537 2959 4594 Sanctus
2974 4538 3178 4604 Bruno,
3201 4539 3329 4593 dum
3356 4540 3414 4594 in
3434 4536 3550 4593 aula
3571 4523 3744 4587 Urbani

2196 4630 2541 4696 versabatur,
2569 4647 2598 4685 a
2623 4631 2769 4687 clero
2797 4631 3046 4702 Regiensi
3074 4631 3127 4686 in
3159 4632 3639 4702 archiepiscopum.
3662 4634 3743 4674 ³η·

2196 4732 2401 4779 nuente
2447 4722 2753 4790 Pontilice,
2792 4724 3126 4792 postulatus,
3182 4723 3440 4779 electioni
3494 4723 3742 4776 assensum

2194 4816 2441 4886 praebere
2463 4816 2649 4875 noluit.
2686 4826 3020 4885 acceptaque
3056 4817 3123 4870 ab
3156 4817 3273 4887 ipso
3299 4816 3516 4872 Urbano
3536 4804 3741 4865 licentia.

2196 4907 2251 4962 in
2282 4906 2650 4969 solitudinem,
2685 4922 2846 4976 quam
2880 4907 2931 4960 in
2963 4906 3216 4963 Calabria
3246 4907 3510 4976 elegerat,
3531 4891 3744 4957 secessit.

2197 4999 2303 5055 Sed
2336 5001 2646 5062 Guihertus,
2665 4999 2857 5053 borum
2878 4998 3119 5052 omnium
3142 4998 3417 5067 ignorans,
3430 4992 3607 5053 scribit
3622 4995 3741 5043 cuiu,

2197 5094 2324 5149 dum
2344 5095 2398 5148 in
2412 5092 2877 5154 eremolatitabat,
2901 5106 3120 5144 suarum
3144 5091 3494 5145 nihilominus
3512 5086 3739 5139 virtutum

2198 5183 2405 5253 fulgore
2435 5183 2728 5251 proditum,
2763 5197 2794 5235 a
2829 5196 3041 5236 summo
3072 5180 3361 5247 Pontifice,
3385 5189 3445 5236 ut
3496 5163 3740 5261 ﬁerelcplf

2200 5272 2719 5344 δεοβοενίίυίεείῑυῐη
2749 5279 2805 5328 et
2831 5279 3063 5335 lentum,
3085 5270 3381 5341 aufugisse.
3418 5292 3433 5321 ι
3468 5258 3741 5344 ιὺίνίηίιιῶ

2205 5383 2225 5416 ε
2253 5342 2544 5420 Guibertus
2593 5364 2684 5435 (an
2740 5362 2794 5416 in
2834 5362 3026 5429 Apulia
3064 5362 3149 5417 vel
3191 5362 3243 5417 in
3293 5360 3537 5417 Calabria
3576 5342 3737 5435 nescit)

2204 5474 2224 5508 ι
2256 5471 2379 5512 cum
2420 5432 2612 5510 multa
2644 5452 2951 5508 humilitate
3003 5466 3064 5506 se
3113 5460 3316 5521 ageret,
3375 5460 3431 5506 et
3470 5432 3738 5505 omni"iolla

2208 5550 2467 5619 «piorum
2531 5545 2903 5614 exemplorum
2964 5543 3284 5613 praehitione
3358 5532 3739 5619 circumquaqltc

2211 5659 2231 5692 ε
2256 5610 2511 5709 fulgeret,
2542 5637 2609 5692 ad
2624 5610 2861 5707 episcopi
2884 5610 3199 5705 dig—nitatem
3218 5634 3286 5687 ab
3311 5628 3602 5702 Apostolica
3626 5610 3737 5668 Sede

2209 5752 2226 5786 ς
2263 5708 2522 5803 quzesitus
2575 5738 2629 5785 et
2663 5736 2843 5785 tentus
2871 5726 3024 5798 fugit.
3063 5745 3079 5778 ι
3130 5725 3207 5779 Ex
3250 5724 3333 5779 his
3368 5730 3507 5793 patet
3538 5708 3733 5772 Guibcr~
