3862 6310
146 334 213 389 161
1605 318 1811 378 ΔΟΤΛο

3238 322 3344 378 16‘!

150 461 230 501 tum
250 442 431 515 penitus
472 441 769 512 ignorasse,
808 452 876 491 an
911 442 1133 491 sanctus
1182 433 1363 487 Bruno
1410 445 1647 500 unquam
1683 440 1725 496 Α
1763 446 1781 479 ι
1817 426 1959 491 Viri,
2003 424 2217 481 feinina:
2263 439 2325 480 ac
2366 426 2517 496 pueri
2568 426 2697 483 illud
2741 426 2955 483 vivendi
3000 440 3170 500 genus
3204 432 3351 487 arri-

150 539 316 593 Urbano
367 548 508 604 papa:
565 532 916 595 adhaesisset,
969 528 1114 598 quod
1168 540 1348 581 tamen
1415 524 1660 595 apprime

148 630 249 685 scire
284 626 550 688 debuerat;
604 620 1047 693 quandoquidem
1078 628 1137 673 et
1193 615 1403 673 Urbani
1447 629 1661 669 cernvus

150 720 299 780 fuerat,
328 725 375 769 et
396 714 544 782 quasi
577 717 767 767 eadem
796 710 1075 781 provincia
1106 707 1341 778 genitus.
1379 704 1514 760 Nam
1548 705 1663 775 ipse

146 825 194 863 ex
212 808 313 861 urbe
336 804 606 858 Bellovaco
636 802 900 857 oriundus
927 809 1061 862 erat,
1088 805 1273 868 postea
1298 797 1475 850 factus
1498 795 1664 850 abbas

148 892 469 963 deNuvigento
498 894 551 947 in
586 892 808 947 dioecesi
850 888 1219 952 Laudunensi,
1262 895 1494 956 utraque
1521 884 1661 939 civi-

152 994 229 1035 tate
245 981 326 1034 sub
350 977 623 1047 metrOpoli
658 975 948 1042 Remensi;
984 974 1237 1029 Urbanus
1260 986 1478 1027 veroex
1504 970 1663 1024 terri-

149 1073 250 1125 torio
276 1079 322 1124 et
346 1069 489 1123 clero
524 1066 783 1122 Remensi
810 1074 968 1131 -erat,
1002 1071 1064 1117 nt
1102 1063 1330 1132 ipsemet
1366 1060 1666 1117 Guibertus

148 1159 303 1216 scribit.

192 1248 288 1302 272.
324 1247 479 1302 «Post
503 1244 689 1311 verba,
721 1242 1005 1298 aLaunoio
1022 1257 1087 1298 ex
1100 1241 1666 1312 Guibertoexscripta,

144 1347 267 1409 prout
292 1352 345 1391 ea
372 1337 616 1407 superius
642 1335 952 1396 retulimus,
997 1332 1181 1387 statim
1223 1333 1498 1402 subiungit
1533 1332 1667 1386 Gui-

149 1430 285 1481 bertus
324 1428 371 1480 in
411 1426 598 1482 eodem
643 1424 918 1496 capitulo:
954 1441 973 1475 ι
1002 1423 1116 1489 Ha‘,
1151 1423 1394 1493 inquam,
1426 1436 1669 1493 personae

156 1517 556 1571 «conversionum
604 1524 732 1570 tunc
766 1500 1022 1584 temporis
1058 1513 1307 1567 extulere
1352 1514 1667 1581 primordia.

155 1604 264 1659 illis
314 1606 578 1660 cubassere
616 1605 884 1661 continuo
943 1603 1182 1656 virorum
1235 1602 1671 1671 feminarumque

156 1711 357 1766 igreges,
382 1698 555 1751 omnis
584 1696 835 1766 protinus
872 1693 1008 1749 ordo
1032 1694 1331 1747 concurrit.
1361 1709 1381 1743 ι
1432 1691 1498 1747 Et
1536 1690 1673 1747 infe-

1771 535 1790 568 |
1822 517 1996 587 piunt.
2040 515 2329 571 lnnnmera
2391 516 2729 571 constituunt
2790 519 3159 584 monasteria,
3219 521 3352 576 ibid.

1772 614 2050 670 «Abunde
2104 613 2369 668 ditantur.
2431 612 2559 677 467,
2592 633 2612 666 ›
2674 623 2781 669 etc.
2848 614 3080 685 Scripsit
3135 616 3358 686 quidem

1768 707 1957 762 eodem
1985 706 2103 761 loco
2133 704 2453 771 Guiberttts,
2480 706 2789 762 hominibus
2814 706 2929 763 sive
2958 708 3359 766 Carlbusicnsi-

1767 798 1871 852 bus
1895 797 2010 851 sive
2036 797 2176 863 aliis,
2210 797 2276 851 de
2304 797 2499 867 quibus
2529 798 2743 854 locutus
2775 808 2881 867 est,
2917 819 2935 851 ι
2968 802 3198 871 εωρίεεε
3235 803 3358 858 ubi-

1771 905 1792 941 ι
1825 903 1928 956 que
1958 886 2058 943 loci
2084 902 2219 942 nova
2243 888 2480 943 construi
2506 891 2862 958 monasteria,
2885 900 2967 957 et,
2999 893 3360 965 undecunque

1774 997 1793 1031 ι
1821 977 2220 1034 conﬂuentibus
2267 994 2494 1048 magnos
2532 980 2913 1037 alimentorum
2956 982 3162 1039 redibis
3205 985 3361 1039 adlti-i

1774 1085 1792 1120 ι
1826 1067 1967 1130 beri,
1989 1087 2007 1119 ι
2029 1068 2123 1122 sed
2153 1067 2307 1122 nobis
2326 1106 2342 1133 ,
2373 1068 2634 1123 aliditiora
2666 1086 2847 1125 rerum
2889 1070 3361 1128 Cartbusiehsinm‘

1768 1157 2266 1230 perscrutantibns,
2300 1158 2493 1212 borum
2537 1159 2941 1215 innumerorum
2994 1161 3358 1216 monasteries

1776 1266 1893 1304 rum
1925 1249 2133 1303 lundati
2146 1263 2268 1304 mes
2296 1264 2558 1318 nusquam
2587 1260 2970 1318 occurrerunt;
3013 1253 3122 1306 imo
3149 1250 3362 1321 patebit

1772 1341 1826 1395 in
1860 1342 2062 1395 nostris
2095 1340 2416 1407 Annalibus,
2446 1349 2570 1394 ante
2604 1355 2804 1395 annum
2833 1342 2973 1397 1124
3001 1343 3089 1397 vix
3116 1341 3359 1413 quinque

1771 1441 1864 1487 aut
1883 1448 1974 1487 sex
1990 1430 2306 1486 Carthusias
2327 1441 2452 1486 tunc
2476 1431 2639 1486 fuisse
2660 1430 2930 1500 fundatas,
2946 1442 3002 1488 et
3027 1448 3120 1489 eas
3140 1434 3363 1504 quidem

1768 1524 2162 1593 pauperrimas.
2201 1541 2220 1575 ι
2271 1522 2543 1577 Hactenus
2581 1523 2974 1579 Cartltnsianus
3023 1540 3360 1595 anonymus,

1773 1617 1970 1670 merito
1998 1629 2148 1681 sane,
2182 1623 2370 1670 contra
2400 1630 2463 1669 ac
2495 1625 2652 1670 antea
2678 1617 2929 1686 opinatus
2953 1615 3128 1670 fuerat
3150 1618 3363 1671 Dache-

1777 1706 1915 1772 rius,
1945 1705 2287 1770 existimans,
2314 1704 2380 1758 ad
2405 1704 2794 1760 Curibusianos
2814 1721 2919 1761 non
2946 1714 3215 1775 spectare,
3244 1718 3366 1775 quae

152 1791 233 1844 rius
266 1808 277 1843 :
326 1808 344 1841 ι
374 1790 442 1844 At
491 1790 710 1844 femina:
761 1788 949 1844 ilidem
1012 1787 1284 1856 illSisne-S.
1348 1786 1667 1840 maritorum
1700 1779 1745 1834 Β
1771 1810 1800 1847 a
1829 1794 2094 1848 Gniberto
2124 1793 2190 1847 de
2219 1793 2420 1862 ingenti
2447 1791 2772 1848 feminarum
2796 1810 3215 1865 puerorumque,
3240 1796 3365 1849 reli-

154 1881 421 1937 rcelebrium
458 1882 749 1953 jugalitate
804 1882 1056 1944 deserta,
1087 1888 1143 1932 et
1186 1892 1215 1932 a
1271 1879 1374 1949 piis
1412 1877 1668 1933 cordibus

154 1973 436 2027 rliberorum
485 1976 761 2038 abstenta,
805 1970 1020 2027 collatis
1060 1969 1192 2024 inibi
1234 1969 1449 2039 opibus,
1490 1969 1668 2024 eccle-

154 2062 379 2116 rsiasticis
421 2077 479 2116 se
529 2062 818 2131 stipendiis
860 2058 1277 2115 contradebant.
1312 2076 1330 2109 ι
1364 2057 1505 2124 Quid
1553 2058 1670 2112 haec

152 2152 223 2204 sibi
244 2151 447 2206 volunt?
481 2150 783 2206 Guibertus
815 2150 951 2205 obiit
995 2150 1145 2204 circa
1191 2163 1396 2203 annum
1441 2146 1577 2200 H25
1615 2156 1673 2201 et

154 2253 285 2296 tamen
323 2243 553 2313 loquitur
584 2243 655 2297 de
692 2242 907 2309 leniinis
940 2242 1052 2296 sive
1084 2240 1409 2294 monialibus
1438 2239 1670 2293 Carlhu-

155 2337 383 2401 siensibus,
414 2350 553 2405 quas
586 2335 642 2388 in
673 2334 931 2389 Ordinem
966 2333 1234 2386 admissas
1267 2339 1473 2385 tantum
1503 2331 1672 2386 fuisse

153 2428 257 2481 circa
282 2443 464 2481 annum
497 2425 662 2491 1145,
687 2426 739 2480 in
772 2424 1075 2479 Annalibus
1106 2421 1477 2493 probabimus.
1508 2422 1576 2475 Et
1605 2423 1674 2477 dc

152 2518 311 2574 {cunnis
340 2520 552 2590 quidem
584 2518 849 2588 loquitur,
888 2530 1010 2587 qua:
1052 2533 1069 2565 I
1098 2516 1313 2570 deserta
1353 2513 1673 2568 maritorum

148 2610 384 2682 jugalitate,
420 2633 438 2664 ι
476 2620 727 2666 nostrum
768 2610 1078 2665 institutum
1121 2608 1384 2677 amplexa:
1433 2607 1670 2671 fuerant,

152 2720 236 2756 rum
271 2714 462 2760 constet
506 2703 692 2759 nullas
742 2717 983 2772 unquam
1030 2700 1084 2754 in
1128 2699 1429 2770 partheniis
1475 2699 1676 2754 nostris

153 2804 364 2862 susceptas
392 2796 558 2849 luisse
600 2792 1012 2847 mulieressive
1054 2792 1265 2857 viduas,
1300 2792 1416 2847 sive
1454 2800 1673 2860 nuptas,

152 2888 216 2938 sed
251 2899 430 2942 tantum
456 2888 693 2943 feminas
717 2902 809 2942 seu
835 2885 1093 2955 virgines,
1119 2886 1429 2956 nuptiarum
1454 2885 1677 2939 omnino

153 2991 378 3045 expertes,
418 2991 649 3052 propter
681 2980 1176 3045 consecrationem,
1216 2994 1337 3048 qum
1374 2993 1587 3049 semper
1622 2978 1677 3032 in

153 3086 221 3124 usu
244 3071 474 3143 luitapud
508 3083 728 3129 nostras
756 3072 1039 3138 inoniales,
1066 3088 1294 3141 quaeque
1337 3074 1466 3127 solis
1503 3073 1674 3144 virgi-

154 3163 267 3216 nibus
284 3166 615 3220 conceditur.
648 3164 913 3219 Prmterea
944 3172 1057 3218 toto
1078 3164 1254 3231 primo
1274 3162 1492 3217 Ordinis
1515 3168 1681 3217 nostri
1712 3156 1752 3176 υ

153 3257 300 3311 seculo
326 3273 481 3312 unum
517 3267 731 3312 tantum
772 3256 1114 3327 partbeninm
1152 3256 1538 3310 Carlhusicnse
1568 3255 1685 3308 fitti-

155 3356 288 3399 talum
314 3350 530 3403 exstitit.
584 3349 769 3418 Pergit
806 3349 1005 3403 ibidem
1033 3346 1325 3402 Guibertus
1352 3365 1364 3401 :
1397 3365 1414 3396 ι
1443 3346 1581 3413 Quid
1622 3347 1686 3401 de

162 3438 402 3495 aetatibus
456 3440 674 3509 loquar,
727 3454 850 3494 cum
907 3440 1177 3493 decennes
1227 3446 1282 3493 et
1343 3438 1686 3493 undeccnnes

160 3528 396 3585 ciiilantuli
422 3531 630 3586 similia
658 3530 1052 3586 meditarentur
1073 3538 1128 3584 et
1163 3529 1329 3584 multa
1367 3531 1684 3599 castigatio-

163 3635 250 3673 ἠ
297 3634 567 3693 gererent,
627 3639 790 3693 quam
844 3623 1060 3677 :ctatula
1117 3622 1493 3691 pateretur?)
1552 3621 1686 3689 Quis

156 3723 333 3781 unquam
359 3717 480 3771 talia
516 3716 766 3779 audivit,
793 3714 874 3769 vel
904 3714 1119 3783 scripsit
1144 3714 1209 3768 de
1229 3710 1430 3768 Ordine
1451 3712 1685 3767 Carthu-

160 3803 310 3858 siensi?
327 3807 387 3861 ad
402 3822 565 3878 quem
600 3806 786 3877 pueris
808 3805 986 3859 nullus
1007 3818 1241 3874 unquam
1267 3803 1439 3872 patuit
1475 3802 1683 3867 aditus;

158 3892 428 3968 imosemper
441 3895 926 3969 proliibitusjuxta
958 3902 1212 3950 statutum
1238 3894 1303 3947 ll.
1328 3894 1385 3947 P.
1405 3891 1684 3961 Guigouis,

159 3983 216 4039 sic
245 3988 300 4041 de
328 4000 483 4045 atate
525 3989 1003 4059 suscipiendorum
1068 3986 1358 4041 scribentis
1387 4002 1400 4037 :
1434 4002 1452 4036 ι
1482 3984 1688 4039 Pueros

162 4080 278 4135 isire
312 4082 744 4139 adolescentulos
780 4096 886 4135 non
924 4080 1240 4149 recipimus,
1283 4076 1411 4148 quia
1453 4092 1550 4147 per
1596 4091 1688 4131 eos

164 4187 176 4218 ι
196 4179 499 4232 monasteriis
521 4176 694 4232 multa
720 4175 1015 4245 contigisse
1038 4172 1309 4228 dolemus.
1334 4210 1347 4223 .
1366 4209 1381 4224 .
1402 4172 1495 4225 sed
1520 4171 1684 4232 viros,

163 4263 261 4328 ιιιυὶ
281 4263 421 4331 juxta
467 4275 804 4335 praeceptum
852 4263 1062 4318 Domini
1114 4276 1211 4331 per
1256 4275 1475 4315 manum
1520 4259 1686 4331 Moysi

163 4353 340 4422 uiginti
373 4359 438 4412 ad
478 4358 663 4412 minus
696 4371 959 4411 annorum
996 4368 1155 4409 sacra
1198 4352 1414 4425 possint
1446 4352 1515 4407 ad
1548 4351 1687 4407 bella

164 4449 461 4510 'pmcedere.
484 4471 504 4503 ι

205 4531 305 4588 273.
341 4553 359 4585 ι
382 4537 519 4590 Sunt
546 4543 603 4590 et
629 4534 796 4589 multa
826 4533 931 4588 alia
958 4532 1044 4587 his
1070 4530 1265 4586 similia
1292 4530 1346 4586 in
1375 4530 1565 4586 eodem
1594 4543 1687 4585 ca-

160 4621 282 4687 pitulo
306 4628 435 4695 apud
463 4625 812 4690 Guibertum,
835 4639 863 4676 a
889 4621 1059 4677 nostri
1085 4620 1306 4676 Ordinis
1326 4620 1589 4675 institutis
1611 4620 1683 4674 ita

161 4713 305 4780 aliena,
326 4730 377 4772 ut
405 4720 564 4774 nobis
578 4732 641 4772 ea
671 4715 975 4787 legentibus
988 4715 1217 4770 subierit
1236 4714 1290 4768 in
1307 4714 1573 4779 animum,
1603 4712 1683 4769 vel

162 4818 305 4862 eatton
328 4826 440 4865 esse
458 4809 729 4871 Guiberti,
780 4808 864 4862 vel
904 4806 1097 4862 saltem
1150 4805 1219 4859 ad
1252 4819 1351 4859 nos
1378 4804 1686 4861 nullatenus

164 4909 380 4965 spectare,
403 4902 529 4957 licet
556 4900 876 4964 Daeberius,
900 4899 986 4953 vir
1012 4896 1253 4969 alioquin
1281 4898 1685 4967 sagacissimus,

164 4993 433 5046 contrarium
459 4993 683 5058 sentiat,
716 4992 770 5045 in
796 4990 1020 5045 scholiis
1044 4990 1111 5045 ad
1144 4990 1446 5060 marginem
1472 5003 1689 5044 eorum-

164 5076 248 5134 dem
270 5087 546 5140 verborum
565 5087 645 5141 sic
672 5083 925 5141 scribens
952 5091 1074 5153 post
1112 5081 1337 5138 Notulas
1382 5082 1449 5137 de
1496 5089 1688 5137 sancto

164 5167 404 5232 Brunone:
445 5197 466 5231 ι
506 5179 616 5234 Viri
664 5193 729 5233 ac
777 5176 991 5232 feminae
1048 5175 1193 5231 illius
1240 5175 1455 5230 vivendi
1516 5190 1687 5245 genus

169 5266 443 5335 «arripiunt.
469 5268 646 5323 Etiam
673 5270 940 5324 decennes
971 5276 1025 5322 et
1054 5267 1395 5322 undecennes
1432 5266 1683 5321 infantes.

169 5348 446 5415 tlnnumera
497 5360 782 5416 constituit
839 5360 1062 5431 (nempe
1110 5358 1322 5426 Bruno,
1354 5358 1447 5429 qui
1492 5367 1689 5427 praeter

170 5442 428 5515 Illajorem
454 5450 799 5507 Carthusiam
830 5459 885 5506 et
909 5436 1299 5505 munasterium
1356 5451 1408 5503 in
1438 5449 1689 5505 Calabria

172 5538 373 5598 inullum
393 5544 537 5600 aliud
561 5546 871 5618 aediﬁcavit)
896 5543 1247 5599 monasteria.
1280 5561 1298 5596 ι
1331 5542 1399 5598 Et
1422 5543 1477 5598 in
1508 5542 1689 5599 Indice

169 5627 215 5681 ad
230 5636 444 5691 eumdem
467 5637 782 5694 Guibertum
799 5651 813 5692 :
833 5657 851 5691 ι
874 5636 1276 5694 Carthusiensis
1297 5635 1515 5693 Ordinis
1537 5637 1689 5708 origo

173 5732 300 5794 ⁸1ης.
318 5724 413 5783 465
439 5744 535 5787 seu
553 5729 673 5800 467,
697 5729 996 5787 Carthusiae
1016 5730 1304 5801 descriptio
1323 5729 1425 5787 466
1449 5745 1541 5787 seu
1563 5729 1685 5788 468.

1771 1888 1933 1956 giosae
1961 1884 2345 1939 monasticaeve
2372 1883 2491 1938 tite
2511 1899 2630 1938 sese
2657 1884 2989 1953 dedentium,
3015 1886 3367 1941 multitudine

1769 1974 1862 2030 lib.
1888 1989 1943 2030 et
1968 1990 2089 2044 cap.
2119 1974 2239 2029 citt.
2269 1974 2573 2029 traduntur.

1845 2064 1969 2121 274.
2010 2065 2222 2120 Etenim
2250 2064 2385 2129 haec,
2419 2078 2539 2134 quae
2571 2064 2684 2119 suis
2714 2063 2911 2119 ibidem
2934 2064 3001 2120 de
3024 2063 3081 2120 S.
3107 2063 3369 2121 Brunone

1772 2158 1932 2213 dictis
1958 2158 2204 2227 proxlme
2233 2155 2529 2225 subiungit,
2561 2157 2847 2225 sequentia
2885 2155 3072 2221 verba,
3111 2177 3129 2208 ‹
3162 2156 3272 2212 llre.
3303 2196 3316 2209 .
3347 2194 3363 2211 .

1774 2263 2024 2319 persona!
2056 2247 2477 2303 conversionum
2510 2255 2638 2303 tunc
2672 2248 2930 2319 temporis
2964 2248 3212 2304 extulere
3241 2250 3358 2319 pri-

1775 2341 2005 2406 mordia,
2039 2356 2059 2393 »
2096 2356 2202 2395 non
2233 2340 2300 2394 ad
2328 2339 2499 2394 solum
2532 2338 2589 2396 S.
2626 2339 2956 2403 Brunonem,
2982 2340 3074 2395 sed
3103 2340 3268 2395 etiam
3297 2341 3368 2394 ad

1776 2430 1836 2486 Sv
1865 2431 2139 2486 Simonem
2192 2430 2588 2501 Crispeiensem
2636 2431 2863 2487 Ordinis
2904 2431 2962 2486 S.
3015 2430 3288 2486 Benedicti
3336 2448 3369 2486 e

1776 2520 1979 2575 comite
2008 2522 2362 2588 monachum,
2391 2520 2443 2574 in
2467 2520 2644 2589 Opere
2683 2529 2870 2575 nostro
2902 2521 2966 2574 ad
3005 2520 3074 2575 30
3116 2520 3365 2589 Septem-

1777 2612 1891 2667 bris
1919 2612 2059 2666 diem
2084 2611 2198 2680 jam
2236 2611 2441 2675 datum,
2473 2612 2799 2676 Elirarduni,
2840 2604 3218 2668 Britoliensem
3264 2628 3365 2669 co-

1784 2705 1992 2769 mitem,
2025 2704 2292 2773 aliosque,
2325 2704 2392 2758 ad
2420 2704 2585 2759 vitam
2636 2706 2989 2760 monasticam
3024 2715 3119 2760 aut
3170 2706 3369 2762 saltem

1780 2796 2082 2860 meliorem,
2101 2812 2129 2848 a
2155 2794 2511 2849 Carthusiana
2538 2804 2716 2850 tamen
2739 2796 3031 2861 diversam,
3055 2811 3373 2860 conversos,

1780 2889 1846 2942 de
1893 2886 2090 2956 quibus
2134 2887 2386 2956 proxime
2437 2896 2565 2943 ante
2615 2887 2857 2942 habitum
2892 2891 2956 2943 de
3004 2886 3063 2943 S.
3114 2888 3374 2943 Brunone

1779 2992 2083 3033 sermonem
2127 2988 2331 3047 egerat,
2370 2977 2654 3033 referenda
2699 2990 2845 3044 sunt,
2905 2994 2968 3034 ac
3030 2981 3187 3050 proin
3250 2994 3374 3051 qua:

1784 3070 1979 3125 deinde
2010 3069 2213 3134 subdit,
2262 3089 2280 3121 ι
2320 3069 2415 3123 His
2447 3071 2715 3139 (personis
2744 3085 2958 3140 nempe,
2991 3086 3111 3140 qua:
3148 3086 3377 3127 conver-

1789 3163 2002 3216 sionnm
2047 3172 2173 3217 tunc
2204 3162 2461 3232 temporis
2486 3163 2726 3219 extulere
2758 3164 3075 3235 primordia)
3104 3166 3380 3222 colitesere

1788 3255 2042 3308 continuo
2068 3254 2307 3308 virorum
2336 3252 2769 3325 feminarumque
2808 3272 3021 3327 greges,
3048 3257 3225 3313 omnis
3250 3273 3381 3328 pro-

1790 3345 1936 3399 tinus
1989 3345 2124 3407 ordo
2185 3347 2482 3400 concurrit.
2548 3346 2685 3413 Quid
2737 3347 2805 3402 de
2852 3349 3101 3403 aetatibus
3146 3348 3381 3419 loquar?

1789 3437 1923 3489 Cum
1953 3437 2221 3490 decennes
2245 3445 2299 3488 et
2327 3436 2674 3491 undecennes
2706 3435 2953 3491 infantuli
2994 3438 3181 3492 senilia
3207 3439 3378 3493 medi-

1792 3537 2055 3593 tarenzur,
2071 3535 2125 3581 et
2142 3526 2305 3581 multo
2325 3527 2670 3598 castigatiora
2692 3536 2964 3600 gererent,
2981 3544 3141 3598 quam
3163 3528 3380 3584 aetatula

1791 3627 2089 3687 pateretur.
2121 3617 2313 3672 Flebat
2343 3619 2395 3671 in
2436 3618 2541 3673 illis
2573 3620 3036 3688 conversionibus,
3077 3628 3210 3687 etc.,
3245 3639 3265 3674 ι
3303 3620 3379 3675 ita

1788 3707 2103 3775 accipienda
2125 3716 2251 3762 sunt
2272 3715 2331 3761 ut
2351 3707 2678 3777 signilicent,
2705 3718 2831 3762 tunc
2854 3708 3086 3764 feminas
3102 3710 3384 3780 virosque,

1790 3799 1899 3853 imo
1939 3800 2102 3854 etiam
2145 3814 2365 3869 pueros,
2403 3799 2611 3855 mellori
2661 3800 2878 3870 quidem
2932 3801 3384 3872 castigatiorique

1790 3893 1915 3946 vitae
1941 3906 2060 3946 sese
2094 3891 2327 3955 dedisse,
2371 3906 2478 3946 non
2536 3901 2713 3947 tamen
2757 3907 2949 3947 omnes
2986 3892 3291 3948 institutum
3345 3911 3374 3948 ει

1790 3984 2042 4038 Brunone
2083 3983 2369 4051 Ordinem,
2396 3984 2490 4038 sed
2527 3982 2608 4037 vel
2659 3984 2801 4040 hunc
2849 3983 2934 4038 vel
2977 3983 3168 4050 alium,
3218 3992 3382 4056 prout

1791 4075 2051 4146 cujusque
2080 4089 2243 4129 sexus
2269 4083 2363 4128 aut
2388 4075 2627 4130 conditio
2658 4074 2885 4138 ferebat,
2922 4089 3044 4131 esse
3075 4074 3379 4146 amplexos,

1793 4170 1977 4237 itaque
2015 4167 2251 4222 Brunoni
2312 4166 2565 4239 aliisque,
2623 4167 2689 4222 de
2736 4182 2966 4237 quorum
3020 4166 3381 4221 conversione

1791 4261 2086 4317 Guibertus
2116 4269 2319 4331 egerat,
2349 4260 2894 4326 coliaesis+e,cuidam
2920 4258 3125 4313 scilicet
3145 4273 3176 4313 e
3198 4258 3382 4312 diver-

1793 4352 1898 4417 sis,
1945 4368 2066 4422 quze
2102 4351 2156 4405 lii
2201 4351 2287 4405 vel
2341 4352 2714 4412 instituerant,
2767 4350 2851 4404 vel
2906 4349 3099 4405 sectati
3142 4349 3382 4415 luerent,

1718 4464 1762 4519 ι)
1793 4442 2032 4499 melioris
2083 4444 2205 4496 vitae
2254 4441 2542 4512 generibus
2576 4456 2695 4495 sese
2738 4438 3005 4493 dedendo.
3049 4437 3168 4493 Jam
3213 4453 3380 4500 vero.

1788 4549 1911 4589 cum
1946 4534 1997 4587 id
2025 4534 2098 4587 ita
2128 4533 2219 4595 sit,
2247 4546 2354 4585 non
2382 4539 2464 4585 est
2498 4546 2629 4585 sane
2662 4545 2779 4594 cur,
2811 4544 2931 4599 qua:
2973 4530 3113 4600 apud
3156 4529 3383 4585 Guiber-

1790 4635 1902 4681 turn
1925 4624 2020 4680 lib.
2053 4632 2110 4679 et
2140 4637 2259 4693 cap.
2292 4622 2412 4678 citt.
2438 4622 2505 4677 de
2527 4621 2682 4688 viris,
2711 4620 3051 4688 mulieribus,
3082 4621 3379 4692 puerisque

1789 4727 2192 4783 memorantur,
2218 4715 2422 4771 erroris
2448 4714 2774 4770 falsitatisve
2799 4721 3119 4784 arguantur,
3148 4711 3386 4781 hincque

1787 4810 2071 4874 Guiberto,
2108 4808 2269 4863 veluti
2314 4809 2405 4878 qui
2442 4806 2569 4863 talia
2612 4805 2814 4862 litteris
2860 4805 3120 4860 niandare
3152 4819 3256 4858 non
3287 4819 3385 4873 po-

1791 4902 1976 4967 tuerit,
2021 4901 2426 4973 abjudieentur.
2471 4900 2625 4968 Quod
2672 4897 2912 4968 alioquin
2973 4895 3090 4951 ﬁeri
3138 4896 3387 4956 deberet,

1788 5007 1910 5047 cum
1936 5001 2083 5049 certe
2121 5002 2279 5049 aetate
2308 4992 2582 5059 Guiberti,
2620 4993 2711 5062 qui
2744 5007 2885 5044 anno
2917 4989 3071 5052 “‘24,
3105 4998 3162 5041 ut
3191 4986 3387 5042 Mabil-

1788 5084 1964 5139 Ionius
1977 5084 2264 5139 Annalium
2288 5084 2561 5139 Benedict.
2591 5083 2679 5137 lib.
2702 5097 2885 5146 LXXIV,
2912 5096 3061 5135 nmn.
3080 5077 3137 5133 7]
3153 5119 3168 5145 ,
3190 5088 3239 5133 et
3260 5084 3383 5147 post

1790 5183 1934 5237 hunc
1957 5180 2209 5237 Historia:
2238 5180 2516 5236 litterario:
2539 5177 2782 5233 Francia:
2819 5178 3116 5248 scriptores
3147 5185 3277 5228 tom.

1789 5287 1910 5343 pag.
1947 5271 2051 5328 458
2096 5272 2312 5339 docent,
2353 5271 2463 5325 vita
2507 5268 2724 5325 functus
2772 5280 2878 5333 est,
2928 5266 3087 5322 nulla:
3134 5262 3383 5325 omnino.

1792 5380 1911 5435 quae
1940 5364 2351 5420 Cartliusiensis
2373 5360 2592 5418 Ordinis
2623 5373 2827 5429 essent,
2853 5358 3116 5416 moniales
3149 5356 3383 5412 exstite-

1791 5456 1921 5521 rint,
1977 5468 2077 5510 nec
2119 5453 2241 5509 ullae
2283 5469 2543 5524 umquam
2588 5452 2640 5508 in
2687 5453 2831 5508 hunc
2874 5450 3053 5506 vidua:
3091 5447 3385 5518 nuptiasve

1790 5555 2025 5621 expertae
2056 5549 2305 5604 mulieres
2334 5547 2536 5603 fuerint
2566 5548 2835 5603 admissae.

1854 5640 1989 5697 “275.
2032 5640 2138 5697 Sed
2160 5642 2288 5711 quid
2314 5639 2599 5695 dicendum
2630 5640 2693 5694 de
2717 5637 2858 5705 aliis,
2887 5653 2914 5691 a
2946 5635 3210 5707 Guiberto
3235 5634 3383 5706 pario

1797 5743 1878 5789 ter
1935 5732 2271 5799 memoratis,
2323 5746 2442 5801 quae
2472 5729 2829 5800 scriptorem,
2867 5738 2926 5784 ut
2978 5726 3381 5785 Cartliusianus
