4016 6310
541 305 639 363 163

1314 294 1371 348 S.
1412 288 1758 349 BRUNONIS
1795 284 2447 345 CARTHUSIANORUM
2482 280 2966 340 INSTITUTORIS

3667 294 3760 351 161

532 425 721 475 noster
773 423 1074 482 anonymus
1122 413 1293 479 putat,
1359 419 1502 458 anno
1554 402 1694 457 1124
1746 400 2103 471 posteriorem
2132 409 2182 466 Α
2208 397 2318 463 bct,
2348 395 2485 452 ratio
2510 394 2725 450 aliunde
2751 395 2923 464 possit
2950 392 3153 448 afferri.
3189 393 3340 461 Quod
3367 408 3493 452 vero
3528 401 3595 455 ad
3624 401 3759 459 Pari-

528 508 776 579 exigunt,
817 517 1043 575 qumque
1077 496 1320 570 proinde,
1368 495 1422 548 ni
1460 492 1755 547 Guibertus
1786 489 1927 548 ultra
1962 489 2105 579 hunc

531 578 732 654 annum
772 596 938 648 vitam
977 587 1332 661 protraxerit,
1363 584 1560 639 litteris
1599 583 1692 637 abs
1720 581 1810 635 illo
1856 578 2106 633 mandata

531 703 651 742 esse
679 699 785 739 non
826 679 1084 751 possunt?
1125 676 1273 730 Talia
1311 682 1436 729 sunt
1469 671 1577 744 (adi
1606 686 1753 726 num.
1775 668 1901 734 269)
1939 665 2103 720 laico-

531 792 650 833 rum
684 790 777 829 seu
802 783 1189 829 conversorum
1229 780 1512 832 numerus,
1547 763 1774 833 tempori
1815 759 2104 814 subsecuta

531 867 794 919 duntaxat
820 860 1180 924 conveniens,
1205 855 1521 912 cellularum
1548 869 1644 925 per
1660 865 1851 923 gyrum
1879 846 2105 905 claustri

427 982 435 991 ο
533 956 859 1019 exstructio,
887 969 949 1008 ac
981 951 1197 1007 tandem
1224 950 1417 1003 ductus
1446 946 1631 1011 fontis,
1668 941 1891 998 cellulas
1919 954 2108 995 omnes

534 1046 824 1102 ambientis
848 1043 1094 1112 atquein
1135 1041 1232 1096 has
1273 1038 1570 1094 inﬂuentis.
1607 1035 1806 1091 Verum
1845 1035 2108 1089 laieorum

530 1148 626 1189 seu
662 1146 1048 1187 conversorum
1091 1143 1376 1183 numerum
1418 1126 1700 1196 majorem,
1739 1139 1902 1195 quam
1941 1130 2107 1185 esset,

533 1225 715 1279 facere
763 1222 937 1291 potuit
973 1220 1264 1275 Guibertns
1310 1234 1341 1274 e
1389 1218 1697 1273 narratione
1736 1230 1966 1272 errones
2009 1213 2111 1269 sibi

532 1314 700 1369 facta.
733 1310 1100 1366 Potuitetiam
1140 1310 1327 1364 eodem
1363 1324 1429 1364 ex
1477 1308 1654 1378 capite
1698 1307 1752 1361 in
1792 1305 2111 1361 cellularum

534 1401 759 1472 silu,(de
784 1401 887 1455 hoc
921 1409 1099 1454 tamen
1131 1399 1257 1468 quid
1284 1408 1470 1452 contra
1489 1397 1808 1452 Guibertum
1833 1412 1979 1450 num.
2008 1394 2110 1449 2(‘9

534 1494 665 1547 velit
716 1491 1105 1548 Carthusianus
1158 1504 1488 1560 anonymus,
1528 1504 1633 1542 non
1671 1488 1804 1542 satis
1849 1484 2109 1553 intelligo)

534 1582 860 1654 assignando
895 1597 1103 1635 errare.
1142 1581 1294 1646 Quod
1332 1588 1506 1632 autem
1566 1580 1632 1632 ad
1686 1578 1851 1631 fontis
1892 1576 2111 1631 ductum

534 1674 921 1744 pertinet,eum
946 1687 975 1724 a
1002 1671 1265 1741 Guigoue,
1281 1669 1373 1737 qui
1398 1670 1465 1723 ab
1490 1666 1781 1722 annoiHO
1804 1665 2110 1720 Carthusite

2206 490 2386 545 siense
2422 489 2723 559 prodigium
2762 487 3080 543 nominatim
3120 487 3375 557 pertinet,
3410 503 3530 544 cum
3571 493 3761 561 publi.e

2207 595 2387 636 coram
2422 580 2703 635 innumera
2730 580 3116 649 propemodum
3141 579 3419 634 hominum
3446 581 3761 643 multitudine

2208 671 2261 726 in
2284 672 2559 741 opinione,
2574 685 2737 740 quant
2761 670 2849 725 hic
2869 670 3209 735 discutimus,
3230 684 3330 725 nec
3350 670 3629 726 admodum
3648 690 3759 743 pro.

2206 762 2349 817 cula
2399 760 2756 833 Novigentina
2805 761 3018 816 abbatia
3061 762 3323 828 evenerit,
3372 761 3422 816 id
3468 762 3759 823 Guibertum

2209 852 2505 925 ignorasse,
2537 851 2682 907 nullo
2707 852 2866 906 modo
2895 851 3202 907 verosimile
3232 850 3349 907 ﬁeri
3377 861 3550 921 potest
3576 869 3640 909 ex
3681 870 3759 923 eo,

2207 943 2349 1012 quod
2388 942 2567 1012 aliqua
2599 942 2785 997 Sancti
2823 942 2905 996 vel
2935 942 2992 996 in
3027 941 3311 998 Carthusia
3340 942 3422 997 vel
3454 943 3507 997 in
3534 943 3760 1003 Calabria

2209 1034 2391 1105 procul
2435 1050 2466 1089 a
2507 1032 2806 1105 Novigeuto
2850 1041 2942 1087 aut
2989 1042 3137 1089 certe
3177 1035 3611 1088 extra'omnium
3664 1038 3765 1094 fere

2211 1126 2489 1183 hominum
2520 1132 2867 1193 conspectum
2898 1132 3044 1196 gesta
3079 1124 3214 1180 satis
3241 1123 3513 1194 explorata
3556 1141 3761 1196 perspe-

2208 1228 2405 1285 ctaque
2428 1216 2569 1270 haud
2591 1214 2859 1268 inaruerit.

2279 1305 2403 1359 277.
2443 1305 2513 1358 At
2552 1318 2680 1358 vero
2712 1301 3000 1357 Tractatus
3027 1302 3095 1358 de
3124 1301 3184 1357 S.
3212 1301 3463 1358 Brunone
3489 1318 3518 1356 a
3552 1302 3766 1359 Carthu-

2213 1396 2383 1451 sianis
2410 1393 2681 1463 hujatibus
2707 1408 2919 1449 mecum
2955 1392 3355 1457 communicati,
3403 1402 3588 1447 auctor
3631 1394 3766 1449 lucu-

2210 1486 2475 1543 brationis
2498 1500 2609 1541 sua:
2650 1499 2797 1538 num.
2832 1481 2901 1537 56
2928 1498 2991 1537 ea
3018 1493 3284 1553 praeterea
3332 1483 3541 1550 scribit,
3584 1486 3764 1554 quibus

2212 1593 2366 1648 Opus,
2393 1592 2424 1631 a
2454 1575 2715 1631 Guiberto
2744 1574 2812 1629 de
2834 1573 2969 1640 ,V'ita
3000 1589 3096 1629 sua
3130 1576 3388 1642 scriptum
3432 1584 3591 1643 atque
3622 1590 3649 1628 a
3676 1576 3768 1628 Da-

2212 1669 2398 1722 cherio
2428 1667 2652 1726 editum.
2679 1680 2776 1735 pro
2823 1675 3074 1734 suspecto
3112 1663 3544 1734 interpolatoque
3586 1665 3770 1720 iudicat

535 1766 601 1819 ad
630 1780 828 1819 annum
855 1778 1027 1833 usque
1058 1762 1193 1817 1156
1224 1760 1457 1832 ρι’ωΐυίῑ,
1486 1774 1621 1829 opus
1653 1758 1802 1823 illud,
1850 1757 1928 1811 uti
1963 1757 2105 1826 ipse-
2138 1756 2184 1815 B
2215 1759 2541 1813 habendum.
2576 1758 2653 1811 En
2692 1760 2809 1824 ejus
2835 1758 2997 1813 verba
3024 1776 3038 1812 :
3074 1776 3092 1810 ι
3130 1757 3263 1812 Cum
3304 1756 3559 1813 Claudius
3594 1756 3771 1813 liente-

532 1864 642 1910 met
670 1853 1061 1909 Carthusianus
1086 1862 1267 1905 noster
1296 1866 1595 1921 anonymus
1621 1849 1799 1914 docet,
1829 1848 1991 1903 fuerit
2020 1848 2106 1902 in-

533 1956 779 2014 ceptum,
828 1945 955 2013 quid
997 1944 1040 1998 si
1081 1942 1395 2007 Guibertus,
1434 1940 1575 2011 quod
1613 1955 1806 2009 magna
1843 1940 2107 1995 industria

533 2050 600 2090 ac
623 2034 806 2091 labore
831 2050 859 2087 a
882 2032 1128 2104 Guigone
1159 2033 1470 2085 inchoatum
1497 2030 1855 2093 intellexerat,
1892 2031 1959 2084 ad
1990 2030 2107 2098 api-

534 2141 652 2181 cem
674 2126 836 2181 etiam
852 2125 1168 2195 perductum
1186 2123 1285 2179 sibi
1308 2122 1674 2194 persuaserit?
1696 2121 1835 2189 Quid
1851 2122 1895 2177 si
1919 2121 2106 2189 fontis,

537 2231 727 2273 omnes
766 2216 1067 2272 Carthusiae
1106 2215 1325 2271 cellulas
1361 2223 1518 2269 aetate
1548 2214 1790 2270 Guiberti
1822 2215 2110 2270 ambientis

534 2309 799 2378 aquisque
827 2308 1214 2380 respergentis,
1245 2308 1427 2361 ductui
1458 2308 1806 2378 praestantior
1829 2307 1895 2361 ab
1922 2307 2111 2361 Antel-

535 2418 624 2457 mo
654 2411 775 2473 post
798 2417 949 2471 aqua:
975 2402 1167 2457 ductus
1196 2400 1359 2456 fuerit
1379 2401 1732 2456 substitutus?
1751 2399 1982 2455 Necesse
2012 2401 2111 2453 ita-

536 2508 644 2561 que
678 2507 784 2546 non
821 2504 903 2546 est
944 2500 1001 2555 u,t
1039 2492 1154 2546 haec
1181 2492 1262 2546 vel
1296 2493 1362 2545 ab
1401 2492 1527 2558 alio,
1571 2507 1733 2562 quam
1762 2507 1793 2545 a
1819 2491 2106 2555 Guiberto,

538 2583 743 2651 scripta
769 2582 895 2644 sint,
925 2580 1007 2635 vel
1035 2589 1093 2635 ut
1117 2581 1203 2636 hic
1233 2580 1370 2635 ultra
1394 2596 1591 2637 annum
1622 2580 1759 2634 1124
1785 2582 1949 2634 vitam
1982 2594 2107 2650 pro-

540 2673 775 2727 duxerit.
806 2672 860 2727 id
883 2672 1046 2726 etiam
1085 2672 1366 2726 dicendum
1394 2673 1461 2727 de
1498 2674 1867 2741 sequentibus,
1913 2671 2112 2740 quibus

537 2760 830 2816 Guibertus
860 2760 952 2816 cit.
978 2761 1113 2816 Vitae
1141 2776 1253 2815 suae
1291 2760 1412 2816 libri
1441 2761 1596 2831 primi
1628 2777 1747 2831 cap.
1782 2763 1843 2815 11
1875 2760 2107 2816 Carthu-

537 2851 985 2909 siensescelehrat
999 2892 1012 2916 ,
1029 2851 1174 2907 hisce
1187 2852 1367 2907 verbis
1387 2869 1401 2906 :
1428 2872 1447 2903 ι
1469 2851 1641 2908 Tanto
1663 2860 1854 2922 emptae
1873 2861 2111 2905 content-

535 2941 790 3013 plationis
818 2941 1031 2995 fervore
1064 2939 1330 3010 feruntur,
1361 2950 1420 2995 ut
1444 2940 1588 2996 nulla
1637 2941 1895 3012 temporis
1938 2937 2111 3008 longi-

537 3034 722 3090 tudine
747 3049 776 3087 a
803 3048 900 3088 sua
922 3032 1259 3089 institutione
1293 3033 1577 3099 desistant,
1602 3048 1702 3088 nec
1724 3033 1905 3102 aliqua
1929 3030 2111 3085 arduae

2211 1866 2347 1905 rarus
2375 1850 2565 1904 doctor
2597 1846 2927 1904 Sorbonicns
2953 1863 3088 1918 Opus
3111 1848 3243 1903 satis
3263 1849 3469 1918 grande
3483 1865 3622 1904 anno
3643 1849 3771 1904 i672

2211 1943 2449 1998 Brunoni
2463 1940 2820 2012 d‘Ail‘ringues
2839 1941 3045 1996 ordinis
3058 1942 3222 1996 nostri
3246 1942 3533 2011 prwposito
3553 1942 3771 2013 generali

2210 2034 2467 2096 dicasset,
2525 2031 2845 2099 inscriptum
2877 2030 3269 2085 Cartha-ianus
3298 2031 3412 2085 sive
3441 2030 3550 2085 lter
3598 2032 3660 2085 ad
3697 2046 3774 2085 sa-

2209 2124 2472 2193 pientiam
2496 2130 2552 2176 et
2579 2122 2644 2176 ad
2673 2120 2912 2189 ejusdem
2947 2119 3137 2190 Operis
3164 2122 3365 2177 calcem
3391 2121 3690 2191 Fragmenti
3716 2137 3771 2175 ex

2209 2213 2455 2269 Guiberti
2511 2210 2771 2266 Tractatu
2820 2210 2878 2265 S.
2928 2210 3197 2267 Brunouis
3246 2220 3303 2266 et
3348 2211 3583 2266 instituti
3617 2213 3773 2266 nostri

2210 2304 2397 2358 laudes
2419 2302 2780 2372 complectens
2805 2310 3048 2357 curasset
3074 2301 3312 2373 adjungi,
3339 2302 3407 2356 de
3439 2300 3594 2371 hujus
3643 2301 3767 2355 Fra-

2210 2397 2409 2466 gmenti
2434 2394 2539 2450 ﬁde
2554 2396 2668 2450 hate
2682 2396 2822 2450 idem
2839 2397 3157 2466 praepositus
3168 2394 3435 2467 generalis
3454 2394 3519 2450 ad
3530 2394 3773 2451 Joannem

2208 2486 2276 2540 de
2312 2485 2483 2541 Bacca
2514 2483 2815 2541 Carthusia:
2859 2485 3244 2542 Paularistante
3290 2486 3345 2542 in
3381 2485 3611 2542 Castella
3639 2485 3774 2541 Prio-

2211 2592 2323 2633 rem
2402 2578 2667 2648 scripsit:
2712 2597 2731 2629 ‹
2777 2579 3145 2648 lmprudenter
3196 2578 3324 2633 fecit
3384 2578 3475 2633 ille
3546 2579 3776 2634 dominus

2215 2685 2234 2719 ι
2264 2667 2595 2735 Hemeraeus,
2637 2669 2726 2737 qui
2772 2669 2825 2722 in
2881 2684 2979 2723 suo
3007 2664 3366 2724 Ca'rtlnisiano
3402 2669 3627 2723 inseruit
3656 2668 3777 2723 Fra—

2217 2776 2235 2810 ι
2269 2769 2544 2829 gmentum
2558 2761 2621 2813 de
2634 2759 2853 2830 Origine
2873 2760 3046 2813 nostri
3067 2758 3302 2826 Ordinis,
3327 2762 3572 2829 quodest
3596 2760 3773 2814 lalsum

2208 2857 2262 2902 et
2282 2847 2553 2915 fictilium,
2572 2858 2633 2902 ut
2655 2849 2861 2902 monuit
2883 2863 2967 2903 me
2996 2848 3157 2903 Prior
3181 2848 3528 2917 Parisiensis,
3553 2849 3777 2904 scribens

2208 2938 2275 2993 de
2301 2938 2524 3009 praefato
2562 2940 2781 2994 domino
2805 2939 3101 3007 lletnerazo,
3129 2949 3349 2994 auctore
3370 2940 3504 2995 dicti
3534 2940 3674 3008 libri,
3695 2942 3777 3010 qui

2211 3032 2527 3088 inscribitur
2550 3032 2979 3089 Curuususus.
3013 3033 3079 3087 Et
3107 3048 3292 3088 revera
3309 3032 3486 3088 Lucas
3513 3033 3776 3102 d‘Aehery,

538 3126 682 3181 illius
731 3123 1158 3179 conversationis
1210 3123 1562 3178 diuturnitate
1626 3101 1927 3193 tepescant.
1966 3144 1985 3177 ι
2038 3126 2107 3181 Ut
2136 3101 2178 3161 Ο
2212 3123 2509 3178 monachus
2533 3121 2942 3191 Benedictinus,
2979 3124 3044 3178 de
3075 3124 3315 3178 Ecclesia
3348 3125 3418 3177 ob
3446 3124 3617 3179 editos
3652 3101 3782 3177 codi-

535 3213 663 3285 quid
687 3212 830 3267 enim
858 3212 971 3266 hare
1005 3212 1071 3266 de
1097 3212 1594 3275 Cartlnisieusibus,
1627 3214 1715 3282 qui
1737 3213 1849 3280 jam
1889 3215 2109 3285 triginta

547 3314 639 3358 aut
667 3304 829 3358 etiam
867 3301 1055 3372 viginti
1092 3301 1352 3356 duntaxat
1382 3303 1538 3356 annis
1571 3303 1624 3356 in
1654 3312 1900 3373 suscepta
1926 3314 2111 3357 auste-

536 3380 766 3449 rissimae
784 3393 835 3446 in
851 3391 1132 3447 Carthusia
1147 3393 1268 3447 vita:
1286 3407 1491 3459 norma,
1512 3408 1540 3445 a
1554 3394 1803 3449 Iirunone
1824 3409 1965 3449 anno
1983 3395 2114 3450 1084

538 3484 747 3541 institui
790 3485 1021 3554 primum
1060 3493 1255 3555 empta,
1297 3493 1613 3540 constanter
1646 3496 2111 3556 perseverassent,

536 3573 892 3646 pronuntiare
920 3572 1232 3641 Guibertus,
1263 3590 1406 3630 anno
1429 3576 1644 3631 demum
1678 3576 1814 3631 1124
1850 3578 1958 3632 vita
1988 3577 2117 3633 fun—~

540 3678 683 3735 ctus,
708 3668 1034 3736 nequiverit.

610 3758 869 3813 276.Jam
892 3774 1038 3827 vero,
1077 3775 1196 3814 cum
1244 3761 1355 3815 haec
1388 3761 1565 3817 omnia
1599 3760 1673 3813 ita
1712 3761 1964 3828 habeant,
1993 3762 2111 3816 lau-

542 3848 724 3902 datum
739 3848 1068 3903 Guibertina:
1089 3848 1221 3911 Yita:
1244 3860 1403 3920 caput
1420 3852 1475 3904 11
1504 3853 1785 3920 ipsummet
1804 3851 2118 3908 Guibertum

546 3955 657 3994 non
686 3940 891 3993 habere
930 3949 1229 4006 auctorem,
1265 3944 1479 3996 dictove
1524 3941 1682 4009 hujus
1712 3940 1873 4009 Operi
1922 3958 1951 3995 a
1983 3944 2122 3997 scri-

542 4040 697 4101 ptore
720 4031 1017 4100 posteriore
1038 4030 1205 4086 fuisse
1229 4033 1510 4096 insertum,
1543 4032 1595 4085 in
1623 4034 1854 4087 medium
1875 4048 2035 4102 supra
2059 4049 2125 4088 ex

546 4124 809 4179 annalista
837 4122 907 4177 Ca
919 4123 1197 4179 rtltusiano
1212 4139 1478 4193 anonymo
1492 4124 1717 4177 adducta
1734 4125 1955 4179 minime
1969 4125 2124 4180 evin-

544 4224 694 4283 cunt,
724 4217 824 4271 elsi
850 4216 1066 4270 interim
1105 4215 1381 4270 fatendum
1417 4216 1506 4282 sit,
1541 4215 1714 4284 palam
1750 4232 1815 4270 ex
1854 4217 1937 4271 his
1981 4233 2124 4283 esse,

543 4304 859 4360 Guibertum
874 4320 1051 4358 rerum
1064 4305 1303 4360 omnium
1321 4304 1386 4359 ad
1404 4303 1461 4358 S.
1480 4304 1779 4358 Brunonem
1796 4306 2127 4361 institutum-

542 4413 651 4465 que
686 4396 753 4449 ab
775 4411 840 4449 eo
867 4396 1124 4452 Ordinem
1155 4393 1548 4464 spectantium,
1578 4395 1720 4449 haud
1744 4395 1876 4449 satis
1902 4411 2125 4465 gnarum

544 4486 730 4540 fuisse.
762 4486 912 4551 Quod
963 4487 1091 4541 dum
1119 4485 1259 4551 dico,
1298 4501 1402 4539 non
1432 4494 1516 4541 est
1564 4501 1659 4540 cur
1687 4488 1942 4542 continuo
1970 4498 2127 4558 putes

544 4574 859 4630 Guibertum
889 4578 1051 4630 etiam
1079 4586 1133 4630 et
1163 4577 1214 4630 iu
1244 4577 1384 4641 aliis,
1412 4593 1530 4647 qua:
1557 4578 1622 4632 de
1648 4576 1896 4634 Brunone
1917 4588 2123 4644 narrat,

547 4684 575 4719 a
610 4666 836 4721 veritate
867 4667 1169 4731 aberrasse,
1194 4675 1246 4720 et
1276 4666 1602 4735 Parisiense,
1644 4683 1751 4737 quo
1780 4669 1867 4723 hic
1908 4669 1962 4723 in
2007 4684 2128 4724 ere-

544 4770 694 4810 mutn
717 4773 904 4828 pulsus
937 4758 1028 4822 sit,
1060 4758 1363 4828 prodigium
1401 4759 1700 4830 ignorasse,
1747 4775 1811 4814 ac
1842 4761 1995 4830 proin
2026 4764 2127 4813 mi-

545 4865 666 4905 runt
689 4852 893 4907 nemini
922 4850 1064 4906 illius
1090 4852 1154 4906 de
1186 4852 1288 4906 hoc
1309 4852 1579 4907 silentium
1623 4854 1819 4909 debere
1858 4856 2118 4913 accidere.

543 4943 622 5000 Ea
648 4945 810 5011 enim,
838 4960 957 5015 quae
969 4955 1188 5001 sanctus
1206 4955 1390 5000 noster
1413 4946 1463 4999 in
1487 4944 1856 5009 Carthusiaab
1878 4952 2120 5007 omnium

544 5034 658 5092 fere
682 5036 961 5091 hominum
1001 5045 1290 5106 conspectu
1334 5048 1593 5101 semoms,
1635 5053 1695 5092 ac
1729 5038 1921 5092 deinde
1946 5038 1996 5093 in
2023 5039 2124 5094 Ca-

544 5125 737 5193 labria,
758 5128 992 5197 procula
1008 5127 1197 5184 Galliis
1208 5127 1668 5199 Novigentinaque
1687 5130 1897 5185 abbatia
1911 5130 2123 5199 dissita,

546 5216 732 5287 gessit,
763 5216 1137 5287 distinguenda
1166 5228 1291 5273 sunt
1318 5218 1383 5273 ab
1405 5219 1491 5285 iis,
1522 5236 1640 5289 qua:
1664 5221 1847 5276 Remis
1895 5223 2123 5293 aliisque

546 5307 598 5361 in
628 5306 780 5371 locis,
804 5306 1099 5379 Novigento
1133 5310 1275 5366 haud
1318 5310 1541 5366 multum
1573 5324 1812 5379 remotis,
1854 5316 2122 5384 praestitit.

550 5399 659 5453 Etsi
684 5401 825 5454 enim
851 5401 904 5455 in
932 5401 1036 5458 illis
1060 5402 1286 5459 subinde
1309 5419 1521 5461 errasse
1544 5407 1976 5476 deprehendatur
2002 5406 2127 5463 Gui-

548 5490 753 5556 bertus,
782 5492 835 5546 in
872 5493 1021 5549 hisce
1066 5505 1245 5551 tamen
1287 5497 1507 5562 idcirco,
1555 5506 1742 5569 utpote
1785 5498 1982 5567 quibus
2017 5515 2125 5555 non

550 5588 758 5635 tantum
791 5587 1168 5655 tempore,sed
1207 5597 1259 5642 et
1294 5586 1411 5642 loco
1454 5587 1615 5643 fuerit
1655 5587 1886 5653 vicinus,
1926 5579 2192 5658 pariter7

550 5687 762 5731 errasse
797 5677 1093 5733 censendus
1134 5694 1237 5734 non
1270 5688 1371 5744 est,
1403 5677 1507 5731 nisi
1541 5676 1733 5745 solida,
1766 5692 1883 5748 quae
1910 5677 1962 5735 id
1998 5692 2125 5750 pro-

2156 4455 2205 4514 D

2213 3230 2302 3270 ces
2316 3215 2452 3269 bene
2468 3214 2711 3282 meritus,
2736 3214 2898 3269 totius
2923 3224 3185 3270 tractatus
3207 3229 3401 3286 apogra
3409 3216 3576 3285 phum
3602 3215 3779 3268 fatetur

2213 3320 2335 3360 esse
2362 3306 2647 3360 recentiori
2672 3320 2833 3359 manu
2855 3307 3137 3376 scriptum,
3164 3306 3371 3361 mendis
3394 3318 3612 3363 scatens
3635 3322 3781 3375 quam

2216 3396 2483 3466 pluribus,
2533 3395 2749 3449 inversa
2806 3396 2992 3462 verba,
3040 3397 3339 3451 sententias
3379 3397 3650 3453 interdum
3701 3405 3779 3449 aut

2216 3497 2452 3543 mutatas
2477 3500 2568 3543 aut
2593 3505 2816 3559 prorsus
2841 3490 3106 3561 sublatas,
3156 3499 3214 3545 ut
3259 3493 3519 3547 nonnulla
3561 3492 3781 3562 penitius

2217 3581 2521 3652 inspicienti
2548 3584 2647 3639 sibi
2676 3584 2877 3639 fuerint
2903 3587 2988 3640 vis
3025 3602 3131 3642 non
3164 3586 3475 3642 divinanda.
3518 3588 3684 3655 Quam
3722 3586 3783 3640 ob

2219 3689 2333 3729 rem
2370 3691 2491 3730 cum
2532 3686 2726 3732 cuncta
2773 3676 3017 3734 Guiberti
3073 3681 3247 3751 Opera
3293 3681 3349 3736 in
3410 3681 3586 3737 lucem
3640 3681 3786 3737 vellet

2220 3768 2486 3835 emittere,
2513 3784 2726 3824 omnem
2756 3774 2923 3826 movit
2950 3775 3201 3843 lapidem,
3233 3776 3518 3845 utprael‘ati
3544 3782 3787 3829 tractatus

2223 3858 2635 3925 autographum,
2661 3860 2803 3927 quod
2838 3861 2998 3929 paulo
3034 3873 3160 3917 ante
3197 3864 3248 3916 in
3288 3877 3484 3918 manus
3524 3862 3785 3931 cujusdam

2226 3947 2462 4002 doctoris
2528 3946 2846 4005 Parisiensis
2900 3953 3210 4008 devolutum
3269 3952 3439 4008 fuisse
3499 3954 3785 4019 audiverat,

2225 4040 2524 4107 comperit-e
2555 4053 2762 4108 posset;
2792 4042 2885 4097 sed
2919 4043 3135 4098 irustra.
3177 4065 3195 4098 ι

2295 4131 2415 4185 278.
2458 4130 2533 4184 lta
2566 4132 2693 4188 ille:
2721 4145 2803 4189 ast
2828 4137 3076 4204 quamvis
3106 4138 3370 4195 Dacherio
3405 4139 3618 4210 Operis,
3659 4139 3789 4210 quod

2232 4216 2522 4274 Guibertus
2568 4220 2635 4274 de
2673 4222 2780 4277 vita
2832 4239 2927 4277 sua
2970 4227 3213 4295 scripsit,
3265 4230 3633 4299 apographum
3668 4230 3790 4281 dun.

2232 4320 2381 4365 taxat
2407 4312 2736 4380 przeluxerit,
2768 4313 2919 4383 isque
2958 4314 3219 4372 librorum
3252 4333 3409 4384 mss.,
3438 4319 3491 4373 in
3525 4317 3792 4374 bibliothe-

2232 4403 2314 4457 cis
2366 4403 2670 4472 latentium,
2728 4404 3173 4475 diligentissimus
3223 4408 3397 4464 editor
3452 4408 3691 4479 pluribus
3746 4406 3791 4459 id

2231 4493 2443 4548 mendis
2475 4502 2710 4557 scatere,
2776 4510 2879 4550 nee
2924 4498 3338 4566 autographum,
3392 4500 3789 4569 diligentissima

2229 4581 2371 4637 facta
2401 4584 2671 4656 indagine,
2715 4600 2836 4641 sese
2874 4586 3124 4642 invenire
3162 4589 3403 4658 potuisse
3445 4590 3498 4644 in
3540 4588 3791 4643 Admoni-

2229 4676 2376 4730 tione
2414 4678 2636 4744 praevia,
2694 4692 2858 4746 quam
2905 4677 3068 4734 editis
3102 4695 3132 4734 a
3162 4693 3221 4735 se
3256 4679 3501 4736 Guiberti
3541 4679 3793 4749 Operibus

2226 4767 2524 4838 prmmisit,
2571 4768 2818 4836 edoceat,
2854 4769 2985 4825 illud
3028 4779 3207 4827 tamen
3243 4770 3435 4842 Operis
3481 4771 3638 4827 istius
3674 4784 3793 4838 apo-

2226 4860 2488 4930 graphum
2520 4876 2626 4916 non
2652 4861 2865 4916 videtur
2889 4861 2961 4915 ita
2989 4861 3155 4918 fuisse
3173 4875 3509 4935 corruptum,
3545 4873 3602 4918 ut
3628 4864 3792 4931 capita

2228 4951 2475 5022 integra,
2537 4963 2632 5005 aut
2689 4954 2849 5008 etiam
2919 4954 3155 5025 capitum
3226 4955 3551 5027 Fragmenta
3615 4963 3792 5009 notam

2230 5052 2503 5113 utcunque
2529 5044 2686 5113 digna
2706 5086 2721 5111 ,
2754 5043 2844 5113 qui
2872 5043 3114 5100 Guiberti
3146 5060 3250 5101 non
3280 5055 3483 5114 essent,
3513 5046 3617 5102 sibi
3641 5044 3795 5101 habre

2229 5144 2313 5191 ret
2348 5135 2573 5190 inserta.
2609 5136 2713 5190 Fas
2742 5144 2826 5191 est
2858 5137 2909 5191 id
2950 5137 3203 5207 colligere
3232 5153 3299 5193 ex
3341 5139 3488 5207 ipsis,
3534 5154 3653 5209 qua:
3702 5138 3795 5192 hac

2232 5225 2297 5280 de
2327 5240 2386 5279 re
2428 5226 2483 5281 in
2540 5224 2752 5280 laudata
2809 5226 3192 5284 Admonitione
3245 5231 3440 5298 prrevia
3489 5236 3793 5290 occurrunt,

2233 5316 2482 5370 Dacherii
2510 5316 2708 5372 verbis.
2741 5317 2813 5371 Ea
2846 5318 3045 5376 idcirco
3076 5320 3180 5376 huc
3219 5321 3542 5376 transcribo.
3582 5320 3672 5374 Sic
3711 5320 3797 5370 ha-

2229 5407 2396 5463 bent:
2427 5426 2446 5459 (
2474 5407 2701 5464 Abbatis
2733 5411 2903 5465 nostri
2945 5410 3235 5483 (Guiberti)
3280 5413 3537 5467 librorum
3573 5412 3638 5466 de
3684 5409 3797 5463 Vita

2229 5511 2325 5552 sua
2362 5498 2727 5569 apographum
2760 5502 3130 5558 tantummodo
3156 5503 3401 5559 invenire
3423 5502 3506 5557 fas
3529 5502 3649 5568 fuit,
3682 5513 3797 5570 gra-

2229 5589 2385 5659 phice
2425 5592 2643 5660 quidem
2700 5606 2763 5647 ae
2806 5594 3092 5650 recentiori
3140 5610 3303 5650 manu
3365 5596 3661 5665 scriptum,
3711 5590 3798 5645 sed

2231 5683 2440 5739 mendis
2468 5692 2681 5741 scatens
2708 5698 2868 5755 quam
2895 5685 3160 5757 pluribus,
3206 5689 3418 5745 inversa
3457 5701 3637 5749 versa.
3678 5700 3797 5740 scu—
