3862 6310
131 335 206 391 l65

1579 328 1782 385 ACTA.

3221 342 3324 400 566

132 449 271 504 tentire
295 446 548 501 interdum
590 442 762 514 (verbi
790 442 995 499 scilicet
1026 441 1187 497 uuius
1216 442 1528 511 alteriusve,
1569 444 1646 497 uti
1675 452 1726 510 Α
1754 443 1969 509 derunt,
2004 453 2082 509 ut,
2125 445 2172 501 si
2196 445 2326 516 quid
2348 446 2402 501 in
2425 447 2491 503 iis
2517 448 2761 505 miraculi
2786 448 3181 521 deprehensum
3215 466 3324 513 est:

129 556 173 594 ex
191 538 499 608 sequentibus
523 545 765 606 apparet,
792 536 1091 605 scriptione
1133 544 1226 590 aut
1257 549 1507 600 erronea,
1545 542 1638 591 aut

130 631 228 685 lecta
251 626 448 687 difﬁcili)
488 637 583 681 aut
612 636 831 682 mutatae
868 636 963 681 aut
1012 641 1235 696 prorsus
1276 626 1530 694 sublatae,
1580 635 1639 682 ut

127 716 324 771 nonnulla
363 716 591 785 penitius
633 716 945 785 inspicienti
980 717 1113 771 mihi
1162 717 1363 771 fuerint
1404 717 1495 771 vix
1534 732 1640 772 non

128 806 383 871 divinanda;
416 818 611 861 caetera
650 822 801 871 vero,
843 822 963 876 quae
998 822 1083 861 me
1114 807 1422 876 praeteriere
1452 808 1636 873 verba,

126 910 265 948 eorum
305 895 414 949 loco
442 895 943 965 punctasupplevi,
994 910 1085 951 seu
1133 897 1363 967 margini
1412 895 1639 965 ascripsi

127 985 198 1039 alia
221 985 455 1054 quadam.
494 986 823 1040 Audiveram
861 1001 993 1041 sane
1026 994 1083 1041 et
1120 987 1394 1043 multoties
1432 986 1640 1057 repeti-

127 1087 205 1127 tum
232 1088 551 1143 agnoveram,
605 1076 1001 1145 autographum
1049 1077 1118 1130 ad
1155 1086 1342 1132 nostra
1395 1088 1640 1147 tempora

126 1163 227 1217 inter
245 1163 461 1219 ecclesiae
484 1163 880 1222 Laudunensis.
904 1174 1146 1221 vetustos
1160 1167 1631 1222 codicesasserva-

126 1262 220 1318 tutu,
245 1257 671 1324 acpostmodum
712 1256 946 1325 antiqua:
982 1257 1058 1310 rei
1089 1258 1262 1327 perito
1289 1259 1403 1313 viro
1432 1259 1491 1312 D.
1526 1257 1639 1328 Dey

125 1344 276 1399 doctori
302 1344 608 1414 Parisiensi,
640 1348 731 1417 qui
763 1348 970 1416 pridem
1000 1348 1156 1415 obiit,
1194 1349 1480 1415 collatum;
1507 1365 1641 1418 quas

128 1444 258 1488 autem
290 1436 335 1488 in
364 1451 553 1491 manus
568 1438 809 1505 posthac
848 1436 1158 1491 devolutum
1193 1438 1376 1505 fuerit,
1420 1453 1639 1493 omnem

123 1525 221 1579 mori
258 1526 504 1596 lapidem,
562 1538 834 1598 quatenus
860 1530 1191 1600 *compcrire
1224 1530 1491 1597 valerem,
1543 1530 1639 1585 sed

124 1612 287 1669 frustra.
314 1632 331 1665 ι
362 1615 483 1670 Rrec
506 1615 848 1673 Dacherius:
888 1630 998 1685 ast,
1033 1624 1154 1674 cum
1183 1620 1347 1675 verba
1379 1620 1642 1674 duntaxat

124 1703 457 1772 sententiasque
502 1720 603 1770 eo,
655 1722 764 1775 quo
797 1705 912 1774 jam
962 1708 1167 1775 monui,
1227 1710 1386 1763 modo
1429 1694 1640 1765 mendis

1738 531 2103 587 observarint.

1806 621 1932 676 280.
1980 642 1997 674 ι
2033 623 2202 690 Quam
2226 625 2295 681 ob
2334 640 2448 682 rem
2481 627 2612 682 nihil
2647 636 2730 684 est
2755 632 3044 687 admodum
3073 647 3170 701 cur
3197 651 3323 689 cau-

1739 714 1896 779 seris,
1927 714 2025 770 hos
2054 727 2323 783 auctores,
2353 720 2419 775 de
2453 721 2649 791 quibus
2676 720 2964 791 loquimur,
2995 740 3058 780 ea
3104 726 3321 785 silentio

1739 806 2085 874 praeteriisse;
2117 824 2238 878 qua:
2268 813 2333 865 ad
2378 814 2861 870 commendandam
2906 815 3153 873 Priorum
3201 820 3319 874 illo-

1742 909 1862 947 rum
1888 898 2297 954 conversionem
2346 912 2400 956 et
2458 903 2637 957 saeculi
2692 903 2873 974 fugam
2929 906 3315 966 conducerent.

1740 982 1925 1053 Neque
1955 1002 2083 1042 vero
2108 1004 2272 1045 causa
2296 992 2427 1045 mihi
2456 992 2561 1048 ulla
2591 996 2848 1065 suppetit,
2872 1011 2970 1051 cur
2997 999 3323 1056 vetustiores

1741 1074 2083 1133 Cartbusiani
2113 1084 2442 1151 praecipuum
2489 1086 2718 1155 originis
2770 1102 2881 1142 suae
2928 1090 3319 1144 monimentum

1741 1167 2074 1233 omisissent,
2116 1173 2257 1239 quod
2298 1176 2628 1231 recentiores
2671 1192 2738 1231 ex
2778 1179 2843 1233 iis
2874 1183 3114 1236 nonnulli
3167 1184 3221 1236 in
3252 1184 3317 1236 li-

1738 1254 1868 1311 bros
1902 1266 1956 1311 et
1992 1259 2285 1326 parietinas
2342 1273 2451 1317 tam
2496 1266 2687 1334 cupide
2728 1268 3023 1338 conjiciunt
3062 1282 3119 1326 et
3144 1290 3161 1322 ι
3195 1272 3321 1327 hor-

1746 1364 1766 1398 r
1806 1348 2033 1402 rendum
2083 1353 2400 1422 saeculisqne
2447 1357 2697 1412 onmibus
2744 1362 3150 1416 memorandum
3198 1378 3320 1432 spe-

1748 1455 1767 1488 ι
1807 1438 2079 1493 ctaculum
2120 1458 2141 1493 ›
2183 1443 2476 1513 appellant.
2543 1444 2657 1502 lloc
2714 1457 2863 1503 certe
2923 1451 3313 1506 monimentum

1741 1530 2001 1601 ejusmodi
2031 1549 2138 1588 non
2178 1545 2280 1601 est,
2313 1544 2371 1591 ut
2411 1538 2658 1607 antiquos
2706 1554 2895 1595 omnes
2927 1541 3319 1600 Cartbusianos

1740 1619 1980 1688 latuerit,
2011 1632 2066 1676 et
2094 1623 2224 1679 solis
2251 1635 2433 1680 notum
2456 1642 2576 1682 esse
2631 1630 2862 1696 potuerit
2897 1633 3317 1698 recentioribus,

1732 1712 1835 1781 qui
1867 1713 1969 1767 hac
2000 1713 2052 1779 in
2084 1725 2238 1785 parte
2265 1717 2313 1770 si
2348 1726 2490 1771 recte
2521 1727 2793 1788 saperent,
2819 1736 2924 1776 non
2952 1722 3054 1776 nisi
3080 1738 3146 1776 ex
3176 1724 3318 1776 anti—

123 1792 350 1856 laborasse,
376 1795 577 1859 edicat,
610 1796 733 1864 quis
756 1796 881 1851 hinc
904 1797 1079 1866 capita
1112 1798 1345 1868 integra,
1376 1799 1637 1870 insignia—
1673 1802 1712 1858 Β
1741 1806 1992 1874 quiorum
2054 1812 2460 1865 commentariis
2525 1827 2742 1881 sapere.
2776 1814 3051 1867 deberent.
3093 1831 3113 1866 ι
3159 1814 3311 1879 Quoi

123 1898 193 1949 que
227 1884 560 1954 Fragmenta,
617 1903 739 1957 quae
786 1887 1029 1943 Guiberti
1075 1905 1180 1944 non
1222 1900 1423 1955 essent,
1471 1891 1633 1961 Operi

124 1975 243 2031 fuisse
261 1979 470 2047 adjecta,
513 1980 851 2035 concludat?
877 1980 996 2035 Jam
1026 1996 1173 2047 vero,
1206 1997 1326 2037 cum
1352 1983 1404 2037 id
1444 1983 1517 2037 ita
1540 1984 1631 2048 sit,

121 2082 233 2136 supra
254 2068 357 2137 plus
382 2069 550 2125 semel
581 2071 783 2125 citatus
822 2071 979 2141 hujus
1009 2071 1180 2139 locus,
1220 2088 1325 2142 quo
1357 2073 1634 2128 initiorum

124 2158 421 2214 conuersionis
461 2159 518 2214 S.
574 2159 850 2214 Brunonis
890 2161 1107 2216 occasio
1143 2171 1494 2228 memoratur,
1537 2177 1635 2232 pro

122 2249 432 2317 additamenta,
456 2252 527 2306 ad
554 2251 881 2306 Guibertum
904 2251 1071 2320 facto,
1098 2253 1284 2307 haberi
1307 2269 1411 2308 non
1435 2263 1631 2324 potest,

122 2355 165 2393 ac
187 2344 326 2409 proin,
353 2348 491 2412 quod
523 2360 599 2398 ex
629 2353 846 2399 servato
897 2345 1094 2400 ibidem
1130 2344 1197 2399 ab
1234 2346 1337 2401 hoc
1368 2346 1636 2416 scriptore

122 2430 166 2483 de
190 2430 388 2489 doctoris
424 2434 767 2490 Parisiensis
804 2436 1044 2491 anastasi
1087 2436 1304 2492 silentio
1349 2437 1632 2507 formatur,

126 2536 428 2589 argumentum
460 2528 783 2598 negativum
807 2528 918 2583 vim
945 2543 1183 2598 omnem,
1210 2544 1372 2601 quam
1400 2546 1564 2602 supra
1585 2532 1636 2587 ei

124 2612 305 2677 attribui,
329 2624 642 2670 conservat.

123 2715 263 2785 ςχγι.
286 2721 412 2786 Quid
436 2726 501 2796 de
523 2723 745 2796 Ordinis
771 2724 1176 2796 Cathusiensis,
1200 2730 1275 2782 uti
1295 2729 1350 2783 id
1373 2728 1638 2786 Launoius

199 2804 330 2853 rorat,
349 2804 392 2845 et
421 2792 571 2847 Petri
609 2794 924 2850 Venerabilis
951 2792 1513 2853 silentio'censemlum.

166 2881 259 2935 279.
280 2884 393 2950 Qua:
424 2889 571 2955 apud
616 2886 888 2941 Labbeum
926 2898 1053 2941 tom.
1076 2888 1096 2942 Ι
1120 2889 1465 2944 Bibliotheca:
1487 2906 1638 2947 novae

123 2968 309 3028 librorum
345 2992 466 3031 mss.
506 2994 636 3047 pag.
666 2978 769 3032 658
791 2988 845 3033 et
873 2980 1016 3035 binis
1044 2996 1195 3050 seqq.
1222 2990 1456 3047 exstant,
1482 2984 1640 3052 quin-

123 3077 190 3129 que
211 3067 471 3134 primorum
496 3071 810 3127 Cartbusia:
831 3070 1077 3126 Priorum
1106 3073 1276 3143 elogia
1302 3090 1513 3129 summo
1537 3091 1637 3130 an-

1742 1911 1763 1947 (
1801 1896 1980 1959 enim,
2036 1896 2210 1966 inquit
2262 1898 2544 1967 Barunius,
2576 1902 2642 1955 de
2688 1900 2848 1956 rebus
2894 1902 3028 1956 adeo
3075 1904 3315 1971 antiquis

1740 1999 1760 2034 ι
1796 1982 1914 2037 sine
1944 1982 2171 2054 alicujus
2197 1987 2507 2041 vetustioris
2528 1989 2846 2042 auctoritate
2874 1990 3165 2057 profertur,
3190 2005 3313 2043 cono

1740 2091 1758 2124 ι
1797 2074 2074 2127 temnitur.
2114 2093 2132 2126 ι
2197 2076 2275 2130 ita
2331 2075 2465 2132 ille:
2498 2078 2621 2132 audi
2687 2081 2868 2142 modo,
2920 2094 3038 2148 quae
3091 2090 3316 2149 reportat

1734 2161 1982 2218 laudatus
1993 2164 2385 2220 Carthusianus
2407 2182 2722 2239 anonymns.
2745 2188 2761 2219 ‹
2784 2167 3316 2225 Lectorcmbenevo-

1735 2253 1875 2320 lum,
1913 2255 2086 2325 inquit
2121 2258 2407 2312 Annalium
2456 2274 2673 2314 suorum
2716 2260 2810 2315 lib.
2852 2262 2944 2316 cit.
3008 2278 3157 2316 num.
3188 2261 3315 2329 102,

1736 2347 1925 2393 teStem
1948 2340 2294 2410 appellamus,
2322 2352 2502 2398 utrum
2540 2359 2658 2412 qua:
2699 2359 2861 2413 supra
2889 2347 2952 2399 de
2980 2340 3234 2401 Brunone
3258 2354 3317 2401 et

1736 2430 2141 2483 successoribus
2188 2431 2305 2500 ejus
2355 2431 2608 2501 (quatuor
2664 2431 2923 2499 proximis
2980 2432 3207 2501 sclicu)
3260 2438 3310 2485 in

1729 2515 1915 2587 jejuno
1959 2518 2050 2572 illo
2104 2518 2230 2589 (Adi
2286 2518 2556 2576 Labbeum
2595 2521 2935 2578 Bibliotheca:
2978 2522 3139 2577 hora:
3196 2525 3315 2576 loco

1735 2608 1981 2675 proxime
2023 2609 2144 2679 cit.)
2200 2608 2323 2664 vitae
2370 2624 2557 2664 eorum
2606 2610 2880 2665 Breviario
2942 2623 3049 2664 tam
3125 2612 3315 2682 paucis

1736 2702 1916 2756 verbis
1952 2712 2143 2757 auctor
2191 2704 2392 2759 codicis
2446 2702 2558 2773 (qui
2590 2719 2653 2758 ex
2700 2720 2825 2758 num
2880 2706 3109 2774 pneccd.
3167 2704 3310 2758 Lau-

1737 2794 1863 2848 noio
1909 2792 2177 2863 precluxit)
2225 2793 2503 2862 praemisit,
2539 2795 2669 2847 tanti
2704 2794 2806 2847 sint
2847 2794 3116 2861 ponderis,
3148 2805 3207 2848 ut
3246 2811 3311 2847 ex

1738 2884 1963 2952 iisjuste
1994 2894 2048 2939 et
2075 2885 2269 2939 merito
2318 2884 2589 2939 Launoius
2641 2884 2835 2938 ducere
2888 2884 3120 2954 potue.it
3170 2885 3312 2939 hanc

1738 2976 2177 3045 consequentiam
2227 2992 2240 3028 :
2301 2993 2319 3025 ι
2372 2975 2624 3043 Antiquis
2701 2974 2900 3042 inquit,
2959 2975 3314 3044 St‘ripi0;'ibtts

1746 3088 1765 3121 ι
1801 3084 1907 3123 non
1939 3083 2155 3138 pessum
2179 3082 2283 3121 non
2313 3082 2602 3122 accensere
2628 3068 2848 3134 eos,qui
2878 3066 3120 3120 codicem
3159 3066 3313 3119 illum

123 3156 320 3222 tiquitatis
362 3162 554 3215 merito
613 3162 874 3231 gaudere,
922 3177 984 3217 ac
1043 3164 1362 3218 nominatim
1413 3165 1628 3233 quidem
1659 3152 1699 3208 C
1738 3176 1757 3209 ι
1804 3158 2138 3212 Statutorutn
2161 3156 2407 3219 Parisiis,
2435 3156 2526 3210 tibi
2559 3172 2699 3211 nunc
2730 3158 2870 3225 apud
2895 3154 3315 3211 Carthtsienscs

123 3257 287 3312 quatuor
312 3253 479 3320 priora
506 3260 638 3306 ante
678 3268 877 3307 annum
910 3254 1043 3307 1158
1079 3256 1277 3325 scripta
1311 3271 1453 3321 esse,
1498 3259 1631 3312 satis

126 3348 338 3406 superque,
358 3356 471 3409 qua:
502 3342 531 3413 §
565 3342 584 3394 i
620 3341 921 3396 inmedium
946 3334 1165 3410 adduxi,
1197 3344 1472 3399 evincunt.
1496 3344 1632 3400 Hinc

126 3421 272 3480 illorum
297 3441 560 3498 auctores,
612 3440 707 3485 aut
740 3433 944 3502 potius,
972 3435 1018 3487 si
1057 3435 1122 3489 de
1160 3445 1393 3504 quatuor
1438 3436 1630 3490 dunta-

124 3529 182 3569 tat
201 3520 351 3587 primis
375 3539 557 3579 sermo
582 3525 675 3589 sit,
718 3534 997 3579 auctorem
1024 3541 1136 3597 non
1169 3527 1440 3581 immerito
1491 3528 1629 3582 anti-

123 3606 219 3670 quis,
241 3611 316 3678 qui
348 3611 402 3666 S.
430 3612 710 3668 Brunonis
757 3614 1143 3679 meminerunt,
1174 3616 1530 3683 scriptoribus
1576 3618 1626 3671 in

125 3712 184 3748 sua
202 3700 251 3754 de
273 3718 384 3757 vera
409 3720 582 3760 causa
613 3720 862 3760 secessus
896 3706 952 3757 ὃ.
981 3705 1250 3760 Brunonis
1300 3706 1353 3759 in
1385 3721 1627 3761 ereuium

124 3787 428 3854 Dissertatione
481 3814 607 3869 cap.
674 3799 699 3851 1
761 3797 1033 3853 Launoius
1083 3808 1351 3853 accensct.
1417 3803 1514 3855 Ast
1559 3816 1627 3854 an

124 3885 264 3947 pariter
287 3890 466 3946 ibidem
495 3908 567 3947 ex
602 3899 818 3945 servato
862 3890 914 3943 in
967 3890 1205 3959 quinque
1259 3890 1366 3945 illis
1415 3891 1623 3961 elogiis,

124 3976 157 4026 in
178 3982 304 4035 veteri
328 3999 419 4038 ms.
450 3983 794 4038 Statutorum
843 3989 898 4036 et
924 3980 1385 4037 Consuetudinunt
1412 3982 1628 4038 Ordinis

125 4064 444 4128 Carthusiensis
470 4075 662 4128 codice
700 4068 954 4135 inventis,
975 4071 1038 4125 de
1057 4071 1360 4142 prodigiosa
1392 4072 1627 4127 doctoris

126 4162 290 4213 anastasi
317 4162 518 4219 silentio
554 4162 1058 4226 Carthusianorttm,
1094 4163 1248 4231 cujus
1300 4162 1400 4216 hoc
1447 4174 1623 4229 vocat,

126 4240 306 4305 Ordinem
326 4265 503 4309 contra
540 4255 686 4308 illam
720 4255 930 4319 testari,
962 4270 1066 4309 non
1100 4254 1374 4308 immerito
1416 4256 1625 4324 arguit?

125 4336 366 4410 Antequam,
390 4363 505 4416 quae
537 4362 658 4401 mea
686 4346 790 4399 hac
811 4348 877 4399 de
905 4362 962 4399 re
1016 4347 1089 4400 sit
1138 4346 1343 4416 opinio,
1390 4348 1621 4414 edicam,

128 4426 277 4487 [λυποίὶ
308 4439 457 4493 verba
481 4453 587 4492 una
622 4452 744 4493 cum
776 4436 1123 4492 Cartbusiani
1162 4440 1331 4493 nostri
1371 4439 1621 4509 anonymi

1738 3268 1757 3302 ι
1799 3259 2130 3315 asservatur,
2162 3248 2243 3303 vel
2271 3247 2376 3302 alio
2406 3247 2597 3303 inloco
2623 3248 2775 3302 descr
2799 3251 3103 3316 pserunt'et
3148 3246 3306 3316 quin-

1736 3363 1755 3395 r
1789 3358 1894 3414 que
1919 3343 2219 3412 primorum
2275 3339 2578 3394 Cartltusizc
2614 3338 2861 3392 Priorum
2896 3337 3177 3393 histOIiam
3234 3338 3310 3392 ita

1736 3456 1753 3489 ι
1798 3437 2103 3500 ediderunt,
2138 3444 2215 3500 ut,
2244 3436 2288 3490 si
2318 3434 2445 3504 qttid
2471 3435 2521 3487 in
2549 3434 2614 3489 iis
2639 3432 2883 3488 miraculi
2910 3431 3305 3502 deprehensum
3364 3444 3371 3445 ’

1735 3547 1753 3580 ι
1786 3540 1889 3593 est,
1918 3529 2279 3583 observarint.
2310 3547 2328 3579 ι
2363 3527 2501 3581 Ecce
2540 3536 2771 3595 quantas
2802 3524 3015 3594 projicit
3047 3523 3313 3594 ampullas

1723 3619 1878 3688 juxta
1922 3630 2091 3690 poetae
2134 3619 2384 3685 eﬂ'atum,
2420 3629 2478 3673 ut
2526 3618 2665 3689 stylo
2712 3617 2916 3671 tumido
2967 3632 3091 3671 suas
3135 3617 3309 3672 extol-

1729 3709 1805 3764 lat
1854 3712 2229 3765 auetoritates.
2263 3729 2282 3762 ς
2319 3708 2433 3763 Non
2490 3724 2736 3777 possunt,
2787 3707 2991 3776 inquit,
3041 3722 3166 3771 eos,
3218 3708 3310 3777 qui

1735 3820 1753 3851 ι
1790 3802 2029 3855 codicem
2062 3801 2207 3854 illum
2254 3801 2676 3867 descripserunt.
2714 3817 2732 3850 ι
2768 3797 2953 3853 Nonne
2994 3797 3183 3851 melius
3219 3811 3312 3849 ve-

1731 3889 1947 3959 riusque
1974 3890 2200 3944 dixisset
2231 3904 2352 3942 eum
2396 3889 2485 3957 qui
2526 3888 2768 3942 codicem
2814 3885 2957 3943 illum
3003 3887 3307 3958 descripsit,

1734 4000 1752 4032 ι
1791 3996 1912 4034 cum
1941 3980 2030 4034 vix
2068 3980 2285 4049 triginta
2318 3977 2497 4033 foliola
2529 3979 2819 4043 contineat,
2848 3979 2950 4031 nisi
3000 3979 3129 4033 velit
3185 3982 3309 4034 toti-

1735 4092 1753 4125 ι
1788 4073 1908 4128 dem
1947 4071 2109 4127 fuisse
2133 4072 2445 4142 scriptorcs,
2473 4080 2605 4140 quot
2626 4080 2747 4125 sunt
2770 4072 2973 4126 codicis
2996 4070 3157 4124 folia?
3194 4090 3213 4123 ι

1795 4165 1919 4219 281.
1956 4166 2060 4219 Sed
2088 4164 2222 4218 levia
2252 4165 2529 4219 sunthaec.
2558 4163 2693 4216 Audi
2729 4162 3032 4219 tumidiora.
3062 4180 3080 4213 ‹
3117 4163 3177 4224 li,
3216 4164 3307 4231 qui

1732 4276 1751 4308 ι
1784 4258 2024 4312 codicem
2075 4256 2219 4310 illum
2259 4256 2677 4325 descripserunt,
2716 4255 2956 4324 quinque
3001 4253 3301 4322 primorum

1732 4366 1751 4399 ι
1784 4347 2088 4403 Cartltusiae
2118 4347 2364 4401 Priorum
2397 4348 2678 4401 historiam
2718 4347 2790 4400 ila
2822 4346 3131 4407 ediderunt,
3154 4356 3235 4407 ut,
3259 4347 3305 4399 si

1733 4458 1751 4490 ι
1794 4439 1922 4508 quid
1968 4440 2021 4492 in
2061 4439 2141 4494 eis
2182 4438 2427 4493 miraculi
2460 4439 2854 4507 deprehensum
2902 4444 3006 4499 est,
3051 4436 3306 4490 observa-

125 4518 164 4566 λά
195 4518 343 4578 hacin
370 4527 660 4581 Annalium
685 4526 905 4581 Ordinis
930 4526 1012 4581 sui
1040 4526 1180 4583 libro
1211 4537 1409 4597 quarto
1435 4530 1623 4584 hacte-
1655 4513 1700 4569 Ῑ)
1731 4546 1752 4580 ι
1785 4530 1916 4584 rint.
1960 4548 1979 4581 ι
2017 4528 2145 4594 Sed,
2167 4543 2372 4598 quzeso,
2412 4543 2657 4597 quaenam
2706 4536 2831 4582 sunt
2869 4528 2981 4582 haec
3020 4528 3302 4590 miracula,

128 4620 189 4661 illlS
212 4628 293 4667 non
318 4617 524 4687 vulgato
554 4618 913 4687 responsione
955 4621 1059 4674 huc
1103 4621 1423 4675 transcribo.
1476 4620 1618 4674 Lau-

128 4699 230 4754 noius
252 4703 409 4775 itaque
432 4720 551 4777 post
578 4709 909 4778 descriptum
935 4726 965 4764 e
987 4711 1174 4765 codice
1202 4726 1304 4765 ms.
1338 4726 1464 4766 mox
1508 4710 1620 4767 lau-

128 4784 207 4841 dato
224 4798 364 4849 sancti
401 4798 569 4852 nostri
599 4797 834 4865 elogium
862 4799 938 4853 ita
969 4800 1189 4855 disserit
1224 4815 1239 4853 :
1272 4819 1289 4852 ι
1327 4800 1427 4857 llic
1462 4818 1615 4857 men-

129 4873 297 4935 liouulla
321 4886 545 4942 doctoris
583 4888 667 4943 vel
718 4889 966 4943 canonici
1022 4889 1350 4948 Parisiensis
1390 4894 1610 4959 mortui,

128 4966 184 5029 ‘lui
204 4970 427 5032 solemnes
460 4978 603 5033 inter
631 4980 921 5049 exsequias
948 4981 1262 5037 damnatum
1289 4997 1346 5039 se
1376 4999 1497 5040 esse
1539 4999 1622 5040 re-

129 5062 340 5126 sPonderit.
368 5081 456 5123 aut
475 5070 698 5138 hujusce
721 5073 977 5141 portenti,
1001 5074 1144 5142 quod
1174 5075 1391 5130 beatum
1412 5074 1621 5132 Bruno-

129 5159 206 5237 Item
240 5154 282 5209 in
311 5172 537 5217 eremum
566 5163 869 5222 Carthusiae
906 5165 1183 5236 impulerit
1214 5184 1228 5221 :
1270 5182 1389 5237 qua:
1438 5176 1619 5224 tamen

129 5236 195 5291 duo
234 5258 329 5303 rata
379 5268 492 5309 esse
543 5254 686 5324 apud
730 5255 984 5325 antiquos
1030 5271 1241 5321 omnes,
1291 5236 1616 5328 Raynaudus

129 5330 295 5423 κήδει-ε
312 5355 407 5396 non
434 5344 718 5399 dubitavit.
742 5346 998 5416 Antiquis
1044 5361 1207 5417 porro
1257 5345 1615 5417 scriptoribus

131 5429 197 5473 που
214 5438 390 5493 possum
414 5450 515 5490 non
557 5449 846 5493 accensere
889 5452 1003 5503 eos,
1033 5439 1125 5507 qui
1172 5438 1410 5493 codicem
1462 5436 1611 5494 illum

131 5507 381 5581 Statutorurn
405 5528 643 5599 Parisiis,
694 5532 785 5588 ubi
834 5548 977 5588 nunc
1020 5532 1160 5604 apud
1201 5531 1614 5588 Carthusienses

134 5614 373 5683 asanatur,
403 5622 481 5677 vel
510 5624 611 5677 alio
649 5624 701 5677 in
732 5624 850 5679 loco
874 5623 1308 5695 descripserunt,
1348 5632 1403 5681 ct
1448 5624 1604 5693 quin-

134 5704 200 5759 que
224 5706 476 5771 primorum
500 5713 794 5771 Carthusite
818 5714 1065 5773 Priorum
1095 5715 1375 5772 historiam
1405 5716 1477 5772 ita
1506 5715 1612 5773 edi-

1727 4635 1849 4690 quae
1874 4620 1926 4674 in
1957 4626 2066 4673 tam
2113 4619 2263 4674 brevi
2307 4620 2639 4685 narratione,
2698 4636 2803 4672 uno
2852 4619 2978 4675 folio
3024 4628 3304 4683 contenta,

1726 4708 2019 4777 scriptores
2075 4707 2148 4761 illi
2181 4709 2562 4763 observarint?
2593 4708 2745 4762 Nulla
2790 4719 2955 4774 certe,
3009 4710 3200 4766 saltem
3252 4712 3303 4763 in

1716 4798 1912 4869 elogiis
1966 4807 2194 4866 quatuor
2240 4796 2535 4867 prin‘orum
2586 4798 2857 4865 Priorum,
2899 4814 3018 4869 quae
3058 4799 3306 4870 superius

1724 4904 1791 4944 ex
1842 4888 2081 4943 omnium
2112 4887 2416 4958 hujusmodi
2468 4889 2713 4945 colicum
2766 4891 3144 4959 antiquissimo
3183 4889 3304 4960 (Adi

1724 4980 1863 5036 dicta
1895 4996 2044 5036 num.
2069 4980 2126 5052 4)
2169 4981 2467 5037 retulimus.
2502 4980 2575 5039 De
2606 4980 2848 5051 Guigone
2887 4982 3029 5036 enim
3062 4998 3203 5036 nunc
3230 4991 3306 5034 ta-

1721 5087 1927 5140 cemus,
1950 5075 2073 5144 quia
2100 5073 2215 5144 ejus
2260 5074 2513 5145 elogium,
2563 5084 2621 5128 ut
2660 5077 2986 5139 monuimus,
3022 5090 3053 5129 a
3101 5088 3259 5129 recen
3289 5074 3300 5126 i

1720 5179 1883 5219 manu
1912 5166 2351 5236 superinductum
2377 5167 2495 5220 fuit.
2535 5165 2786 5236 Nunquid
2833 5178 3116 5238 propterea
3164 5168 3298 5221 nihil

1722 5256 1968 5311 miraculi
2010 5258 2151 5313 inter
2175 5259 2273 5313 hos
2302 5259 2507 5328 primos
2540 5258 2751 5324 Patres,
2777 5268 2871 5312 aut
2894 5261 2961 5311 ab
2989 5259 3069 5312 eis
3093 5256 3295 5310 factum

1719 5345 1845 5399 est?
1881 5344 1988 5401 Pro
2027 5347 2183 5402 nobis
2244 5347 2439 5402 iterum
2487 5349 2805 5418 respondeat
2845 5346 3038 5401 Petrus
3082 5344 3298 5398 Clunia-

1718 5436 1917 5491 censis.
1969 5455 1989 5488 ι
2031 5435 2216 5502 Multa,
2265 5437 2461 5506 inquit,
2500 5438 2551 5493 in
2586 5436 2677 5493 illo
2728 5453 2883 5494 sacro
2920 5434 3297 5509 (Carthusien-

1716 5526 1854 5583 sium
1883 5528 2161 5599 nimirum)
2198 5528 2400 5585 Ordine
2455 5529 2716 5583 miracula
2768 5526 3080 5596 contigisse,
3116 5541 3143 5579 a
3178 5525 3294 5594 plu-

1718 5621 1868 5677 ribus
1897 5622 2102 5694 accepi.
2140 5641 2158 5675 ›
2192 5621 2272 5676 An
2306 5622 2467 5692 igitur
2494 5620 2629 5675 falsa
2671 5628 2815 5683 sunt,
2847 5618 2972 5688 quia
2997 5619 3294 5688 scriptores

1720 5713 1921 5773 codicis
1942 5715 2008 5772 de
2030 5714 2098 5770 iis
2122 5714 2432 5772 siluerunt?
2468 5713 2574 5770 Sed
2618 5713 2683 5768 ad
2710 5721 2960 5767 sanctum
2985 5710 3291 5765 Brunoueiu
