3862 6310
549 322 648 378 ΗΠ
1335 314 1395 368 S.
1437 312 1783 369 BRUNONIS
1821 307 2463 367 CARTHUSIANORUM
2507 302 2993 366 INSTITUTORIS
3677 312 3761 369 168

548 435 854 503 redeamus,
908 428 1217 500 Scriptores
1270 428 1385 483 sive
1438 427 1621 498 potius
1678 427 1913 498 scriptor
1969 424 2132 495 hujus
2160 430 2211 490 Α
2238 434 2361 481 tuor
2381 425 2613 496 amplius
2648 425 2806 479 annis
2826 424 3073 489 obiisset,
3097 436 3241 478 anno
3264 422 3399 479 1156
3418 423 3482 479 ad
3510 423 3758 482 Dominum

552 526 782 592 codicis,
834 532 894 579 ut
952 522 1254 578 correctius
1281 520 1441 577 modo
1471 520 1773 591 loquamur,
1805 526 1975 575 totam
2013 514 2133 587 ejus
2237 518 2509 589 migravit,
2547 517 2844 573 sanctitate
2879 516 3003 571 vitae
3041 513 3197 584 juxta
3226 530 3293 570 ac
3320 515 3482 571 variis
3517 515 3764 587 Operibus,

549 623 721 675 vitam
752 620 819 673 ab
854 614 1083 671 infantia
1114 614 1258 669 illius
1294 627 1467 683 usque
1492 614 1559 669 ad
1581 626 1854 668 secessum
1902 611 1956 664 in
2004 609 2133 664 Car-
2236 625 2357 681 qua:
2379 609 2757 676 concinnarat,
2787 616 2910 679 post
2943 622 3002 663 se
3036 606 3243 662 relictis
3279 606 3519 663 illustris.
3554 607 3665 665 llaec
3700 611 3767 666 in-

552 712 788 768 thusiam
811 710 897 764 his
924 707 1269 779 paucissimis
1292 706 1470 762 verbis
1490 704 1895 775 complectitur:
1916 720 1934 754 «
1953 702 2133 756 Bruno
2239 710 2320 756 ter
2338 715 2504 757 unum
2529 711 2630 765 est,
2649 702 2715 756 de
2740 700 3016 757 miraculis
3035 699 3405 769 conscriptum
3426 700 3637 770 atquein
3658 701 3766 755 duo:

554 820 575 854 ι
611 800 967 865 Teutonicus,
1017 813 1083 853 ex
1108 798 1260 865 {urbe
1306 796 1527 852 Colonia
1560 794 1869 866 parentibus
1896 807 2002 846 non
2033 791 2131 847 ob»
2237 790 2405 847 libros
2434 792 2686 846 divisum.
2713 790 2770 845 in
2806 792 2999 847 horum
3022 789 3215 856 altero,
3240 804 3359 846 sese
3392 809 3409 843 ι
3447 790 3513 845 ad
3537 791 3765 845 roboran-

558 912 577 944 ι
612 892 792 948 scuris
820 900 979 947 natus
1009 888 1204 945 litteris
1235 897 1345 943 tam
1374 886 1706 943 secularibus
1732 901 1895 955 quam
1937 884 2134 940 divinis
2236 882 2359 937 dam
2387 881 2543 939 fidem
2557 891 2613 937 et
2634 897 2810 937 mores
2835 880 3194 936 instituendos
3207 879 3482 942 miracula,
3512 898 3543 931 ι-
3560 879 3639 934 vel
3677 881 3770 949 ipso

559 1003 578 1037 ι
609 985 768 1040 valde
790 983 1053 1047 munitus,
1093 981 1337 1037 ecclesiae
1394 979 1678 1034 Remensis
1733 978 2026 1033 canonicus
2081 984 2135 1031 et
2236 990 2335 1030 suo
2368 994 2386 1027 ι
2427 985 2687 1045 tempore,
2715 974 2800 1029 vel
2827 974 2973 1029 circa
2987 988 3085 1028 sua
3117 981 3359 1042 tempora
3392 981 3553 1042 gesta,
3579 986 3769 1041 quorum

558 1088 581 1128 ι
616 1076 925 1131 scholarum
965 1074 1243 1146 magister,
1277 1074 1464 1129 relicto
1492 1072 1706 1138 saeculo,
1735 1084 1975 1126 eremum
2006 1069 2135 1124 Car-
2238 1069 2475 1139 cognitio
2499 1068 2716 1121 indubia
2744 1068 2925 1131 datur,
2967 1066 3205 1122 scribere
3243 1084 3262 1116 ι
3315 1064 3663 1135 proposuisse,
3693 1065 3773 1118 Pe—

553 1165 747 1220 thusia:
766 1164 1017 1220 fundavit
1045 1174 1098 1220 et
1120 1165 1369 1218 rexitsex
1394 1162 1570 1215 annis.
1592 1181 1610 1213 ι
1650 1161 1785 1216 Ecce
1813 1168 1980 1215 tutam
2000 1173 2133 1213 con~
2241 1170 2354 1216 trus
2383 1162 2642 1231 praefatur
2669 1171 2723 1215 et
2752 1170 2931 1216 tamen
2974 1158 3222 1214 miraculi
3270 1172 3365 1213 seu
3409 1157 3641 1227 prodigii,
3684 1170 3771 1225 quo

552 1260 860 1310 VeI‘Slonem
890 1255 947 1311 8ο
981 1253 1272 1318 Brunonis.
1297 1252 1537 1321 (ιιιῑιιιιυθ
1568 1251 1749 1305 “ibis
1776 1248 2135 1318 comprehen-
2241 1255 2435 1310 doctor
2455 1252 2779 1308 Parisiensis
2817 1267 2875 1307 se
2913 1252 3245 1315 damnatum,
3284 1249 3573 1303 innumera:
3609 1246 3771 1301 astanti

553 1343 659 1409 dit,
694 1362 717 1396 η(
750 1344 960 1400 Relicto
982 1343 1459 1409 smonlo,erentum
1489 1340 1789 1396 Carthusia:
1818 1338 2083 1399 fundavit,
2110 1354 2130 1390 ι
2237 1348 2418 1419 populi
2484 1345 2817 1401 multitudini
2874 1344 3089 1416 publica
3140 1342 3467 1399 denuntiarit
3500 1380 3515 1405 ,
3568 1340 3773 1408 "uspiam

551 1433 697 1501 quod
722 1434 787 1488 de
811 1434 1097 1502 cujuslibet
1118 1432 1314 1487 saeculo
1330 1430 1764 1485 abrenuntiautis
1786 1428 2140 1484 conversione
2241 1441 2295 1495 in
2326 1450 2437 1495 toto
2468 1438 2685 1493 laudato
2719 1454 2817 1493 suo
2846 1436 3020 1507 opere
3058 1434 3390 1490 mentionem
3450 1432 3593 1487 facit.
3645 1430 3773 1494 "inc,

550 1526 662 1581 dici
700 1534 897 1595 potest.
935 1526 1017 1580 An
1046 1533 1158 1578 tam
1186 1524 1373 1593 paucis
1402 1522 1583 1576 verbis
1609 1522 1892 1575 historiam
1928 1520 2073 1574 Brun

2248 1546 2454 1586 onmem
2486 1530 2551 1585 de
2578 1531 2825 1584 luctuosa
2855 1528 2957 1583 hac
2985 1526 3212 1581 historia
3235 1525 3596 1579 narrationem
3624 1522 3671 1575 in
3706 1521 3773 1574 fa-

559 1619 649 1673 nis
686 1634 704 1668 ι
740 1617 814 1671 ita
830 1617 997 1672 edidit
1032 1636 1051 1669 ι
1082 1616 1319 1684 scriptor
1343 1613 1454 1676 ille,
1481 1631 1499 1664 ι
1529 1621 1605 1675 ιιι,
1630 1613 1675 1666 si
1704 1610 1833 1681 quid
1866 1612 1920 1665 in
1949 1625 2009 1663 ea
2040 1626 2084 1664 m

2248 1623 2382 1678 bulis
2408 1638 2528 1679 esse
2556 1622 2883 1685 habendam,
2911 1619 3187 1675 Lauuoius
3213 1620 3268 1671 in
3299 1617 3480 1671 sua'de
3501 1629 3619 1669 vera
3643 1627 3773 1668 causa

556 1728 578 1760 ι
619 1708 789 1763 raculi
810 1707 1207 1778 deprehensum
1238 1712 1342 1770 est,
1366 1703 1689 1767 observarit,
1726 1721 1745 1755 ι
1774 1710 1834 1756 ut
1859 1701 1972 1757 vult
2002 1700 2074 1754 La

2253 1729 2489 1771 secessus
2512 1713 2568 1769 S.
2593 1712 2862 1768 Brunonis
2888 1712 2942 1767 in
2970 1725 3212 1766 eremum
3233 1706 3611 1764 Dissertatione
3632 1720 3729 1773 cap.
3751 1700 3778 1755 ὅ

551 1802 747 1857 noius?
788 1799 919 1865 Sed,
953 1797 1290 1854 sicuttacuit
1340 1796 1408 1850 de
1455 1795 1667 1850 visione
1708 1803 1913 1865 septem
1968 1793 2145 1848 stella-
2176 1799 2219 1854 Β
2244 1805 2578 1877 ριοοηυηιίδι,
2610 1803 2811 1859 verum
2863 1818 2931 1857 an
2969 1802 3169 1856 merito
3206 1800 3330 1864 hic,
3356 1797 3631 1868 papyrum
3669 1793 3777 1847 uas.

550 1908 698 1956 rum,
721 1899 916 1947 sancto
935 1889 1147 1959 Hugoni
1180 1887 1443 1952 exhibita,
1470 1887 1537 1942 de
1561 1902 1653 1942 sex
1678 1886 1851 1942 sancti
1873 1886 2075 1940 Brunor

2251 1912 2434 1952 sonum
2478 1908 2886 1964 supergressus,
2933 1900 3085 1946 tanto
3128 1891 3183 1945 in
3218 1889 3397 1961 pretio
3446 1886 3621 1941 habuit
3662 1882 3776 1938 Petri

551 1987 740 2051 sociis,
770 1985 839 2040 de
863 1981 1333 2055 persecutionibus
1371 1980 1657 2045 Manassae,
1690 1980 1758 2035 de
1797 1987 1926 2035 voto
1971 1978 2076 2032 illiu

2253 1986 2582 2043 Venerabilis
2605 1985 2695 2039 illa
2720 1984 2787 2039 de
2813 1999 2871 2038 re
2912 1982 3184 2038 silentium
3207 1981 3232 2036 ?
3259 1978 3605 2036 Cartusianns
3629 1984 3778 2029 noster

550 2086 608 2133 et
638 2077 704 2132 de
732 2075 916 2131 multis
936 2074 1077 2138 aliis,
1108 2073 1368 2144 praeclare
1404 2072 1470 2127 ab
1499 2086 1563 2127 eo
1588 2072 1775 2142 gestis,
1807 2071 1880 2126 ita
1904 2085 2008 2125 non
2043 2070 2143 2124 mi-
2243 2091 2563 2148 anonymus,
2598 2074 2689 2145 qui
2712 2072 3004 2128 Annalium
3033 2068 3255 2125 Ordinis
3310 2068 3395 2124 sui
3436 2068 3622 2122 librum
3646 2080 3779 2135 quar-

556 2183 698 2234 rutn,
723 2167 768 2222 si
793 2177 849 2223 et
869 2164 1236 2235 spectaculum
1260 2164 1627 2235 praetermisit.

2256 2180 2358 2225 tum
2382 2171 2643 2224 hactenus
2683 2180 2791 2220 non
2833 2164 3109 2234 vulgatum
3141 2160 3507 2224 concinnavit,
3552 2171 3674 2227 quo,
3705 2155 3781 2209 Pe-

626 2262 753 2317 282.
785 2261 1028 2329 Denique
1055 2258 1352 2316 notandum
1378 2266 1461 2311 est
1492 2256 1658 2311 videri
1686 2255 1968 2324 scriptoris
2023 2269 2145 2310 sco-
2241 2268 2390 2315 trum
2434 2256 2761 2312 Parisiensis
2809 2254 3035 2325 prodigii
3072 2255 3127 2307 in
3154 2260 3271 2307 toto
3300 2265 3400 2306 suo
3434 2250 3499 2305 de
3547 2244 3780 2303 miraculis

558 2368 684 2425 pum
712 2355 854 2408 hunc
885 2351 1051 2407 fuisse
1076 2350 1313 2413 unicum,
1342 2362 1535 2418 nempe
1557 2347 1860 2418 catatogum
1890 2345 2140 2401 l’riorum
2243 2345 2419 2419 Opere
2459 2347 2771 2403 meminisse
2798 2360 2907 2399 non
2931 2344 3207 2408 debuisse,
3254 2339 3525 2407 ostendat,
3566 2334 3783 2392 nonnulla

557 2447 866 2505 Carthusia:
883 2455 1196 2510 contexere,
1220 2450 1274 2498 et
1294 2457 1467 2496 annos
1492 2440 2021 2513 praelatiuuiscortnn
2052 2438 2143 2493 de-
2242 2444 2479 2513 primum
2526 2442 2594 2495 de
2665 2452 2851 2509 scopo,
2890 2451 3049 2507 quem
3088 2436 3143 2490 in
3187 2436 3296 2490 hoc
3346 2430 3670 2489 contexendo
3704 2425 3784 2482 sibi

558 2543 795 2609 signare.
830 2536 971 2591 Nihil
1002 2535 1147 2590 enim
1194 2534 1506 2589 accuratius
1545 2532 1857 2589 describere
1903 2530 2139 2591 videtur,
2245 2539 2525 2607 ρηειίιιιω
2549 2533 2740 2589 habuit
2770 2540 2991 2587 sanctos
3028 2531 3075 2585 is
3123 2527 3499 2584 Cluniacensis
3533 2524 3705 2585 abbas,
3744 2521 3785 2572 in

556 2649 682 2688 cum
712 2630 947 2685 maxime
970 2627 1036 2682 de
1067 2626 1318 2681 Brunone
1340 2624 1612 2688 observet,
1637 2624 1780 2692 quod
1814 2641 1832 2673 ‹
1864 2638 1960 2676 sex
1986 2621 2144 2675 annis
2246 2630 2481 2684 modium
2511 2625 2753 2690 adducit,
2804 2623 3092 2693 simulque,
3141 2638 3261 2691 qua:
3316 2630 3370 2676 et
3402 2618 3576 2689 qualia
3619 2618 3667 2671 in
3714 2612 3786 2666 illo

558 2722 906 2780 Carthusiam
953 2719 1187 2783 rexerit,
1221 2717 1360 2773 etin
1402 2715 1653 2771 Calabria
1701 2715 1898 2770 ohierit
1930 2735 1947 2766 ι
1979 2714 2147 2769 unde-
2248 2725 2449 2780 referat
2494 2718 2776 2784 miracula,
2818 2718 3116 2780 “nminat,
3165 2731 3230 2770 ac
3266 2714 3485 2779 deinde,
3529 2727 3639 2782 qua,
3672 2707 3785 2763 ιω.

558 2813 701 2868 cimo
720 2810 840 2882 plus
863 2818 1041 2865 minus
1058 2822 1199 2862 anno
1224 2815 1344 2876 post
1366 2820 1639 2878 egressum
1653 2805 1977 2860 Carthasim.
1992 2804 2083 2872 ρης

2260 2815 2453 2879 totum,
2484 2824 2543 2867 ut
2572 2827 2823 2883 magnam
2852 2818 3043 2865 contra
3068 2808 3310 2863 doctoris
3348 2806 3785 2870 damnatianastao

556 2915 615 2960 ει
639 2904 927 2973 ἀῖιίςεηιει*
952 2901 1019 2957 de
1055 2900 1175 2955 aliis
1199 2909 1446 2966 animm»
1470 2899 1545 2954 ίιει
1573 2908 1630 2953 υι
1650 2898 1750 2953 διιι)
1782 2900 1942 2953 ﬁnem
1972 2912 2146 2953 ³ῐιιιοδ
2249 2906 2350 2960 sint
2378 2904 2522 2958 Petri
2540 2904 2604 2958 de
2622 2904 2727 2958 hac
2761 2900 2976 2956 silentio
3003 2900 3112 2954 vim
3164 2901 3348 2955 inesse
3379 2904 3609 2968 putaret,
3646 2894 3787 2961 impu-

559 2997 874 3056 summatim
898 3004 1128 3067 repetat,
1151 2994 1242 3064 qui
1267 3010 1296 3047 a
1320 2991 1634 3048 fundatioue
1655 2991 1956 3047 Carthusim
1978 3005 2147 3059 usque
2248 2998 2381 3061 lore,
2408 2997 2647 3051 rationes
2674 2993 2974 3050 rationibus
2999 2992 3289 3053 contrariis
3329 2988 3604 3045 confutare
3649 2998 3787 3038 cona-

556 3089 623 3143 ad
646 3096 877 3143 mortem
903 3084 1125 3142 Joannis
1167 3082 1327 3138 Tusci
1365 3081 1705 3138 cilluxerant.
1752 3098 1769 3132 ι
1807 3080 2148 3151 tlolliguntur
2253 3096 2359 3142 tor,
2402 3078 2622 3152 Totum,
2650 3084 2958 3155 quodhunc
3006 3081 3061 3137 ίη
3102 3079 3264 3134 quem
3316 3080 3568 3141 insumit.
3607 3072 3789 3130 ηιίοεί.

569 3201 587 3233 ί
620 3182 826 3249 itaque.
880 3179 1076 3249 inquit.
1124 3192 1153 3231 ει
1202 3177 1375 3247 Primo
1411 3175 1651 3245 magistri
1695 3174 1963 3228 Brunonis
2006 3189 2147 3228 anno
2176 3165 2216 3221 (ἶ
2252 3179 2424 3245 nium,
2454 3193 2575 3233 cum
2608 3178 2661 3232 id
2684 3176 2752 3231 ad
2779 3172 3166 3230 confutandum
3190 3170 3493 3226 Lanuuium
3537 3167 3787 3239 plurimum

562 3291 583 3323 ‹
631 3287 804 3342 usque
861 3274 929 3326 ad
972 3271 1133 3340 hujus
1177 3268 1462 3339 (Joannis)
1502 3268 1746 3321 ultimum
1794 3268 1918 3320 anni
1957 3266 2148 3336 viginti
2251 3271 2433 3326 valere
2454 3279 2719 3332 autumet,
2750 3269 2819 3323 ob
2844 3269 3132 3328 rationem,
3183 3281 3335 3319 ιιιιιη,
3373 3262 3475 3319 185
3506 3263 3555 3317 in
3587 3260 3682 3315 ﬁne
3718 3258 3791 3311 da-

570 3383 591 3415 ι
629 3365 868 3431 quinque
895 3363 1008 3434 (qui
1034 3371 1165 3415 ante
1191 3362 1395 3415 obitum
1434 3360 1574 3428 cjus,
1604 3361 1695 3430 qui
1738 3370 1820 3414 est
1844 3360 2013 3415 Nonis
2047 3361 2149 3415 Oc-
2252 3374 2385 3425 tam.
2412 3364 2679 3435 integrum
2710 3362 2836 3425 huc,
2865 3370 2926 3415 ut
2948 3370 3007 3414 ut
3028 3358 3184 3413 valde
3215 3357 3437 3427 longum
3466 3357 3553 3420 sit,
3577 3349 3791 3409 transcri-

565 3473 587 3507 ι
624 3454 813 3525 tubris)
845 3454 992 3508 circa
1020 3452 1356 3507 nativitatem
1381 3453 1442 3506 Β.
1473 3450 1697 3507 Joannis
1718 3451 1973 3520 Baptistae
2004 3468 2151 3507 cout-
2252 3457 2341 3522 bo,
2368 3457 2677 3527 adjecturtts
2700 3454 2863 3508 etiam
2889 3452 2957 3507 ad
2984 3451 3208 3517 calcem,
3246 3466 3371 3521 qua
3416 3465 3535 3506 mea
3561 3449 3628 3505 sit
3668 3445 3722 3501 de
3746 3457 3790 3495 re

568 3564 590 3598 ι
627 3545 871 3616 plentur;
898 3545 987 3598 tali
1016 3544 1212 3614 quippe
1244 3553 1485 3613 tempore
1517 3559 1547 3597 a
1585 3545 1846 3613 magistro
1895 3544 2149 3600 Brunone
2252 3548 2429 3603 isthac
2454 3547 2658 3618 opinio.

568 3656 590 3691 ι
623 3635 846 3708 praefata
873 3636 1040 3707 coepit
1069 3651 1286 3690 eremus
1320 3636 1571 3690 habiiari.
1621 3655 1641 3688 ι
1676 3636 1828 3702 Quod
1856 3636 2023 3691 etiam
2052 3637 2150 3691 ob-
2325 3640 2448 3695 281.
2476 3638 2567 3693 Sic
2600 3639 2782 3707 itaque
2808 3635 3001 3706 Operts
3047 3652 3129 3690 Stll
3162 3650 3311 3689 num.
3364 3634 3469 3690 105
3522 3627 3753 3704 praefatur
3780 3641 3790 3677 :

560 3728 805 3785 servavit
842 3726 952 3793 ille,
984 3726 1077 3797 qui
1098 3726 1359 3796 Guigonis
1400 3725 1631 3797 elogium
1675 3725 1848 3781 eidem
1871 3725 2043 3780 codici
2072 3726 2151 3779 in-
2258 3748 2276 3780 ι
2309 3729 2472 3800 Cujus
2493 3728 2664 3800 (Petri
2696 3727 3051 3799 Venerabilis)
3080 3728 3356 3782 silentium
3385 3728 3453 3781 de
3504 3733 3676 3780 nostro
3702 3720 3795 3791 (do-

561 3819 758 3876 seruit.
814 3838 833 3871 ι
872 3818 947 3873 Ita
982 3817 1148 3874 habet
1175 3817 1427 3889 anonynii
1458 3817 1802 3873 Carthasiani
1831 3817 2148 3887 adpetitum
2253 3822 2419 3876 ctoris
2460 3821 2687 3876 redivivi
2730 3837 2793 3875 ac
2840 3819 3103 3889 damnati)
3146 3819 3464 3891 spectaculo
3513 3816 3641 3873 tanti
3690 3810 3796 3867 facit

559 3928 593 3967 a
624 3911 867 3965 Launoio
895 3910 1142 3966 ccodicis
1168 3925 1317 3963 num.
1342 3908 1445 3963 279
1494 3908 1693 3963 laudati
1723 3909 1938 3963 silentio
1986 3921 2153 3978 argu-
2252 3910 2527 3966 Lauuoius
2552 3922 2677 3983 post
2718 3911 3010 3982 Papyrium
3038 3909 3375 3975 Massonum,
3403 3918 3464 3964 ut
3508 3908 3626 3963 inde
3676 3902 3796 3957 illam

563 4002 1140 4071 tuentumnegativum
1171 4000 1473 4070 responsio.
1500 4000 1565 4055 Et
1594 4014 1740 4062 vero,
1767 4014 1892 4053 cum
1914 3998 2147 4063 Codicis,
2254 4006 2619 4059 narrationem
2678 4004 2732 4058 in
2780 4002 2977 4057 fabulis
3023 4001 3331 4057 habendam
3384 4016 3525 4068 esse,
3578 3999 3798 4054 audacter

572 4097 627 4152 id
658 4109 762 4163 est,
789 4108 1024 4166 quatuor
1052 4096 1348 4167 primorum
1374 4094 1677 4151 Carthusize
1706 4093 1957 4148 Priorum
1982 4092 2151 4148 Chro-
2252 4098 2588 4171 pronuntiet.
2603 4096 2711 4152 Sed
2724 4105 3013 4165 antequam
3028 4093 3645 4165 argumentationesejus
3664 4086 3798 4144 refel-

563 4190 673 4246 nici
707 4200 909 4249 auctor,
938 4188 1111 4243 sancti
1144 4188 1314 4243 nostri
1358 4188 1521 4241 vitam
1565 4202 1628 4241 ac
1664 4198 1812 4257 gesta
1851 4186 2033 4241 omnia
2083 4201 2151 4240 cx
2254 4192 2447 4257 lamus,
2480 4199 2703 4261 prastat
2727 4189 2871 4242 Petri
2902 4186 3235 4243 Venerabilis
3259 4187 3430 4258 Opus,
3463 4188 3529 4241 de
3556 4199 3655 4254 quo
3679 4194 3800 4250 qua!-

563 4283 815 4339 instituto
876 4295 981 4335 non
1032 4278 1402 4349 descripserit,
1449 4276 1726 4346 multaque
1779 4278 1846 4330 de
1899 4275 2151 4330 Brunone
2254 4284 2359 4338 stio
2392 4290 2494 4345 ost,
2549 4282 2617 4334 ab
2654 4287 2876 4333 auctore
2924 4277 3247 4347 inscriptum
3283 4296 3301 4328 ‹
3350 4278 3427 4332 De
3480 4272 3748 4332 miraculis,
3781 4286 3796 4315 ι

562 4374 851 4436 SUblice-‘ll.
893 4388 1012 4441 qua:
1043 4378 1221 4425 ιηῐηθιι
1248 4369 1510 4439 apprime.
1540 4368 1777 4422 "lalimc
1804 4367 1871 4431 Si.
1906 4375 2152 4434 lllal’Pa-
2254 4373 2562 4430 minutatim
2620 4370 2957 4441 expendere,
2993 4382 3051 4423 ut
3099 4386 3167 4425 ex
3222 4379 3482 4424 accurato
3523 4367 3657 4423 illius
3698 4377 3802 4417 cra-

564 4474 673 4529 τοι»
699 4463 869 4533 ϐυἱευ
899 4464 943 4517 is
981 4461 1163 4527 Γυοτῖίι
1202 4459 1479 4528 ειιιιοηιιίι
1508 4458 1711 4523 halm“.
1745 4456 2031 4511 Ῐοτῐηθιιιιη
2084 4472 2151 4509 ex
2183 4516 2227 4533 η
2258 4466 2401 4521 mine
2422 4473 2635 4519 cessent
2658 4463 2891 4518 lectores
2914 4461 3357 4532 admirari,qu0d
3384 4463 3451 4517 de
3481 4472 3587 4515 tam
3615 4466 3804 4525 stupen-

566 4557 715 4611 illius
741 4556 951 4610 silentio
987 4563 1368 4625 argumentum
1400 4554 1507 4607 vim
1540 4563 1632 4606 aut
1686 4566 1908 4623 prorsus
1949 4549 2148 4604 nullam
2182 4516 2230 4573 υ
2256 4558 2325 4613 do
2374 4555 2619 4626 prodigio
2673 4554 2913 4619 siluerit;
2960 4571 2979 4605 ο
3014 4568 3079 4607 ac
3131 4516 3325 4608 deinde
3356 4569 3469 4607 rem
3513 4553 3673 4622 ipsam
3701 4556 3804 4598 mox

564 4656 661 4702 aut
718 4655 867 4701 certe
920 4644 1269 4713 perexiguam
1322 4643 1411 4700 hic
1460 4644 1687 4709 obtinet,
1755 4641 1991 4696 maxime
2027 4655 2150 4694 curn
2257 4646 2579 4718 aggrediens
2646 4644 2791 4699 hunc
2852 4644 3198 4712 prosequitur
3257 4643 3310 4697 in
3364 4642 3583 4696 modum
3614 4658 3627 4692 :
3664 4657 3679 4686 ι
3714 4632 3806 4687 lloc

564 4739 707 4794 ratio
756 4736 936 4791 afferri
979 4752 1085 4791 non
1139 4746 1329 4806 queat,
1373 4752 1478 4807 qua
1531 4746 1803 4805 utcunque
1844 4734 2153 4790 verosimile
2256 4737 2401 4809 Opus
2429 4736 2643 4792 induas
2667 4734 3002 4806 partes,sive
3028 4734 3195 4789 libros
3218 4734 3585 4806 distinguitur.
3614 4725 3807 4797 Inprio-

559 4830 786 4894 evadat,
824 4830 1141 4900 scriptorem
1170 4829 1320 4884 illum
1352 4829 1765 4885 commissurum
1811 4843 1919 4882 non
1958 4826 2151 4892 fuisse,
2256 4832 2333 4887 ris
2353 4830 2476 4886 libri
2519 4827 2933 4883 Prazfatiuncula
2966 4826 3106 4879 hanc
3155 4825 3334 4881 reddit
3388 4832 3607 4879 sanctus
3665 4815 3807 4873 abba!

562 4932 629 4979 ut
656 4921 965 4979 Parisiense
1015 4921 1345 4994 prodigium,
1403 4922 1571 4991 quod,
1621 4921 1668 4977 si
1712 4922 1912 4976 factum
1958 4919 2087 4975 tueri

2279 4926 2549 4990 'ationetn,
2576 4938 2675 4978 cur
2696 4923 2761 4978 de
2785 4922 2883 4976 hac
2909 4920 3136 4975 materia
3167 4920 3255 4991 (de
3301 4917 3577 4973 miraculis
3603 4907 3804 4975 scilicet)

560 5015 716 5074 haud
738 5015 898 5072 dubie
923 5014 1200 5086 cognovit,
1224 5013 1440 5068 silentio
1463 5013 1791 5083 praeteriret.
2255 5015 2495 5071 scribere
2536 5027 2819 5083 aggressus
2859 5009 3051 5077 fuerit,
3082 5023 3276 5080 nempe
3322 5025 3387 5063 ne
3423 5026 3442 5060 ι
3492 5006 3568 5061 Ea
3599 5005 3808 5060 miracu-

636 5109 869 5166 283.Ad
904 5108 1138 5164 alterum
1189 5107 1370 5171 modo,
1421 5105 1621 5178 (ιιιοάπῆ
1674 5105 1928 5177 presenti
1984 5115 2147 5161 etiam
2260 5126 2280 5160 ι
2324 5108 2394 5172 la,
2442 5122 2563 5178 qua:
2610 5104 2831 5169 nostris,
2876 5103 3071 5172 inquit,
3114 5102 3445 5172 temporibus
3497 5096 3805 5175 proveniunt.

558 5203 1009 5263 examinandum,
1041 5200 1291 5271 quodque
1335 5213 1365 5253 e
1414 5198 1581 5263 Petri,
1638 5209 2000 5269 cognomento
2047 5198 2151 5254 γε.
2261 5220 2282 5253 ι
2319 5216 2440 5256 cum
2473 5214 2577 5254 non
2601 5199 2688 5262 sit,
2720 5198 2814 5267 qui
2848 5197 2915 5250 ad
2946 5194 3034 5248 illa
3064 5195 3350 5250 scribenda
3398 5193 3636 5247 animum
3664 5182 3810 5258 appli-

562 5297 849 5360 nerabilis,
879 5294 1097 5351 silentio
1118 5292 1401 5353 formatur,
1430 5304 1810 5363 argumentum
1839 5292 2149 5363 negativum
2260 5312 2279 5345 ‹
2317 5302 2559 5362 εει,‹ιυε
2583 5291 2843 5362 prodesse
2870 5288 3171 5360 legentibus
3192 5286 3538 5342 manifestata
3564 5286 3806 5354 poterant.

562 5388 1002 5461 progred‘amur.
1038 5386 1129 5441 Vir
1154 5386 1267 5451 hic,
1318 5401 1461 5441 anno
1496 5385 1713 5441 circiter
1774 5385 1911 5441 1095
1965 5394 2149 5449 natus,
2262 5408 2282 5442 ι
2324 5387 2657 5443 infructuosa
2698 5385 2914 5441 silentio
2942 5394 3084 5441 tecta
3123 5385 3450 5455 dispeream.
3489 5402 3509 5435 ι
3546 5380 3643 5435 Hic
3695 5374 3810 5429 liber

563 5496 693 5535 cum
734 5480 1027 5551 gloriosam
1070 5492 1169 5547 per
1197 5492 1368 5532 annos
1427 5477 1634 5548 aliquot
1681 5492 1901 5549 operam
1948 5479 2153 5535 militia
2257 5481 2444 5553 viginti
2469 5491 2591 5536 octo
2633 5480 3053 5548 comprehendit
3091 5478 3349 5549 capitula,
3381 5489 3611 5546 quorum
3643 5463 3808 5538 viginti

564 5584 846 5639 navasset,
874 5572 1158 5629 monachis
1195 5570 1665 5639 Cluniacensibus,
1711 5574 1908 5629 smculo
1940 5574 2150 5639 relicto,
2255 5583 2310 5629 ct
2332 5589 2497 5628 unum
2526 5572 2961 5643 complectuntur
3009 5587 3097 5628 res
3141 5570 3434 5631 mirabiles,
3486 5582 3604 5638 qua:
3650 5561 3727 5617 vel
3762 5559 3807 5611 in

568 5680 692 5721 sese
740 5665 1005 5733 adiunxit,
1047 5681 1282 5735 cumque
1344 5667 1541 5722 deinde
1598 5667 1766 5725 abbas
1792 5668 1942 5725 hisce
2009 5683 2152 5724 anno
2258 5666 2373 5736 ipsa
2403 5664 2744 5721 Cluniacensi
2772 5665 3011 5733 ahbatia,
3040 5664 3126 5721 vel
3166 5665 3219 5720 in
3249 5664 3368 5719 aliis
3393 5663 3631 5732 ejusdem
3666 5653 3782 5711 Ordi

571 5756 715 5813 0129
746 5756 934 5814 fuisset
953 5758 1265 5831 praefectus,
1293 5758 1503 5830 hocque
1532 5774 1728 5818 munus
1768 5761 1988 5833 triginta
2016 5778 2151 5835 qua-
2254 5760 2342 5818 nis
2358 5760 2704 5817 monasteriis
2721 5768 2956 5832 peractae
2984 5769 3133 5817 sunt.
3161 5758 3222 5815 In
3272 5759 3507 5831 quinque
3538 5754 3655 5810 aliis
3680 5744 3807 5813 capi'
