3862 6310
121 385 195 444 (59
1583 374 1787 431 ACTA:

3224 392 3318 443 I70

119 500 209 552 lullS
240 495 523 550 referuntur
570 493 831 560 historia},
886 504 1007 562 qua:
1040 490 1096 548 in
1147 492 1276 550 .ocis
1302 509 1328 549 a
1378 492 1638 549 Cluniaco
1669 496 1716 549 A
1744 508 1862 559 mo,
1894 494 2170 567 trigesimo
2193 496 2398 567 primo,
2440 506 2493 553 et
2523 498 2799 570 trigesimo
2832 499 3069 556 secundo
3106 504 3317 572 capitu-

122 606 192 642 130"
215 588 408 642 remotis
435 590 795 660 contigerunt,
822 592 865 645 si
905 608 1067 645 unum
1092 602 1185 646 aut
1216 592 1321 647 duo
1360 592 1627 662 excipias.

122 684 214 735 ‘Jam
234 684 329 749 ipse
349 681 510 735 abbas
544 684 595 738 in
627 686 875 753 capitulis
903 701 1066 750 nono,
1098 695 1151 741 et
1176 686 1433 756 vigesimo
1467 686 1630 740 tertio

130 777 319 840 πρίηται,
349 792 404 830 se
430 776 747 839 relaturum,
768 795 886 847 qua:
913 780 964 832 in
996 780 1337 834 Cluniacensi
1367 788 1634 839 monaste-

120 886 190 930 no,
225 870 293 923 vel
318 870 452 923 circa
490 871 760 925 accidisse
786 872 1055 926 audierat.
1096 872 1213 925 Alia
1248 873 1476 940 denique
1527 874 1632 926 duo

120 962 271 1015 latium
317 962 640 1015 mentionem
671 963 738 1016 de
767 965 997 1031 quodam
1064 965 1370 1027 sacerdote,
1420 973 1471 1016 et
1500 979 1633 1033 quo-

119 1053 203 1104 dam
221 1054 395 1121 juvene
419 1054 471 1106 in
503 1054 817 1109 Teutonicis
861 1056 1126 1123 partibus,
1177 1057 1375 1112 divinis
1426 1066 1631 1127 myste-

120 1143 184 1195 riis
203 1153 246 1196 et
270 1159 409 1196 saera
437 1145 821 1199 communione
852 1147 1219 1201 abutentibus.

165 1232 256 1284 283.
285 1250 301 1281 ι
333 1231 500 1286 Unum
534 1244 822 1302 acceperat
851 1235 1137 1291 Petrus-ab
1159 1238 1410 1308 episcopo
1447 1236 1632 1292 Claro-

118 1323 342 1387 montensi,
368 1324 454 1393 qui
488 1325 701 1379 videtur
728 1342 846 1381 esse
901 1328 1242 1397 Aymericus.
1291 1340 1446 1383 antea
1464 1331 1631 1386 abbas

118 1414 223 1466 Casa:
248 1415 325 1468 Dei
374 1416 580 1471 ordinis
623 1418 1013 1485 Cluniacensis,
1069 1422 1213 1477 aliud
1258 1438 1287 1477 a
1348 1424 1531 1493 priore
1578 1434 1631 1478 et

119 1502 311 1557 fratribus
346 1504 623 1572 cujusdam
657 1511 995 1577 monasterii,
1031 1512 1081 1565 in
1113 1513 1301 1567 iisdem
1357 1513 1489 1567 locis
1518 1514 1624 1568 siti.

119 1592 214 1657 Quid
237 1608 345 1648 vero
388 1595 473 1649 hic
502 1596 772 1668 intelligat
799 1615 894 1667 per
924 1600 1249 1656 Teutonicas
1304 1613 1510 1671 partes,
1548 1604 1629 1657 vi-

118 1686 226 1737 detur
249 1695 413 1753 postea
454 1688 724 1755 indicare,
780 1691 869 1745 ubi
922 1693 988 1747 de
1039 1693 1173 1747 urbe
1224 1693 1540 1759 Matiscone,
1574 1694 1627 1750 in

117 1778 223 1843 citius
248 1778 443 1833 dioecesi
469 1780 637 1834 situm
664 1792 745 1836 est
768 1781 1103 1847 Cluniacum,
1139 1785 1364 1855 loquens
1391 1787 1467 1840 sic
1496 1787 1599 1840 seri
1617 1818 1629 1825 -

1735 585 1823 653 lis,
1857 604 1976 657 quae
2027 599 2267 643 recenset
2296 631 2309 654 ,
2375 604 2438 645 eo
2487 592 2826 661 praesidente,
2862 591 2913 645 in
2971 606 3069 647 suo
3123 594 3317 650 ordine

1734 678 2090 748 contigerant.
2157 679 2209 733 la
2269 680 2533 750 vigesimo
2584 690 2774 735 octavo
2831 681 3069 751 capitulo
3117 691 3316 739 tractat

1740 787 1759 820 ι
1789 770 1864 824 De
1915 771 2172 824 institutis
2216 771 2683 825 Carthusieusium
2739 773 3193 827 monachorum.»
3252 774 3307 828 lu

1733 859 1994 929 vigesimo
2026 876 2164 915 nono
2194 881 2211 911 ι
2239 861 2311 914 De
2345 862 2575 931 quodam
2602 861 2768 916 fratre
2789 862 3187 927 Carthusiensi,
3224 865 3314 933 qui

1740 969 1756 1001 ι
1780 952 1913 1004 mira
1966 952 2197 1021 vigilans
2234 952 2421 1005 vidit.»
2482 953 2537 1007 ln
2584 953 2863 1023 trigesimo
2894 973 2911 1005 ι
2944 953 3019 1008 De
3051 954 3315 1009 miraculo

1739 1059 2061 1098 (cereorum
2117 1042 2549 1107 Romanorum,»
2604 1046 2745 1114 quod
2798 1043 3031 1100 allirmat
3084 1047 3315 1117 singulis

1732 1134 1889 1187 annis
1924 1132 2038 1186 ﬁeri
2085 1132 2136 1186 in
2166 1132 2392 1186 ecclesia
2418 1133 2473 1186 S.
2506 1133 2686 1187 Maria:
2723 1135 2958 1204 Maioris,
3000 1155 3018 1187 ι
3044 1152 3213 1207 usque
3244 1136 3317 1191 ad

1738 1244 1754 1274 ι
1788 1224 1928 1277 hanc
1968 1231 2205 1276 nostram
2254 1233 2489 1283 aetatem,
2527 1246 2544 1275 ›
2614 1226 2820 1295 inquit,
2865 1246 2883 1278 ι
2937 1236 2991 1280 et
3049 1237 3311 1295 quantum

1739 1331 1755 1363 ι
1793 1314 2045 1381 deinceps
2080 1313 2186 1365 Deo
2226 1314 2510 1382 placuerit.
2544 1334 2561 1365 ι
2606 1315 2681 1368 Ex
2716 1318 2799 1370 his
2834 1319 3050 1388 triginta
3104 1319 3313 1373 duobus

1732 1405 1979 1474 capitulis
2005 1405 2189 1472 viginti
2214 1415 2694 1475 septem-spectant
2717 1408 2783 1461 ad
2814 1413 3057 1464 ordinent
3084 1413 3311 1466 Clunia-

1731 1510 1947 1549 censem
1974 1512 1986 1547 :
2018 1497 2122 1549 duo
2144 1496 2314 1564 prima
2340 1512 2459 1549 cum
2484 1497 2743 1567 vigesimo
2759 1509 2949 1552 octavo
2970 1511 3025 1553 et
3046 1503 3312 1571 vigesimo

1732 1602 1896 1651 nono,
1926 1603 2043 1655 quce
2069 1596 2193 1639 sunt
2226 1587 2289 1641 de
2316 1586 2813 1655 Carthusiensibus,
2835 1605 2918 1643 res
2948 1593 3307 1660 comprehen-

1731 1678 1864 1733 dunt
1891 1679 1943 1732 in
1985 1677 2313 1748 regionibus,
2348 1695 2375 1731 a
2405 1678 2661 1734 Cluniaco
2708 1695 2813 1733 non
2838 1683 3095 1747 remotis,
3130 1694 3311 1738 trans-

1730 1780 1901 1825 actas.
1954 1770 2138 1825 Solum
2198 1770 2490 1840 capitulum
2540 1772 2871 1842 trigesimum
2924 1790 3035 1827 rem
3096 1784 3308 1838 narrat,

118 1867 202 1922 bit:
238 1871 365 1925 «Est
397 1873 588 1927 eadem
631 1873 883 1931 Matiscus
906 1878 959 1931 in
1003 1878 1200 1931 ﬁnibus
1252 1879 1399 1950 regni
1454 1878 1621 1934 Fran-

1732 1863 1888 1930 longc
1940 1876 1970 1915 a
2023 1861 2279 1915 Cluniaco
2333 1869 2624 1930 patratum,
2670 1877 2861 1931 nempe
2910 1862 3114 1925 Romre,
3148 1879 3310 1933 quam

121 1977 314 2026 «eorum,
339 1964 473 2031 quod
496 1979 526 2017 a
555 1964 985 2021 Teutonicorum
1016 1969 1101 2023 vel
1131 1969 1498 2023 Romanorum
1526 1970 1625 2023 im-

120 2053 266 2119 iperio
285 2054 411 2107 Arar
430 2055 654 2121 ﬂuvius,
686 2073 715 2110 a
749 2058 1100 2128 Lotharingia
1132 2075 1350 2115 sumens
1382 2061 1623 2126 initium,

121 2144 524 2216 «Rhodanusque,
593 2150 647 2203 in
697 2166 845 2205 mare
897 2152 1349 2209 Mediterraneum
1422 2156 1626 2210 habens

121 2239 420 2303 iproﬂuxum,
452 2242 820 2297 disterminat.
860 2263 881 2296 ο
918 2245 994 2300 Ex
1046 2250 1244 2315 quibus
1292 2248 1472 2301 verbis
1500 2247 1627 2302 licet

116 2334 333 2401 conjicere,
385 2337 497 2391 haac
547 2338 657 2391 duo
681 2337 940 2392 miracula
1022 2340 1185 2393 etiam
1257 2338 1395 2394 facta
1458 2338 1626 2395 fuisse

119 2422 152 2474 in
174 2427 346 2493 regione
370 2443 395 2479 a
421 2428 690 2483 Cluniaeo
714 2442 817 2482 non
867 2438 1092 2484 remota.
1132 2427 1285 2484 Unde
1331 2428 1474 2484 Petri
1504 2446 1625 2485 sco-

118 2532 182 2582 pus
206 2514 338 2573 luisse
360 2520 595 2585 videtur,
648 2529 852 2574 tantum
880 2536 943 2576 ea
997 2537 1247 2587 narrare,
1274 2536 1393 2590 qua:
1446 2521 1497 2575 in
1528 2536 1626 2575 suo

117 2605 249 2658 ordine
285 2620 422 2677 gesta
466 2610 711 2673 fuerant,
764 2609 960 2664 additis
1010 2610 1362 2665 nihilominus
1405 2612 1629 2681 quibus-

117 2692 215 2759 dam,
243 2713 343 2767 quae
370 2716 494 2755 casu
548 2701 967 2756 audieratcirca
1015 2703 1335 2758 Cluniacum
1394 2704 1625 2759 accidis-

117 2798 168 2839 se.
191 2786 293 2854 Quin
311 2791 515 2859 quidem
544 2791 754 2857 omnia,
787 2790 839 2845 in
870 2791 955 2846 his
987 2792 1173 2863 viginti
1209 2803 1331 2847 octo
1377 2794 1625 2863 capitulis

117 2892 323 2947 contenta,
343 2884 598 2938 videntur
628 2893 865 2955 patrata,
904 2883 1024 2954 ipso
1048 2885 1243 2939 abbate
1274 2886 1385 2956 jam
1437 2886 1626 2955 pratsi-

118 2969 244 3034 dente,
267 2974 311 3027 id
346 2985 444 3041 est,
508 2986 638 3046 post
692 2991 891 3030 annum
945 2976 1082 3030 “22
1133 2986 1331 3047 prieter
1380 2978 1623 3045 qumdam

118 3060 162 3114 ad
194 3066 396 3122 ordinem
434 3066 855 3122 Cluniacensem
906 3068 1254 3138 pertinentia,
1312 3083 1431 3138 qum
1473 3077 1623 3139 gesta

119 3158 303 3212 suntsub
343 3158 583 3231 llugone,
633 3158 723 3229 qui
780 3161 1022 3215 eamdem
1080 3160 1349 3214 abbatiam
1408 3170 1625 3214 rexerat

121 3247 226 3301 anuis
247 3249 440 3305 circiter
471 3251 785 3322 sexaginta,
813 3250 867 3305 in
900 3250 1019 3320 ejus
1064 3251 1329 3322 regimine
1383 3259 1627 3305 mortuus

121 3348 217 3389 anno
244 3340 373 3394 “09.
414 3341 687 3397 Praeterea
745 3345 1034 3398 notandum
1066 3352 1171 3408 est,
1223 3344 1364 3412 quod
1410 3352 1625 3407 cuncta,

122 3424 243 3483 lllllOC
267 3432 385 3486 libro
408 3449 437 3486 a
482 3433 651 3487 Petro
683 3434 970 3500 recensita,
1009 3436 1246 3505 exceptis
1274 3435 1481 3488 duobus
1536 3442 1628 3485 aut

122 3519 241 3574 tribus
256 3522 511 3593 exemplis,
536 3523 593 3577 ei
619 3523 787 3577 relata
815 3522 1020 3577 fuerint
1046 3540 1073 3576 a
1103 3522 1356 3593 personis
1380 3522 1623 3593 ejusdem

121 3610 284 3675 ordinis,
323 3615 438 3669 inte-
474 3625 613 3685 quas
636 3615 796 3669 etiam
845 3614 1285 3668 annumerandus
1325 3623 1428 3679 est,
1463 3622 1518 3666 ut
1547 3614 1627 3667 di-

127 3700 265 3769 timus,
290 3707 600 3776 Aymericus
636 3708 922 3775 cpiscopus
949 3706 1437 3762 Claromontensis.

167 3793 289 3848 “336.1
322 3797 369 3850 In
398 3800 717 3867 posterioris
748 3798 866 3852 libri
897 3799 1119 3870 prologo
1149 3800 1227 3853 sic
1258 3798 1446 3853 scribit
1466 3812 1625 3852 vene-

126 3885 255 3940 nliihs
283 3889 431 3944 abbas
458 3905 473 3941 :
508 3908 529 3940 ι
568 3889 832 3956 Quoniam
864 3890 932 3944 ad
983 3890 1339 3945 roborandam
1389 3889 1547 3943 tidem
1573 3899 1627 3942 et

128 3990 293 4032 tonores
333 3980 689 4035 instituendos
725 3981 1004 4048 miracula,
1058 3991 1246 4036 nostro
1271 3989 1512 4048 tempore
1544 3978 1624 4032 vel

127 4081 141 4110 ί
164 4067 267 4121 circa
292 4084 456 4126 nostra
494 4082 739 4142 tempora
777 4081 952 4141 gesta,
984 4088 1212 4142 quorum
1262 4070 1502 4141 cognitio
1546 4070 1628 4124 in-

129 4157 279 4211 tdubia
322 4163 489 4226 datur,
546 4163 787 4218 scribere
812 4166 1090 4234 protrusui,
1130 4181 1148 4214 ι
1197 4174 1302 4218 etc.
1346 4161 1469 4215 lltec
1517 4177 1624 4215 non

129 4246 246 4302 solum
262 4254 316 4305 ad
335 4254 1060 4323 sequentetnlibrum,seilad
1085 4256 1319 4325 primum
1346 4263 1617 4324 Spectant,

130 4334 272 4408 inquo,
298 4356 348 4399 ut
372 4346 698 4411 monuimus,
736 4349 979 4416 qucedam
1010 4350 1156 4402 circa
1183 4356 1426 4417 tempora
1458 4346 1621 4411 illius,

131 4425 249 4495 illest,
278 4446 496 4508 tempore
527 4441 703 4492 sancti
755 4436 996 4510 llugonis
1039 4439 1249 4493 abbatis
1276 4456 1289 4503 ;
1320 4448 1376 4493 et
1404 4437 1623 4508 quidem

131 4516 312 4580 dErebus
354 4540 577 4598 tantum,
631 4533 1040 4587 Cluniaceusem
1087 4531 1331 4584 ordinem
1394 4539 1621 4598 tangen-

133 4607 241 4678 libus,
270 4632 398 4687 gesta
427 4612 661 4679 fuerant.
714 4624 810 4678 llic
854 4622 989 4678 alter
1038 4622 1178 4677 liber
1229 4622 1296 4675 de
1346 4619 1623 4675 miraculis

136 4702 290 4770 militia
317 4713 410 4767 duo
430 4718 667 4771 continet
703 4715 958 4786 capitula,
993 4715 1045 4769 in
1074 4730 1298 4783 quorum
1325 4714 1498 4783 primo
1521 4711 1625 4766 Pe-

136 4792 265 4846 lfusex
277 4804 523 4856 communi
540 4803 683 4857 fama
700 4812 906 4870 narrat,
921 4803 1189 4872 quomodo
1203 4801 1421 4871 quidam
1441 4792 1622 4855 comes

137 4872 456 4964 llatisconensis
497 4895 623 4949 olim
663 4896 946 4951 visibiliter
988 4911 1019 4951 a
1046 4896 1260 4949 diabolo
1289 4904 1471 4964 raptus
1506 4906 1609 4947 est.

137 4962 171 5015 lll
194 4980 380 5036 secundo
402 4985 507 5052 agit
543 4985 610 5039 de
639 4986 879 5050 homine,
916 5005 933 5036 r
958 4986 1056 5052 Qui
1084 4996 1227 5040 terra
1275 4962 1501 5039 obrutus
1528 4999 1623 5052 per

140 5067 371 5125 tsacrilicia
397 5084 447 5128 et
466 5078 738 5131 orationes
764 5076 1020 5132 Ecclesiae
1041 5076 1108 5130 ab
1136 5076 1326 5145 angelo
1352 5076 1613 5144 pascebac

141 5163 299 5222 “Urit
343 5173 472 5237 quod
511 5173 559 5223 in
591 5171 1092 5241 Gratianopolitano
1138 5172 1447 5238 episcopatu
1490 5183 1615 5225 eve-

143 5246 233 5301 tisse
253 5261 432 5322 asserit,
467 5272 519 5317 et
558 5263 739 5318 forsan
796 5273 1078 5333 acceperat
1135 5264 1357 5318 veniens
1388 5261 1454 5315 ad
1486 5260 1617 5315 Car-

143 5333 303 5423 llmsiam
332 5346 589 5417 Maiorem.
609 5353 849 5423 adquam
880 5369 983 5408 non
999 5353 1162 5408 semel
1181 5351 1487 5407 ascendisse
1506 5351 1617 5403 suis

142 5417 227 5514 locis
241 5431 553 5497 inAnnalibus
569 5445 825 5498 dicemus.
844 5444 884 5498 Λ
897 5445 1132 5514 capitulo
1150 5444 1310 5497 tertio
1326 5444 1389 5495 ad
1406 5442 1583 5511 eapitu
1596 5472 1615 5480 -

143 5505 488 5590 lumvigesimum
508 5534 719 5586 tertium
737 5534 992 5588 inclusive
1007 5535 1168 5586 vitam
1188 5532 1421 5586 Malthzei
1439 5546 1623 5585 mona-

146 5604 201 5657 clli
228 5611 545 5678 Cluniacensis
580 5634 633 5678 et
670 5628 902 5699 episcopi
928 5627 1268 5691 Albanensis,
1302 5643 1442 5682 anno
1482 5627 1619 5681 1159

147 5702 398 5764 sanctissime
426 5712 673 5779 deluncti,
704 5719 1008 5786 perscribit.
1042 5718 1098 5773 ln
1131 5720 1387 5791 vigesimo
1420 5728 1620 5788 quarto

150 5794 185 5837 ει
204 5793 408 5861 \‘igesimo
432 5807 627 5873 quinto,
655 5808 914 5877 vigesimo
939 5821 1112 5879 sexto,
1142 5812 1402 5883 vigesimo
1446 5812 1613 5881 septi-

316 5891 557 5957 Ρηιιοι.
590 5898 744 5959 CLII

1734 1957 1913 2010 forsan
1944 1956 2169 2025 ipsemet
2196 1964 2318 2009 ante
2348 1955 2552 2024 aliquot
2576 1970 2746 2010 annos
2770 1956 2966 2010 ibidem
2996 1956 3199 2026 degens
3224 1955 3310 2012 vel

1732 2047 1981 2101 audierat
2010 2046 2090 2099 vel
2119 2046 2345 2100 viderat.

1799 2136 1924 2191 287.
1987 2155 2004 2188 ι
2041 2136 2235 2191 Totum
2289 2138 2453 2207 igitur
2504 2135 2630 2190 illud
2667 2152 2831 2206 opus,
2884 2137 3094 2192 duobus
3157 2138 3313 2193 libris

1730 2229 2083 2293 distinctum,
2116 2228 2358 2281 continet
2417 2227 2697 2296 sexaginta
2748 2229 2981 2296 capitula
3016 2270 3029 2292 ,
3080 2245 3309 2297 quorum

1729 2321 2082 2393 quadraginta
2112 2330 2234 2375 octo
2265 2328 2391 2375 sunt
2416 2319 2479 2373 de
2516 2319 2809 2388 miraculis,
2834 2321 2972 2391 apud
3004 2320 3311 2377 Cliniacen-

1729 2428 1816 2468 ses
1839 2415 1936 2467 sub
1966 2414 2081 2483 ipso
2134 2412 2295 2465 Petro
2343 2412 2537 2466 abbate
2574 2412 2653 2464 vel
2682 2414 2780 2467 sub
2811 2413 2868 2466 S.
2925 2413 3171 2483 Hugone,
3218 2415 3313 2484 qui

1727 2520 1850 2559 eum
1880 2505 2201 2558 monachum
2231 2504 2463 2567 fecerat,
2497 2506 2838 2574 perpetratis.
2870 2505 2927 2559 ln
2969 2506 3087 2560 aliis
3119 2507 3311 2562 decem

1730 2595 1878 2666 (nam
1927 2596 1991 2649 de
2024 2596 2233 2649 duobus
2262 2596 2680 2651 Carthusienses
2723 2598 3091 2666 spectantibus
3150 2600 3311 2654 modo

1728 2702 1834 2740 non
1867 2685 2161 2756 loquimur)
2228 2686 2408 2754 agitur
2455 2687 2519 2740 de
2548 2688 2709 2741 rebus
2761 2688 3122 2755 mirabilibus,
3167 2705 3309 2759 quae,

1730 2776 1893 2833 Petro
1928 2778 2145 2833 vivente
2171 2778 2255 2832 vel
2283 2778 2443 2833 etiam
2502 2779 2823 2848 praesidente
2848 2822 2863 2846 ,
2913 2790 2969 2836 ut
3005 2798 3071 2837 ex
3119 2796 3313 2837 earum

1729 2868 2133 2924 narrationibus
2162 2867 2433 2937 conjicere
2499 2869 2654 2937 licet,
2689 2871 2735 2926 si
2781 2888 2944 2928 unum
2999 2882 3310 2943 portentum

1727 2962 1791 3017 de
1820 2962 2016 3016 comite
2040 2961 2419 3017 Matisconeusi
2479 2965 2750 3033 excipias,
2781 2976 3079 3022 evenerunt
3130 2956 3309 3025 ordini

1726 3052 1941 3121 quidem
1969 3051 2313 3107 Cluniacensi
2354 3061 2645 3115 extraneae,
2681 3055 2775 3109 sed
2806 3056 2889 3109 vel
2916 3058 3061 3112 circa
3087 3059 3311 3112 Clunia—

1727 3164 1854 3204 cum
1895 3147 1978 3219 (ut
2029 3149 2142 3218 ipse
2170 3147 2342 3203 abbas
2387 3148 2616 3218 monuit)
2666 3149 2780 3203 solo
2805 3149 2919 3205 fere
2950 3152 3167 3221 dempto
3196 3151 3310 3207 Ro—

1732 3255 1892 3294 mano
1919 3239 2203 3304 miraculo,
2234 3248 2367 3295 acta:
2407 3240 2541 3294 vela
2574 3242 2850 3296 monachis
2872 3242 3112 3311 ejusdem
3170 3246 3314 3300 ordi-

1730 3334 1812 3387 nis
1832 3333 1994 3387 Petro
2035 3342 2301 3389 enarrata:
2351 3342 2552 3403 przetcr
2598 3335 2838 3404 quinque
2884 3344 2976 3390 aut
3002 3351 3120 3401 sex,
3175 3352 3313 3408 quas

1728 3425 1797 3478 ab
1821 3426 2132 3479 hominibus
2156 3425 2423 3488 externis,
2474 3427 2566 3480 sed
2610 3424 2711 3480 fide
2742 3428 2915 3497 dignis
2947 3436 3002 3483 et
3051 3428 3312 3485 Cluniaco

1727 3518 1917 3572 vicinis
1950 3518 2229 3572 didicerat.
2267 3516 2391 3572 ιιωο
2437 3527 2615 3571 autem
2662 3519 2844 3572 munia
2900 3518 3205 3589 diligenter,
3255 3531 3312 3575 et

1726 3608 1869 3664 forte
1920 3610 2079 3679 paulo
2136 3609 2294 3664 latius
2339 3612 2643 3663 examinata
2698 3612 2829 3664 satis
2886 3611 3163 3665 evidenter
3222 3613 3313 3665 de-

1728 3702 1975 3768 clarant,
2024 3702 2297 3757 silentium
2347 3702 2491 3756 Petri
2547 3701 2925 3757 Cluniacensis
2978 3703 3112 3757 nihil
3164 3704 3308 3758 veri-

1728 3795 1824 3848 tati
1892 3804 2088 3849 nostra:
2146 3796 2385 3850 historiae
2452 3796 2759 3850 detrahere.
2822 3796 2960 3861 Quid
3016 3796 3160 3849 enim
3213 3797 3314 3850 mi-

1730 3904 1868 3952 rum,
1924 3888 1966 3940 si
2020 3886 2159 3941 inter
2186 3886 2423 3955 quinque
2465 3895 2557 3940 aut
2591 3902 2684 3941 sex
2725 3887 3004 3952 miracula,
3054 3887 3121 3942 ad
3152 3903 3310 3942 suum

1727 3980 1972 4033 ordinem
2036 3994 2141 4033 non
2194 3979 2559 4048 pertinentia,
2614 3979 2984 4049 spectaculum
3062 3990 3307 4034 nostrum

1728 4084 1832 4122 non
1864 4067 2386 4123 reccnsuerit?H;ec
2415 4077 2613 4138 prreter
2660 4084 2825 4122 unitm
2875 4077 2968 4122 aut
3024 4069 3130 4122 duo
3186 4078 3306 4123 acta

1726 4162 1982 4215 videntur
2011 4162 2157 4215 circa
2193 4162 2535 4223 Cluuiacum,
2568 4160 2732 4215 Petro
2790 4162 3025 4223 vivente,
3059 4169 3112 4216 et
3141 4161 3190 4214 ei
3242 4161 3309 4213 ah

1727 4251 1914 4305 amicis
1938 4251 2128 4306 vicinis
2151 4256 2320 4305 relata
2362 4250 2619 4317 luerunt;
2654 4251 2959 4321 prodigium
2990 4266 3118 4305 vero
3157 4250 3310 4303 dam-

1727 4345 1838 4399 nati
1887 4346 2123 4401 hominis
2175 4345 2400 4400 Parisiis
2440 4347 2574 4401 satis
2635 4346 2794 4417 longe
2849 4361 2878 4398 a
2919 4344 3213 4407 Cluniaco,
3254 4346 3310 4398 et

1727 4433 1906 4491 forsan
1942 4438 2082 4492 inter
2110 4438 2347 4508 privatos
2374 4438 2610 4507 parietes
2660 4437 2728 4508 (si
2760 4438 2924 4491 etiam
2964 4451 3147 4491 coram
3177 4451 3307 4506 pau-

1729 4529 1829 4593 cis,
1854 4530 2052 4583 nullam
2085 4545 2215 4583 sane
2244 4531 2467 4598 petitum
2499 4542 2566 4582 ex
2590 4529 2736 4583 Petri
2776 4528 2990 4582 silentio
3023 4536 3313 4599 argumen-

1654 4593 1704 4652 θ
1733 4629 1843 4675 tum
1863 4623 1969 4675 vim
1991 4622 2174 4692 habet)
2194 4622 2437 4691 contigit,
2468 4630 2522 4676 et
2546 4623 2702 4675 annis
2730 4622 2841 4675 fere
2860 4621 3186 4691 quindecim,
3213 4636 3309 4675 an-

1729 4722 1941 4782 tequam
1971 4713 2111 4771 idem
2134 4713 2300 4766 abbas
2341 4721 2675 4767 nasceretur.
2728 4711 2837 4766 Nec
2868 4712 3031 4766 etiam
3083 4709 3307 4765 dubium

1725 4820 1847 4859 esse
1876 4805 2055 4870 debet,
2086 4804 2216 4873 quin
2245 4798 2561 4857 multaalia
2616 4804 2859 4874 prodigia
2903 4804 2957 4856 in
3005 4800 3218 4866 Galliis,
3255 4803 3310 4855 in

1729 4896 2041 4965 Hispaniis,
2101 4896 2154 4948 in
2204 4895 2427 4967 Anglia,
2470 4897 2520 4951 in
2582 4897 2760 4961 Italia,
2816 4895 2963 4952 Petri
3047 4897 3312 4975 tempori-

1728 4989 1847 5052 bus,
1888 4986 1968 5040 vel
1990 4986 2132 5041 circa
2196 4988 2310 5057 ejus
2362 5000 2602 5059 tempora
2661 4994 2962 5059 evenerint,
2997 5004 3052 5049 ct
3082 5004 3263 5051 tamen
3293 5036 3309 5060 ,

1729 5080 1812 5134 his
1856 5080 2119 5148 exceptis,
2152 5094 2270 5148 qua}
2316 5081 2381 5133 ad
2415 5098 2569 5135 suum
2621 5084 2868 5138 ordinem
2926 5086 3181 5151 attinent,
3242 5088 3309 5141 tle

1731 5171 1872 5224 nullo
1895 5172 2162 5233 meminit,
2189 5171 2313 5225 licet
2337 5173 2388 5225 in
2420 5174 2517 5226 has
2553 5183 2773 5229 exteras
2806 5177 3058 5246 regiones
3121 5177 3305 5247 profe-

1726 5271 1846 5315 ctus
1870 5260 2034 5315 fuisse
2086 5262 2314 5330 legatur,
2364 5279 2467 5316 non
2520 5264 2690 5318 solum
2725 5268 3174 5320 monasteriorum
3222 5268 3307 5323 sui

1726 5354 1955 5417 ordinis,
1989 5355 2082 5409 sed
2143 5355 2307 5408 totius
2363 5355 2617 5410 Ecclesia:
2673 5360 2888 5428 negotia
2928 5366 3305 5427 promoturus.

1728 5436 1836 5499 Cur
1868 5446 2031 5516 igitur
2057 5456 2301 5501 nostrum
2334 5450 2535 5516 potius,
2565 5464 2729 5517 quam
2762 5448 2853 5501 illa
2900 5449 3004 5503 alia
3031 5452 3303 5524 prodigia,

1730 5555 1826 5592 suo
1860 5540 2009 5608 operi
2050 5541 2404 5595 inseruisset?

1796 5632 1921 5686 288.
1956 5652 1974 5683 ι
2014 5633 2117 5686 Sed
2151 5634 2330 5699 audio,
2381 5634 2471 5703 qui
2506 5650 2603 5703 pro
2651 5634 2893 5688 Launoio
2931 5636 3299 5707 respondeat:

1736 5743 1752 5774 ι
1805 5725 2021 5780 Petrum
2074 5727 2327 5781 statuisse
2390 5726 2678 5790 miracula,
2724 5741 2842 5794 qua:
2899 5743 2997 5783 suo
3056 5738 3302 5797 tempore

1734 5836 1751 5869 ι
1788 5818 1960 5871 ubivis
1990 5819 2349 5887 contigerant,
2379 5818 2575 5874 litteris
2602 5819 2946 5875 consianare.
2981 5840 2998 5871 ι
3048 5837 3085 5873 ιι
3124 5839 3142 5873 ι
3177 5821 3300 5875 Sin-

3029 5916 3069 5976 6
