3862 6310
519 359 615 415 ﬁl

1300 340 1357 397 S.
1397 333 1746 395 BRUNONIS
1783 322 2426 389 CARTHUSIANORUM
2472 315 2958 378 lNSTlTUTORlS
3658 308 3739 369 ll":

526 488 545 521 ι
577 478 699 539 gula
729 458 1003 518 miracula.
1060 470 1178 526 quae
1228 453 1342 509 suis
1392 454 1749 518 usurpaverat
1771 442 1965 507 oculis,
2015 438 2097 492 vel
2129 443 2177 501 Α
2207 454 2226 487 ι
2262 434 2491 489 ord'uis.
2525 452 2544 485 ι
2579 432 2646 486 Et
2692 444 2878 488 revera
2932 443 2977 483 si
3011 433 3353 491 decrevisset,
3386 424 3735 481 institutionem

1910 533 1921 539 -
2001 531 2012 539 -
2232 532 2237 533 κ
2293 526 2325 539 ..
2375 526 2386 537 .
2466 520 2476 539 .
2554 524 2567 536 .
2662 538 2667 539 ν
2718 536 2736 539 ᾼ
3020 518 3115 539 ’,τᾳ
3151 528 3428 539 unum
3482 518 3715 539 “At”

520 592 543 613 ι.
579 531 704 627 quae
735 552 805 609 ab
838 548 1149 607 hominibus
1178 544 1282 599 lide
1309 540 1486 613 dignis
1534 543 1838 608 acceperat,
1884 531 2101 586 duobus

522 670 538 697 ι
589 616 746 701 libris
801 636 1298 711 comprehendisse.
1331 651 1349 684 ι
1393 646 1454 685 ιιι
1499 647 1517 679 ι
1564 628 1642 681 Ad
1702 621 1923 680 secundi
1972 616 2099 672 libri

514 756 556 803 ⁸ι
595 734 801 788 calcem
832 726 1208 786 Carthusianze
1238 715 1760 792 religionisinitium,
1789 716 1989 767 statuta
2048 714 2104 760 et

533 846 552 876 ι
596 838 777 880 mores
826 818 1069 877 uberiori
1113 814 1363 871 oratione
1412 807 1742 880 depinxisse.
1775 821 1793 854 ›
1829 817 1882 855 tv
1917 821 1935 851 ι
1972 794 2103 854 Sese

535 938 553 969 ι
588 916 771 971 dolere
790 912 1100 983 plurimum,
1132 913 1385 961 testatum
1418 901 1607 966 fuisse,
1634 896 1778 966 quod
1806 892 1958 963 plura
1994 904 2103 945 non

535 1029 553 1059 ι
588 1015 770 1078 posset
791 1003 994 1059 referre
1043 997 1322 1062 miracula,
1376 1007 1496 1063 quzc
1547 989 1615 1044 ad
1672 984 2102 1040 amantissimum

535 1120 554 1151 ι
588 1074 691 1154 sibi
714 1095 1197 1152 Carthusianorum
1249 1087 1492 1143 ordinem
1540 1088 1806 1151 spectant.
1832 1097 1849 1126 ι
1873 1092 1902 1129 v
1923 1074 2105 1128 «Inter

536 1208 554 1239 ι
594 1185 879 1242 miracula.
908 1200 1028 1254 quae
1052 1196 1148 1237 suo
1183 1189 1422 1246 tempore
1446 1172 1648 1243 passim
1678 1170 1730 1222 in
1746 1166 1936 1223 Galliis
1964 1164 2107 1218 facta

534 1298 555 1331 ς
586 1285 977 1333 commemorat
1005 1316 1019 1341 ,
1049 1281 1102 1327 et
1133 1272 1276 1325 inter
1311 1282 1373 1320 ea
1399 1306 1412 1329 ,
1443 1279 1564 1334 qua:
1587 1263 1653 1316 de
1683 1260 1856 1330 prima
1881 1256 2107 1311 Carthu-

539 1386 556 1419 ι
596 1368 872 1421 sianorum
899 1364 1106 1433 origine
1147 1368 1200 1414 ct
1235 1354 1514 1412 miraculis
1550 1352 1831 1412 disseruit,
1887 1357 2109 1416 stupen-

536 1478 555 1511 t
590 1458 715 1512 dam
768 1455 1005 1511 hominis
1067 1451 1266 1507 mortui
1320 1447 1693 1503 narrationem
1724 1439 2045 1495 desiderari.
2083 1458 2101 1489 ι

531 1550 810 1605 Postremo
833 1546 1006 1616 ipsum
1043 1543 1262 1598 Petrum
1340 1537 1573 1593 «dixisse
1598 1575 1614 1600 ,
1642 1529 2107 1589 Carthusiensium

542 1661 561 1693 ι
591 1642 833 1695 ordinem
862 1652 961 1692 suo
994 1647 1234 1704 tempore
1277 1631 1588 1686 institutum
1619 1641 1790 1681 esse.»
1839 1622 1929 1677 Hm
1986 1628 2107 1676 sunt

533 1734 790 1794 rationes,
826 1744 960 1799 quas
990 1743 1111 1782 cum
1154 1741 1222 1780 ex
1251 1722 1469 1786 verbis,
1508 1731 1620 1774 tum
1656 1733 1722 1796 es
1763 1714 1977 1771 silentio
2002 1710 2108 1766 Pe-

534 1825 603 1877 tri
647 1816 972 1877 venerabilis
1007 1826 1198 1872 contra
1254 1815 1539 1869 veritatem
1574 1808 1801 1881 prodigii
1835 1805 2106 1861 Parisien-

531 1919 606 1968 sis
638 1914 860 1968 deduxit
909 1909 1202 1963 Launoius.
1253 1906 1379 1960 Adi
1431 1901 1843 1972 respondemus,
1894 1899 2107 1953 Petrum

530 2013 750 2083 quidem
784 2011 1008 2074 dixisse,
1045 2005 1328 2062 consilium
1371 2003 1558 2066 fuisse,
1604 2019 1622 2051 ι
1658 1995 1916 2052 Miracula
1946 1988 2109 2048 ubili-

542 2122 560 2152 ι
588 2102 680 2155 bet
709 2116 806 2154 suo
836 2108 1077 2171 tempore
1104 2094 1244 2149 facta
1290 2093 1357 2146 ad
1395 2100 1735 2160 posterorum
1791 2083 2110 2141 memoriam

536 2213 556 2246 ε
596 2191 1027 2251 transmittere,»
1047 2187 1139 2241 sed
1156 2182 1526 2254 probavimus,
1554 2196 1677 2235 eum
1699 2177 1863 2232 etiam
1887 2174 2108 2238 dixisse,

534 2293 771 2339 mentem
800 2295 955 2337 suam
989 2278 1173 2340 fuisse,
1202 2289 1429 2330 narrare
1466 2288 1554 2338 ea,
1586 2286 1705 2342 quae
1727 2269 1873 2325 circa
1900 2267 2112 2323 Clunia-

533 2376 829 2448 cum'gcsta
860 2373 1106 2436 fuerant;
1134 2378 1190 2425 et
1210 2385 1279 2424 ex
1325 2366 1663 2422 discussione
1714 2362 1880 2417 totius
1934 2358 2115 2429 operis

533 2468 923 2539 comperimus,
952 2472 1148 2521 cuneta
1175 2462 1289 2516 fere
1302 2461 1370 2515 ab
1397 2457 1797 2526 eoconscripta
1826 2451 2111 2517 miracula,

539 2574 662 2632 quae
692 2574 848 2615 suum
880 2556 1129 2611 ordinem
1160 2568 1266 2607 non
1302 2549 1622 2619 respiciunt,
1662 2553 1887 2617 patrata
1947 2541 2117 2597 fuisse

535 2654 593 2708 in
620 2648 937 2722 regionibus
962 2687 977 2713 ,
1026 2661 1065 2700 a
1114 2642 1375 2699 Cluniaco
1413 2655 1517 2695 non
1552 2638 1794 2693 multum
1843 2634 2067 2690 remotis
2098 2651 2111 2686 :

541 2757 665 2814 quae
689 2754 819 2796 vero
845 2740 900 2793 in
922 2735 1126 2792 exteris
1151 2734 1266 2789 sive
1288 2729 1672 2787 remotioribus
1722 2725 1855 2782 locis
1880 2723 2119 2793 contige-

534 2844 685 2902 rant,
723 2832 884 2888 velin
910 2830 993 2914 sui
1022 2827 1234 2884 ordinis
1272 2823 1623 2881 monasteriis
1653 2830 1777 2876 acta
1809 2820 2000 2884 fuisse,
2030 2817 2116 2872 vel

536 2942 568 2981 a
594 2922 848 2997 personis
874 2909 1118 2990 ejusdem
1147 2918 1252 2973 sibi
1300 2924 1490 2971 relata.
1519 2915 1602 2969 Ad
1630 2929 1666 2967 ιι
1702 2911 1928 2966 tecimus
1960 2909 2114 2972 satis,

533 3032 658 3074 cum
683 3014 1038 3077 ostendimus,
1090 3024 1219 3065 eum
1257 3016 1369 3062 toto
1396 3021 1495 3061 suo
1542 3017 1707 3074 opere
1750 2999 2115 3071 comprehen-

533 3111 679 3165 disse
703 3114 915 3163 tantum
943 3100 1311 3165 miracula,ad
1327 3112 1484 3154 suum
1516 3096 1759 3151 ordinem
1787 3090 2111 3163 spectantia.

2208 526 2418 582 Ordinis
2446 520 2758 594 depingere,
2812 520 2982 576 multa
3015 518 3120 572 alia
3151 528 3450 583 narrasset,
3477 532 3588 587 qua:
3617 518 3742 588 igno-

2205 633 2327 673 rare
2357 631 2462 671 non
2495 614 2911 686 poterat.‘Unde
2939 610 3073 665 nihil
3102 610 3170 664 de
3212 624 3374 665 causa
3399 610 3740 675 institutionis,

2205 703 2316 766 sive
2343 708 2428 763 illa
2454 716 2572 762 orta
2612 696 2793 760 r’l’ue’rit
2827 720 2892 758 ex
2940 702 3230 759 collatione
3273 710 3512 756 sanctum
3563 701 3743 758 Brane-

2206 817 2327 856 nem
2346 801 2488 855 inter
2511 807 2565 853 et
2595 798 2731 852 alios
2764 795 3318 853 clericosllcm‘euses
3349 793 3545 857 habita,
3572 794 3672 848 sive
3696 811 3747 848 ex

2204 891 2682 963 persecutiouibus
2710 888 2995 951 Manassae,
3021 896 3114 939 aut
3139 901 3203 939 ex
3235 884 3485 939 terriﬁcis
3538 885 3751 938 damnati

2207 982 2446 1038 hominis
2479 980 2811 1036 clamoribus
2842 996 2854 1032 :
2889 977 3024 1032 nihil
3054 977 3219 1031 etiam
3252 976 3317 1030 de
3340 977 3515 1039 modo,
3557 977 3617 1030 de
3640 992 3753 1030 san-

2207 1071 2593 1136 ctiBrunonis,
2650 1078 2703 1124 et
2747 1084 2843 1124 sex
2886 1068 3157 1122 sociorum
3187 1064 3325 1133 ‘ejus
3354 1064 3746 1135 Gratianopolim

2207 1160 2465 1227 adventu,
2524 1160 2658 1216 nihil
2712 1160 2779 1215 de
2821 1172 3041 1214 accessu
3087 1156 3155 1210 ad
3199 1165 3448 1210 sanctum
3497 1154 3747 1226 llugonctn

2207 1255 2521 1324 episcOpum
2551 1293 2566 1319 ,
2613 1251 2752 1307 nihil
2803 1251 2868 1305 de
2896 1258 3103 1318 septem
3132 1247 3413 1303 stellarum
3465 1247 3627 1302 eidem
3652 1246 3749 1315 epi-

2208 1360 2372 1415 sc0po
2403 1345 2541 1399 facta
2577 1342 2783 1397 visione
2819 1338 3062 1411 prolatus
3091 1347 3203 1403 est;
3253 1352 3375 1407 qua:
3411 1345 3581 1391 tamen
3627 1336 3754 1407 igno-

2210 1452 2361 1492 rasse
2400 1437 2621 1491 minime
2650 1433 2951 1488 credendus
3002 1439 3087 1499 est
3114 1447 3128 1482 :
3160 1430 3269 1484 imo
3323 1443 3390 1484 ne
3417 1428 3626 1485 verbum
3651 1428 3753 1496 qui-

2210 1533 2331 1586 dem
2365 1547 2530 1584 unum
2561 1530 2628 1582 de
2646 1536 2835 1582 sancto
2861 1512 3087 1595 Hugone
3111 1524 3213 1578 sibi
3256 1524 3461 1593 optime
3496 1529 3616 1576 noto
3650 1534 3753 1592 pro-

2210 1624 2337 1690 fert,
2367 1639 2475 1694 quo
2502 1620 2837 1685 consulente,
2866 1619 3110 1689 juvante,
3142 1615 3461 1678 comitante,
3490 1612 3759 1667 Carthasim

2214 1714 2560 1771 solitudinem
2592 1710 2753 1781 primi
2785 1709 2973 1763 Patres
2994 1707 3243 1761 adierant
3270 1745 3285 1770 ,
3321 1712 3377 1758 et
3403 1710 3756 1763 extruxerant;

2145 1831 2186 1888 Β
2214 1808 2351 1863 adeo
2376 1815 2459 1862 est
2490 1806 2685 1861 Petrus
2724 1800 2986 1874 propositi
3019 1800 3100 1855 sui
3135 1808 3295 1852 tenax
3327 1797 3443 1851 sive
3464 1794 3624 1863 scopi,
3671 1804 3760 1860 quo

2212 1904 2279 1956 de
2312 1900 2574 1955 institutis
2597 1894 3077 1952 Carthusiensibus
3100 1898 3313 1945 tantum
3336 1888 3481 1958 loqui
3512 1900 3763 1957 aggressus

2213 1992 2413 2046 fuerat.
2442 1992 2507 2046 Et
2535 1992 2678 2062 quod
2702 1992 2875 2062 magis
2896 1998 2979 2045 est
3005 1988 3413 2045 observandum
3445 2026 3459 2047 .
3496 1985 3757 2052 necipsam

2212 2083 2577 2150 Carthasiam,
2610 2099 2712 2140 nec
2742 2083 2916 2154 ipsum
2948 2083 3218 2145 ordinem,
3270 2079 3340 2133 de
3373 2093 3479 2148 quo
3528 2076 3756 2146 l0queba-

2214 2182 2322 2241 tur,
2352 2176 2610 2230 nominat.
2644 2174 2796 2230 Unde
2824 2173 3056 2229 dubitari
3107 2179 3309 2241 posset,
3359 2168 3427 2223 de
3479 2183 3580 2238 quo
3624 2165 3763 2221 verba

2218 2266 2533 2329 faciat,nisi
2591 2274 2743 2320 suam
2797 2263 3168 2319 narrationem
3210 2259 3304 2314 tali
3357 2258 3665 2313 inscriberet
3711 2254 3767 2307 ti-

2219 2360 2366 2415 tu‘lo‘:
2398 2380 2415 2412 ι
2446 2358 2522 2415 De
2551 2358 2814 2414 institutis
2833 2353 3309 2412 Carthusiensium
3343 2350 3759 2407 monachorum.»

2216 2454 2332 2510 Non
2355 2464 2438 2509 est
2464 2454 2626 2523 igitur
2649 2452 2957 2507 irridendus
2988 2468 3017 2503 a
3043 2448 3283 2503 Launoio
3312 2446 3628 2510 Saussazius,
3649 2442 3768 2513 quod

2218 2544 2528 2602 distinxerit
2556 2544 2952 2600 institutionem
2985 2543 3052 2597 ab
3095 2539 3390 2595 institutis.

2287 2641 2461 2696 9.90.1
2482 2642 2562 2695 Ad
2589 2656 2662 2695 tv.
2694 2641 3029 2711 lgnoramus,
3054 2637 3182 2706 quid
3219 2635 3323 2689 sibi
3354 2630 3770 2694 velit'Launoius,

2218 2735 2345 2789 dum
2388 2734 2607 2789 Petrum
2656 2728 3069 2789 Cluniacensem
3126 2728 3413 2794 describit,
3447 2746 3465 2778 ι
3495 2726 3769 2783 Dolentem,

2225 2844 2243 2877 ι
2282 2827 2426 2895 quod
2457 2826 2610 2896 plura
2644 2841 2748 2881 non
2781 2824 2947 2894 possit
2978 2822 3183 2878 referre
3215 2820 3502 2884 miracula,
3565 2832 3673 2888 qua:
3713 2815 3769 2866 ad

2225 2938 2245 2974 ι
2282 2921 2715 2975 amantissimum
2766 2919 2868 2974 sibi
2898 2914 3388 2973 Cartimsianorum
3413 2912 3650 2969 ordinem
3672 2922 3773 2978 spc-

2224 3033 2244 3065 ‹
2278 3022 2482 3068 ριριιι.›
2519 3012 2575 3067 Si
2601 3010 2953 3067 nihilominus
3023 3009 3267 3063 divinare
3311 3005 3461 3066 licet,
3512 3002 3771 3059 credimus.

2220 3121 2343 3160 eum
2401 3105 2486 3159 his
2520 3103 2701 3158 verbis
2757 3100 3052 3173 ingeniosis
3104 3096 3378 3153 subtiliter
3425 3094 3652 3150 voluisse
3702 3091 3777 3143 de-

532 3210 731 3273 przeter
791 3199 1023 3261 decem,
1074 3207 1308 3264 quorum
1367 3199 1600 3259 quatuor
1667 3197 1763 3241 aut
1818 3186 2114 3255 quin‘quea

2225 3197 2432 3252 clinare
2506 3193 2867 3263 objectionem
2929 3190 3029 3246 sibi
3084 3205 3149 3244 ex
3212 3188 3399 3243 verbis
3478 3181 3777 3240 venerabilis

535 3288 982 3347 Cluniacensibus
1011 3282 1314 3348 monachis,
1329 3288 1523 3336 caetera
1545 3279 1611 3334 ab
1644 3276 1835 3331 amicis
1861 3274 2117 3330 Cluniaco

535 3381 732 3436 vicinis
767 3379 1053 3434 didicerat.

607 3470 735 3527 289.
766 3488 786 3523 ι
814 3469 897 3525 Ad
922 3483 1006 3523 ιιι.
1046 3465 1337 3531 Fatemur,
1358 3462 1585 3518 Petrum
1618 3460 1776 3529 longa
1804 3454 2117 3513 narratione

537 3572 741 3622 statuta
770 3569 827 3618 et
855 3574 1037 3616 mores
1069 3556 1242 3613 nostri
1279 3554 1488 3612 ordinis
1508 3552 1836 3625 depinxisse,
1868 3550 1963 3605 sed
2010 3562 2115 3603 non

539 3659 614 3713 ita
639 3653 871 3712 ubertim
901 3652 1056 3708 initia
1109 3648 1226 3719 ejus
1272 3647 1545 3718 depinxit,
1595 3653 1654 3699 ut
1675 3642 1792 3698 vult
1818 3641 2113 3696 Launoius.

541 3748 634 3806 Sic
655 3747 798 3802 enim
844 3745 911 3801 de
970 3744 1056 3799 his
1103 3742 1263 3797 habet
1306 3754 1321 3794 :
1357 3757 1377 3791 ι
1409 3738 1669 3795 Servatur
1694 3777 1709 3803 ,
1744 3755 1763 3787 ι
1795 3734 1992 3805 inquit,
2015 3752 2033 3785 ι
2064 3733 2115 3787 in

536 3860 555 3894 ι
586 3837 908 3909 Burgundite
930 3835 1178 3907 partibus
1222 3834 1366 3888 inter
1407 3846 1597 3887 omnes
1646 3830 1873 3897 Europa:
1922 3834 2119 3881 nostra:

534 3952 557 3987 ι
596 3930 885 3989 monastici
905 3928 1112 3984 ordinis
1136 3924 1504 3997 professiones
1539 3921 1803 3993 professio
1830 3920 2076 3988 quaedam
2100 3954 2115 3976 υ

538 4046 563 4083 ι
598 4026 785 4083 multis
825 4023 947 4079 aliis
969 4022 1211 4092 ejusdem
1249 4018 1538 4075 monastici
1561 4013 1827 4087 propositi
1877 4011 2119 4068 sanctior

538 4134 562 4174 σ
610 4126 665 4174 et
690 4115 921 4181 cautior,
977 4113 1226 4168 instituta
1282 4117 1472 4164 nostro
1531 4116 1772 4176 tempore
1822 4118 1854 4157 a
1902 4100 2121 4172 quibus-

545 4231 567 4266 ι
610 4212 734 4268 dam
768 4208 1026 4263 Patribus
1067 4205 1303 4276 magnis,
1327 4202 1501 4257 doctis
1530 4209 1585 4255 et
1611 4198 1836 4262 sanctis,
1859 4195 2119 4265 magistro

548 4322 571 4358 ι
605 4306 855 4361 Brunone
910 4300 1249 4365 Coloniensi,
1282 4298 1542 4371 magistro
1595 4294 1875 4350 Lauduino
1911 4290 2118 4355 Italico,

549 4414 571 4449 ι
604 4412 669 4452 ac
702 4396 1023 4466 quibusdam
1052 4394 1174 4449 aliis
1207 4405 1334 4447 vere
1368 4390 1609 4462 magnis,
1632 4400 1692 4443 ut
1716 4386 1846 4448 dixi,
1878 4393 1932 4440 et
1952 4385 2118 4438 Deum

550 4505 575 4543 ι
604 4489 917 4544 timentibus
975 4487 1151 4549 viris.
1202 4484 1293 4555 qui
1333 4481 1694 4553 quorumdam
1773 4478 2118 4546 antiquorum

2227 3289 2437 3342 abbatis
2517 3283 2849 3350 faciendam,
2907 3282 3063 3353 cujus
3114 3281 3163 3334 vi
3224 3293 3420 3335 omnes
3475 3288 3777 3344 consequen-

2216 3378 2350 3442 r-tias,
2373 3390 2519 3447 quas
2544 3389 2608 3430 ex
2640 3373 2855 3429 silentio
2891 3371 3007 3440 ejus
3034 3372 3185 3425 ducit
3213 3410 3227 3436 ,
3260 3369 3477 3440 penitus
3499 3373 3779 3422 corruturas

2225 3468 2577 3539 prsevidebat.
2596 3465 2727 3520 Nam
2755 3480 2850 3535 per
2880 3466 2992 3519 ham
3008 3461 3172 3519 verba
3196 3457 3471 3532 signiﬁcat
3500 3459 3615 3530 pius
3638 3456 3780 3510 abbas

2226 3560 2329 3614 alia
2362 3559 2582 3630 quidem
2611 3558 2872 3612 miracula
2908 3557 2960 3610 in
2996 3551 3186 3610 ordine
3230 3550 3602 3608 Carthusiensi
3638 3546 3779 3602 fuisse

2226 3661 2463 3723 patrata,
2494 3651 2586 3706 sed
2619 3649 2802 3705 dolore
2853 3664 2912 3703 se
2956 3645 3120 3711 allici,
3161 3645 3305 3713 quod
3350 3658 3424 3697 'ea
3476 3656 3581 3697 non
3626 3633 3780 3709 possit

2227 3744 2451 3799 referre.
2477 3742 2783 3813 Statimque
2812 3755 3033 3796 causam
3082 3737 3168 3792 sui
3207 3736 3415 3790 doloris
3439 3736 3588 3805 hanc
3635 3730 3781 3783 fuisse

2227 3835 2553 3891 sanctus‘vir
2581 3834 2831 3889 enuntiat
2859 3832 2945 3886 his
2973 3829 3277 3899 verbisjam
3315 3827 3567 3897 superius
3605 3819 3776 3893 preci-

2229 3927 2393 3991 tatis,
2441 3924 2575 3993 sed,
2640 3926 2728 3981 hic
2792 3922 3100 3980 necessario
3169 3918 3481 3991 repetendis
3529 3934 3597 3971 τι
3632 3913 3776 3969 Multa

2233 4036 2252 4071 ι
2284 4018 2523 4089 quidem,
2558 4037 2575 4071 ι
2610 4018 2811 4087 inquit,
2843 4034 2861 4068 ι
2891 4016 2945 4071 in
2983 4015 3075 4070 illo
3104 4028 3261 4068 sacro
3310 4012 3506 4067 ordine
3549 4003 3784 4064 miracula

2232 4131 2250 4163 ι
2281 4110 2595 4183 contigisse,
2627 4125 2657 4164 a
2689 4109 2933 4180 pluribus
2974 4108 3155 4177 accepi
3184 4122 3197 4172 ;
3222 4106 3323 4159 Sed
3348 4104 3480 4175 quia
3504 4102 3601 4171 ipsi
3631 4097 3785 4154 humi-

2232 4225 2250 4258 ι
2288 4205 2455 4259 litatis
2475 4204 2823 4271 ‘virtute.qua
2848 4216 3061 4270 semper
3082 4198 3223 4254 servi
3250 4196 3345 4251 Dei
3376 4194 3617 4250 miranda
3639 4200 3783 4259 opera

2234 4316 2252 4348 ι
2285 4313 2401 4361 sua,
2428 4304 2628 4365 quanto
2657 4302 2883 4364 possunt
2939 4292 3081 4356 nisu,
3111 4282 3413 4354 occultant,
3464 4289 3557 4341 vix
3607 4277 3785 4350 aliquiJ

2232 4408 2251 4442 ι
2288 4404 2357 4444 ex
2383 4389 2468 4443 his
2504 4387 2736 4458 prodere
2767 4384 2928 4439 alicui
2971 4384 3285 4448 voluerunt,
3316 4395 3466 4445 rara,
3497 4378 3605 4432 imo
3632 4371 3787 4428 raris-

2234 4497 2253 4531 ι
2284 4480 2442 4545 sima,
2471 4477 2665 4548 quibus
2679 4473 2989 4531 omnimoda
3005 4472 3144 4527 ﬁdes
3166 4465 3622 4526 accommodanda
3640 4465 3786 4517 esset.

549 4596 574 4634 ι
606 4580 995 4636 monachorum
1061 4552 1368 4646 tepidi-tate,
1440 4569 1761 4644 negligentia
1809 4583 1875 4623 ac
1919 4564 2114 4622 desidia

2235 4589 2254 4623 ι
2283 4572 2349 4625 ad
2382 4585 2467 4624 me
2495 4567 2751 4623 miracula
2781 4571 3164 4636 pervenerunt.
3204 4560 3347 4625 Quae
3380 4568 3561 4613 tamen
3608 4552 3789 4617 absque

548 4686 579 4727 ι
618 4666 898 4742 praedocti,
951 4668 1148 4723 saeculo
1174 4665 1559 4721 abrenuntiare
1599 4662 1860 4724 volentes,
1909 4658 2125 4715 cautius

553 4778 577 4814 ι
612 4759 713 4816 sibi
737 4760 956 4829 suisque
977 4758 1131 4813 invia
1146 4756 1239 4811 Dei
1253 4755 1639 4820 sectatoribus,
1666 4749 2079 4814 consuluerunt,
2101 4765 2117 4798 ι

545 4863 656 4911 etc.
707 4852 910 4909 Deinde
966 4850 1132 4904 multa
1173 4849 1238 4905 de
1283 4848 1558 4911 vestibus,
1608 4845 1675 4901 de
1722 4842 2014 4906 reditibus,
2059 4838 2127 4895 de

547 4943 792 4999 moribus
835 4958 898 4998 ac
948 4940 1168 4997 statutis
1218 4939 1387 4994 addit.
1430 4936 1555 4991 llaec
1584 4946 1671 4991 est
1718 4934 1837 5003 ejus
1883 4933 2121 4995 uberior,

549 5037 662 5091 sive
688 5035 867 5106 potius
896 5033 1134 5088 sterilior
1156 5031 1396 5086 narratio
1447 5029 1514 5083 de
1544 5028 1697 5084 initio
1719 5026 1945 5082 ordinis.
1985 5023 2121 5079 Nam

546 5125 625 5182 ibi
675 5133 883 5179 tantum
927 5123 1099 5187 dicit,
1152 5122 1294 5190 quod
1330 5139 1349 5171 ‹
1394 5116 1661 5190 professio
1706 5118 1956 5187 quaedam
2005 5114 2125 5170 aliis

553 5234 573 5268 ι
603 5215 843 5272 sanctior
868 5214 1119 5269 instituta
1174 5213 1336 5269 fuerit
1362 5228 1391 5266 a
1424 5212 1682 5281 magistro
1731 5210 1984 5264 Brunone
2024 5206 2128 5263 Co-

552 5323 574 5358 ι
608 5305 858 5370 lonieusi,
894 5305 1152 5375 titagistro
1181 5302 1466 5357 Lauduino
1494 5301 1678 5356 Italico
1706 5316 1769 5355 ac
1801 5300 2125 5370 quibusdam

550 5414 575 5449 ι
608 5397 731 5452 aliis
752 5410 879 5452 vere
906 5395 1115 5467 magnis
1162 5395 1431 5448 Patribus.
1462 5413 1481 5445 ι
1528 5392 1633 5447 Sed
1658 5401 1843 5463 postea
1877 5400 1936 5447 ut
1978 5400 2128 5448 recte

546 5486 829 5541 annotavit
874 5480 1188 5549 Launoius,
1231 5500 1249 5534 ι
1287 5481 1535 5537 Uberiori
1584 5483 1832 5537 oratione
1885 5481 2127 5553 depingit

554 5593 576 5627 ι
608 5583 812 5631 statuta
847 5586 902 5631 et
944 5590 1124 5630 mores
1151 5574 1373 5629 ordinis.
1396 5592 1415 5626 ι
1444 5571 1543 5627 Hic
1578 5574 1722 5627 enim
1767 5583 1885 5628 erat
1930 5587 2127 5643 scopus

550 5667 720 5733 illius,
750 5676 807 5722 ut
823 5668 1096 5738 sapienter
1136 5666 1345 5721 monuit
1370 5668 1560 5721 doctus
1582 5666 1903 5730 Saussaeius,
1934 5679 2126 5736 nempe
2156 5716 2160 5721 λ

556 5778 575 5811 ι
605 5761 783 5827 Agere
803 5760 870 5816 de
895 5762 1162 5829 instituto,
1187 5775 1293 5817 non
1316 5759 1382 5816 de
1413 5758 1758 5816 institutione
1776 5757 2121 5816 Carthusiani

2232 4678 2251 4712 ί
2291 4660 2452 4715 dubio
2468 4667 2612 4713 certa
2626 4656 2887 4727 comperi,
2909 4666 3087 4711 tacere
3108 4668 3210 4709 nec
3228 4652 3365 4714 volo,
3384 4664 3483 4704 nec
3501 4640 3755 4719 proposui-
3770 4655 3785 4686 ι

2228 4752 2429 4807 Deinde
2444 4750 2548 4805 duo
2571 4748 2837 4802 mirabilia
2860 4748 2927 4802 de
2947 4739 3181 4817 quodam
3209 4744 3377 4798 fratre
3398 4752 3680 4799 converso,
3703 4742 3790 4785 nec

2229 4842 2379 4913 plura
2409 4841 2475 4896 de
2506 4855 2591 4905 eo.
2615 4839 2700 4893 vel
2731 4840 2797 4893 de
2824 4839 2947 4893 aliis
2970 4844 3175 4892 narrat.
3216 4834 3341 4889 Haec
3372 4830 3593 4900 scripsit
3616 4826 3791 4881 Petrus

2231 4909 2320 4989 diu
2351 4940 2475 5005 post
2507 4946 2708 4987 annum
2732 4930 2888 4994 1145,
2927 4939 2986 4984 ιιι
3012 4943 3082 4985 ex
3103 4927 3340 4999 capitulo
3354 4926 3425 4980 25
3444 4923 3566 4977 libri
3590 4909 3789 4974 secundi

2229 5027 2553 5096 colligimus,
2581 5025 2670 5080 tibi
2694 5025 2771 5079 sic
2795 5024 3033 5095 loquitur
3055 5041 3069 5077 :
3093 5042 3110 5073 ‹
3131 5023 3188 5076 ln
3206 5017 3517 5092 primordiis
3529 5008 3794 5085 pontiﬁca-

2238 5138 2258 5171 ι
2296 5128 2382 5174 tus
2421 5117 2624 5174 domini
2680 5132 2831 5185 papae
2886 5113 3140 5184 Eugenii,
3188 5112 3256 5165 ad
3314 5105 3641 5163 visitandum
3697 5107 3791 5151 tam

2241 5229 2261 5262 ι
2295 5212 2492 5281 ipsum,
2515 5224 2677 5280 quam
2720 5223 3065 5262 communem
3099 5215 3329 5260 matrem
3376 5203 3674 5255 Romanam
3705 5190 3791 5246 Ec-

2239 5322 2257 5355 ι
2294 5303 2533 5364 clesiam,
2564 5300 2788 5354 Romam
2827 5299 2955 5354 adii.
2982 5318 3001 5350 ι
3038 5298 3259 5352 Electus
3276 5291 3647 5361 estEugenius
3668 5296 3794 5338 anno

2237 5393 2394 5457 “£5,
2439 5392 2531 5447 sed
2582 5391 2798 5460 quando
2850 5390 2967 5443 haec
3024 5388 3219 5441 Petrus
3267 5382 3582 5443 scribebat,
3630 5375 3796 5445 plures

2229 5485 2341 5554 jam
2375 5499 2549 5539 annos
2575 5481 2867 5545 efﬂuxisse,
2899 5481 3074 5535 innuit
3098 5481 3324 5534 dicens:
3359 5495 3378 5527 ι
3410 5476 3466 5530 ln
3499 5464 3794 5542 primord'Js

2236 5597 2253 5629 ι
2292 5577 2637 5646 pontiﬁcatus
2680 5574 2884 5629 domini
2935 5588 3084 5643 papae
3140 5571 3387 5641 Eugenii.
3424 5588 3442 5621 ι
3475 5566 3612 5620 Cum
3646 5559 3795 5630 igitur

2230 5676 2436 5719 tantum
2470 5664 2778 5720 meminerit
2800 5665 2867 5718 de
2893 5663 3086 5717 ordine
3130 5673 3315 5716 nostro
3371 5654 3634 5726 capitibus
3658 5646 3723 5703 9.8
3747 5653 3794 5697 cl

2229 5758 2297 5817 29
2325 5758 2565 5830 ejusdem
2600 5757 2744 5826 libri,
2776 5764 2927 5830 patet
2948 5771 3036 5825 ea,
3069 5770 3188 5827 qua:
3205 5754 3272 5810 de
3298 5750 3534 5823 antiquis
3556 5741 3793 5802 Patribus
