3862 6310
160 357 238 407 Πὸ

160 464 316 523 rrfrt‘l,
353 460 409 511 ab
432 472 493 509 eo
520 465 724 513 tantum
745 457 947 528 scripta
994 455 1159 510 fuisse
1199 454 1289 510 diu
1315 463 1441 525 post
1464 469 1664 510 annum
1696 476 1747 535 Α

160 554 278 608 illi}.
301 550 436 604 Unde
452 563 554 602 non
580 548 773 602 mirum
800 588 815 613 ,
839 548 882 602 si
908 562 936 601 a
963 546 1464 611 Carthusiensibus,
1497 561 1665 615 opera

158 638 651 699 suaoccultautibus,
699 636 1071 706 spectaculum
1105 635 1234 688 illud
1282 635 1447 689 etiam
1508 635 1671 689 Petro

157 734 337 789 (elatum
358 730 771 799 fuit,quodjam
830 728 941 784 fere
988 729 1059 783 ab
1115 727 1274 781 annis
1328 728 1670 797 septuaginta

158 827 217 879 vel
250 826 388 879 etiam
426 823 656 892 amplius
703 823 1025 892 contigerat,
1079 830 1133 875 et
1187 820 1277 874 diu
1334 830 1461 875 ante
1492 828 1671 875 ortum

156 915 344 985 ejusdem
370 914 674 977 abbatis,ut
705 928 828 966 mox
858 910 1227 981 probabimus.

203 1008 410 1063 29l.rAd
431 1024 481 1059 v.
499 1007 635 1060 lluie
654 1006 846 1060 rationi
873 1005 1073 1059 tactum
1091 1011 1175 1057 est
1198 1004 1329 1057 satis
1349 1019 1412 1058 ex
1438 1003 1676 1073 superio-

159 1101 270 1153 ribus
311 1099 591 1167 responsis,
625 1098 822 1166 quibus
872 1095 1241 1165 probavimus,
1277 1093 1535 1164 pleraque
1569 1095 1675 1147 mi-

159 1191 444 1260 racula.qu:c
504 1204 605 1243 suo
652 1197 894 1256 tempore
943 1188 1144 1257 passim
1193 1187 1245 1240 in
1300 1186 1489 1242 Galliis
1537 1186 1674 1239 facta

156 1286 504 1340 commemorat,
533 1286 786 1347 spectare
811 1276 1139 1331 monasteria
1170 1276 1544 1331 Cluniacensis
1590 1290 1678 1328 or-

157 1371 284 1434 diuis;
318 1368 634 1439 paucissima
662 1381 811 1430 vero,
839 1381 960 1436 qua:
984 1366 1050 1421 ad
1086 1380 1209 1420 eum
1240 1382 1345 1421 non
1378 1366 1672 1435 pertinent,

153 1463 259 1517 edita
294 1462 445 1515 fuisse
488 1461 636 1515 circa
683 1459 1030 1523 Cluniacum;
1078 1472 1200 1528 quae
1254 1458 1379 1512 licet
1423 1459 1675 1513 daremus

156 1553 305 1621 tussim
353 1552 513 1605 etiam
571 1550 717 1605 facta
774 1550 824 1604 in
867 1550 1085 1613 Galliis,
1142 1548 1279 1605 nihil
1309 1550 1477 1604 etiam
1518 1551 1674 1604 nobis

154 1644 319 1696 obesset
335 1641 471 1695 Petri
506 1640 808 1704 silentium,
837 1642 928 1710 qui
978 1650 1086 1695 tam
1118 1656 1287 1710 pauca
1322 1642 1373 1694 in
1421 1650 1534 1696 toto
1579 1657 1676 1696 suo

153 1747 276 1801 onere
292 1730 595 1786 describens
647 1730 817 1783 multa
832 1731 934 1785 alia
965 1730 1047 1784 vcl
1074 1731 1344 1801 ignoravit
1377 1730 1457 1784 vel
1485 1732 1671 1785 tacuit.

155 1824 213 1876 Ad
232 1822 472 1889 ultimum,
496 1826 875 1887 concedimus,
900 1822 1114 1878 Petrum
1161 1823 1469 1893 scripsisse,
1522 1824 1674 1879 insti-
1709 1828 1752 1886 B

154 1921 280 1968 tatam
303 1913 455 1969 fuisse
470 1928 571 1968 suo
589 1922 833 1984 tempore
853 1913 1319 1969 Cartlmsiensium
1339 1913 1672 1982 religionem,

154 2006 222 2059 sed
240 2004 337 2071 ejus
359 2005 521 2059 verba
548 2020 656 2058 non
689 2006 764 2058 ita
790 2005 978 2059 stricte
1001 2004 1265 2058 sumenda
1293 2018 1433 2069 esse,
1468 2019 1531 2058 ex
1561 2005 1665 2060 hoc

156 2096 242 2166 ipso
284 2096 487 2167 liquet,
529 2099 678 2168 quod
742 2105 991 2161 constet,
1051 2111 1175 2151 eum
1258 2097 1505 2165 pluribus
1557 2106 1679 2168 post

154 2190 374 2242 conditum
408 2190 658 2245 ordinem
710 2188 868 2243 annis
916 2195 1103 2242 natum
1128 2187 1312 2242 fuisse.
1369 2186 1503 2242 Nam
1555 2204 1676 2243 cum

155 2279 317 2332 dicatur
341 2279 539 2335 electus
560 2281 731 2334 abbas
755 2293 898 2333 anno
923 2278 1125 2334 Christi
1151 2279 1308 2343 1122,
1338 2280 1518 2334 rotatis
1550 2295 1680 2335 vero

156 2369 291 2439 (aliter
327 2379 496 2426 statue
542 2385 616 2425 ex
671 2385 821 2424 num.
877 2368 1006 2440 283)
1052 2384 1154 2424 suo
1198 2370 1463 2439 vigesimo
1506 2369 1680 2426 ferme

156 2469 316 2525 octavo,
339 2461 519 2517 debuit
550 2470 764 2516 tantum
784 2462 931 2517 nasci
961 2476 1104 2517 anno
1131 2461 1291 2526 1095,
1313 2460 1397 2516 vel
1433 2462 1678 2528 circiter,

157 2552 301 2616 idest,
325 2556 735 2623 quatuordecim
758 2562 882 2624 post
923 2556 1101 2611 editos
1147 2556 1388 2610 damnati
1446 2555 1682 2613 hominis

157 2644 372 2702 clamores
396 2648 577 2703 annis.
608 2647 753 2719 Ergo
777 2662 882 2703 non
917 2647 1063 2703 Petri
1107 2656 1374 2717 tempore,
1426 2648 1523 2703 sed
1554 2656 1682 2705 ante

155 2734 470 2809 eiustcmpora
499 2739 640 2796 ordo
660 2739 941 2795 institutus
966 2748 1069 2795 est.
1094 2739 1207 2795 Nec
1237 2738 1386 2807 juvat
1421 2754 1685 2811 reponere

158 2826 270 2883 illum
287 2832 439 2885 etiam
487 2832 749 2888 retulisse
776 2831 1033 2887 historias
1081 2840 1137 2887 et
1192 2832 1480 2899 miracula,
1536 2834 1683 2889 circa

158 2931 227 2971 sua
251 2929 467 2991 tempora
524 2928 863 2993 perpetrata,
917 2922 1062 2992 quod
1120 2922 1338 2992 quidem
1384 2934 1573 2978 verum
1603 2932 1686 2977 est

159 3019 253 3075 erga
295 3010 840 3065 resClnniacensium
868 3049 884 3076 ,
931 3010 1028 3066 sed
1077 3025 1186 3066 non
1234 3025 1363 3081 erga
1438 3011 1681 3081 prodigia

159 3097 293 3153 eidem
316 3102 483 3156 ordini
508 3110 800 3167 extranea,
833 3115 955 3171 qua:
994 3100 1111 3158 fere
1159 3103 1344 3159 omnia
1371 3143 1388 3170 ,
1436 3118 1544 3160 uno
1595 3114 1688 3160 aut

160 3188 324 3248 duobus
347 3193 612 3249 duntaxat
656 3193 921 3264 exceptis,
948 3193 1170 3250 vivente
1191 3194 1278 3249 vel
1308 3195 1471 3249 etiam
1496 3196 1687 3266 praesi-
1715 3186 1760 3248 C

160 3280 283 3337 dune
326 3284 520 3352 Petro,
574 3285 881 3352 accidisse,
945 3299 1012 3341 ex
1061 3287 1391 3357 praecedenti
1440 3289 1690 3343 examine

161 3378 467 3433 ostendimus.
484 3379 736 3449 Denique
756 3375 925 3433 multa
956 3377 1220 3434 miracula
1241 3378 1463 3434 Petrum
1490 3378 1693 3450 fugisse

162 3477 231 3521 aut
251 3467 471 3533 latuisse,
495 3470 806 3542 colligimus
834 3485 901 3527 ex
921 3469 1039 3539 ejus
1060 3469 1381 3541 praefatione
1404 3470 1471 3524 ad
1498 3485 1697 3526 secun-

163 3557 255 3611 dum
284 3560 466 3616 librum
488 3563 561 3618 de
583 3560 900 3626 miraculis;
930 3562 1021 3616 ubi
1038 3562 1125 3616 sic
1149 3562 1528 3630 conqueritur,
1547 3560 1692 3631 quod

164 3662 242 3702 non
266 3652 344 3714 sit,
370 3654 457 3723 qui
482 3654 559 3708 ad
586 3653 856 3709 miracula
897 3652 1179 3709 scribenda
1236 3652 1478 3707 animum
1524 3654 1696 3723 appli-

164 3749 222 3792 cet
247 3760 259 3793 :
282 3760 300 3791 σ
327 3744 403 3798 Ad
447 3752 666 3799 tantum
740 3753 944 3808 autem,
976 3759 995 3795 ι
1038 3743 1216 3812 inquit
1248 3759 1269 3794 ι
1297 3741 1413 3814 jam
1457 3742 1693 3798 fructum

169 3830 499 3891 «infructuosa
551 3834 715 3903 hujus
766 3834 966 3891 silentii
994 3833 1252 3904 segnities
1305 3833 1574 3903 pervenit,
1637 3842 1697 3887 ut

170 3936 504 3994 «quaeautque
537 3926 595 3980 in
621 3924 865 3982 Ecclesia
890 3923 983 3978 Dei
1009 3923 1124 3978 sive
1153 3923 1206 3976 in
1229 3922 1410 3993 regnis
1435 3921 1694 3976 christia-

171 4011 317 4069 tnisa
360 4016 773 4088 quadringentis
823 4015 906 4069 vel
950 4014 1265 4084 quingentis
1312 4012 1486 4067 ferme
1537 4011 1697 4067 annis

168 4103 321 4162 tfacta
341 4120 483 4176 sunt,
515 4110 777 4166 universa
807 4121 946 4179 pene
971 4106 1131 4162 nobis
1161 4114 1220 4161 et
1240 4109 1495 4161 omnibus
1512 4106 1696 4175 ignota

172 4212 185 4243 ι
210 4198 311 4253 sint.

213 4290 315 4343 ΞΩ.
347 4309 365 4344 ι
394 4290 571 4347 Tanta
630 4290 775 4347 enim
810 4295 1035 4361 apparet
1059 4286 1316 4344 distantia
1387 4292 1696 4342 nostrorum

170 4393 185 4425 ι
210 4386 493 4452 temporum,
526 4393 607 4450 ut,
629 4399 750 4453 qua:
769 4391 898 4437 ante
919 4383 1244 4452 quingentos
1271 4387 1327 4434 et
1356 4378 1502 4434 mille
1530 4392 1698 4432 annos

168 4482 325 4538 'gesta
375 4486 497 4531 sunt
580 4478 742 4533 nobis
792 4460 1115 4530 nonssima°
1161 4487 1282 4540 qua:
1325 4469 1695 4533 verolcxinde

172 4562 315 4629 ’⁵1³⁵15
360 4581 573 4636 quoque
616 4568 808 4623 diebus
858 4564 1059 4621 nostris
1096 4573 1218 4617 acta
1265 4570 1409 4617 sunt.
1466 4574 1693 4630 prorsus
1727 4543 1771 4596 Ῐ)

174 4653 361 4723 ιὶεηοια
393 4661 522 4713 sint.
570 4659 701 4714 lude
759 4669 875 4724 est,
923 4655 1068 4727 quod
1114 4652 1371 4709 Historiis
1424 4651 1689 4720 antiquis,

174 4746 546 4806 recclesiasticis
587 4750 779 4821 gestis,
823 4750 979 4805 libris
1031 4746 1347 4817 multiplicis
1403 4744 1690 4807 doctrinae,

176 4834 396 4895 'Patrum
446 4843 836 4897 instructiones
873 4849 931 4897 et
968 4837 1216 4908 exempla
1264 4837 1690 4901 continentibus,

176 4929 546 4991 tabundamus'
584 4951 772 4995 eorum
794 4942 975 4988 autem
1031 4945 1153 5001 qua:
1206 4929 1540 4997 temporibus
1596 4945 1694 4983 no-

177 5021 551 5096 tbiscontiguis
578 5028 947 5097 contigerunt,
969 5024 1174 5087 nescio,
1203 5022 1248 5077 si
1274 5021 1362 5076 vel
1386 5036 1553 5074 unum
1590 5020 1691 5074 ha-

178 5108 393 5169 tbentus.
428 5135 448 5168 ι
476 5117 600 5171 Haec
622 5117 744 5180 ille,
771 5117 860 5184 qui
884 5116 1132 5186 superius
1180 5113 1415 5176 dixerat,
1447 5129 1466 5162 ι
1500 5110 1695 5165 Dolere

179 5216 320 5258 «seet
340 5224 494 5277 supra
521 5225 683 5278 quam
717 5210 903 5263 multis
943 5209 1084 5265 forte
1133 5207 1396 5264 credibile
1420 5208 1532 5270 sit,
1585 5217 1694 5263 tor-

180 5307 193 5336 ι
219 5297 314 5360 pori
344 5299 627 5355 multorum
658 5300 817 5355 irasci
844 5339 861 5364 ,
884 5299 1009 5368 qui,
1052 5314 1176 5353 cum
1206 5297 1456 5362 scientia,
1497 5295 1695 5351 litteris

180 5393 353 5455 tautae
376 5392 584 5460 eloquio
634 5393 945 5447 abundent.
1006 5393 1256 5447 miranda
1311 5394 1697 5461 omnipotentis

182 5488 195 5517 ι
222 5474 297 5530 Dei
317 5494 627 5553 opera,qu:e
649 5499 793 5554 saepe
818 5484 871 5537 in
902 5483 1416 5539 diversisterrarum
1445 5485 1692 5551 partibus

183 5581 196 5611 ι
223 5571 276 5623 ad
301 5570 694 5632 instructionem
724 5576 980 5632 Ecclesiae
1002 5580 1159 5639 llum,
1187 5574 1465 5631 memoriae
1518 5585 1697 5643 poste-

185 5675 198 5701 ι
228 5674 380 5719 utrum
400 5670 650 5725 mandare
671 5670 965 5726 scribendo
992 5668 1336 5740 pigritantur.
1368 5686 1387 5719 ι
1432 5666 1700 5733 Quamob-

186 5763 271 5806 rem
306 5757 396 5813 sub
448 5759 605 5817 linem
649 5760 961 5833 proﬁtetur,
1011 5774 1071 5817 se
1119 5778 1138 5811 ι
1167 5759 1460 5817 secundum
1499 5759 1640 5812 vires
1667 5772 1696 5811 a

1642 346 1756 401 ΜΠ
1773 348 1803 397 Α
1813 380 1828 398 .

3254 354 3351 406 1τὲ

1779 474 1798 508 α
1838 456 1952 511 Deo
1972 455 2127 512 datas
2157 498 2169 520 ,
2196 458 2238 513 si
2271 459 2397 527 quid
2431 459 2647 530 dignum
2683 460 2765 514 vel
2805 461 2935 516 utile
2980 480 3221 522 invenire
3252 487 3347 540 po-

1783 564 1801 596 (
1842 548 2042 613 tuerit,
2097 548 2162 601 ad
2211 550 2303 603 Dei
2343 550 2551 603 laudem
2584 550 2664 603 vel
2711 552 3007 618 profectum
3056 555 3346 615 legentium

1782 656 1800 689 ι
1842 638 2116 693 modernis
2160 639 2244 694 vel
2289 641 2520 708 posteris
2574 642 3060 697 nmnifestaturum.
3105 666 3122 697 ι
3178 648 3351 704 Ella-

1776 742 1896 781 mcn
1930 766 1945 786 .
2001 742 2121 781 cum
2172 727 2477 795 huiusmodi
2524 739 2674 784 tanto
2733 739 3005 786 teneretur
3056 735 3345 802 desiderio,

1775 817 1995 871 nihilde
2034 820 2113 871 sui
2148 820 2404 888 temporis
2456 822 2853 890 thanmaturgo,
2906 833 3094 879 sancto
3143 829 3352 884 scilicet

1774 904 2049 961 Bernardo
2074 908 2174 961 sibi
2200 909 2528 966 amicissimo
2541 912 3032 969 etfamiliarissimo
3057 917 3349 982 dixit,cum

1778 994 1988 1063 amplus
2021 996 2123 1050 sibi
2150 1007 2361 1067 pateret
2403 1001 2789 1056 miraculorum
2839 1004 2905 1057 ab
2932 1005 3047 1074 ipso
3100 1006 3352 1076 frequen-

1781 1087 1991 1142 tissime
2032 1098 2366 1159 patratorum
2398 1107 2638 1163 campus,
2672 1110 2737 1148 ex
2760 1111 2867 1164 quo
2896 1096 3088 1151 saltem
3133 1114 3303 1167 pauca
3335 1140 3349 1159 ,

1777 1193 1949 1247 eaque
1978 1179 2271 1250 insigniora
2296 1197 2588 1252 excerpere
2639 1187 2918 1253 potuisset,
2963 1188 3014 1241 in
3052 1188 3246 1256 quibus
3266 1204 3352 1241 es‘
3416 1216 3423 1220 -

1777 1279 1856 1324 set
1890 1271 1973 1323 illa
2009 1281 2194 1325 notato
2218 1273 2375 1343 digna
2399 1274 2552 1329 ducis
2578 1276 2881 1343 Aquitaniae
2911 1277 3189 1332 Guillelmi
3224 1294 3353 1333 cou-

1778 1363 1979 1415 versio.
2010 1362 2152 1415 Nihil
2182 1364 2247 1418 de
2275 1366 2476 1419 sanctis
2529 1366 2797 1421 Norbcrto
2817 1378 2871 1421 ct
2898 1369 3137 1424 Roberto
3161 1370 3228 1424 de
3247 1370 3352 1423 Ar-

1778 1451 2035 1518 bricello;
2081 1454 2211 1507 nihil
2243 1455 2308 1507 de
2361 1464 2442 1508 tot
2502 1457 2621 1511 aliis
2674 1457 2808 1513 viris
2851 1461 3229 1526 sanctissimis,
3262 1461 3354 1531 qui

1778 1545 1965 1597 eodem
1995 1559 2116 1596 cum
2168 1544 2332 1598 Petro
2355 1544 2607 1600 vivebant
2650 1557 2924 1616 tempore;
2959 1551 3090 1604 nihil
3121 1553 3185 1605 de
3209 1553 3354 1606 ordi-

1779 1637 1937 1692 nibus
1969 1638 2395 1702 monachorum,
2422 1641 2513 1707 qui
2558 1650 2681 1695 tunc
2732 1641 2915 1696 multis
2944 1642 3257 1697 claruerunt
3284 1645 3357 1698 si-

1779 1729 1899 1797 gnis
1918 1738 1975 1783 et
2011 1729 2332 1791 virtutibus;
2362 1730 2516 1795 nihil,
2574 1731 2817 1799 inquam,
2864 1732 2931 1786 de
2983 1734 3067 1786 his
3101 1734 3357 1787 omnibus

1780 1818 2016 1889 scripsit.
2048 1819 2292 1889 Cumque
2323 1817 2474 1887 plura
2504 1820 2571 1874 dc
2614 1822 3093 1877 Carthusiensibus
3150 1822 3358 1878 referre

1780 1908 2043 1975 potuisset
2071 1948 2087 1974 ,
2110 1922 2247 1978 quos
2269 1907 2359 1962 ille
2389 1908 2441 1962 in
2468 1909 2702 1979 quadam
2733 1910 2988 1980 epistola,
3011 1927 3168 1968 ouant
3199 1912 3356 1967 dabi-

1783 2013 1902 2052 mus
1955 2013 2098 2053 anno
2166 1997 2324 2061 “56,
2370 1997 2615 2055 fateturr
2663 2001 2961 2057 innumeris
3014 2017 3113 2072 per
3171 2006 3356 2058 orbem

1789 2110 1807 2143 ‹
1851 2090 2061 2145 diffusis
2085 2092 2364 2148 miraculis
2393 2092 2675 2157 claruisse,
2714 2111 2733 2143 ι
2765 2108 2884 2162 quae
2938 2093 3059 2148 ideo
3092 2094 3240 2147 illum
3277 2094 3358 2149 la-

1784 2193 1898 2238 tere
1930 2199 2035 2239 non
2089 2192 2398 2255 potuerant,
2450 2184 2611 2239 unius
2657 2193 2837 2239 tamen
2869 2184 3054 2238 fratris
3106 2186 3356 2241 conversi

1782 2275 1954 2329 solum
1984 2277 2266 2341 meminit,
2330 2290 2438 2330 non
2469 2275 2643 2330 solum
2692 2277 2819 2345 quia
2847 2276 3006 2347 primi
3031 2276 3223 2332 Patres
3261 2293 3357 2333 sua

1782 2384 1945 2439 opera
1972 2369 2271 2439 praedicare
2293 2368 2567 2431 nolebant,
2584 2368 2677 2423 sed
2693 2378 2841 2423 certe
2867 2370 3030 2424 etiam
3055 2385 3122 2424 ex
3148 2369 3364 2426 defectu

1767 2450 1895 2515 'suze
1922 2460 2215 2524 memoria‘,
2260 2468 2319 2514 ut
2363 2468 2614 2515 constare
2635 2459 2851 2514 videtur
2879 2474 2946 2515 ex
2994 2462 3219 2516 historia
3273 2461 3365 2516 illa

1786 2550 2106 2607 miraculosa
2144 2551 2377 2606 Auduini
2401 2551 2650 2606 monachi
2676 2551 2997 2614 Chartusim,
3025 2553 3165 2607 intra
3215 2552 3367 2609 nives

1784 2652 1839 2699 et
1870 2644 2053 2699 ruinas
2080 2644 2395 2699 monasterii
2425 2652 2546 2714 post
2568 2644 2681 2699 dies
2702 2644 2983 2702 duodecim
3004 2645 3109 2699 vivi
3142 2654 3367 2716 reperti,

1786 2750 1947 2804 quam
1985 2735 2169 2791 omisit
2214 2735 2425 2800 Petrus,
2472 2735 2600 2792 licet
2627 2750 2747 2791 eam
2779 2737 2983 2806 optimc
3008 2746 3213 2803 nosset,
3242 2751 3369 2793 cum

1786 2825 1854 2881 dc
1882 2842 2009 2881 casu
2066 2826 2156 2881 iilo
2203 2827 2408 2883 nivium
2438 2835 2493 2883 et
2536 2828 2751 2899 rupium
2778 2829 3199 2886 consolatoriam
3234 2831 3370 2884 seri-

1786 2920 1959 2987 pserit
2008 2919 2075 2974 ad
2110 2919 2409 2990 Guigonem
2456 2920 2737 2992 epistolam
2762 2963 2776 2989 ,
2808 2936 2968 2995 quam
2996 2940 3095 2979 suo
3147 2925 3266 2981 loco
3314 2925 3368 2981 in

1788 3010 2084 3067 Annalibus
2107 3012 2375 3068 dabimus.

1857 3100 1983 3156 295.
2020 3118 2041 3147 σ
2075 3100 2182 3157 Sed
2206 3103 2348 3172 quod
2373 3094 2547 3174 magis
2570 3105 2878 3176 miraberis,
2909 3108 3041 3163 nihil
3063 3108 3256 3166 Petrus
3305 3112 3372 3166 de

1789 3203 1979 3247 sancto
2015 3190 2238 3263 llugone
2283 3194 2479 3250 abbate
2507 3195 2869 3263 Cluniacensi,
2896 3213 2927 3253 a
2959 3214 3066 3268 quo
3112 3203 3371 3257 monasti-

1792 3298 1913 3338 cum
1940 3284 2186 3339 habitum
2211 3297 2543 3356 susceperat,
2562 3298 2760 3358 praeter
2774 3291 3060 3359 quamdam
3085 3290 3372 3358 visionem,

1793 3376 2070 3443 narravit;
2106 3392 2136 3431 a
2178 3391 2285 3447 quo
2326 3385 2505 3433 tamen
2539 3378 2704 3433 nmlta
2734 3380 2992 3449 prtuclara
3020 3389 3075 3435 et
3103 3384 3372 3451 stupenda

1795 3467 2077 3531 miracula,
2108 3476 2222 3522 tum
2260 3467 2477 3535 invita,
2532 3478 2643 3524 tum
2681 3480 2802 3540 post
2852 3481 3082 3528 mortem
3135 3482 3373 3545 patrata,

1795 3558 2021 3628 legimus
2054 3559 2105 3612 in
2147 3560 2265 3630 ejus
2304 3559 2449 3615 Vita.
2472 3561 2713 3616 Debilem
2745 3564 2926 3633 itaque
2955 3566 3365 3636 argumentatio

1799 3665 1923 3705 nem
1949 3666 2015 3705 ex
2041 3651 2260 3707 silentio
2287 3652 2434 3708 Petri
2462 3652 2838 3711 Cluniacensis
2890 3652 3116 3712 rimatus
3144 3668 3230 3713 est
3252 3673 3376 3714 cum

1799 3743 2053 3801 Massono
2079 3745 2374 3812 Launoius,
2426 3748 2517 3818 qui
2546 3748 2662 3803 sola
2688 3749 2781 3803 illa
2838 3750 3053 3805 ratione
3095 3749 3376 3805 historiam

1800 3834 1938 3889 hanc
1965 3836 2182 3890 nomine
2204 3834 2400 3892 fabula:
2447 3845 2503 3892 et
2528 3838 2687 3894 anilis
2741 3838 3075 3894 narrationis
3115 3839 3375 3894 traduxit.

1797 3925 1962 3996 Cujus
1989 3929 2035 3983 si
2064 3929 2265 4000 regulis
2289 3938 2622 3998 teneremur,
2647 3933 2782 3987 inter
2810 3931 3021 3988 fabulas
3049 3932 3213 3989 etiam
3245 3946 3378 3989 cen-

1799 4033 2060 4086 seremus,
2089 4021 2351 4091 quidquid
2373 4022 2441 4078 de
2492 4022 2614 4079 aliis
2663 4022 2865 4079 sanctis
2912 4022 3107 4079 Petrus
3149 4024 3374 4078 Iacuit.»

1802 4110 1926 4166 Haec
1953 4112 2136 4167 omnia
2161 4112 2553 4169 Carthusianus
2605 4126 2792 4170 noster
2822 4129 3146 4186 anonymus.
3174 4111 3281 4168 Sed
3309 4128 3376 4167 an

1801 4203 2073 4274 negativo,
2098 4202 2244 4272 quod
2279 4217 2310 4258 e
2332 4202 2477 4259 Petri
2498 4203 2875 4261 Cluniacensis
2912 4205 3131 4260 silentio
3176 4203 3380 4258 forma-

1803 4299 1911 4360 tur,
1944 4302 2263 4365 argumento
2299 4295 2409 4350 vim
2438 4309 2655 4351 omnem
2702 4296 2952 4350 adimunt
2974 4296 2998 4347 ?
3018 4296 3062 4349 A
3089 4294 3252 4349 Petro
3282 4294 3381 4350 Ve-

1802 4385 2051 4450 nerabili,
2104 4386 2180 4441 ait
2232 4396 2499 4456 quantum
2545 4388 2611 4442 ad
2650 4387 3056 4451 substantiam,
3119 4385 3381 4441 duntaxat

1803 4476 2041 4546 quinque
2070 4486 2162 4531 aut
2186 4492 2302 4543 scx,
2331 4492 2451 4547 quae
2476 4478 2544 4534 ad
2567 4478 2976 4533 Cluniacenscm
2999 4478 3242 4533 ordinem
3274 4494 3381 4533 non

1801 4573 2067 4633 spectent,
2100 4565 2363 4620 miracula
2389 4577 2762 4629 recensentur.
2788 4583 2851 4622 ac
2874 4568 3039 4637 proiu'
3060 4581 3234 4638 pauca
3266 4567 3383 4624 haec

1803 4656 1945 4709 inter
1984 4670 2092 4711 non
2136 4656 2374 4712 inveniri
2429 4659 2795 4731 prodigiosum
2849 4660 3091 4716 doctoris
3137 4661 3384 4717 damnati

1802 4744 2118 4811 anastasim,
2172 4748 2370 4801 mirum
2425 4763 2533 4805 non
2576 4750 2961 4816 est,maxime
3009 4766 3134 4807 cum
3186 4751 3389 4807 Petrus

1801 4836 2077 4901 stellarum
2110 4846 2316 4907 septem
2348 4839 2637 4908 visionem,
2670 4842 2728 4897 S.
2756 4842 2963 4913 llugoui
3022 4842 3391 4913 Gratianopo-

1804 4928 1972 4982 Iitano
2024 4927 2308 4999 episcopO,
2359 4930 2487 4986 dum
2529 4934 2596 4986 ad
2639 4949 2761 4987 cum
2792 4932 2852 4987 S.
2881 4932 3066 4989 Bruno
3114 4949 3239 4989 cum
3288 4950 3383 4989 sex

1804 5020 1965 5076 sociis
1996 5021 2300 5075 accederet.
2349 5022 2610 5079 oblatam.
2633 5024 2843 5093 aliaque
2876 5024 3161 5080 nonnulla.
3221 5026 3288 5080 ad
3321 5025 3379 5079 S.

1806 5114 2113 5168 Brunonem
2165 5115 2469 5183 spectantia
2499 5155 2514 5181 ,
2563 5117 2776 5172 silentio
2822 5121 2985 5173 etiam
3030 5118 3378 5186 praaterierit.

1803 5207 1979 5276 Atque
2007 5210 2126 5265 haec
2152 5211 2394 5279 quidem,
2420 5212 2490 5266 ob
2522 5208 2691 5279 quam
2714 5211 2942 5281 petitum
2970 5228 3000 5266 e
3045 5211 3190 5266 Petri
3219 5208 3383 5263 silen-

1808 5299 1880 5353 tio
1907 5309 2093 5354 contra
2118 5302 2358 5359 doctoris
2401 5301 2641 5358 damnati
2674 5301 2961 5357 historiam
3001 5308 3377 5372 argumentum

1805 5402 2002 5444 enerve
2035 5402 2187 5460 putat
2214 5408 2279 5447 ac
2328 5392 2622 5455 infirmum,
2658 5393 2797 5448 ratio
2832 5394 3048 5447 videtur
3071 5392 3379 5462 praecipua;

1804 5496 1991 5535 verum
2021 5483 2123 5536 etsi
2153 5485 2333 5539 omnia
2365 5484 2479 5539 fere
2520 5484 2798 5548 miracula,
2829 5499 2950 5553 qum
2972 5483 3163 5538 Petrus
3182 5484 3383 5539 litteris

1815 5571 2175 5643 consignavit,
2222 5577 2290 5630 ad
2325 5575 2742 5631 Cluniacenscm
2792 5576 3036 5629 ordinem
3095 5585 3384 5645 spectent,

1806 5663 1894 5718 hic
1959 5673 2137 5721 tamen
2191 5666 2426 5735 scriptor
2490 5667 2823 5738 propositum
2877 5666 2977 5721 sibi
3036 5668 3267 5723 habebat
3316 5668 3386 5722 ad

1808 5762 2054 5824 posteros
2094 5760 2466 5815 transmittere
2525 5761 2687 5814 etiam
2735 5758 2995 5815 miracula
3027 5802 3040 5828 ,
3072 5775 3190 5829 qua:
3234 5757 3383 5824 alibi,
