3896 6312
223 380 294 433 177
1667 377 1860 434 ACTA.

3308 392 3410 447 178

221 488 390 561 pmbuit
412 484 727 553 exemplum.
747 504 764 535 ι
788 485 1078 551 Launoius,
1101 486 1154 539 iu
1187 501 1282 542 sua
1311 488 1375 543 de
1401 502 1527 542 vera
1554 504 1719 544 causa
1749 496 1796 553 Α
1827 492 2085 559 assignat,
2114 490 2179 544 de
2209 490 2450 561 liuo'ouc,
2493 498 2748 564 tanquam
2793 507 3026 563 mortuo,
3068 500 3286 571 jamque
3332 505 3413 558 in-

220 591 405 631 secessus
429 572 481 627 S.
531 572 803 627 Brnnonis
836 574 888 627 in
924 590 1168 630 eremum
1209 577 1591 633 dissertatione
1642 594 1727 632 rc-

218 666 355 721 citatis
371 666 513 720 etiam
540 664 692 719 hisce
715 667 924 732 verbis,
950 668 1129 722 subdit
1162 687 1174 723 :
1212 669 1366 724 «time
1392 686 1457 724 ex
1491 673 1724 725 editione

215 754 398 821 I’istorii,
425 768 534 823 qua:
576 754 630 807 in
658 754 895 809 editione
911 755 1074 811 Mirmi
1098 759 1532 813 desnntMiracns
1551 770 1726 812 tamen

217 848 256 902 in
294 846 488 900 editione
523 858 617 896 sua
646 859 810 896 unum
842 844 1106 913 Sigeberti
1139 850 1561 918 manuscriptum
1580 849 1729 903 codi—

213 953 304 992 cem
328 953 351 990 e
369 934 669 989 bibliotheca
697 934 837 991 Justi
860 935 1025 1005 Lipsii
1052 939 1205 1003 citat,
1234 940 1286 992 in
1318 954 1425 1009 quo
1441 941 1553 994 haec
1574 948 1730 993 erant

213 1030 264 1082 de
279 1028 482 1080 Bntnone
512 1043 524 1077 :
558 1043 577 1077 ‹
599 1025 655 1078 In
676 1036 825 1080 vasta
856 1030 1724 1098 eremo,qtueCartbusiadicitnr,

169 1142 175 1153 ·
217 1139 234 1170 ι
261 1115 371 1187 apud
401 1116 817 1187 Gratianopolim
852 1121 1238 1175 monasterium
1267 1130 1323 1175 et
1350 1121 1512 1176 cellas
1561 1121 1729 1174 militi-

215 1228 231 1260 t
255 1223 358 1264 care
377 1206 559 1275 incipit.
576 1227 598 1259 ι

264 1299 365 1353 297.
394 1316 409 1351 t
441 1298 558 1353 Ihec
590 1300 772 1353 omnia
807 1300 1060 1356 lectorem
1090 1302 1269 1357 celare
1313 1301 1481 1367 nolui,
1533 1317 1601 1357 ne
1626 1302 1729 1356 sibi

208 1387 352 1442 fucum
371 1401 426 1440 ex
451 1386 731 1457 Sigeberto
755 1389 868 1444 ﬁeri
924 1400 1200 1459 queratur.
1258 1390 1368 1445 Sed
1419 1392 1535 1445 sive
1562 1390 1727 1460 Lipsii

208 1480 403 1535 codicem
430 1517 443 1542 ,
469 1480 581 1533 sive
605 1480 822 1535 PiStorii
869 1483 1160 1536 editionem
1209 1498 1499 1552 sequamur
1530 1524 1545 1547 ,
1605 1483 1730 1537 inde

209 1569 430 1624 constabit
449 1583 681 1637 semper,
710 1571 849 1640 apud
896 1572 1149 1641 antiquos
1178 1587 1367 1627 omnes
1424 1581 1593 1626 ratam
1624 1586 1727 1626 non

209 1674 305 1715 esse
331 1659 385 1713 de
410 1659 618 1713 doctore
653 1662 1044 1716 narrationem.
1087 1682 1104 1714 ι
1143 1663 1219 1716 ita
1252 1661 1545 1729 Launoius,
1581 1670 1729 1716 recte

217 1763 321 1804 sane
345 1749 417 1801 hic
444 1749 696 1815 innuvns,
729 1749 1184 1820 Chronographia:
1216 1750 1569 1821 Sigebertinae
1631 1766 1726 1821 per

210 1839 443 1908 pistorium
469 1840 759 1893 editionem
787 1840 837 1893 in
868 1840 1046 1894 verbis
1073 1841 1317 1911 proxime
1344 1857 1407 1895 ex
1440 1842 1543 1895 hac
1590 1842 1728 1895 reci-

212 1930 313 1983 tatis
339 1946 362 1982 a
390 1930 610 2000 genuino
643 1930 908 2002 Sigeberti
938 1939 1088 1986 textu
1125 1932 1430 1987 deﬂectere.
1466 1933 1518 1986 id
1569 1947 1730 2002 porro

207 2024 542 2077 Gartlnisianns
566 2032 753 2077 noster
780 2039 1081 2094 anonynms
1101 2025 1281 2092 operis
1309 2024 1389 2078 sui
1421 2038 1568 2077 num.
1631 2023 1725 2077 101

212 2115 400 2185 amplius
423 2114 658 2169 declarat
687 2116 828 2168 hunc
857 2117 909 2170 in
953 2118 1205 2170 modu'u:
1245 2134 1264 2168 ι
1302 2115 1618 2184 Sigebertns
1645 2115 1729 2169 di-

118 2234 119 2237 η
208 2207 324 2261 citur
360 2206 546 2260 abiisse
576 2221 720 2260 anno
772 2208 923 2261 1115.
953 2209 1106 2274 Quod
1160 2208 1204 2261 si
1242 2208 1314 2262 ita
1351 2216 1453 2272 est,
1507 2207 1730 2260 concedi

206 2298 465 2352 necessario
488 2298 649 2351 debet
674 2299 787 2353 haec
816 2299 977 2352 verba
992 2300 1173 2370 (supra
1197 2297 1307 2365 jam
1334 2312 1455 2351 mox
1483 2297 1729 2365 recitata)

207 2389 260 2445 ab
280 2388 436 2457 aliquo
477 2389 586 2442 alio
612 2388 729 2456 ejus
784 2390 1245 2460 Chronographize
1310 2389 1489 2443 addita
1540 2387 1728 2442 fuisse.

205 2477 331 2545 Nam,
354 2488 404 2533 ut
452 2481 700 2547 superius
756 2481 1157 2546 adnotavimus,
1200 2480 1310 2534 'suh
1370 2488 1508 2535 teste
1544 2479 1733 2548 quinto

205 2567 430 2637 Sigeberti
456 2568 522 2623 de
538 2569 790 2625 Brunone
816 2584 941 2639 pars
965 2569 1114 2639 prior
1130 2567 1336 2624 eisdem
1365 2567 1534 2622 ferme
1554 2567 1737 2622 verbis

207 2659 401 2714 habetur
449 2661 498 2714 in
553 2661 826 2716 Chronico
876 2670 1112 2730 quatuor
1144 2662 1441 2731 primorum
1494 2660 1733 2730 priorum

206 2751 483 2820 Carthasim,
516 2754 661 2822 quod
690 2756 1126 2809 constateditum
1175 2763 1382 2808 tantum
1431 2760 1553 2824 post
1587 2766 1734 2805 mor-

209 2852 296 2899 tem
312 2844 577 2916 Sigeberti.
604 2845 715 2901 Nec
743 2856 932 2902 auctor
952 2846 1315 2901 chronieidici
1341 2844 1500 2900 debet
1522 2860 1585 2900 ea
1616 2861 1735 2900 mu-

209 2946 357 2992 hiatus
382 2937 541 2993 fuisse
570 2956 599 2993 a
628 2939 931 3008 Sigeberto;
963 2954 1087 2993 nam
1118 2953 1238 3008 quae
1265 2946 1567 3005 sequuntur
1594 2936 1733 3006 apud

208 3030 533 3101 Sigebertnm,
567 3033 908 3103 apertissime
937 3032 1237 3095 declarant,
1261 3048 1323 3086 ea
1348 3031 1512 3086 fuisse
1535 3030 1735 3099 scripta

210 3132 387 3179 mortuo
412 3123 515 3193 jam
561 3134 752 3177 sancto
782 3123 1038 3194 llugone,
1103 3123 1194 3191 qui
1240 3122 1523 3191 Sigeberto
1578 3120 1734 3173 annis

1832 591 1915 635 ter
1937 591 2155 636 sanctos
2205 583 2394 650 relato,
2431 601 2734 641 sermonem
2771 588 2909 654 ﬁeri,
2959 606 3238 661 perperam
3298 598 3412 651 exi-

1830 671 2012 725 stimet
2033 687 2062 727 e
2086 674 2220 741 solo,
2239 690 2343 744 quo
2368 676 2454 730 hic
2483 678 2533 730 in
2559 678 2663 731 illis
2692 690 2933 747 ornatur,
2971 702 2987 732 α
3017 684 3188 739 beata:
3207 701 3383 741 mcmo
3403 717 3416 730 -

1831 762 1925 816 ria:
1949 784 1966 814 ι
1996 764 2167 832 titulo,
2205 776 2388 836 utpote
2419 769 2720 824 viventibus
2764 773 2958 841 adhuc,
2990 785 3046 827 ut
3072 776 3305 847 Cangius
3357 780 3410 833 in

1830 852 2105 910 Glossario
2140 857 2204 910 ad
2241 859 2559 913 vocabulum
2592 861 2933 931 «Memoriam
2970 865 3167 935 aliique
3193 870 3410 939 docent,

1831 958 1927 1011 per
1977 945 2267 1015 scriptores
2324 949 2574 1019 antiquos
2638 953 2863 1008 subinde
2914 957 3075 1010 etiam
3130 961 3411 1015 attribnto.

1833 1032 2031 1087 Verum
2056 1052 2121 1088 an
2162 1037 2458 1107 silentium,
2520 1043 2661 1110 quod
2700 1044 2764 1098 de
2816 1046 3125 1115 prodigiosa
3176 1050 3414 1105 doctoris

1830 1129 2066 1183 auastasi
2129 1131 2180 1184 in
2251 1129 2483 1185 laudatis
2548 1133 3007 1206 Chronographhe
3051 1138 3413 1206 Sigebertinze

1831 1222 2013 1274 verbis
2037 1231 2304 1288 servatur,
2338 1227 2531 1278 merito
2553 1227 2737 1293 etiam,
2769 1229 2811 1281 si
2841 1230 2954 1284 hzec
2983 1229 3252 1301 Sigeberti
3285 1248 3418 1287 vere

1832 1321 1950 1360 esse
1970 1309 2353 1377 concedantur,
2387 1313 2538 1365 nihiii
2592 1312 2758 1367 facit?
2788 1315 2861 1369 Ita
2883 1318 3104 1372 omnino
3134 1318 3411 1381 existimo,

1832 1398 1973 1464 quod
2002 1400 2144 1452 nulla
2184 1402 2342 1468 plane
2364 1413 2617 1456 occurrat
2663 1406 2801 1459 ratio
2826 1446 2837 1465 .
2877 1407 2947 1460 ob
2990 1424 3148 1476 quam
3210 1408 3414 1462 νίκη)δί-

1834 1486 1960 1541 mile
1991 1499 2263 1558 utcunque
2295 1491 2515 1553 evadat,
2569 1492 2807 1548 futurum
2837 1494 3019 1562 fuisse,
3071 1507 3127 1550 ut
3158 1497 3394 1567 Sigeber-

1833 1587 1920 1634 tns
1949 1579 2250 1633 luctuosam
2289 1580 2432 1634 illaut
2465 1582 2746 1637 historiam
2771 1626 2785 1649 ,
2824 1594 2881 1638 ut
2917 1594 2973 1639 ut
3000 1587 3201 1655 optime
3249 1589 3413 1642 etiam

1831 1673 1931 1728 sibi
1984 1682 2343 1742 perspectam,
2396 1674 2446 1726 in
2495 1675 2854 1743 paucissimis,
2892 1692 3010 1745 qum
3061 1679 3127 1733 de
3167 1679 3418 1734 Bruneno

1834 1765 2106 1819 memorize
2130 1763 2327 1834 prodit.
2360 1774 2831 1819 commemoraret.
2883 1768 3060 1835 Atque
3105 1768 3229 1821 hinc
3253 1768 3416 1821 etiam

1764 1853 1804 1909 Β
1834 1863 2032 1915 nullius
2059 1863 2218 1931 plane
2248 1860 2501 1930 ponderis
2522 1872 2747 1930 apparet
2790 1861 3083 1926 silentium,
3143 1863 3194 1916 in
3227 1862 3415 1917 iisdem

1836 1956 2014 2009 verbis
2053 1963 2328 2009 servatum
2355 1997 2368 2019 ,
2405 1953 2741 2023 quiscunque
2785 1952 2998 2006 demum
3060 1954 3128 2007 sit
3188 1954 3420 2021 scriptor

1837 2046 2110 2116 antiquus,
2142 2061 2169 2097 a
2198 2061 2306 2103 «tuo
2342 2044 2453 2096 hmc
2526 2045 2601 2096 uti
2631 2058 2696 2095 ex
2726 2043 2885 2097 dictis
2915 2042 3139 2109 factum,
3189 2045 3240 2096 in
3268 2043 3421 2113 Sige-

1837 2134 2488 2205 bertiChronographiam
2519 2136 2667 2187 fuere
2699 2133 2865 2187 illata.

1904 2225 2024 2279 9.99.
2069 2225 2424 2294 Dispiciamus
2486 2223 2678 2287 modo,
2722 2238 2789 2274 an
2823 2220 3050 2275 validius
3097 2228 3280 2275 contra
3312 2219 3416 2272 Pa-

1837 2321 2064 2373 risiense
2103 2318 2405 2387 prodigium
2431 2332 2495 2370 ex
2524 2316 2745 2369 ltoberti
2774 2315 2839 2368 de
2886 2313 3083 2377 Monte,
3145 2313 3234 2381 qui
3270 2310 3423 2379 Sige-

1835 2409 1973 2461 berti
1998 2406 2495 2476 Chrouographiam
2527 2403 2880 2467 continuavit,
2911 2402 3124 2455 silentio
3140 2409 3361 2468 arguatu
3375 2416 3416 2451 t'.

1842 2519 1858 2548 ι
1876 2497 2094 2557 Multa,»
2121 2496 2376 2563 inquitde
2405 2495 2505 2548 hoc
2523 2494 2786 2562 scriptore
2812 2493 2862 2544 in
2894 2506 2990 2543 sua
3011 2490 3076 2543 de
3102 2506 3223 2541 vera
3257 2505 3423 2542 causa

1836 2604 2082 2643 secessus
2107 2589 2166 2640 S.
2188 2586 2457 2639 lirunonis
2493 2585 2544 2637 in
2572 2598 2813 2637 eremum
2838 2580 3220 2636 dissertatione
3252 2594 3371 2647 cap.
3409 2594 3423 2630 ι

1837 2678 2128 2742 Launoius,
2153 2678 2247 2731 «de
2269 2674 2749 2730 Cartbnsiauorum
2773 2669 3056 2736 institutis,
3082 2666 3426 2722 consuetudi-

1839 2773 2019 2836 nibus,
2050 2783 2097 2825 et
2155 2770 2361 2839 origine
2414 2769 2527 2837 ipsa
2581 2764 2820 2832 disserit,
2878 2778 2975 2817 nec
3025 2761 3189 2815 ulltnu
3242 2769 3419 2813 tamen

1838 2861 2094 2915 damnato
2112 2859 2317 2913 doctori
2338 2857 2703 2911 testimonium
2727 2853 2951 2924 praebet.
2984 2851 3190 2906 rVerba
3222 2856 3423 2911 omnia,

1837 2967 1958 3022 qu:e
1985 2951 2222 3005 Roberto
2248 2951 2313 3004 de
2358 2948 2536 3001 Monte
2568 2946 2837 3013 attribuit,
2888 2943 3123 3012 hnieqne
3152 2957 3263 2997 sua:
3294 2956 3425 2995 con-

1842 3051 1922 3095 tra
1963 3041 2262 3095 Parisiense
2317 3037 2620 3108 prodigium
2660 3033 2951 3103 objectioni
3000 3031 3272 3084 Launoius
3292 3043 3429 3098 prte-

1846 3132 2029 3193 mittit,
2054 3131 2450 3184 Carthusiauus
2467 3134 2970 3195 nosterauonymus
2994 3120 3328 3187 transcribit,
3356 3119 3429 3172 si—

209 3214 300 3266 lere
343 3213 517 3282 viginti
569 3212 848 3281 superfuit.
917 3232 933 3263 ι
966 3211 1135 3281 llujus
1182 3211 1351 3265 sancti
1392 3209 1677 3280 propositi,
1716 3228 1734 3260 ι

1848 3222 2064 3292 mulque
2102 3222 2169 3274 ad
2225 3222 2362 3274 hanc
2395 3217 2706 3288 respondet.
2741 3215 2970 3268 Textnm
3014 3215 3130 3283 ejus
3160 3213 3429 3281 integrum

212 3301 356 3370 inquit
391 3303 471 3357 ille
517 3303 832 3358 subdititius
881 3301 1222 3373 Sigebertns,
1266 3320 1284 3353 ι
1315 3309 1634 3371 cooperator
1685 3308 1740 3353 et

215 3392 512 3448 cmmtilator
536 3394 708 3448 beata:
759 3395 1032 3448 memoria:
1081 3393 1233 3463 Hugo
1284 3391 1743 3461 Gratianmpolita-

215 3500 229 3532 ς
261 3499 344 3538 nus
367 3485 645 3555 episcopus
677 3485 745 3539 ab
768 3485 956 3538 eodem
1010 3483 1261 3539 Brunone
1282 3484 1523 3538 habitum
1555 3497 1743 3538 mona~

216 3577 434 3631 tehicum
459 3577 692 3646 sumpsit
731 3617 746 3641 ,
774 3576 1092 3646 cunctisque
1121 3576 1190 3629 ibi
1240 3576 1609 3629 habitantibus
1660 3574 1743 3627 iu-

215 3668 384 3738 tsigne
416 3670 644 3738 prmbuit
673 3668 1000 3738 exemplum.
1038 3687 1056 3720 ι
1088 3669 1218 3733 Quis
1262 3684 1367 3722 non
1397 3668 1617 3747 videat,
1656 3667 1743 3720 hic

210 3761 344 3814 verba
371 3760 478 3815 ﬁeri
516 3762 584 3815 de
612 3760 836 3831 llugone
877 3770 1131 3829 tanquam
1186 3770 1400 3815 mortuo
1445 3759 1626 3828 etjam
1656 3760 1761 3825 jn-g

211 3860 276 3905 ter
292 3860 489 3908 sanctos
520 3854 716 3919 relato,
762 3868 884 3906 cum
927 3861 1155 3906 ornetur
1187 3852 1342 3906 titulo
1397 3871 1414 3904 ‹
1444 3851 1504 3905 Β.
1539 3865 1743 3906 memo-

211 3940 324 3994 riter
373 3951 424 3997 et
461 3943 677 3998 dicatur
738 3943 791 3996 in
862 3943 1136 4012 przeleritn
1204 3944 1461 4013 (insigne
1514 3943 1744 4012 praebuit

214 4031 563 4101 «exemplum?
591 4051 611 4085 ι
646 4030 912 4086 Praeterea
935 4041 1168 4096 constat,
1219 4033 1272 4086 in
1322 4034 1509 4087 iisdem
1562 4033 1738 4087 verbis

209 4123 565 4178 crassissimum
598 4122 881 4192 irrepsisse
907 4135 1169 4186 errorem,
1226 4122 1313 4177 ubi
1344 4131 1567 4176 sanctus
1606 4136 1741 4191 prae.

210 4213 273 4266 sal
291 4215 467 4270 dicitur
492 4215 741 4270 habitum
774 4215 1152 4269 monachicum
1173 4216 1242 4268 ab
1268 4216 1458 4269 eodem
1484 4215 1738 4268 Brunone

210 4306 477 4375 sumpsisse,
505 4307 650 4376 quod
680 4305 1027 4361 falsissimum
1080 4305 1431 4375 probabimus
1460 4307 1511 4360 in
1558 4307 1741 4360 Anna-

210 4395 317 4453 iibus
335 4399 394 4452 ad
418 4414 617 4453 annum
660 4398 818 4455 1087.

261 4488 396 4544 293Α
422 4490 477 4544 ln
506 4490 608 4546 hos
638 4501 788 4545 certe
813 4504 1032 4546 errores
1062 4489 1380 4561 Sigebertns
1430 4505 1536 4545 non
1569 4492 1742 4560 impe—

1849 3328 1950 3366 una
1981 3327 2104 3366 cum
2132 3312 2509 3378 Rohertt,qum
2532 3307 2777 3372 includit,
2802 3305 2979 3358 verbis
3001 3304 3105 3357 huc
3133 3301 3424 3355 transfero.

1847 3404 1939 3459 Sic
1971 3404 2133 3459 habet
2163 3424 2175 3457 :
2207 3423 2225 3455 ‹
2263 3403 2530 3457 Robertus
2574 3402 2638 3454 de
2666 3400 2911 3452 Monte...
2957 3393 3429 3451 Carthnsicnsium

1845 3497 2235 3551 monachorum
2283 3496 2349 3548 ad
2394 3508 2592 3547 annum
2640 3492 2767 3545 1151
2806 3490 3051 3543 meminit
3090 3487 3174 3540 his
3202 3485 3423 3539 verbis:

1851 3608 1869 3641 ι
1901 3589 2143 3643 Monachi
2172 3587 2588 3643 Cartbusicnses
2615 3584 2869 3655 paulatim
2920 3581 3273 3652 pullulabant,
3311 3578 3425 3646 qui,

1852 3700 1867 3731 ι
1902 3697 2011 3750 prae
2043 3679 2633 3741 cmteriseontiuentcs,
2678 3677 2811 3743 pesti
2844 3673 3103 3737 avaritiae,
3147 3686 3251 3740 qua
3306 3669 3428 3733 pln-

1853 3788 1871 3821 ι
1910 3770 2077 3823 ritnos
2106 3768 2204 3822 sub
2233 3767 2508 3837 religionis
2538 3766 2722 3820 habitu
2743 3765 2990 3817 laborare
3020 3760 3429 3825 videmtts,'ter-

1850 3879 1868 3911 ι
1904 3861 2079 3914 minos
2110 3867 2425 3929 posuerunt,
2445 3859 2569 3909 dum
2596 3865 2800 3909 certum
2819 3867 3101 3908 munerum
3120 3848 3423 3912 hominum,

1850 3972 1867 4004 ι
1892 3951 2201 4005 animalium
2222 3991 2236 4016 ,
2266 3950 2664 4019 posscssionum
2685 3990 2699 4011 ,
2733 3962 2892 4015 quem
2953 3946 3033 3998 eis
3070 3940 3423 4013 prmtergredi

1851 4064 1869 4096 ε
1908 4044 2055 4099 nullo
2097 4043 2453 4109 modoliceat,
2493 4046 2821 4104 statuerunt;
2843 4047 2896 4093 et
2922 4036 3021 4106 ipsi
3043 4034 3281 4105 singulas
3307 4032 3423 4087 sin-

1846 4157 1868 4190 (
1908 4135 2543 4209 gulicellulashabcntes,
2585 4148 2648 4186 ac
2673 4147 2794 4186 raro
2818 4130 2917 4184 nisi
2951 4129 3035 4183 vel
3062 4129 3132 4182 ob
3174 4127 3266 4181 Dei
3318 4123 3429 4179 cul-

1850 4246 1868 4279 ι
1906 4236 2040 4295 tum,
2094 4227 2175 4282 vel
2197 4229 2265 4281 ob
2293 4235 2535 4280 mutuum
2587 4224 2640 4277 in
2664 4222 2928 4277 charitate
2955 4220 3204 4275 solatium
3227 4231 3427 4269 conve-

1849 4337 1868 4369 ι
1908 4319 2138 4382 nicntes,
2173 4317 2460 4387 perfectius
2497 4314 2631 4369 mori
2661 4314 2881 4375 nmndo,
2930 4322 2985 4364 et
3010 4308 3222 4365 caeteris
3274 4314 3431 4360 tanto

1852 4428 1871 4462 ‹
1913 4410 2244 4480 diligentius,
2283 4416 2487 4477 quanto
2543 4405 2807 4460 secretius
2858 4403 3040 4456 vivere
3089 4399 3197 4454 Deo
3248 4398 3428 4469 elege-

1853 4520 1872 4552 ί
1918 4509 2061 4555 runt.
2099 4520 2116 4552 ι
2157 4500 2279 4553 Haec
2309 4498 2576 4553 Itobertus
2633 4497 2682 4549 in
2737 4495 2993 4556 editione,
3025 4508 3131 4563 qua
3174 4506 3304 4545 usus
3348 4498 3433 4545 est

211 4580 751 4653 sisset..quivivebat
801 4582 991 4638 θοάθῐη
1036 4592 1301 4651 “mitiore.
1360 4598 1468 4653 quo
1519 4592 1741 4639 $300105
1770 4559 1819 4618 θ
1847 4592 2148 4656 Launoius;
2197 4605 2322 4643 nam
2376 4590 2428 4641 iu
2458 4588 2718 4650 editione,
2768 4602 2930 4653 quam
2966 4583 3126 4638 modo
3157 4598 3267 4652 prae
3318 4598 3431 4636 ma-

212 4668 331 4743 llugo
349 4672 692 4729 Carthusiam
738 4664 1132 4744 frequentabat
1169 4711 1184 4737 ,
1218 4683 1273 4728 et
1323 4673 1566 4743 pluribus
1615 4685 1743 4729 ante

213 4776 302 4818 eum
327 4768 469 4822 annis
495 4767 649 4823 obiit.
687 4766 793 4821 Sed
837 4767 938 4822 etsi
977 4768 1091 4823 haec
1117 4768 1542 4822 concederentur
1563 4769 1631 4823 ab
1650 4783 1745 4823 eo-

213 4855 302 4912 tiem
327 4859 599 4930 Sigeberto
632 4859 835 4929 scripta
881 4857 1047 4914 fuisse
1078 4901 1093 4927 ,
1121 4860 1254 4914 nihil
1283 4860 1440 4916 nobis
1464 4859 1740 4928 obessent,

213 4964 304 5003 cum
331 4950 411 5006 ille
435 4952 617 5006 minus
649 4951 945 5006 historicus
981 4951 1245 5006 dicendus
1274 4953 1367 5017 sit,
1414 4966 1572 5019 quam
1596 4967 1745 5006 com-

213 5042 466 5108 pendiator,
493 5044 586 5113 qui
619 5043 749 5097 nihil
789 5043 953 5098 habet
980 5058 1189 5107 eorum,
1229 5057 1348 5112 qnze
1370 5058 1398 5096 a
1427 5042 1637 5097 eteteris
1666 5042 1747 5096 di-

214 5149 441 5204 geruntur.
478 5159 497 5190 ι
528 5139 675 5193 Sane
699 5141 861 5195 verba
896 5183 911 5205 ,
941 5154 971 5193 e
1018 5138 1286 5208 Sigeberti
1337 5137 1747 5192 Gemblacensis

214 5226 608 5303 Chronographia
635 5247 797 5301 supra
828 5232 931 5285 huc
958 5230 1278 5298 transcripta
1305 5270 1318 5292 ,
1349 5228 1613 5299 Sigeberti
1638 5245 1744 5284 non

215 5336 320 5389 esse,
353 5328 439 5381 sed
466 5325 754 5395 scriptoris
780 5322 1118 5393 posterioris,
1146 5322 1238 5391 qui
1288 5322 1339 5375 in
1386 5323 1526 5374 hanc
1554 5321 1640 5375 illa
1665 5322 1747 5376 in-

215 5416 788 5481 trusit,Carthusianus
840 5424 1023 5468 noster
1079 5427 1396 5482 anonymus,
1453 5411 1553 5466 sibi
1580 5415 1741 5467 etiam

216 5509 588 5574 Iaunoium,uti
622 5511 870 5577 proxime
928 5504 1153 5560 recitata
1207 5504 1366 5573 hujus
1404 5506 1566 5559 verba
1614 5508 1745 5562 satis

218 5597 409 5655 indicant
435 5600 820 5672 snit‘ragautem
843 5600 1070 5665 habens,
1105 5597 1299 5653 merito
1323 5597 1409 5653 hic
1447 5602 1742 5655 contendit.

221 5690 350 5759 Atque
377 5693 423 5746 id
446 5695 665 5763 quidem
697 5693 859 5749 etiam
916 5690 1245 5747 suiiicienter
1270 5733 1283 5757 ,
1318 5707 1383 5746 ne
1436 5693 1610 5748 dicam
1659 5694 1744 5747 iu-

219 5782 336 5843 t'ictt',
362 5786 637 5845 probatum
672 5784 780 5851 dat,
819 5784 918 5839 etsi
950 5783 1165 5838 interim
1191 5825 1205 5849 ,
1259 5799 1355 5853 per
1399 5785 1578 5851 verba,
1628 5800 1746 5854 qum

1844 4685 2002 4738 nibus
2048 4683 2331 4743 habemus,
2370 4679 2509 4733 facta
2555 4695 2696 4732 anno
2744 4677 2873 4731 1651
2925 4675 3155 4730 Lutetia:
3198 4674 3434 4728 Parisio-

1846 4790 1966 4829 rum
1991 4773 2132 4843 apud
2154 4771 2416 4825 Joannem
2448 4769 2675 4825 Billaine
2722 4769 2903 4824 studio
2948 4778 3003 4823 et
3040 4782 3205 4836 opera
3238 4765 3435 4821 doctis-

1849 4869 1971 4923 simi
2002 4882 2065 4920 ac
2092 4861 2485 4936 religiosissimi
2523 4863 2681 4918 Luca:
2732 4860 2985 4917 Daeherii
3028 4859 3161 4915 nihil
3211 4871 3435 4927 prorsus

1847 4961 1911 5023 ad
1935 4958 2218 5029 prmfatum
2251 4974 2451 5012 annum
2497 4957 2655 5020 1131,
2680 4972 2853 5022 neque
2905 4956 2957 5009 in
2989 4961 3098 5007 tota
3124 4948 3436 5020 Appendiee

1854 5052 1919 5106 de
1946 5050 2437 5105 Carthusiensibus
2462 5050 2712 5113 habetur,
2749 5049 2887 5101 sicut
2918 5061 3090 5114 neque
3139 5042 3205 5097 ad
3233 5055 3432 5094 annum

1854 5141 2013 5204 H32,
2047 5140 2134 5195 ubi
2163 5138 2438 5194 Launoius
2468 5141 2580 5193 haec
2612 5139 2678 5194 de
2723 5148 2914 5193 sancto
2960 5136 3181 5205 llugone
3228 5133 3279 5186 in
3335 5145 3433 5183 suo

1852 5231 2146 5300 exemplari
2174 5231 2339 5301 legit:
2371 5250 2389 5281 ‹
2428 5230 2575 5284 Obiit
2602 5230 2687 5283 vir
2733 5239 2973 5291 sanctus,
3030 5226 3181 5293 liugo
3224 5221 3434 5277 Gratia-

1859 5342 1877 5375 ι
1917 5322 2265 5392 uopolitanus
2292 5322 2599 5389 episcopus,
2628 5318 2782 5388 cujus
2810 5320 3115 5389 religiosam
3147 5313 3433 5369 admodum

1857 5434 1877 5465 r
1917 5414 2078 5467 vitam
2108 5413 2429 5481 conscripsit
2456 5411 2627 5482 Guigo
2660 5414 2806 5481 prior
2826 5409 3142 5465 Carthnsize.
3183 5424 3203 5458 ι

1922 5503 2048 5559 300.
2079 5521 2097 5554 ι
2121 5503 2397 5568 Codicem,
2424 5517 2585 5570 quem
2621 5502 2808 5555 habuit
2834 5497 3149 5562 Dacherius,
3182 5503 3433 5562 autogra-

1854 5597 2019 5666 phum
2045 5595 2362 5659 existimat;
2392 5595 2534 5647 unde
2586 5592 2774 5660 liquet,
2824 5607 2911 5655 ea,
2964 5605 3084 5658 quae
3112 5589 3177 5643 de
3228 5586 3431 5641 sanctis

1854 5690 2110 5743 Brnnone
2137 5695 2191 5741 et
2222 5684 2444 5755 Hugone
2480 5685 2534 5737 in
2562 5683 2682 5737 aliis
2707 5682 2979 5737 codicibus
3031 5688 3242 5750 reperta
3282 5684 3427 5739 sunt,

1860 5798 1888 5835 a
1912 5780 2149 5851 quodam
2179 5778 2486 5833 recentiore
2512 5775 2677 5830 fuisse
2703 5772 2928 5842 adjecta.
2961 5774 3113 5829 ttuod
3144 5770 3246 5827 etsi
3278 5765 3430 5822 nobis
