3896 6312
344 380 355 391 “
445 372 544 426 179

1200 368 1258 424 S.
1305 370 1650 428 BRUNONIS
1691 369 2341 430 CARTiiUSlANORiJ-M
2382 373 2888 435 INSTITUTIORIS

3602 389 3707 444 180

436 485 705 541 sufﬁceret
731 485 796 539 ad
827 473 1172 556 rejicicndam
1199 487 1492 542 verborum
1540 501 1567 540 a
1598 486 1840 541 Launoio
1877 485 2014 541 rela-
2043 491 2090 548 Λ
2125 506 2141 538 ι
2179 488 2552 558 spirituaiibus
2580 491 2719 546 inter
2749 509 2808 546 se
2843 495 3147 549 conferunt.
3195 493 3442 552 instituta
3492 513 3622 554 vero
3648 519 3695 554 e'

438 589 617 634 torum
651 578 1051 642 auctoritatem,
1077 576 1434 634 nihilominus
1449 579 1558 634 acsi
1591 585 1770 632 essent
1785 577 2015 648 genuina

435 671 658 725 ltoberti
681 671 866 734 verba,
898 667 1140 723 Launoio
1171 671 1593 739 respondemus,
1642 681 1662 724 l
1715 666 2014 722 Bobertum

435 765 489 816 in
516 770 626 816 tota
656 776 752 816 sua
776 761 1086 830 Appendice
1113 760 1178 813 ad
1209 759 1551 831 Sigebertum
1570 758 1725 828 juxta
1771 767 2012 812 nostram

432 852 726 907 editionem
759 849 889 904 nihil
915 849 1121 905 referre
1149 864 1336 904 eorum
1377 865 1495 919 quae
1535 847 1840 902 acciderant
1887 856 2014 903 ante

433 957 634 997 annum
668 943 822 1005 1101,
845 955 952 1010 quo
977 940 1282 1010 Qhronicon
1312 938 1573 1009 Sigeberti
1620 937 1869 1007 persequi
1901 951 2013 992 ete-

433 1032 534 1102 pit,
579 1033 684 1087 nisi
710 1033 928 1102 quando
967 1032 1078 1100 agit
1114 1032 1178 1086 dc
1207 1031 1506 1100 principum
1560 1027 1871 1100 genealogia
1927 1027 2010 1083 vel

434 1125 814 1193 episcoporum
854 1123 1219 1187 successione,
1274 1136 1394 1190 qua:
1429 1119 1646 1188 quidem
1671 1118 1832 1176 altius
1875 1135 2010 1175 non-

431 1233 730 1288 nunquam,
783 1217 912 1273 licet
950 1232 1075 1272 raro
1111 1213 1324 1284 repetit.
1373 1229 1410 1268 ιι
1467 1213 1644 1269 Verba
1681 1228 1712 1268 a
1764 1213 2008 1268 Launoio

432 1310 622 1376 relata,
677 1326 783 1368 non
833 1311 899 1364 de
956 1307 1123 1368 initiis
1185 1304 1394 1362 ordinis
1448 1304 1618 1374 loqui,
1657 1304 1753 1360 sed
1789 1307 1854 1360 de
1893 1304 2009 1374 ejus

411 1381 740 1472 progressu,
793 1407 851 1454 ut
889 1414 952 1454 ex
1004 1396 1294 1466 ipsissimis
1334 1394 1517 1450 verbis
1560 1406 1806 1465 apparet,
1837 1413 1854 1446 ι
1897 1395 2008 1450 Mo-

435 1508 453 1538 ι
494 1490 652 1546 nachi
685 1486 1094 1543 Carthusienses
1119 1483 1377 1554 paulatim
1405 1483 1758 1554 pullulabant.
1784 1502 1803 1534 ι
1831 1484 1894 1538 Et
1925 1498 2005 1538 re-

432 1594 558 1634 vera
588 1593 772 1634 eorum
805 1590 948 1630 anno
997 1575 1158 1640 1151,
1211 1574 1263 1629 id
1307 1585 1410 1639 est,
1463 1573 1576 1629 fere
1615 1574 2006 1644 quinquaginta

426 1678 548 1739 post
579 1668 860 1724 fundatum
881 1667 1129 1724 ordinem
1158 1666 1316 1724 annis
1344 1673 1502 1722 erant
1531 1674 1740 1720 tantum
1765 1667 2006 1736 quinque

425 1766 521 1812 aut
545 1771 639 1812 sex
674 1758 865 1813 domus
901 1757 1306 1813 Cartbusiensis
1343 1757 1572 1816 instituti
1596 1757 1650 1818 in
1679 1765 1789 1811 tota
1820 1757 2004 1814 Eccle-

2124 595 2142 628 ι
2182 577 2360 634 diurni
2382 587 2434 634 et
2460 581 2706 636 nocturni
2731 581 2888 637 ollicii
2924 584 3223 639 secundum
3253 585 3494 658 regulam
3524 604 3662 643 sane

2124 686 2141 717 ι
2187 667 2464 724 Benedicti
2494 671 2824 740 persolvunt.
2872 691 2892 726 ι

2187 759 2310 812 502.
2365 779 2382 812 ι
2429 759 2552 816 ιιπξε
2580 762 2688 829 ille,
2709 763 2801 833 qui
2825 779 3043 819 causam
3077 766 3159 822 vel
3183 767 3548 834 occasionem,
3585 785 3705 839 qute

2115 859 2362 904 sanctum
2391 850 2703 912 Bruuonem
2734 855 2784 907 in
2825 869 3066 909 ercunnn
3122 857 3354 926 impulit,
3382 873 3491 914 non
3521 857 3696 923 atfert,

2113 940 2240 1009 quia
2268 940 2401 995 nihil
2458 942 2684 998 omnino
2712 944 2778 999 de
2830 955 3020 1000 sancto
3063 945 3334 1014 Drunone,
3373 964 3473 1004 nec
3532 949 3701 1018 ipsius

2113 1046 2307 1086 nomen
2342 1033 2522 1087 habet.
2562 1031 2668 1089 Sed
2717 1044 2922 1090 tantum
2971 1035 3209 1107 loquitur
3257 1039 3326 1094 de
3355 1040 3698 1116 quibusdam

2111 1121 2588 1178 Carthusiensium
2629 1124 2890 1189 moribus,
2921 1142 3059 1196 quos
3081 1142 3148 1182 ex
3201 1127 3463 1200 Guigonis
3515 1131 3694 1185 nostri

2111 1213 2604 1273 Consuetudinibus
2635 1219 2850 1275 videtur
2895 1219 3163 1276 hausisse.
3198 1220 3290 1278 Sic
3351 1232 3406 1278 et
3461 1223 3532 1278 de
3574 1223 3699 1280 aliis

2111 1305 2345 1362 aliormn
2384 1308 2638 1363 ordinum
2679 1309 3057 1366 fundatoribus
3089 1321 3143 1366 et
3198 1313 3532 1382 patriarrhis
3586 1325 3694 1376 tam

2108 1395 2419 1452 summatim
2442 1397 2710 1464 meminit,
2741 1408 2799 1454 ut
2831 1400 2962 1454 nihil
2987 1400 3101 1456 fere
3127 1401 3193 1457 de
3223 1402 3291 1457 iis
3325 1401 3535 1458 referat
3576 1419 3692 1459 mea

2108 1485 2390 1554 morabile,
2438 1497 2730 1545 contentus
2808 1500 3020 1562 tempus
3070 1493 3442 1550 conversionis
3499 1509 3693 1556 eorum

2107 1575 2382 1647 assignare
2409 1591 2533 1632 cum
2564 1592 2726 1647 anno,
2766 1595 2873 1651 quo
2917 1580 3000 1635 vel
3045 1582 3247 1638 stuc-ulto
3268 1582 3694 1638 abrenuntiare-

2108 1678 2238 1721 runt
2262 1669 2344 1723 vel
2376 1685 2532 1724 suum
2573 1670 2879 1728 institutum
2920 1675 3336 1732 inchoaverunt.
3369 1694 3388 1729 ι
3422 1675 3696 1731 ιιιευιριιη

2107 1759 2315 1815 tissime
2344 1761 2588 1832 profecto
2613 1762 2729 1819 hare
2753 1764 3032 1831 evincunt,
3064 1774 3158 1821 aut
3179 1780 3368 1836 parum
3398 1765 3695 1820 admodum

423 1853 503 1906 sia
531 1867 589 1906 ιιι
618 1849 837 1915 [ζώει-11
861 1849 1190 1920 praecipuum
1216 1849 1268 1905 in
1302 1850 1425 1905 hac.
1447 1849 1757 1920 Appendice
1780 1865 2002 1922 scopum
2035 1865 2079 1924 Β
2106 1860 2200 1906 aut
2230 1853 2362 1908 nihil
2393 1853 2650 1910 luctuosa:
2677 1854 2916 1912 damnati
2953 1857 3196 1913 historice
3242 1855 3459 1912 ollicere
3504 1871 3695 1910 servas

423 1942 615 2006 fuisse,
645 1941 1142 1998 Nortlnnannorum
1175 1950 1229 1996 et
1273 1941 1567 2010 Anglorum
1599 1941 1879 1996 historiam
1912 1942 2006 1998 de-

422 2035 682 2099 scribere,
707 2034 849 2104 quod
874 2034 1101 2104 ipsemet
1121 2033 1406 2103 proﬁtetur
1436 2033 1489 2086 in
1524 2033 1742 2104 prologo
1769 2019 1856 2086 his
1885 2047 2006 2087 ver-

429 2142 449 2174 ‹
486 2123 574 2178 bis
613 2141 628 2178 :
678 2141 696 2174 ι
729 2123 896 2194 Igitur
923 2124 1046 2193 quia
1070 2122 1360 2192 prtedictus
1392 2120 1708 2192 Sigebertus
1735 2122 2003 2178 Chronica

427 2231 447 2264 ι
489 2227 586 2268 sua
637 2213 830 2284 incipit
909 2215 976 2269 ab
1039 2228 1181 2268 anno
1246 2212 1640 2268 incarnationis
1709 2213 2005 2268 Dominicae

427 2325 445 2356 ι
483 2305 609 2371 581,
667 2315 721 2360 et
761 2304 1015 2377 produxit
1049 2320 1112 2361 ea
1169 2319 1338 2376 usque
1389 2304 1456 2362 ad
1512 2318 1710 2361 annum
1764 2301 2002 2374 ejus-tem

427 2415 445 2441 ι
489 2395 782 2452 Dominicre
835 2395 1230 2453 Incarnationis
1305 2398 1464 2464 1100,
1529 2411 1630 2469 ego
1688 2400 1996 2454 exmde.....

426 2507 444 2534 ι
486 2503 656 2555 usque
691 2487 762 2543 ad
784 2503 985 2544 annum
1010 2489 1147 2544 “82
1172 2503 1258 2555 ea,
1286 2505 1406 2560 qum
1431 2491 1482 2544 in
1511 2491 1740 2546 diversis
1788 2493 2003 2562 praviu-

427 2597 445 2627 ι
483 2577 606 2642 ciis,
639 2586 695 2633 et
730 2578 965 2634 maxime
995 2579 1047 2634 in
1078 2579 1470 2636 Northmannia
1501 2589 1555 2636 et
1577 2581 1764 2651 Anglia
1809 2597 2002 2636 evene-

427 2677 448 2718 ί
479 2676 628 2734 runt,
655 2679 710 2724 at
731 2669 796 2743 ad
825 2683 998 2724 meam
1030 2670 1278 2726 notitiam
1308 2680 1692 2740 pervenerunt,
1725 2674 1824 2727 sub
1847 2673 2001 2728 annis

424 2781 446 2812 ι
482 2760 775 2818 Dominicze
821 2762 1216 2827 lncarnationis
1270 2764 1524 2832 colligere
1576 2765 1874 2836 aggrediar.
1934 2766 2000 2822 Et

424 2872 446 2906 ι
483 2853 588 2909 hoc
612 2854 734 2910 ideo
756 2853 1032 2920 libentius,
1059 2856 1186 2927 quia
1218 2855 1342 2911 volo
1368 2864 1516 2926 gesta
1546 2857 1706 2926 primi
1758 2856 1996 2923 Henrici,

425 2963 446 2998 ι
487 2947 846 3005 strenuissimi
870 2949 1322 3021 regisAnglorum
1350 2957 1405 3003 et
1421 2949 1573 3005 ducis
1594 2948 1998 3006 Northmanno-

423 3054 444 3088 ι
479 3051 598 3091 rum
631 3052 660 3090 a
693 3052 800 3107 quo
824 3036 995 3093 habeo
1017 3038 1276 3109 incipere,
1297 3038 1608 3095 summatim
1634 3053 1734 3109 per
1757 3038 1998 3108 singulos

422 3146 442 3181 ι
480 3143 652 3184 annos
669 3129 947 3185 adnotare.
986 3147 1005 3181 ι

2107 1951 2219 1998 tum
2253 1944 2318 2000 de
2347 1945 2450 2002 hac
2482 1963 2511 2001 a
2546 1945 2786 2002 Roberto
2839 1947 2905 2004 de
2937 1946 3116 2003 Monte
3161 1946 3457 2002 silentium.
3505 1945 3696 2016 Neque

2104 2049 2234 2090 vero
2257 2036 2343 2090 vel
2374 2037 2496 2104 hoc,
2521 2037 2606 2092 vel
2632 2039 2776 2108 quod
2805 2053 2965 2109 supra
2994 2039 3108 2108 jam
3134 2047 3521 2104 memoratum,
3547 2035 3696 2107 Sige-

2106 2126 2243 2180 berti
2265 2126 2669 2185 Gcmblaeensis
2688 2129 3035 2201 scriptorisve
3059 2130 3290 2201 antiqui,
3314 2129 3404 2200 qui
3430 2131 3485 2184 in
3518 2129 3689 2200 hujus

2104 2215 2604 2288 Chronographiam
2647 2236 2797 2274 num.
2845 2221 2951 2276 296
3005 2220 3110 2278 huc
3150 2221 3480 2288 transcripta
3522 2221 3709 2277 verba
3787 2213 3796 2226 ’

2104 2305 2304 2373 intulit,
2359 2307 2630 2362 silentium
2673 2310 2738 2362 ad
2790 2309 3048 2364 horrendi
3104 2309 3332 2382 prodigii
3390 2309 3694 2364 falsitatem

2102 2400 2512 2457 monstrandum
2546 2400 2772 2456 multum
2805 2402 3130 2468 conducere,
3182 2401 3516 2457 existimavit
3555 2401 3698 2471 ipse-

2101 2502 2212 2548 met
2241 2494 2538 2561 Launoius,
2581 2506 2766 2567 utpote
2806 2503 2865 2552 ex
2911 2493 3156 2552 recitatis
3211 2493 3496 2561 ambarum
3551 2493 3695 2548 scri-

2100 2594 2316 2657 ptorum
2341 2587 2554 2642 illorum
2592 2589 2794 2655 verbis,
2840 2588 2893 2643 in
2948 2590 3142 2658 quibus
3209 2589 3343 2643 nihil
3373 2588 3606 2643 omnino
3630 2584 3696 2641 de

2100 2677 2320 2744 infausti
2349 2679 2586 2734 doctoris
2635 2679 2872 2734 anastasi
2905 2679 3162 2747 occurrit,
3199 2689 3392 2736 eontra
3425 2679 3693 2751 Raynauq

2100 2769 2226 2825 dum
2272 2771 2537 2825 duntaxat
2584 2770 2846 2838 inferens,
2883 2779 3057 2826 ratam
3109 2772 3249 2826 hanc
3299 2771 3439 2840 apud
3493 2785 3692 2825 omnes

2100 2857 2394 2928 scriptores
2437 2859 2686 2928 antiquos
2725 2873 2827 2914 non
2876 2872 3026 2926 esse;
3083 2861 3249 2930 quod,
3281 2867 3342 2912 ut
3371 2874 3568 2914 verum
3600 2858 3694 2926 sit,

2098 2945 2292 3002 falsum
2328 2949 2780 3006 esseluetuosum
2810 2949 2956 3005 illum
3009 2960 3282 3017 eventum,
3343 2965 3450 3005 non
3503 2953 3696 3020 rcqui-v

2099 3040 2258 3094 ritur.
2290 3041 2396 3097 Sed
2439 3041 2555 3097 bmc
2583 3043 2648 3097 de
2671 3041 2940 3112 Sigebertl
2994 3041 3326 3112 Robertique
3381 3042 3446 3097 de
3480 3042 3687 3109 Monte,

2098 3133 2188 3202 qui
2218 3133 2379 3204 hujus
2433 3133 2931 3204 Chronographiam
2977 3142 3296 3204 prosecutus
3328 3141 3428 3196 est,
3470 3133 3690 3188 silentio

487 3222 644 3283 50L:
683 3221 845 3277 Stetit
891 3223 1174 3294 promissis
1199 3223 1468 3280 Robertus
1492 3237 1508 3292 ;
1534 3239 1657 3279 nam
1683 3240 1781 3294 per
1827 3233 1995 3279 totum
2026 3211 2070 3273 C
2101 3223 2242 3277 dicta
2275 3223 2560 3278 sufﬁciant.
2593 3225 2738 3278 inter
2772 3225 3068 3293 scriptores
3098 3225 3349 3295 antiquos
3379 3239 3408 3276 a
3439 3223 3691 3278 Launoio

377 3317 380 3320 ’
415 3329 572 3370 suum
601 3329 736 3385 opus
786 3314 990 3368 nullum
1033 3318 1276 3384 praeterit
1310 3331 1533 3382 annum,
1562 3303 1670 3385 quo
1699 3318 1764 3369 de
1794 3315 1995 3369 North—

417 3403 633 3458 mannis
662 3412 716 3458 et
747 3403 932 3475 Anglis
963 3403 1134 3460 multa
1159 3417 1264 3457 non
1293 3403 1517 3467 referat,
1553 3418 1693 3471 saepe
1749 3402 1881 3456 nihil
1915 3403 1996 3457 vel

414 3496 742 3562 paucissima
769 3496 835 3550 de
861 3496 983 3552 aliis
1003 3495 1296 3564 provinciis
1319 3494 1562 3550 scribens
1612 3509 1664 3548 tv
1698 3493 1994 3548 Robertum

415 3587 552 3642 nihil
577 3587 688 3642 fere
709 3586 776 3643 de
807 3588 926 3642 aliis
959 3588 1242 3643 ordinibus
1271 3595 1365 3641 aut
1392 3587 1457 3642 de
1487 3603 1673 3642 eorum
1699 3587 1997 3657 originibus

416 3680 752 3738 etinstitutis
816 3680 1100 3750 scripsisse
1163 3681 1218 3734 in
1291 3681 1395 3734 hac
1447 3678 1788 3749 Appendice;
1857 3681 1998 3734 unde

417 3774 766 3839 non'tnirum,
792 3774 836 3828 si
867 3775 932 3829 (ἐξ
959 3771 1433 3828 Cartlntsieusibns
1452 3772 1614 3826 etiam
1643 3770 1873 3838 siluerit,
1907 3782 1997 3828 aut

415 3873 528 3919 tam
555 3867 722 3935 pauca
747 3863 945 3918 dixerit
959 3864 1111 3933 juxta
1136 3862 1448 3916 citatiouem
1473 3876 1503 3915 a
1521 3861 1763 3918 Launoio
1777 3861 1994 3918 factam.

415 3957 660 4027 Denique
698 3955 1016 4021 notandum,
1069 3955 1212 4010 hunc
1249 3961 1524 4010 auctorem
1559 3955 1610 4009 in
1639 3969 1736 4010 suo
1775 3954 1999 4026 prologo

416 4049 646 4105 innuere
688 4049 927 4118 quidem,
977 4047 1146 4102 multa
1198 4062 1257 4104 se
1301 4047 1595 4104 relaturum
1645 4049 1912 4119 prodigia,
1941 4056 1999 4102 ut

415 4142 580 4196 etiam
615 4142 762 4206 fecit,
802 4142 895 4197 sed
922 4150 1154 4208 constat,
1205 4157 1328 4196 eum
1376 4149 1587 4196 tantum
1621 4142 1684 4196 de
1718 4143 1782 4196 iis
1811 4139 1998 4196 menti-

415 4232 585 4299 uisse,
623 4247 741 4302 qua:
772 4243 1070 4287 evenerunt
1098 4231 1166 4287 ab
1193 4247 1336 4287 anno
1376 4232 1532 4295 1101,
1567 4239 1624 4285 ιιι
1669 4246 1781 4300 jam
1836 4244 1997 4300 supra

413 4327 750 4382 monuimus.
781 4325 898 4382 Non
932 4335 1016 4382 est
1046 4327 1212 4398 igitur
1241 4326 1513 4383 Robertus
1558 4326 1998 4381 annumerandus

414 4420 562 4478 inter
611 4426 883 4488 auctores,
923 4438 941 4473 ι
1000 4419 1103 4486 Qui
1150 4421 1410 4475 famosam
1473 4419 1712 4475 damnati
1765 4417 1998 4474 hominis

421 4531 442 4562 ι
476 4518 774 4566 anastasrm
836 4527 941 4566 non
1009 4512 1508 4582 praetermisissent,
1585 4513 1630 4567 si
1685 4511 1848 4566 etiam
1906 4516 1997 4561 aut

421 4623 440 4654 ι
476 4603 760 4672 legissent,
787 4611 880 4656 aut
909 4603 1244 4658 audivissent
1269 4604 1552 4659 accidisse.
1585 4622 1604 4656 ι
1635 4601 1820 4673 Neque
1864 4617 1994 4656 con-

418 4697 647 4751 trarium
679 4694 922 4751 concludi
951 4695 1108 4750 debet
1136 4711 1200 4751 ex
1224 4697 1406 4751 verbis
1449 4693 1688 4764 ejusdem
1747 4694 1995 4761 Roberti,

421 4786 513 4856 qui
545 4786 597 4839 in
637 4785 896 4839 Tractatu
933 4786 999 4839 de
1048 4785 1418 4839 immutatione
1463 4785 1672 4840 ordinis
1704 4783 1995 4837 monacho-

417 4890 538 4929 rum
562 4874 628 4928 de
655 4873 937 4928 abbatibus
963 4881 1016 4926 et
1040 4874 1272 4928 abbatiis
1293 4873 1790 4928 Nortbmannorum
1817 4870 1994 4940 capite

417 4983 458 5023 ιι
503 4966 570 5020 de
617 4964 826 5035 origine
865 4964 1328 5020 Cartimsicnsium
1356 4965 1471 5019 haec
1493 4964 1658 5018 habet
1695 4980 1709 5016 :
1745 4980 1762 5012 ι
1797 4962 1994 5015 Eodem

420 5078 442 5110 ι
487 5057 600 5113 fere
631 5065 888 5128 tempore,
917 5073 1022 5128 quo
1064 5059 1196 5112 ordo
1251 5057 1626 5113 Cistercieusis
1665 5056 1718 5108 in
1768 5053 1995 5108 Cabillo-

423 5171 442 5204 ι
489 5150 642 5212 nensi
675 5151 924 5220 parochia
957 5160 1290 5215 exortusest,
1320 5145 1722 5205 Carthusiensis
1748 5143 1910 5196 etiam
1945 5145 1997 5197 in

423 5261 442 5292 ι
481 5242 791 5310 episcopatu
810 5239 1310 5310 Gratiaizopulilano
1344 5239 1669 5294 adinventus
1691 5243 1792 5289 cst.
1819 5232 2001 5288 Genus

425 5349 444 5379 ι
481 5330 583 5383 hoc
629 5329 978 5384 eremitarum
1017 5331 1118 5384 sub
1161 5330 1339 5400 priore
1388 5327 1516 5398 agit,
1568 5340 1668 5380 nec
1720 5339 2000 5378 numerum

426 5435 444 5467 ι
487 5416 698 5471 tertium
743 5418 1008 5472 decimum
1063 5417 1351 5473 multitudo
1408 5413 1755 5470 transcendit.
1814 5411 1992 5468 Unus-

427 5526 447 5558 ι
483 5507 710 5577 quisque
745 5509 798 5564 in
829 5510 964 5565 cella
993 5526 1088 5564 sua
1116 5508 1342 5578 privatis
1386 5507 1576 5562 diebus
1605 5513 1884 5574 separatus
1925 5503 1994 5556 ab

429 5618 447 5650 ι
481 5600 602 5655 aliis
628 5612 766 5667 orat,
800 5602 998 5657 dormit
1033 5609 1090 5655 et
1121 5600 1440 5664 manducet;
1469 5613 1588 5668 qua:
1638 5605 1817 5651 tamen
1847 5595 1994 5651 cella:

430 5709 449 5743 ι
481 5694 751 5765 contigua:
777 5703 831 5749 et
882 5695 1000 5749 loco
1037 5691 1340 5762 conjuncta:
1384 5701 1530 5748 sunt.
1586 5688 1761 5745 Festis
1803 5688 1994 5743 diebus

429 5800 451 5837 ι
480 5784 549 5840 ad
591 5785 877 5843 ecclesiam
927 5794 982 5842 et
1019 5785 1085 5841 ad
1134 5798 1373 5841 mensam
1425 5782 1770 5848 conveniunt,
1825 5790 1877 5837 et
1927 5781 1992 5836 de

2099 3313 2416 3379 recensitos,
2449 3330 2678 3383 quorum
2708 3314 2775 3369 de
2813 3313 3068 3370 datnnato
3126 3318 3347 3369 doctore
3403 3315 3688 3368 silentium

2099 3405 2290 3476 majori
2370 3407 2421 3460 in
2479 3407 2650 3476 pretio
2715 3405 2924 3460 Bula'us
2999 3405 3208 3471 habuit,
3275 3405 3448 3460 iocum
3526 3407 3690 3460 etiam

2098 3495 2304 3550 obtinet
2363 3493 2661 3550 Ganfredus
2714 3495 2987 3551 Vosiensis
3039 3495 3205 3565 prior,
3235 3495 3689 3564 quiChroniron,

2099 3600 2128 3639 a
2158 3585 2374 3640 Labbeo
2429 3596 2556 3641 tom.
2595 3585 2636 3640 ll
2665 3577 3010 3642 Bibliotheca:
3049 3601 3200 3641 nova:
3250 3587 3513 3642 librorum
3555 3603 3686 3642 mss.

2097 3676 2294 3747 publici
2321 3675 2462 3745 juris
2512 3677 2734 3745 factum,
2781 3677 2978 3734 szeculo
3015 3677 3332 3734 duodecimo
3371 3689 3692 3734 senescente

2099 3769 2404 3826 contexuit.

2169 3860 2295 3916 505.
2329 3860 2574 3931 Scriptor
2605 3859 2694 3915 ille
2729 3859 2782 3913 in
2824 3860 2928 3915 hoc
2978 3874 3076 3914 suo
3129 3872 3293 3928 opere
3345 3872 3466 3927 cap.
3502 3858 3566 3911 2t
3612 3858 3689 3912 sic

2099 3949 2319 4006 scribit:
2357 3968 2377 4001 ι
2413 3949 2558 4006 Ordo
2592 3949 3056 4005 Carthusiensinm
3083 3948 3457 4003 sanctissimus
3487 3947 3690 4015 incepit

2101 4041 2206 4094 hoc
2259 4049 2518 4108 tempore,
2551 4039 2753 4094 scilicet
2801 4053 2944 4091 anno
2972 4037 3110 4092 1086
3155 4039 3288 4106 (imo
3323 4036 3476 4090 'anno
3520 4036 3684 4102 1084,

2100 4132 2176 4184 uti
2234 4129 2372 4184 infra
2416 4127 2787 4200 probabimus)
2836 4143 2931 4198 per
2969 4127 3277 4182 Brunonem
3329 4129 3507 4180 virum
3562 4143 3687 4181 san-

2101 4221 2517 4284 ctum,natione
2561 4220 2920 4274 Alemannnm
2974 4221 3040 4274 de
3090 4218 3312 4274 Colonia
3357 4219 3681 4289 Agrippina,

2102 4313 2424 4383 magistrum
2456 4313 2506 4365 in
2545 4311 2838 4381 theologia,
2883 4327 3004 4367 cmn
3036 4326 3130 4366 sex
3181 4310 3304 4366 aliis
3356 4312 3685 4365 venerabili-

2100 4404 2201 4458 bus
2226 4402 2358 4456 viris
2383 4403 2433 4455 in
2467 4403 2686 4457 dimcesi
2718 4401 3323 4473 Gratianopolitanensi.
3371 4400 3473 4456 Hic
3525 4405 3682 4467 ordo,

2104 4507 2239 4553 teste
2278 4499 2336 4552 Β.
2379 4493 2674 4563 Bcrnardo,
2709 4497 2849 4552 inter
2876 4510 3064 4552 omnes
3089 4495 3488 4552 ecclesiasticos
3533 4495 3686 4551 ordi-

2101 4609 2197 4649 ncs
2224 4594 2512 4664 primatum
2545 4601 2714 4659 tenet,
2761 4607 2866 4646 non
2899 4593 3106 4646 ratione
3166 4595 3446 4660 temporis,
3477 4591 3572 4645 sed
3601 4591 3686 4642 vi-

2099 4703 2226 4760 gore
2249 4687 2553 4743 sanctitatis
2583 4705 2595 4741 :
2629 4687 2772 4740 unde
2813 4685 2926 4754 ipse
2955 4693 3112 4737 vocat
3149 4697 3270 4736 eum
3337 4681 3684 4750 speciosissr-

2099 4791 2242 4831 mam
2269 4777 2572 4830 columnam
2604 4773 2878 4829 Ecclesiae.
2914 4772 3098 4827 Victor
3141 4785 3297 4842 papa,
3356 4771 3485 4825 dum
3539 4779 3687 4825 esset

2101 4865 2402 4922 monachus
2438 4864 2798 4930 Cassinensis,
2853 4877 2951 4933 per
2985 4863 3254 4917 somnium
3296 4861 3435 4916 vidit
3488 4861 3682 4927 Deum,

2102 4975 2213 5015 sua:
2242 4959 2538 5030 dignationi
2568 4959 2621 5013 in
2649 4956 2939 5012 solitudine
2989 4955 3364 5010 Carthusianre
3395 4953 3685 5008 habitacu-

2103 5053 2210 5106 lum
2236 5060 2658 5113 construentem,
2687 5057 2740 5103 et
2780 5048 3000 5114 dicitur,
3031 5047 3172 5116 quod
3204 5046 3396 5114 spiritu
3447 5045 3686 5115 prophev

2105 5145 2192 5198 tia:
2214 5144 2470 5214 pollebat.
2502 5163 2522 5195 ι
2556 5143 2753 5198 Verum
2778 5156 2842 5197 an
2865 5155 2930 5195 ex
2955 5156 3041 5206 eo,
3072 5140 3214 5208 quod
3238 5139 3484 5194 damnati
3513 5139 3686 5194 histo-

2109 5235 2200 5288 ria:
2249 5232 2554 5288 Gaul'redus
2610 5231 2699 5286 hic
2741 5246 2846 5284 non
2901 5229 3228 5293 meminerit,
3291 5235 3442 5282 recte
3493 5237 3700 5290 contra

2109 5325 2268 5390 hanc,
2305 5324 2466 5379 veluti
2503 5324 2579 5377 vel
2605 5323 2804 5378 idcirco
2835 5321 3077 5375 lictitiam
3100 5329 3191 5374 aut
3215 5329 3365 5375 certe
3386 5321 3686 5375 commenti

2109 5423 2433 5483 suspectam,
2463 5413 2734 5468 Launoins
2763 5422 2817 5467 et
2842 5420 2965 5482 post
2992 5413 3134 5466 hunc
3158 5411 3368 5465 Bulaeus
3411 5410 3691 5479 arguunt?

2101 5504 2494 5562 Carthusianus
2533 5514 2717 5559 uoster
2762 5518 3079 5573 anonymus,
3110 5511 3397 5572 postquam
3423 5501 3688 5556 Gaufredi

2101 5595 2396 5664 verbajam
2423 5611 2564 5648 nunc
2603 5593 2830 5649 recitata
2859 5594 2912 5647 in
2964 5608 3100 5662 opus
3148 5607 3303 5646 suum
3356 5590 3563 5656 intulit,
3606 5591 3685 5644 ita

2102 5685 2378 5757 Subiungit
2411 5704 2423 5739 :
2469 5706 2486 5736 ι
2523 5685 2646 5742 llaec
2683 5683 3005 5746 Gaui'redus,
3031 5683 3120 5752 qui
3175 5697 3308 5736 nova
3337 5690 3394 5736 et
3418 5682 3682 5738 hactenus

2105 5779 2344 5835 inaudita
2378 5789 2539 5847 atque
2567 5795 2592 5830 ει
2635 5777 2779 5832 nullo
2811 5785 3230 5831 commemorata
3265 5773 3423 5830 nobis
3455 5773 3680 5836 revolat,
