3862 6310
165 345 247 402 l8!
1640 352 1840 413 ACTA.

3274 381 3378 440 l8!

143 465 246 517 dum
279 458 422 524 dicit,
469 459 962 535 Victorempapam
993 464 1182 536 spiritu
1209 467 1524 540 prophetico
1573 470 1694 526 fuu-
1723 481 1771 536 Α
1799 473 2093 530 anastasim
2154 477 2506 547 praeteriisset
2556 485 2854 543 monachus
2902 486 3012 557 ille,
3043 493 3132 562 qui
3173 500 3372 564 passim

144 550 373 604 dationem
411 550 622 606 ordinis
676 553 806 623 (qua
845 556 910 610 dc
960 572 1019 609 re
1064 557 1192 626 quid
1227 558 1333 624 sit,
1382 559 1518 614 infra
1566 577 1696 616 exa-

143 639 416 712 minabitur)
481 644 840 712 praevidisse,
892 646 957 701 de
1017 646 1172 717 cujus
1210 648 1415 705 visione
1455 651 1694 707 dicemus

142 744 257 782 attuo
283 729 432 784 1086.
465 731 572 789 ΙΙίςέεΔ
596 732 856 792 Gaufredi
889 737 1068 792 verbis
1091 739 1222 809 (jam
1249 741 1498 809 proxime
1555 745 1693 798 reci-

145 821 264 891 tatis)
286 823 562 895 subiungit
579 825 893 884 Launoius:
925 847 944 881 ι
976 829 1078 886 llic
1101 831 1168 888 de
1192 833 1448 890 damnato
1469 835 1692 893 doctore

148 926 166 962 ι
193 922 239 966 et
267 913 558 968 -canonico
622 915 876 988 loquendi
922 917 1090 976 locus.
1126 932 1248 976 erat
1303 925 1689 995 amplissimus,

145 1019 163 1054 ι
189 1000 467 1057 Gaufredns
525 1006 874 1078 tacuit,.quia
919 1018 1050 1067 tunc
1085 1011 1218 1069 illud
1245 1015 1690 1074 otiosi-homines

143 1109 159 1141 ‹
185 1091 392 1156 nondum
427 1093 780 1152 invexerant.
815 1118 851 1152 »-

190 1181 296 1236 504.
324 1202 342 1235 ι
381 1184 491 1242 Sed
521 1186 655 1244 illud
670 1187 806 1258 jam,
841 1207 948 1248 non
976 1193 1212 1263 quidem
1236 1196 1572 1266 invenerant,
1593 1201 1688 1256 sed

139 1283 261 1342 prtnu
286 1290 320 1330 δ
343 1275 446 1330 ﬁde
467 1279 652 1350 dignis
681 1283 783 1338 sibi
813 1281 1272 1358 fueraterclatum,
1295 1291 1514 1362 scriptis
1535 1307 1687 1347 man-

140 1365 352 1420 darerant
397 1383 703 1441 anonymns
762 1384 947 1433 noster
995 1377 1395 1437 Carthusiensis
1441 1391 1496 1439 et
1513 1383 1698 1440 Caesa-

140 1454 225 1509 rius
243 1455 934 1522 EisterbacensisGaufredi
955 1471 1239 1526 coastanei.
1257 1470 1440 1544 Neque
1464 1476 1682 1546 mirum,

141 1545 173 1598 si
196 1543 472 1607 Gaufredus
509 1553 644 1608 illud
679 1558 930 1623 tacuerit,
960 1576 1083 1616 cum
1118 1571 1174 1616 et
1201 1543 1446 1619 fere-alia
1499 1543 1692 1624 omnia.

139 1637 190 1688 de
212 1641 671 1701 sanctoBrunone
699 1657 754 1700 et
780 1649 972 1705 ordine
1019 1651 1247 1708 dicenda
1282 1657 1543 1724 tacuerit,
1589 1658 1681 1728 qui

139 1725 265 1780 edam
289 1727 595 1799 historiam,
619 1733 732 1802 jam
758 1737 828 1793 ab
859 1739 1016 1794 annis
1057 1751 1274 1796 centum
1311 1753 1365 1798 et
1394 1744 1530 1801 ultra
1579 1725 1676 1818 pe-

1795 573 2062 620 memorat
2089 565 2327 624 incertos
2349 586 2530 626 rcrttm
2559 574 2759 643 exitus,
2789 587 2845 633 et
2890 579 2943 635 in
2970 581 3244 654 plerisque
3275 591 3368 646 ho.

1795 653 2030 708 minibus
2049 656 2340 726 ancipitem
2367 659 2492 714 vita:
2515 660 2811 732 fortunam,
2856 677 3068 738 spectra
3117 653 3172 729 et
3199 674 3252 731 id
3279 692 3374 747 ge..-

1794 761 1895 802 nus
1923 749 2306 819 prodigiorum.
2348 771 2368 806 ι
2400 753 2599 826 Accipe
2629 758 2808 826 modo,
2839 761 2968 832 quid
2997 765 3066 818 ad
3108 765 3224 824 haec
3277 785 3370 826 re-

1791 838 2370 907 ponatCarthusia-nus
2416 853 2601 899 nostcr
2663 861 2983 920 anonymus.
3039 853 3131 912 Sic
3187 857 3372 928 itaque

1788 927 2074 983 Annalium
2105 929 2312 986 Ordinis
2341 932 2421 987 sui
2455 933 2546 988 lib.
2571 949 2642 1000 tv,
2661 953 2810 993 num.
2835 941 2940 997 tte
2961 943 3159 1002 habet:
3195 966 3216 1000 ι
3245 927 3379 1005 Haec

1791 1016 1979 1086 (verba
2006 1018 2258 1076 videlicet
2273 1024 2523 1079 monachi
2549 1026 3044 1090 Autissiodurensis
3066 1050 3097 1091 e
3122 1035 3277 1094 Laun
3289 1041 3377 1094 oio

1790 1108 2034 1178 proxime
2108 1111 2216 1166 huc
2287 1115 2660 1188 transcripta.)
2719 1118 2810 1176 ille
2877 1137 3192 1197 anonymus.
3227 1132 3376 1198 apud

1788 1198 2109 1268 lantnoium,
2139 1203 2253 1273 qui,
2273 1214 2335 1262 ut
2361 1205 2595 1273 videtur,
2641 1209 2756 1266 haec
2785 1215 3062 1275 omnian
3091 1216 3215 1278 Vita
3242 1235 3380 1276 san.-

1788 1293 1858 1346 cti
1885 1291 2124 1364 llugonis
2149 1309 2178 1348 a
2201 1294 2447 1368 Guigone
2469 1299 2616 1353 edita
2654 1305 2962 1374 exscripsit,
2995 1316 3227 1367 mutato.
3250 1320 3369 1366 tan.-

1790 1391 1900 1436 tum
1933 1384 2224 1440 verborum
2249 1387 2462 1456 ordine,
2501 1389 2660 1462 cujus
2707 1406 3002 1466 propterea
3061 1401 3369 1457 testimonio

1787 1474 1972 1531 eadem
1997 1477 2339 1546 opponimus,
2359 1495 2480 1551 quae
2501 1484 2748 1554 superius
2769 1485 3027 1557 Guigonis
3049 1493 3365 1551 testimonio

1787 1565 1897 1635 (adi
1924 1582 2074 1622 num.
2107 1567 2212 1624 265
2239 1577 2294 1624 et
2315 1575 2651 1644 sequentem)
2688 1578 3055 1646 opposuimus.
3093 1581 3371 1642 Praeterea

1786 1657 1914 1727 quid
1938 1659 2193 1727 ponderis
2233 1660 2433 1716 habeat
2460 1664 2756 1721 auctoritas
2796 1669 3072 1739 negativa,
3115 1671 3369 1743 judicent

1787 1748 1886 1801 viri
1913 1747 2076 1804 docti.
2111 1748 2404 1806 Monachus
2427 1752 2918 1812 Antissiodorensis
2946 1758 3082 1815 nihil
3109 1761 3277 1819 habet
3301 1764 3372 1819 de

141 1824 322 1881 ractam,
348 1822 620 1894 cujusque
677 1829 942 1884 memoria
990 1839 1120 1888 tunc
1173 1835 1315 1904 apud
1365 1837 1524 1894 solos-
1554 1854 1690 1908 pene
1725 1840 1764 1896 lt
1794 1841 2118 1906 spectaculo,
2150 1856 2280 1912 ergo
2311 1842 2501 1899 falsum
2533 1853 2615 1900 est
2645 1848 3037 1915 spectaculum.
3067 1849 3152 1908 Si.
3181 1851 3372 1919 liceret

138 1907 506 1970 Carthusienscs
560 1928 780 1974 servata
814 1919 1012 1989 fuerat,
1064 1924 1318 1996 ignorare
1377 1907 1608 2001 poterat.
1661 1953 1682 1987 ι

139 1997 256 2064 Quod
308 2003 348 2058 si
405 2005 642 2062 historia
714 2009 804 2066 illa
871 2013 1088 2084 publice
1141 2016 1342 2088 ingenti
1378 1997 1684 2080 hominum

138 2098 304 2148 astante
336 2096 712 2167 multitudine,
743 2103 1022 2172 acciderit,
1053 2105 1196 2161 nulla
1225 2110 1441 2166 ratione
1473 2114 1680 2169 vcrosi-

138 2183 234 2238 utile
252 2197 486 2254 apparet,
524 2188 646 2260 eius
674 2194 992 2248 memoriam
1043 2207 1204 2252 aetate
1251 2199 1530 2270 Gaufredi,
1587 2205 1677 2274 qui

138 2281 310 2330 rentum
345 2279 755 2344 nondumﬂmo
794 2283 931 2340 forte
954 2301 1021 2340 ne
1046 2289 1329 2360 sexaginta
1384 2293 1624 2362 quidem,
1653 2311 1692 2350 a-

140 2363 355 2455 iirunonis
371 2387 403 2420 ιι
414 2372 570 2426 obitu
593 2372 793 2442 elapsis
816 2377 974 2432 annis
996 2379 1200 2444 floruit,
1224 2382 1364 2452 apud
1383 2383 1527 2440 solos
1547 2401 1690 2455 pene

137 2452 497 2515 tlarth-tsienses
519 2463 884 2532 superfuisse.
920 2467 1052 2534 Quis
1073 2485 1203 2540 ergo
1248 2472 1450 2529 factum
1475 2452 1682 2545 credat,

139 2547 511 2606 uthorrendnm
582 2555 888 2624 prodigium
940 2557 1222 2628 ignorarit,
1274 2563 1502 2635 ideoque
1557 2566 1681 2636 ejus

138 2651 216 2690 non
245 2640 548 2696 meminerit
573 2641 919 2700 Gaufredus?
942 2649 1197 2707 Attamen
1247 2668 1368 2707 cum
1419 2655 1509 2711 hic
1555 2658 1686 2714 scri-

139 2737 309 2794 ptor,ut
327 2741 469 2787 recte
485 2733 659 2788 etiam
683 2735 935 2792 observat
947 2737 1344 2800 Carthusianus
1361 2760 1681 2818 anonymus,

137 2819 213 2873 alia
247 2821 350 2878 fere
393 2827 586 2881 omnia
637 2829 707 2883 ad
745 2828 1052 2888 Brinnonem
1093 2839 1392 2906 spectantia
1446 2841 1680 2914 omittat,

139 2925 213 2966 nec
232 2913 327 2968 ullo
364 2930 430 2971 ex
460 2917 648 2989 capite
675 2918 982 2978 Parisiense
1019 2926 1344 2998 prodigium,
1380 2937 1438 2984 ut
1465 2939 1525 2987 ut
1560 2913 1683 3003 per?-

138 3011 336 3068 spectum
367 3007 827 3081 exploratumque
853 3012 903 3068 id
953 3015 1255 3088 habuisset,
1297 3036 1464 3091 pauca
1516 3025 1706 3098 inter,

140 3107 232 3162 que
247 3097 302 3151 de
325 3109 513 3156 sancto
536 3103 729 3167 tradit,
759 3119 1281 3166 commemoraturus
1307 3112 1472 3172 fuisse
1497 3118 1680 3175 videa-

1791 1929 1864 1984 ita
1917 1935 2310 2003 argumentari,
2379 1935 2510 2006 ipsa:
2559 1936 2726 1991 etiam
2779 1948 3002 1996 ruerent
3047 1943 3368 2014 evangelica:

1790 2023 2062 2087 veritates,
2089 2040 2318 2096 quarum
2351 2027 2532 2082 multae
2563 2027 2614 2082 in
2640 2027 2753 2084 sola
2781 2030 3028 2086 nituntur
3058 2033 3364 2090 traditione.

1790 2111 1896 2166 Sed
1917 2122 2054 2180 esto,
2093 2115 2236 2185 quod
2269 2118 2566 2173 monachus
2596 2119 2685 2174 ille
2713 2139 2730 2170 ι
2770 2121 2972 2191 passim
3017 2133 3306 2193 memoret,
3336 2145 3378 2180 ι.

1790 2213 1846 2258 ιιι
1874 2206 2074 2261 asserit
2099 2205 2398 2272 Launoius,
2429 2229 2446 2260 ι
2495 2209 2730 2265 incertos
2784 2213 3276 2282 rerum_exitus,,,et
3313 2217 3379 2277 in.

1795 2315 1812 2345 ‹
1851 2295 2123 2367 plerisque
2173 2298 2484 2360 hominibus
2547 2300 2844 2369 ancipitem,
2885 2302 3026 2364 vitm,
3067 2303 3367 2374 fortunam,

1793 2405 1812 2438 ι
1847 2395 2058 2458 spectra
2082 2390 2211 2445 et-itl
2233 2405 2400 2461 genus
2428 2391 2820 2462 prodigiorum,
2847 2411 2872 2462 vi
2907 2394 3148 2464 nunquid
3173 2410 3380 2452 omnes.

1787 2488 2073 2546 memorat,
2099 2479 2263 2536 vel-in
2294 2482 2544 2536 omnibus
2557 2481 2866 2538 hominibus
2889 2487 3186 2540 memorat?
3206 2486 3361 2554 Quod

1785 2575 1932 2623 certe
1944 2583 2212 2637 asserere,
2237 2571 2452 2627 videtur
2472 2572 2837 2635 temerarium.
2863 2572 3136 2646 Quosdam,
3163 2578 3330 2647 igitur
3347 2616 3366 2646 ,

1784 2657 1895 2712 imo
1921 2666 1977 2714 et
2003 2659 2298 2730 permultos
2319 2676 2500 2716 rerum
2523 2661 2705 2717 exitus
2734 2662 2940 2731 omisit,
2965 2672 3020 2720 et
3051 2664 3192 2719 inter
3235 2665 3384 2722 illos.

1785 2748 1924 2802 istud
1964 2750 2266 2820 prodigium
2321 2752 2572 2806 omittere
2619 2752 2815 2822 potuit,
2847 2755 2986 2810 sicut
3009 2762 3062 2809 et
3091 2763 3204 2820 tres
3234 2770 3384 2820 san-,

1784 2838 1855 2892 cti
1896 2840 2242 2909 evangelista:
2291 2841 2555 2911 piscinam
2610 2842 2949 2913 prohaticam
2991 2843 3160 2908 nimis
3197 2845 3380 2914 admig

1785 2929 2034 2996 randam,
2075 2943 2127 2986 et
2164 2931 2358 2987 Lazari
2409 2933 2818 2990 suscitationem
2865 2935 3183 3008 Stupendam
3229 2937 3378 3000 omi;

1782 3029 1986 3076 serant.
2375 3009 2384 3016 ”
2705 3032 2707 3034 ·

1852 3111 1977 3166 506.
1998 3130 2016 3163 c
2047 3111 2651 3178 Postremomonaehus
2685 3115 2870 3179 ille,ut
2895 3112 3379 3191 babetLaunoius,_

144 3191 222 3248 lttr,
242 3199 611 3257 argumentum
641 3209 792 3261 sane,
823 3197 965 3266 quod
1001 3199 1118 3270 ejus
1169 3202 1445 3260 silentium
1483 3222 1678 3279 suppe-
1701 3191 1748 3253 C
1782 3203 1963 3258 floruit
2013 3203 2113 3260 sub
2148 3203 2459 3267 Innocentio
2511 3205 2596 3273 ΙΙΙ⁴
2647 3218 2862 3268 summo
2931 3203 3203 3274 pontiﬁce,
3257 3220 3366 3276 quo

144 3279 261 3336 ditat.
284 3286 572 3343 admodum
600 3289 875 3346 inﬁrmum
909 3305 1153 3366 apparet.
1201 3297 1424 3371 Verum,
1480 3305 1677 3374 quibus

143 3373 340 3430 mnaihil
367 3377 738 3447 plusroboris
785 3384 963 3441 inesse
1008 3387 1244 3458 videtur,
1288 3407 1431 3448 nunc
1486 3373 1676 3453 subdo.

145 3458 386 3524 Monachus
406 3471 925 3540 Antissiodorensis,
953 3478 1043 3546 qui
1071 3479 1172 3534 sub
1203 3480 1362 3536 ﬁnem
1391 3485 1576 3540 θανουῐί
1603 3503 1678 3542 xtt

144 3564 184 3604 et
203 3555 337 3614 initio
355 3564 660 3632 sequentis,
686 3574 779 3619 aut
812 3576 981 3634 certe,
1008 3567 1320 3626 Innocentio
1359 3573 1424 3627 lll
1470 3592 1688 3638 summo

144 3644 368 3716 pontiﬁce,
404 3649 614 3718 ﬂoruit,
647 3655 788 3722 apud
824 3654 1122 3712 Launoium
1183 3660 1570 3720 Dissertatione
1616 3669 1681 3722 de

148 3747 238 3788 tera
259 3752 404 3796 causa
434 3756 692 3798 secessus
722 3743 782 3800 S.
828 3745 1095 3804 Brunouis
1124 3750 1175 3803 in
1211 3767 1454 3808 eremum
1494 3771 1613 3828 cap.
1645 3761 1666 3814 l

148 3825 204 3878 sic
243 3831 412 3887 scribit
447 3852 462 3888 :
513 3853 533 3886 ι
568 3834 727 3890 Circa
784 3837 839 3892 id
882 3839 1197 3909 tempusS.
1247 3842 1423 3914 llugo,
1469 3825 1681 3904 Gratia-

151 3920 437 3986 nopolitanus
472 3925 788 3997 episcopus,
810 3929 1070 4001 viditper
1115 3933 1386 3990 somnium
1418 3936 1470 3991 in
1499 3935 1684 3994 solitu-

151 4007 244 4064 dine
261 4013 554 4074 Cat-thasiae
595 4018 774 4075 Deum
800 4035 932 4076 suae.
965 4023 1258 4094 dignationi
1317 4027 1679 4085 habitaculum

153 4113 530 4172 construentem,
564 4108 750 4165 stellas
792 4111 956 4166 etiam
1010 4123 1218 4184 septem
1269 4117 1523 4173 ducatum
1577 4120 1681 4177 sibi

155 4201 418 4254 praestantes
450 4198 696 4254 itineris.
734 4200 804 4257 Et
831 4215 982 4270 ecce,
1023 4205 1333 4262 sanctitatis
1373 4207 1488 4276 ejus
1515 4211 1682 4266 odore

157 4283 274 4338 lracli
298 4285 359 4340 ad
387 4288 568 4358 ipsum
587 4291 811 4344 veniunt
833 4301 1041 4362 septem
1065 4295 1190 4362 viri,
1242 4297 1334 4365 qui
1357 4314 1548 4355 omnes
1575 4317 1683 4356 uno

155 4371 368 4432 desiderio
393 4382 648 4436 succensi
669 4382 848 4438 locum
891 4387 1190 4442 eremiticae
1213 4387 1338 4443 vitm
1381 4405 1682 4464 congruum

157 4469 433 4538 quaerebant,
464 4473 698 4529 necdum
735 4484 1072 4547 repererant.
1098 4469 1300 4534 Horum
1329 4481 1536 4551 primus
1561 4499 1681 4540 ma-

1784 3303 2022 3367 tempore
2036 3305 2220 3351 noster
2239 3298 2952 3377 anonymusCarthusiensis
2966 3301 3368 3376 (videsishujua
3427 3327 3446 3338 α

1784 3388 2148 3445 testimonium
2173 3404 2324 3444 num.
2353 3389 2455 3445 199
2479 3399 2535 3445 et
2562 3407 2700 3464 seq.,
2728 3395 2804 3448 uti
2833 3397 2997 3452 etiam
3028 3396 3174 3454 dicta
3197 3414 3354 3453 num.

1787 3482 1855 3536 l2
1887 3491 1946 3538 et
1970 3481 2148 3552 seqq.)
2171 3482 2379 3553 primus
2400 3483 2832 3558 omniumcoepit
2883 3488 3028 3556 hanc
3075 3490 3364 3546 historiam

1789 3572 2008 3643 scriptis
2055 3573 2335 3640 mandare,
2375 3571 2531 3642 cujus
2565 3579 2825 3632 memoria
2853 3579 3014 3650 ,apud
3053 3581 3202 3637 solos
3247 3579 3384 3644 fere

1784 3662 2218 3726 Carthusienses,
2269 3663 2447 3719 adhuc
2473 3664 2734 3735 paulatim
2785 3675 2994 3724 tantum
3027 3669 3384 3741 pullulantes.

1783 3754 2204 3810 custodiebatur.
2239 3754 2390 3811 Unde
2423 3772 2526 3811 non
2575 3758 2798 3828 mirum,
2854 3761 2899 3816 si
2936 3763 3235 3820 monachus
3263 3763 3355 3832 ille

1785 3842 2291 3911 Autissiodurensis,
2340 3849 2424 3902 cui
2475 3849 2656 3905 forsan
2708 3866 2832 3910 cum
2886 3851 3364 3925 Carthusiensibus

1787 3937 1930 3994 nulla
1959 3938 2325 3994 intercedebat
2367 3941 2934 4009 consuetudo,,vcram
2990 3960 3098 4002 non
3151 3947 3364 4009 noverit

1785 4029 1992 4084 ordinis
2031 4029 2330 4100 originem,
2361 4029 2516 4100 cujus
2560 4032 2757 4088 nullam
2805 4044 3090 4106 propterea
3139 4049 3361 4090 causam

1787 4123 1986 4188 attulit,
2012 4123 2104 4176 sed
2131 4123 2243 4176 sola
2273 4125 2770 4197 verba-exscripsit,
2797 4144 2917 4199 ψεαρ
2948 4129 3000 4183 in
3031 4130 3151 4185 Vita
3180 4130 3355 4184 sancti

1789 4214 2027 4284 Hugonis
2074 4215 2296 4282 legerat.
2358 4217 2600 4287 Denique
2657 4233 2780 4294 cum
2854 4219 3061 4286 praefati
3113 4219 3355 4273 auctoris

1787 4305 2091 4361 Chroniccn
2125 4307 2280 4360 modo
2312 4323 2417 4360 non
2446 4308 2738 4363 habeamus
2762 4325 2872 4378 pne
2904 4309 3171 4372 manibus,
3205 4307 3360 4376 plura

1788 4411 1852 4451 ex
1893 4412 1956 4451 eo
1986 4409 2174 4452 contra
2227 4396 2527 4451 l..aunoinm
2579 4397 2775 4452 elicere
2829 4412 2936 4451 non
2987 4411 3388 4467 possumus._r.

1788 4489 1862 4542 ha
1893 4488 2008 4552 ille;
2038 4503 2104 4541 an
2128 4497 2305 4541 autem
2336 4489 2388 4541 in
2419 4489 2670 4543 omnibus
2687 4496 2852 4552 recte,
2879 4503 3022 4543 nunc
3040 4487 3358 4548 dicendum.

154 4555 281 4621 sister
296 4560 488 4630 Bruno,
503 4563 590 4619 vir
620 4565 879 4638 religione
903 4569 1240 4641 scientiaque
1264 4547 1680 4642 famosissitnus,
1716 4547 1760 4601 ι)
1787 4579 1862 4632 Ac
1886 4579 2059 4648 primo
2090 4578 2327 4648 quidem,
2358 4593 2480 4632 cum
2509 4579 2730 4632 dubium
2769 4593 2873 4633 non
2905 4588 3183 4650 appareat,
3231 4581 3362 4650 quin

159 4645 222 4700 alii
243 4661 456 4720 quatuor
478 4655 733 4725 litterati,
769 4659 876 4715 duo
896 4659 1048 4727 laici,
1077 4677 1214 4730 quos
1269 4674 1490 4721 sanctus
1527 4665 1681 4737 llugo

160 4749 383 4804 Knbnter
405 4749 668 4820 suscepit,
690 4764 744 4805 et
765 4751 874 4807 voti
902 4762 1180 4822 compotes
1209 4753 1355 4810 fecit.
1381 4757 1501 4828 lpso
1530 4773 1682 4812 nam-

161 4843 236 4896 ειυς
247 4833 471 4908 iuvante,
485 4842 824 4910 consulente,
837 4845 1150 4912 comitante,
1164 4847 1466 4904 Carthasim
1488 4849 1681 4904 solitu-

163 4921 297 4982 dinem
329 4930 680 4990 intraverunt.
741 4935 832 4992 Sic
877 4937 1042 5008 cmpit
1075 4940 1210 4994 ordo
1259 4939 1679 5007 Carthusiensis,

167 5009 269 5068 inter
285 5029 500 5080 caeteros
521 5025 743 5081 ordines
770 5025 1008 5098 puritate
1060 5029 1322 5084 mentium
1369 5043 1433 5086 ac
1463 5030 1685 5087 theoriae

167 5106 302 5161 studio
330 5112 634 5182 singularis.
673 5135 702 5169 ι.

215 5195 318 5254 305.
349 5203 638 5271 Launoius,
665 5208 776 5277 qui,
809 5209 996 5280 utjam
1019 5210 1191 5278 innui,
1222 5211 1276 5266 in
1324 5213 1540 5269 laudata
1591 5230 1686 5270 sua

168 5283 508 5354 Dissertatione
529 5300 694 5355 verba
743 5301 860 5356 haec
886 5301 1104 5370 recitat,
1133 5303 1202 5358 iis
1229 5304 1440 5360 deinde,
1459 5303 1686 5374 subjun-

167 5376 224 5467 εξι
244 5397 258 5434 :
280 5383 408 5441 «Non
429 5390 640 5460 magis;
653 5391 794 5460 apud
820 5392 986 5460 hunc,
1011 5396 1338 5450 monachum
1367 5397 1701 5467 nempe-Ath-

173 5464 576 5556 tissiodorensem.
602 5499 622 5532 ι
650 5496 813 5552 quam
843 5483 1174 5553 apudalios,
1206 5503 1224 5536 ι
1267 5501 1403 5556 quos
1430 5464 1686 5544 nimirum

171 5550 250 5616 iatn
271 5571 380 5619 ante
404 5567 606 5634 retulit,
638 5550 815 5626 «irata
847 5550 931 5626 est
964 5572 1030 5628 de
1061 5550 1301 5632 doctore“
1335 5577 1598 5644 narratio,
1631 5588 1690 5632 et

181 5646 383 5706 terribilis
425 5666 670 5723 eventus,
716 5658 807 5728 qui
844 5658 1150 5716 Brunonem
1201 5663 1253 5718 in
1284 5678 1530 5720 .cremum
1563 5667 1688 5722 abe-

178 5736 299 5800 Setit.
343 5741 514 5817 Neque
583 5749 827 5820 profecto
890 5751 1201 5810 horribilem
1253 5754 1397 5812 illius
1451 5757 1687 5816 doctoris

1787 4668 2082 4722 monachus
2111 4667 2604 4723 Autissiodurensis
2663 4683 2825 4737 supra
2883 4669 2992 4725 huc
3036 4671 3360 4741 transcripta

1785 4759 1946 4813 verba
1987 4774 2054 4812 ex
2109 4758 2350 4827 llugonis
2383 4758 2877 4840 Gratianopolitani
2930 4761 3168 4832 episcOpi
3217 4761 3360 4826 Vita,

1785 4837 1882 4917 per
1905 4847 2204 4919 Guigonem
2251 4850 2493 4918 quintum
2525 4837 2830 4908 Carthasim
2864 4853 3098 4922 priorem
3139 4853 3362 4922 scripta,

1788 4939 2204 5009 deprompserit,
2235 4949 2617 5010 servatumque
2645 4940 2712 4994 ab
2738 4942 2841 4996 hoc
2871 4942 2923 4996 in
2948 4941 3054 4995 illis
3079 4941 3147 4997 de
3177 4942 3362 4998 doctos

1793 5031 1868 5086 ris
1921 5029 2244 5084 Parisiensis
2297 5031 2534 5085 anastasi
2597 5030 2870 5086 silentium
2945 5030 3086 5086 nulla
3142 5030 3364 5086 omnino

1793 5120 2150 5175 eontrahanc
2181 5121 2287 5190 (adi
2307 5136 2455 5174 num.
2483 5119 2610 5190 265)
2644 5121 2694 5174 vi
2725 5121 2940 5190 polleat,
2967 5121 3362 5177 consectarium

1793 5213 1872 5274 ﬁt,
1909 5219 1970 5265 ut
2005 5226 2127 5278 nec,
2163 5211 2306 5280 quod
2357 5212 2408 5264 in
2445 5211 2634 5266 iisdem
2688 5213 2982 5267 monachus
3025 5211 3364 5266 Antissiodo—

1793 5303 1965 5357 rensis
1993 5302 2060 5357 de
2082 5301 2268 5356 eadem
2301 5309 2498 5366 servat,
2559 5302 2737 5371 magni
2796 5301 3004 5356 roboris
3055 5301 3146 5355 sit.
3206 5299 3364 5368 Quod

1795 5405 1922 5446 vero
1950 5392 2186 5460 pertinet
2209 5391 2274 5446 ad
2303 5391 2597 5458 silentium,
2623 5405 2731 5460 quo
2781 5388 2869 5444 hic
2904 5387 3154 5444 omnibus
3199 5388 3366 5443 etiam

1796 5482 2188 5544 aliisChronici
2212 5483 2294 5538 sui
2317 5482 2451 5538 locis
2499 5481 2827 5540 horrendum
2875 5479 3192 5550 prodigium.
3229 5496 3368 5550 prae--

1795 5575 1942 5638 terit,
1969 5575 2092 5630 inde
2119 5575 2313 5641 etiam,
2341 5573 2531 5631 falsum
2569 5576 2672 5632 hoc
2695 5590 2834 5640 esse,
2885 5573 3027 5629 haud
3063 5583 3209 5630 recte
3237 5589 3368 5629 con-

1793 5667 2046 5722 cluditur.
2071 5666 2206 5721 Cnm
2237 5668 2403 5732 enim,
2435 5677 2494 5723 ut
2520 5667 2920 5724 Carthusianus
2948 5675 3130 5721 noster
3155 5681 3366 5738 anonyo

1795 5775 1914 5816 mus
1969 5767 2117 5815 recte
2175 5759 2452 5823 observat,
2519 5772 2622 5812 non
2681 5771 3144 5828 omnesprorsus
3185 5771 3370 5817 rerum
