3896 6312
429 335 526 388 185

1197 336 1253 390 S.
1297 334 1642 392 BRUNONIS
1682 331 2319 394 CAliTllUSlANOllUM
2356 329 2837 386 lNSTlTUTOIliS

3560 323 3657 374 ηδ

422 444 601 499 exitus
629 457 1039 512 commemoret.
1060 449 1320 504 horribile
1354 450 1591 506 doctoris
1623 449 1846 504 exitium
1871 461 1988 502 esse
2021 451 2064 508 Α
2093 461 2213 501 smn
2243 445 2550 515 hujusmodi
2577 455 2874 513 notataque
2919 443 3299 514 dignissimum
3329 448 3600 502 eventum,
3621 437 3665 489 si

423 544 601 602 potest
627 551 693 589 ex
722 537 806 596 iis.
829 552 964 606 quos
987 539 1201 594 silentio
1236 541 1552 610 suppressit.
1589 539 1836 593 Attamen
1872 551 1994 591 cum

428 627 728 680 monachus
756 627 862 694 ille,
901 637 959 682 ut
986 628 1260 684 Launoius
1290 631 1487 697 innuit,
1518 629 1718 683 mullus
1745 626 1995 695 equidem

433 717 503 770 sit
543 717 594 769 in
624 720 970 788 recensendis
1012 721 1296 790 prodigiis,
1339 722 1516 775 minus
1571 717 1874 774 vcrusimile
1903 730 2000 785 ap-

431 817 606 876 paret,
639 807 878 862 futurum
909 810 1099 878 fuisse,
1126 822 1184 866 ut
1211 812 1532 876 Parisiense,
1582 810 1627 864 si
1665 807 1997 877 contigisset,

433 897 674 952 damnati
700 900 1085 968 spectaculum,
1111 903 1321 957 caneris
1347 902 1617 963 omnibus,
1642 913 1761 966 qua:
1791 905 1998 962 narrat,

434 989 696 1058 prodigiis
738 1003 1035 1046 memoratu
1073 994 1258 1065 utique
1306 993 1463 1062 longe
1519 990 1752 1062 dignius,
1805 989 2002 1044 litteris

434 1080 756 1146 consignare
787 1083 1078 1139 omitteret.

503 1166 626 1222 507.
651 1169 824 1239 Atque
860 1173 984 1227 hinc
1008 1175 1116 1243 jam
1149 1173 1226 1239 ﬂt,
1261 1179 1320 1224 ut
1348 1171 1415 1226 ad
1451 1187 1640 1227 eorum
1680 1175 1770 1242 qui
1796 1174 2004 1230 luctuo-

433 1274 554 1312 sum
584 1273 833 1317 eventum
867 1274 1081 1334 negant,
1120 1265 1424 1332 opinionem
1448 1277 1478 1316 c
1500 1263 1718 1318 laudato
1738 1265 2005 1322 Autissio-

433 1339 653 1406 dorensi
683 1355 961 1420 monacho,
997 1353 1208 1406 silentio
1234 1353 1376 1406 hunc
1421 1363 1801 1422 przeterennte,
1838 1356 2004 1411 robur

434 1441 804 1514 qualecunque
835 1444 1075 1499 accedat.
1109 1442 1218 1497 Nec
1258 1442 1414 1512 juvat
1458 1462 1740 1516 reponere,
1781 1449 2003 1503 horren-

437 1535 558 1588 dam
582 1537 878 1599 historiam,
895 1545 1077 1604 utpote
1098 1535 1253 1604 cujus
1277 1552 1402 1590 vere
1426 1536 1563 1592 facta
1582 1539 1837 1594 memoria
1863 1541 2002 1610 apud

433 1623 573 1678 solos
599 1623 710 1678 fere
739 1625 1150 1681 Cartimsienses
1182 1626 1380 1681 sacculo
1398 1617 1785 1682 tertiodecimo
1809 1645 1999 1700 supcr-

433 1715 610 1782 fuerit,
642 1716 1098 1774 Autissiodurensi
1131 1719 1417 1786 monacho,
1450 1720 1540 1790 qui
1577 1730 1703 1775 tunc
1730 1736 1796 1775 ex
1843 1722 2002 1776 dictis

428 1802 798 1873 floruit,fuisse
812 1807 1137 1877 ignoratum;
1156 1825 1317 1878 quam
1337 1825 1524 1879 parum
1539 1811 1682 1864 enim
1701 1811 2005 1866 verositnilc
2033 1796 2079 1856 Β

428 1895 480 1948 id
508 1896 612 1960 sit,
669 1912 734 1952 ex
779 1897 890 1966 jam
924 1915 1084 1970 supra
1121 1899 1281 1955 dictis
1331 1900 1516 1971 liquet.
1562 1901 1731 1956 Porro
1775 1903 2008 1958 rationes

427 1988 632 2042 similes
663 1989 774 2044 fere
804 2006 867 2044 ac
906 2007 1063 2060 pares
1092 1992 1157 2047 iis
1181 2033 1195 2056 ,
1226 1995 1295 2047 ob
1322 2010 1456 2062 quas
1481 2035 1494 2057 ,
1530 2003 1586 2048 ut
1629 1997 1786 2050 modo
1826 1995 2007 2061 docui,

427 2082 680 2138 monachi
706 2081 1194 2140 Autissiodurensis
1215 2085 1491 2140 silentiqu
1523 2097 1710 2140 contra
1739 2087 2010 2158 prodigio-

429 2186 546 2225 sam
571 2173 805 2230 doctoris
836 2177 1132 2230 anastasim
1157 2177 1322 2231 robur
1345 2177 1570 2242 obtinet,
1591 2177 1794 2233 faciunt
1820 2179 2006 2244 etiam,

429 2273 489 2316 ut
514 2265 687 2320 eidem
716 2265 1083 2324 Malleacensis
1128 2267 1409 2332 Chronici,
1443 2265 1594 2336 cujus
1628 2278 1817 2324 auctor
1863 2269 2010 2324 circa

431 2370 632 2410 annum
658 2357 796 2412 1140
826 2357 1028 2424 ﬂoruit,
1055 2359 1328 2414 silentium
1357 2359 1576 2416 otiiciat.
1619 2360 1694 2414 De
1723 2360 1826 2415 hoc
1864 2359 2010 2415 enim

430 2447 702 2502 Chronico
749 2448 1020 2503 Launoius
1051 2466 1104 2504 tn
1155 2466 1252 2505 sua
1292 2452 1356 2504 de
1397 2466 1524 2506 vera
1565 2466 1726 2506 causa
1764 2465 2013 2507 secessus

435 2537 499 2590 S.
533 2536 869 2592 Brunonisiu
892 2555 1130 2594 eremum
1149 2541 1557 2606 dissertatione,
1593 2556 1712 2610 cap.
1751 2543 1796 2605 l,
1833 2542 1903 2596 ita
1935 2541 2015 2597 lo-

435 2615 652 2692 quitur:
673 2646 690 2678 ‹
709 2626 932 2682 Plenum
955 2640 1036 2684 cst
1059 2629 1355 2685 visionibus
1379 2641 1434 2686 et
1456 2632 1664 2686 eventis
1688 2633 2013 2688 memorabi-

434 2714 597 2781 libus,
625 2733 744 2787 qua:
767 2719 834 2776 ab
857 2729 1076 2774 auctore
1101 2721 1449 2790 cupidissime
1477 2733 1801 2786 narrantur;
1838 2733 1898 2776 ut
1929 2724 2012 2777 vel

436 2805 565 2858 inde
588 2805 820 2874 judices,
870 2825 1132 2877 nusquam
1169 2811 1654 2879 prmtcrmissurnm
1695 2813 1860 2867 fuisse
1909 2812 2015 2867 tale

436 2897 820 2964 spectaculum,
841 2897 884 2952 si
921 2900 1235 2968 contigisset
1257 2911 1311 2956 et
1341 2915 1403 2954 ea
1436 2901 1749 2972 contigisset
1785 2901 2012 2966 ratione,

438 3004 559 3057 quae
581 2988 745 3043 libros
765 2998 1043 3044 auctorum
1073 2991 1313 3044 omnium
1349 2991 1678 3060 implevisset
1701 3008 1715 3054 ;
1740 3011 1757 3042 ι
1779 2989 2017 3045 Launoio

438 3087 619 3132 autem
645 3080 697 3134 in
726 3079 790 3133 iis
812 3119 826 3142 ,
854 3095 973 3150 qua:
1004 3079 1090 3133 hic
1118 3081 1182 3134 de
1226 3080 1563 3136 Malleacensi
1595 3081 1893 3146 Chronico,
1923 3097 2015 3136 seu

2096 535 2272 590 locum
2297 553 2530 606 unquam
2560 537 2856 600 habuisset,
2903 533 3285 589 verosimiliter
3327 526 3520 585 scituri
3564 541 3670 580 me-

2097 630 2466 698 moraturique
2510 629 2761 684 fuissent.
2818 627 3088 682 ClBlCl'Illn
3132 620 3490 692 scriptoribus
3536 618 3672 671 anti-

2097 720 2242 788 quis,
2271 719 2362 789 qui
2399 719 2614 774 silentiu
2660 735 2760 774 suo
2801 716 3048 773 horribili
3097 714 3363 785 prodigio,
3397 718 3582 780 utpote
3623 707 3674 760 id

2098 813 2324 881 pariter,
2353 813 2398 867 si
2424 813 2636 878 fuisset,
2662 810 3047 866 verosimiliter
3064 807 3152 864 vel
3175 805 3502 876 argumenti,
3535 800 3676 869 quod

2102 914 2426 968 tractarunt,
2468 905 2680 958 ratione
2699 944 2713 967 ,
2743 902 2828 958 vel
2859 901 3039 972 aliqua
3069 908 3396 968 quacunque
3419 895 3487 948 de
3515 905 3677 947 causa

2101 995 2624 1058 commemoraturi,
2683 1002 2960 1060 utcunque
3005 988 3278 1049 ofﬁciunt;
3341 983 3466 1039 addi
3515 981 3679 1034 etiam

2102 1097 2344 1160 possent,
2372 1079 2674 1154 tumllugo
2697 1082 3123 1140 Flaviuiacensis
3167 1077 3432 1146 multique
3483 1073 3606 1137 alii,
3649 1086 3680 1126 a

2104 1177 2342 1233 Launoio
2361 1192 2468 1232 non
2492 1177 2794 1238 memorati,
2811 1189 2948 1245 quos
2960 1173 3048 1228 hic
3068 1183 3389 1229 enumerare
3401 1178 3684 1221 necessum

2103 1284 2210 1324 non
2241 1277 2346 1333 est,
2371 1277 2482 1322 tum
2509 1268 2744 1324 maxime
2773 1265 3016 1330 ascetici,
3058 1262 3337 1330 divinique
3364 1256 3517 1313 verbi
3549 1268 3684 1324 prte—

2103 1376 2287 1424 coues,
2316 1359 2432 1430 qui,
2458 1373 2603 1422 cum,
2634 1368 2693 1413 ut
2736 1357 2984 1412 homines
3011 1362 3065 1409 et
3093 1368 3122 1406 a
3155 1349 3304 1405 vitiis
3341 1344 3688 1418 peccatisqua

2105 1459 2410 1514 avocarent,
2443 1458 2500 1506 et
2531 1451 2598 1504 ad
2641 1450 2896 1504 virtutem
2930 1445 3330 1501 inllammarent
3352 1480 3367 1505 ,
3409 1446 3690 1493 sermones

2104 1561 2221 1616 pms
2243 1541 2554 1605 habuerint,
2585 1547 2849 1594 tractatus
2869 1550 3054 1591 saeros
3081 1531 3383 1596 ediderint,
3410 1527 3696 1596 religiosas.

2104 1634 2482 1691 meditationes
2495 1630 2917 1700 composuerint,
2939 1625 3199 1682 horribile
3221 1619 3694 1691 illudprodigium.

2105 1725 2148 1778 si
2178 1723 2534 1793 contigisset,
2554 1720 2751 1776 alicubi
2775 1719 2826 1774 in
2859 1717 3008 1774 hisce
3036 1712 3422 1771 verosimiliter
3455 1721 3698 1765 comme-

2109 1825 2436 1878 morassent,
2454 1822 2640 1882 utpote
2666 1825 2772 1881 quo
2796 1809 2930 1864 nihil
2953 1808 3066 1863 fere
3091 1807 3158 1861 ad
3187 1805 3351 1861 finem
3375 1817 3404 1856 a
3435 1816 3494 1857 se
3519 1801 3698 1855 inten-

2111 1916 2223 1961 tum
2264 1904 2436 1973 magis
2477 1912 2661 1971 aptum
2702 1899 2984 1970 magisque
3028 1897 3339 1952 conducens
3385 1890 3702 1960 excoigitare

2113 2008 2206 2052 aut
2231 1998 2432 2067 fingere
2463 1995 2783 2064 potuissent.
2823 1991 2961 2046 llinc
2993 1989 3270 2044 Launoius
3294 1981 3701 2040 dissertationis

2115 2089 2414 2159 sepissime
2437 2085 2549 2154 jam
2579 2083 2811 2138 laudaui:
2841 2096 2959 2150 cap.
2991 2081 3015 2134 l
3045 2077 3406 2148 scriptoribus
3435 2071 3698 2142 antiquis,

2113 2193 2343 2250 quorum
2369 2176 2643 2232 silentium
2691 2171 3013 2244 prodigiosa:
3042 2168 3282 2224 doctoris
3312 2164 3554 2224 anastasi
3585 2161 3702 2218 olli-

2115 2273 2211 2334 cit,
2243 2270 2404 2327 etiam
2436 2266 2794 2322 llumbcrtum
2826 2263 3193 2333 Burgundum,
3225 2259 3477 2331 quintum
3506 2256 3701 2327 prtedl-

2115 2370 2357 2416 calorum
2389 2355 2697 2427 generalem
2753 2353 3068 2424 magistrum
3089 2391 3104 2415 ,
3136 2359 3190 2405 ct
3229 2348 3290 2404 S.
3334 2346 3704 2412 Bernardum,

2115 2448 2584 2506 Clanevallcnsem
2640 2443 2893 2500 abbatem
2924 2481 2940 2506 ,
2988 2447 3278 2502 accenset;
3340 2452 3405 2492 ac
3461 2436 3704 2506 priorem

2117 2541 2336 2613 quidem
2392 2548 2578 2602 recte;
2621 2545 2678 2590 at
2730 2549 2836 2589 non
2888 2534 3018 2588 item
3071 2519 3468 2600 posteriorem,
3519 2523 3702 2613 habita

2119 2611 2282 2686 etiam
2336 2631 2548 2686 ratione
2599 2624 2866 2702 epistolae,
2920 2621 2988 2678 ad
3029 2619 3226 2676 fratres
3261 2618 3330 2674 de
3359 2614 3561 2682 Monte
3609 2611 3709 2672 Dei

2119 2721 2456 2791 conscripta).

2180 2808 2304 2862 509.
2345 2805 2444 2860 llic
2495 2807 2642 2860 enim
2691 2813 2952 2869 sanctus,
3007 2819 3118 2874 quo
3157 2804 3235 2859 ad
3281 2804 3416 2859 vitia
3477 2803 3703 2858 vitanda

2111 2899 2474 2968 virtutemque
2499 2898 2932 2967 amplectendam
2963 2897 3202 2968 legentes
3233 2897 3587 2952 audientesve
3609 2911 3706 2950 ex-

2112 2989 2264 3054 citet,
2301 2988 2460 3042 unice
2513 2985 2642 3052 fere,
2691 3003 2814 3056 qua:
2845 3001 3002 3046 sacra
3055 2986 3339 3058 Scriptura
3369 2986 3708 3056 suppeditat,

2114 3079 2462 3133 inritamenta
2503 3076 2556 3132 in
2602 3078 2949 3134 sermonibus
2973 3077 3101 3146 piis,
3123 3093 3264 3147 quos
3286 3076 3478 3132 habuit
3502 3086 3708 3132 traeta-.

438 3169 616 3238 potius
647 3171 710 3224 de
743 3169 901 3240 hujus
932 3180 1154 3225 auctore
1185 3161 1565 3237 aliirmat,esse
1593 3173 2018 3238 asscntiemlum,
2049 3171 2094 3233 C
2115 3170 2367 3238 tibusque
2397 3167 2590 3234 sacris,
2639 3183 2780 3237 quos
2815 3168 3002 3232 edidit,
3037 3168 3295 3222 adhibere
3335 3177 3420 3222 est
3467 3167 3704 3223 solitus:

439 3262 727 3331 ipsummet
771 3261 1073 3332 inspectum
1107 3261 1320 3317 docebit
1371 3263 1472 3317 hoc
1517 3263 1847 3326 Chronic-on,
1877 3263 2022 3332 quod

382 3345 394 3354 ’
441 3351 585 3420 apud
609 3351 882 3406 Labbeum
927 3361 1073 3408 tome
1103 3353 1143 3407 ll
1179 3353 1521 3408 Bibliotheca:
1564 3369 1713 3409 nova:
1764 3353 2020 3409 librorum

443 3457 572 3494 tnss.
634 3443 794 3496 modo
841 3454 1018 3498 exstat
1068 3444 1348 3499 inscrtmn.
1405 3445 1514 3499 Nec
1559 3446 1703 3499 onmi
1759 3446 1921 3500 etiam
1971 3445 2021 3499 vi

445 3532 757 3586 destituitur
784 3533 848 3587 de
872 3534 1110 3590 doctoris
1133 3536 1368 3589 anastasi
1399 3537 1674 3590 silentiqu
1707 3538 1774 3589 ab
1800 3547 2023 3590 auctore

443 3619 669 3673 Florum
695 3636 826 3674 mss.
849 3619 1211 3678 Historiarum
1238 3624 1466 3692 Adamo,
1488 3625 1773 3682 Vincentio
1794 3629 2033 3685 Bellova-

447 3711 598 3765 censi
626 3709 697 3766 'et
735 3714 998 3783 scriptore
1029 3715 1287 3772 Chronici
1335 3718 1390 3772 S.
1441 3719 1656 3774 Martini
1695 3721 2034 3779 Turonensis

447 3812 745 3857 servatum.
780 3803 892 3860 Etsi
920 3806 1063 3861 enim
1113 3818 1221 3864 tres
1251 3811 1302 3864 bi
1341 3812 1654 3882 scriptores,
1696 3823 1757 3868 ut
1793 3814 2033 3870 Cartbu—

449 3894 640 3950 sianus
665 3905 847 3951 noster
875 3915 1181 3971 anonymus
1207 3913 1350 3957 recte
1373 3905 1648 3968 observat,
1679 3907 1840 3960 verba
1861 3923 1980 3974 sua,
2003 3924 2034 3962 a

450 3985 697 4041 Launoio
743 3990 985 4056 recitata,
1022 3994 1104 4046 vel
1137 4012 1202 4048 ex
1228 3995 1473 4064 Guigone
1510 3998 1702 4066 quinto
1730 3997 2038 4056 Carthusize

448 4075 652 4147 priore,
704 4082 787 4136 vel
818 4099 880 4136 ex
933 4083 1208 4140 Gaufredo
1253 4087 1524 4156 V'osiensi,
1566 4091 1646 4142 vel
1681 4106 1744 4144 ex
1783 4092 1906 4146 aliis
1938 4094 2036 4148 de-

448 4169 633 4237 nique,
661 4187 891 4239 quorum
931 4175 1204 4230 silentium
1236 4195 1304 4232 ex
1326 4179 1486 4233 dictis
1514 4189 1607 4233 aut
1636 4182 1770 4236 nihil
1790 4185 2035 4253 omnino,

449 4269 544 4314 aut
609 4272 754 4317 certe
802 4281 992 4334 parum
1061 4271 1352 4324 admodum
1416 4272 1740 4342 prodigiosa:
1795 4279 2036 4333 anastasi

449 4351 622 4420 obest,
664 4355 883 4412 indubic
925 4362 1256 4430 acceperint,
1307 4362 1444 4420 alios
1491 4371 1670 4420 tamen
1720 4366 1886 4420 etiam
1930 4384 2037 4426 non

449 4459 654 4512 paucos
683 4449 998 4518 scriptores,
1034 4454 1235 4508 smculo
1262 4471 1382 4519 xm,
1410 4471 1521 4524 quo
1547 4455 1870 4524 floruerunt,
1897 4461 2041 4515 anti-

450 4538 692 4608 quiores,
725 4543 1021 4599 adhibuere
1068 4556 1232 4616 atque
1281 4548 1334 4602 in
1379 4548 1528 4605 hisce
1569 4551 1614 4606 si
1655 4554 1786 4623 quid
1834 4515 2099 4609 meme-2D

447 4638 571 4682 ratu
598 4629 821 4702 dignum
867 4635 1210 4702 invenerunt,
1253 4639 1304 4693 id
1357 4639 1410 4694 in
1457 4641 1868 4702 lucubrationes
1911 4663 2041 4703 suas

450 4722 655 4788 passim
680 4724 933 4782 intulere.

523 4813 645 4869 308.
689 4815 868 4883 Quare
897 4835 1020 4872 eum
1055 4822 1256 4876 nullam
1294 4826 1506 4894 uspiam
1533 4827 1588 4882 in
1618 4829 1768 4886 hisce
1799 4831 2042 4888 doctoris

451 4907 700 4975 redivivi,
733 4912 849 4982 qui,
893 4928 1011 4966 sese
1031 4913 1182 4984 justo
1206 4915 1297 4972 Dei
1321 4919 1532 4988 judicio
1558 4921 1903 4990 damnatum,
1932 4942 2040 4995 pu-

447 4998 588 5055 blice
633 5017 663 5055 e
701 5001 901 5057 feretro
953 5007 1260 5065 astantibus
1301 5011 1660 5080 denuntiarit,
1708 5017 2042 5074 mentionem

451 5091 678 5161 faciant,
703 5109 1029 5168 argumento
1081 5101 1132 5154 id
1179 5112 1282 5168 est,
1329 5105 1472 5174 apud
1507 5107 1802 5176 scriptores
1832 5110 1975 5176 illos,
2013 5129 2042 5166 e

449 5185 650 5251 quibus
687 5185 826 5242 forte
866 5189 1036 5260 aliqui
1085 5200 1387 5262 temporum
1434 5197 1631 5266 injuria
1673 5203 1837 5256 modo
1875 5203 2040 5259 etiam

448 5279 678 5345 periere,
711 5297 743 5335 a
786 5279 1071 5339 Vincentio
1115 5286 1345 5357 aliisque
1379 5290 1594 5345 duobus
1642 5294 1876 5350 laudatis
1905 5297 2041 5351 scri—

451 5369 698 5435 ptoribus
741 5371 964 5426 feralem
1017 5375 1299 5432 historiam
1348 5396 1457 5436 non
1514 5380 1685 5438 fuisse
1741 5385 2036 5445 inventam.

458 5457 609 5511 Unde
635 5462 712 5525 lit,
745 5473 804 5516 ut
834 5473 1024 5520 contra
1055 5467 1194 5523 hanc
1231 5487 1342 5526 non
1371 5489 1564 5542 parum
1593 5474 1798 5532 faciant
1819 5488 1930 5535 tres
1950 5481 2040 5537 isti

453 5550 770 5620 scriptores,
823 5566 1008 5626 utpote
1062 5560 1278 5618 silentio
1326 5581 1427 5621 suo
1468 5567 1744 5624 silentium
1803 5571 2039 5627 aliorum

454 5639 724 5708 ninnium,
759 5662 787 5699 a
819 5662 877 5702 se
899 5649 1266 5708 adhibitorum
1294 5699 1306 5720 ,
1335 5658 1741 5726 quodammodo
1777 5670 2042 5718 testantes

457 5733 922 5814 tm‘oiventesque,
946 5760 1180 5815 quorum
1208 5756 1387 5805 tamen
1420 5750 1586 5824 aliqui
1613 5753 1803 5807 saltem
1829 5754 2044 5812 luctuo-

2115 3261 2399 3332 epistolam
2425 3269 2605 3315 autem
2631 3303 2644 3325 ,
2678 3260 2743 3314 ad
2773 3261 2968 3315 fratres
2995 3260 3062 3314 de
3093 3259 3272 3314 Monte
3302 3261 3397 3314 Dei
3423 3261 3709 3330 scriptam,

2115 3368 2226 3407 non
2251 3351 2536 3416 Bernardi,
2565 3351 2660 3406 sed
2691 3350 2971 3415 Willclmi,
3004 3352 3324 3406 monasterii
3359 3351 3416 3404 S.
3451 3350 3711 3404 Theodo-

2117 3443 2218 3498 rici
2246 3457 2411 3512 prope
2438 3441 2638 3497 Remos
2685 3442 2920 3510 abbatis,
2963 3441 3132 3498 fetum
3165 3459 3308 3509 esse,
3352 3442 3714 3502 Mabillonius.

2118 3545 2254 3590 tom.
2289 3534 2330 3587 ll
2356 3533 2594 3604 Operum
2631 3533 2688 3589 S.
2730 3533 2992 3592 Bernardi
3029 3553 3153 3606 pag.
3193 3536 3296 3591 l98
3338 3545 3395 3590 et
3425 3544 3550 3606 post
3583 3551 3716 3592 eum

2122 3627 2372 3684 Historia:
2399 3626 2949 3683 litterarize-Francize
2981 3628 3277 3698 scriptores
3307 3636 3440 3682 tom.
3478 3627 3549 3680 XI
3585 3643 3713 3698 pag.

2120 3720 2225 3774 623i
2247 3719 2485 3774 dilucide
2521 3721 2837 3786 ostendunt,
2871 3730 3125 3792 certeque
3155 3730 3348 3777 sancto
3372 3720 3502 3775 huic
3524 3721 3714 3775 abbati

2125 3829 2229 3866 non
2270 3827 2433 3882 posse
2480 3811 2724 3880 attribui,
2766 3814 2909 3882 apud
2953 3828 3145 3868 omnes
3189 3815 3352 3868 modo
3371 3813 3621 3868 eruditos
3660 3813 3720 3868 in

2124 3905 2376 3959 confesso
2394 3914 2496 3960 est.
2527 3904 2637 3960 Nec
2662 3913 2746 3962 est
2772 3915 2974 3972 tamen,
3008 3922 3109 3961 cur
3137 3906 3264 3960 hinc
3293 3906 3456 3961 modo
3486 3905 3718 3972 inferas,

2116 3997 2458 4052 .Willelmum
2500 3997 2555 4050 S.
2591 3995 2916 4052 Theoderici
2975 4013 3144 4068 prope
3193 3998 3395 4054 Ilemos
3439 3999 3724 4066 abbatem,

2115 4069 2285 4162 :cujus
2313 4107 2380 4146 ex
2405 4090 2533 4160 jam,
2555 4090 2717 4145 dictis
2751 4089 2972 4144 laudata
3003 4090 3232 4160 epistola
3257 4098 3362 4156 est,
3395 4090 3720 4144 auctoribus

2130 4183 2389 4253 antiquis,
2414 4198 2650 4253 quorum
2675 4182 2954 4237 silentium
2977 4183 3243 4238 luctuosae
3263 4183 3506 4237 damnati
3529 4181 3728 4237 docto-2

2133 4276 2210 4331 ris
2259 4275 2502 4330 historiae
2549 4275 2732 4340 ollieit,
2782 4285 2905 4330 esse
2942 4276 3365 4330 aceensendum.
3409 4265 3525 4330 Etsi
3573 4275 3728 4332 enim

2134 4366 2442 4424 Willelmus
2478 4383 2604 4422 vere
2642 4369 2714 4422 sit
2741 4368 3020 4437 antiquus,
3067 4367 3205 4421 nihil
3237 4377 3427 4422 tamen
3455 4367 3728 4433 occurrit,

2133 4477 2243 4531 quo
2279 4461 2590 4516 verosimile
2639 4469 2916 4530 utcunque
2958 4459 3073 4525 ﬁat,
3127 4459 3374 4514 futurum
3423 4456 3614 4524 fuisse,
3667 4469 3733 4520 ut

2134 4552 2399 4607 horribile
2427 4552 2756 4623 prodigium,
2789 4552 2836 4606 si
2880 4550 3086 4607 factum
3123 4551 3179 4606 id
3221 4550 3493 4616 scivisset,
3527 4549 3582 4604 in
3611 4550 3735 4620 epi-

2135 4644 2270 4698 stola
2295 4644 2384 4698 illa
2411 4653 2885 4700 commemoraret.
2911 4643 3068 4711 Quod
3107 4643 3273 4699 modo
3294 4642 3361 4698 ad
3394 4643 3557 4709 alios,
3589 4657 3738 4713 quos

2139 4735 2419 4792 Launoius
2464 4736 2524 4791 in
2558 4752 2674 4792 rem
2713 4751 2870 4791 suam
2921 4736 3100 4792 adhoc
3138 4735 3381 4800 adducit,
3427 4736 3738 4804 scriptores

2139 4830 2391 4898 pertinet,
2435 4830 2504 4884 iis
2540 4829 2659 4896 hic,
2690 4829 2837 4900 quod
2879 4829 3038 4894 tales,
3075 4828 3120 4883 si
3178 4826 3320 4882 forte
3359 4825 3629 4882 Joannem
3666 4825 3739 4880 de

2142 4919 2198 4974 S.
2228 4919 2446 4975 Victore
2473 4919 2776 4989 exceperis,
2809 4935 2916 4974 non
2946 4919 3076 4983 sint,
3111 4928 3170 4974 ut
3197 4917 3464 4974 famosam
3488 4916 3738 4971 doctoris

2143 5012 2476 5076 anastasim,’
2501 5013 2544 5067 si
2569 5027 2690 5066 eam
2720 5020 2814 5066 aut
2852 5011 3114 5081 legissent
3158 5010 3395 5080 uspiam,
3443 5017 3541 5063 aut
3578 5008 3742 5063 audi-

2142 5107 2350 5160 vissent
2372 5104 2657 5168 accidisse,
2681 5103 3162 5157 commemoraturi
3184 5101 3572 5156 verosimiliter
3593 5100 3741 5154 fuis-

2145 5211 2265 5252 sent
2292 5195 2616 5251 nominatim
2647 5193 3017 5258 recensendis,
3051 5204 3108 5247 ut
3147 5208 3310 5262 supra
3345 5185 3622 5246 facturum
3651 5207 3745 5246 me

2146 5287 2355 5351 monui,
2380 5286 2728 5355 supersedeo,
2750 5295 2804 5340 et
2827 5285 2894 5340 ad
2919 5284 3309 5348 discutiendas,
3334 5281 3400 5337 ad
3423 5281 3743 5338 institutum

2148 5387 2398 5434 nostrum
2434 5378 2701 5448 praecipue
2743 5385 3072 5448 spectantes,
3105 5391 3244 5447 quas
3266 5392 3333 5430 ex
3375 5385 3669 5430 auctorum
3714 5391 3746 5428 a

2151 5486 2209 5526 se
2235 5471 2580 5525 laudatorum
2608 5470 2828 5525 silentio
2850 5469 3132 5524 Launoius
3169 5468 3389 5533 format,
3420 5467 3748 5522 conclusio-

2149 5576 2252 5623 nes
2282 5562 2615 5633 progredior.
