3814 6306
10 3910 12 4063 l

105 326 176 381 185
1549 318 1753 374 ACTA.

3190 320 3293 376 186

105 441 122 509 §
155 431 299 509 XVIII.
334 430 698 509 Conclusion“
740 427 997 501 pra'cipue
1017 445 1204 509 ._quns
1245 427 1515 509 Lauricius
1544 446 1609 483 ex
1638 440 1686 497 Α
1719 431 1871 489 Unde
1889 445 1995 488 non
2025 430 2245 496 mirum,
2273 430 2316 489 si
2342 430 2482 501 apud
2512 429 2711 489 citatos
2754 439 3005 488 auctores
3041 433 3172 489 nihil
3202 449 3296 488 oo.

146 506 411 569 scriptorum
438 497 804 567 antiquarunt,
846 516 877 553 a
901 497 958 552 se
988 497 1336 561 adducturum
1356 540 1372 566 ,
1404 499 1610 553 silentio

148 577 305 651 [armat
320 611 333 635 ,
365 570 737 622 discutiuntur.

146 707 240 763 510.
255 704 443 774 thuid
456 711 646 758 contra
668 701 971 758 luctuosam
982 702 1470 759 doetorisdamnati
1496 704 1612 759 his-

99 800 259 861 toriam,
271 806 317 851 et
328 812 393 848 an
408 803 642 858 tantum,
658 802 919 862 quantum
931 792 1208 848 Launoius
1223 792 1357 859 vult,
1372 793 1617 863 antiquo-

98 904 181 945 rum
202 887 501 955 scriptorum
532 884 810 940 silentium
832 898 924 939 seu
951 884 1133 953 potius
1156 883 1386 938 formata
1411 899 1479 939 ex
1508 884 1615 940 hoc

97 984 347 1046 argumenta
377 974 626 1043 negativa
652 972 888 1033 valeant,
909 973 1082 1043 magis
1104 974 1283 1029 adhuc
1312 972 1608 1036 elncescat,

92 1065 264 1138 iuverit,
287 1065 427 1118 hisce
459 1063 622 1117 modo
650 1061 910 1117 discussis
933 1102 950 1127 ,
998 1062 1376 1117 conclusiones
1423 1062 1612 1127 etiam,

97 1156 459 1226 quasLaunoins
490 1171 558 1211 ex
605 1155 797 1210 iisdem
842 1156 997 1223 sequi
1030 1154 1249 1217 asserit,
1274 1154 1609 1211 examinare.

94 1251 219 1317 Atque
241 1247 283 1301 id
311 1247 546 1317 quidem,
567 1262 637 1301 ne
660 1245 743 1300 vel
773 1245 897 1305 huic
921 1244 1195 1319 scriptori,
1218 1244 1373 1313 cujus
1401 1244 1467 1307 de
1482 1258 1609 1301 vera

96 1352 209 1393 causa
242 1350 468 1392 secessus
502 1334 562 1389 S.
592 1334 860 1389 Brunonis
894 1334 947 1388 in
986 1348 1231 1389 eremum
1266 1334 1615 1391 Dissertatio;

94 1444 180 1483 nem
201 1428 437 1485 librorum
465 1428 871 1501 prohibitorum
902 1426 1159 1495 Catalogo
1189 1425 1435 1481 Romana
1483 1441 1612 1480 cen-

94 1533 181 1571 sura
200 1518 650 1586 novi,ascriptam
672 1556 689 1580 ,
722 1516 948 1571 nimium
977 1516 1318 1582 attribuisse,
1353 1514 1459 1580 vel,
1490 1529 1611 1584 qua:

94 1606 274 1662 Launoio
316 1623 621 1679 anonymus
652 1606 944 1661 Annalium
984 1606 1453 1662 Carthusiensinm
1484 1605 1608 1660 libri

94 1699 220 1765 quarti
265 1698 518 1753 hactenus
568 1712 677 1752 non
708 1695 905 1765 vulgati
938 1706 1129 1750 auctor
1174 1696 1419 1766 opponit,
1448 1711 1610 1767 argu-

1716 535 1900 580 currat
1939 524 2006 579 de
2036 524 2259 579 redivivi
2302 524 2538 580 hominis
2576 524 2910 595 spectaculo.
2940 524 3046 580 Sed
3077 527 3296 594 quando

1715 614 2117 671 Cartbusiensis
2158 615 2293 670 ordo
2336 614 3166 686 cmpit'propagari,‘anonymus
3204 631 3296 671 no-

1714 706 1858 770 ster‘,
1887 706 1979 775 qui
2027 706 2236 776 primus
2292 705 2438 761 circa
2486 720 2685 760 annum
2730 706 2868 761 l220
2902 706 3047 777 (imo
3088 708 3294 762 verosi-

1712 796 1937 860 militer,
1968 807 2028 850 ut
2055 812 2204 850 num.
2238 795 2304 850 l2
2332 806 2388 852 et
2411 811 2568 868 seqq.
2595 797 2773 862 docui,
2798 812 2906 850 non
2937 805 3065 852 ante
3090 813 3290 853 annum

1714 887 1889 957 1250)
1939 888 2004 943 de
2047 887 2313 942 industria
2368 890 2605 960 suscepit
2646 890 2799 944 initia
2849 890 2993 944 illius
3033 891 3296 945 mandare

1711 977 1909 1037 litteris
1933 1018 1949 1043 ,
1985 977 2157 1033 fusius
2195 993 2260 1033 ac
2295 978 2557 1048 prolixius
2603 981 2739 1035 Acta
2780 978 2838 1034 S.
2888 979 3155 1034 Brunonis
3202 982 3295 1035 ile-

1712 1071 1977 1133 scribens,
2008 1070 2150 1124 hanc
2194 1070 2487 1124 anastasim
2523 1086 2769 1126 secessus
2798 1071 2942 1127 illius
2966 1070 3017 1125 in
3048 1085 3290 1126 eremnm

1710 1174 1930 1218 causam
1961 1159 2474 1220 fuisse.edisserere
2513 1176 2618 1214 non
2659 1161 2862 1217 omisit.
2911 1180 2930 1214 ι

1780 1253 1905 1307 512.
1928 1251 2053 1306 Huic
2067 1251 2175 1315 ille,
2189 1250 2530 1321 transcriptis
2552 1251 2902 1322 deinde,‘qu:e
2918 1252 3029 1322 jam
3044 1252 3292 1319 recitavi,

1711 1343 1863 1397 hisce
1898 1341 2125 1396 Launoii
2164 1342 2364 1396 verbis.
2392 1360 2410 1392 ‹
2449 1340 2507 1394 In
2550 1341 2822 1396 cumulum
2846 1344 3076 1407 accedit,
3107 1361 3126 1396 ι
3161 1352 3290 1407 etc.,

1709 1434 1789 1490 sic
1813 1449 2042 1504 pergens
2066 1451 2079 1487 :
2112 1452 2131 1485 ι
2157 1430 2277 1487 Jam
2306 1447 2469 1503 supra
2496 1432 2633 1488 satis
2661 1432 3020 1500 ostendimus,
3045 1443 3290 1491 sanctum

1712 1527 2018 1581 Brunonem
2055 1540 2161 1581 non
2190 1524 2538 1580 Dorocortori
2587 1524 2906 1590 Remorum,
2938 1526 3031 1581 sed
3063 1526 3295 1582 Lutetiae

1708 1620 2041 1677 Parisiorum
2090 1618 2377 1674 consilium
2427 1617 2717 1673 secedendi
2761 1619 2813 1671 in
2861 1632 3106 1673 cremum
3139 1633 3295 1674 acce-

1707 1713 1893 1783 pisse,
1947 1718 2009 1765 ut
2068 1710 2235 1764 etiam
2271 1717 2461 1763 censet
2497 1709 2692 1762 doctus
2739 1708 2970 1763 Bnliens.
3020 1707 3293 1763 Praeterea

95 1800 219 1842 menta
259 1789 558 1857 inﬁrmasse
615 1790 820 1855 videar,
852 1805 914 1844 ea
948 1790 1159 1843 ratione
1193 1790 1494 1859 praestabo,
1548 1797 1605 1843 ut

1723 1819 1869 1874 quam
1900 1802 2167 1857 incertum
2211 1800 2283 1855 sit
2310 1799 2556 1856 Guiberti
2600 1799 2966 1871 testimonium
2994 1841 3010 1865 ,
3048 1808 3200 1870 patet
3225 1814 3293 1855 ex

94 1879 170 1945 ipsa
192 1890 281 1933 tum
303 1880 473 1949 hujus,
504 1890 619 1945 tum
666 1880 808 1935 illius
842 1881 1005 1934 verba
1049 1880 1365 1949 plerumque
1396 1879 1618 1937 descri~,

93 1981 228 2039 plurus
254 1972 367 2037 siin,
398 1988 462 2027 ac
515 1982 633 2026 tum
666 1974 905 2038 domum,
943 1987 1065 2041 quae
1093 1987 1212 2033 mea
1259 1973 1327 2025 de
1373 1971 1605 2026 Launoii

94 2060 471 2125 conclusionibus,
487 2062 946 2132 Carthusianique
965 2064 1029 2116 ad
1046 2057 1144 2117 bas
1167 2062 1615 2133 responsionibus

94 2150 137 2201 sit
167 2151 314 2219 opinio
334 2191 349 2221 ,
380 2153 764 2222 adjuncturus.
794 2152 1065 2206 Launoins
1092 2159 1275 2221 itaque
1310 2166 1378 2207 ex
1421 2160 1607 2205 aucto~

95 2252 173 2290 nun
189 2239 423 2306 omnium,
439 2256 584 2311 quos
606 2240 854 2307 adduxit,
878 2242 1095 2297 silentio
1118 2242 1354 2313 primum
1385 2241 1606 2297 conclu-

99 2329 201 2391 dit,i
228 2329 515 2386 Coloratam
565 2331 714 2386 illam
752 2341 805 2386 et
842 2333 1168 2402 picturatam
1201 2333 1287 2404 (in
1318 2332 1607 2389 Cartbusia

95 2420 242 2475 scilicet
276 2422 565 2479 Parisiensi
606 2423 907 2503 praecipue)
946 2424 1261 2489 historiam,
1294 2439 1416 2495 quin
1461 2438 1606 2479 sece-

95 2512 204 2565 ἀρηιὶὶ
229 2512 277 2566 ἱιι
312 2528 554 2569 eremuni
594 2528 814 2572 causam
852 2513 1094 2577 Brunoni
1138 2512 1355 2569 dedisse
1407 2511 1611 2580 fertur,

95 2600 198 2656 obrui
240 2606 529 2660 contumaci
588 2604 806 2659 silentio
855 2614 1141 2661 auctorum
1197 2606 1469 2672 omnium,
1511 2607 1604 2676 qui

96 2696 138 2747 ab
154 2711 260 2751 anno
284 2699 477 2761 Christi
496 2698 651 2765 ,1084
680 2700 747 2753 ad
774 2714 976 2753 annum
1002 2698 1142 2753 1322
1194 2707 1250 2753 et
1279 2714 1345 2755 eo
1375 2699 1609 2769 amplius

96 2786 355 2845 claruerunt.
393 2790 551 2858 Quod
584 2791 729 2860 apud
760 2792 1012 2845 cordatos
1044 2801 1206 2860 atque
1238 2791 1482 2849 eruditos
1511 2792 1608 2845 hoc

97 2878 215 2933 mines
238 2880 418 2936 suliicit
442 2882 510 2943 ad
547 2880 742 2937 fabula:
770 2880 1221 2937 eonfntationem.
1245 2883 1300 2935 In
1330 2883 1606 2939 cumulum

10 2982 11 3029 ξ
97 2969 244 3022 accedit
268 2970 383 3033 hinc
422 2972 726 3025 auctoritas
749 2971 1017 3027 Brunonis
1054 2973 1253 3041 ipsius,
1283 2973 1605 3030 Carthusia-

98 3071 235 3111 uorum
281 3057 603 3124 fundatoris,
635 3060 727 3129 qui
778 3077 887 3114 non
943 3060 1173 3117 Lutetia:
1224 3061 1558 3119 Parisiorum
1587 3103 1603 3127 ,

1709 1905 1790 1951 tot
1817 1891 2507 1961 ballucinationibus,quas
2535 1890 2589 1944 in
2618 1898 2767 1945 textu
2796 1889 3129 1945 narrationis
3150 1889 3295 1946 illius

1707 1986 2039 2043 deteximus.
2077 2004 2096 2036 ι
2127 1983 2198 2041 Ut
2221 1998 2343 2053 quae
2368 1983 2435 2037 de
2469 1982 2619 2037 hisce
2650 1980 2811 2036 modo
2843 1994 2963 2034 mea
2994 1980 3065 2035 sit
3087 1980 3293 2050 opinio,

1706 2079 1895 2148 paucis
1932 2078 2141 2133 edicam
2163 2116 2179 2142 ,
2213 2092 2343 2131 sane
2368 2075 2642 2141 Launoins
2669 2088 2738 2129 ex
2776 2073 3040 2137 omnium,
3071 2087 3207 2141 quos
3233 2072 3289 2125 in

1709 2172 1943 2227 medium
1998 2169 2260 2233 adducit,
2312 2176 2600 2221 auctorum
2660 2166 2728 2221 de
2778 2164 3001 2219 {noema
3056 2164 3297 2220 doctoris

1709 2262 1945 2319 anastasi
1979 2261 2194 2318 silentio
2241 2275 2526 2329 perperam
2578 2260 2720 2314 hanc
2768 2259 2820 2313 in
2864 2256 3062 2313 fabulis
3100 2257 3299 2311 baben-

1709 2357 1857 2418 dam,
1884 2368 1979 2408 seu
2030 2349 2253 2406 indubie
2301 2349 2493 2404 falsam
2520 2363 2663 2415 esse,
2694 2348 2994 2413 concludit,
3027 2347 3106 2401 uti
3152 2346 3294 2402 infra

1706 2444 2021 2508 ostendam,
2054 2456 2214 2505 eum,
2266 2440 2397 2510 quid
2444 2449 2637 2494 contra
2688 2439 2995 2494 luctuosum
3041 2446 3297 2494 eventum

1708 2536 2016 2594 universale
2059 2537 2126 2592 de
2171 2536 2275 2590 hoc
2314 2534 2643 2605 scriptorum
2673 2534 2917 2588 omnium
2955 2541 3067 2587 tum
3115 2546 3299 2601 aequa-

1708 2633 1872 2695 lium,
1920 2640 2033 2685 tum
2070 2630 2301 2685 aliorum
2344 2627 2710 2699 posteriorum
2759 2627 3037 2682 silentium
3092 2624 3295 2690 valeat,

1708 2723 2001 2794 inquiram.
2044 2721 2258 2776 Enerve
2296 2727 2477 2774 autem
2529 2733 2594 2773 ac
2645 2718 2862 2773 elumbe
2903 2730 3132 2787 prorsus
3185 2733 3295 2771 non

1707 2829 1828 2868 esse
1871 2812 2197 2881 aliquorum,
2234 2825 2373 2879 quos
2427 2809 2707 2863 Launoius
2755 2809 2921 2873 citat,
2968 2808 3298 2877 scriptorum

1707 2903 2003 2967 silentium,
2052 2918 2148 2957 seu
2195 2902 2468 2972 negativa,
2523 2914 2642 2969 quae
2695 2914 2762 2953 ex
2810 2898 2911 2953 hoc
2968 2897 3297 2961 formantur,

1708 3003 2025 3064 argumenta
2055 2993 2202 3046 omni
2250 3007 2473 3061 prorsus
2497 2991 2548 3044 vi
2592 3005 2698 3044 non
2731 3002 2941 3054 carere,
2972 3004 3135 3058 supra
3164 3002 3292 3056 pro-

1708 3084 1852 3147 bavi,
1906 3097 1972 3136 ac
2026 3081 2343 3135 nominatim
2395 3081 2613 3149 quidem
2674 3079 2971 3149 negativo,
3023 3079 3165 3147 quod
3224 3093 3290 3132 ex

10 3172 13 3203 ι
98 3146 159 3195 sed
181 3145 496 3204 Durocortori
533 3150 826 3205 Remorum
861 3152 1091 3206 abeundi
1120 3152 1172 3206 in
1201 3167 1444 3207 eremum
1473 3170 1605 3208 can-

1723 3145 1988 3240 Gniberti,
2042 3170 2387 3240 Novigentini
2413 3145 2669 3235 abbatis,
2718 3145 2934 3226 silentio
2987 3145 3292 3232 deducitur,

10 3252 11 3275 :
100 3247 175 3286 sam
193 3238 441 3306 accepisse
465 3252 530 3293 se
561 3238 787 3305 scribit;
834 3240 957 3294 inde
985 3240 1229 3295 Guiberti
1263 3240 1605 3313 Novigentini

10 3372 11 3403 Ξ
102 3323 255 3383 abbatis
279 3330 668 3397 testimonium,
697 3332 789 3401 qui
818 3343 1027 3388 certam
1058 3333 1240 3388 abitus
1284 3334 1337 3388 in
1363 3349 1606 3390 eremum

102 3430 258 3475 causam
286 3424 634 3492 peculiariter
676 3426 942 3496 designat.
973 3424 1212 3494 Uterque
1245 3425 1606 3482 Parisiensem

10 3506 11 3593 ξ
104 3506 147 3560 de
170 3515 389 3570 canonico
428 3526 485 3572 et
514 3520 740 3572 doctore
781 3518 1022 3573 redivivo
1049 3517 1288 3587 fabulam
1318 3520 1605 3586 exscindit,

103 3606 138 3653 et
153 3600 396 3670 simplicem
429 3607 675 3659 veritatis
703 3606 964 3661 rationem
990 3608 1231 3675 exponit.
1262 3626 1301 3677 ι¹

149 3705 241 3760 311.
265 3712 331 3766 En
357 3718 512 3771 modo
540 3718 688 3784 quid,
708 3719 949 3774 recitatis
977 3721 1125 3774 hisce
1172 3721 1397 3777 Launoii
1426 3724 1606 3779 verbis

104 3794 633 3862 Carthusiauusnoster
686 3825 988 3881 ationymus
1037 3824 1284 3880 reponat.
1347 3834 1363 3864 ι
1399 3815 1544 3879 Haec,
1580 3836 1598 3868 ι

10 3888 11 3973 ᾗ
106 3883 273 3973 utquiLi
292 3894 443 3951 habet
470 3898 765 3962 Launoius,
792 3901 943 3969 quasi
972 3901 1209 3956 diceret:
1227 3902 1289 3957 lli
1316 3906 1608 3973 scriptores

105 3972 201 4033 hanc
241 3983 507 4048 historiam
559 3999 1039 4064 tacuerunt,iergo
1084 4011 1205 4049 eam
1253 4012 1436 4052 veram
1487 4014 1606 4053 esse

107 4081 388 4165 negaverunt.
426 4081 504 4136 De
544 4082 738 4139 robore
769 4084 1091 4150 Imjusmodi.
1120 4090 1606 4157 argumentationis

103 4159 244 4250 ludunt
272 4167 446 4223 lector.
477 4172 587 4231 Sed
619 4189 716 4227 nos
735 4174 1000 4239 dicamus,
1032 4180 1176 4246 quod
1210 4182 1261 4233 in
1311 4183 1605 4250 superiori-

106 4248 170 4343 lms
194 4269 299 4313 satis
332 4262 610 4319 docuimus
632 4306 647 4331 ,
679 4282 869 4337 nempe
899 4279 1153 4325 auctores
1185 4272 1303 4326 illos
1348 4248 1449 4328 hoc
1481 4290 1606 4343 pro-

106 4341 245 4434 digium
294 4355 529 4421 siluisse,
566 4360 709 4413 sicut
745 4360 850 4415 alia
895 4362 953 4416 S.
1014 4363 1287 4419 Brunonis
1346 4341 1604 4434 prieclare

107 4431 199 4490 ficta
220 4443 481 4502 siluerunt.
534 4448 721 4505 Nullos
754 4453 897 4506 enim
951 4468 1019 4507 ex
1060 4464 1137 4510 tot
1169 4431 1358 4512 allatis
1390 4475 1419 4512 a
1462 4460 1603 4512 Lau—

107 4529 189 4581 noio
228 4537 566 4607 scriptoribus
621 4543 799 4601 Vitam
847 4543 906 4607 S.
972 4545 1240 4603 Brunonis
1294 4550 1603 4605 describere

106 4628 318 4705 {Egressus
345 4640 461 4695 est;
505 4632 599 4685 sed
647 4648 866 4696 omnes,
897 4636 1158 4705 quidquid
1188 4638 1253 4692 de
1293 4654 1359 4693 eo
1402 4639 1484 4693 vel
1539 4642 1605 4696 de

107 4701 489 4775 Carlhusiensium
559 4722 749 4776 ordine
814 4701 1194 4794 scripserunt,
1261 4730 1604 4796 paucissimis

108 4798 229 4854 “trhis
252 4820 383 4861 more
407 4810 907 4881 compendiatorum
936 4813 1063 4867 illud
1096 4816 1452 4870 tradiderunt.
1494 4817 1602 4872 lino

109 4883 278 4983 Plerique
303 4894 354 4950 S.
381 4897 690 4954 Brunonem
720 4902 787 4955 de
833 4902 948 4957 solo
974 4906 1193 4963 nomine
1220 4906 1558 4973 appellarunt
1584 4925 1605 4974 ;‘

110 4976 165 5069 alii
188 4996 263 5037 nec
282 4985 439 5055 ipsum
476 5006 672 5046 nomen
721 5006 1138 5063 expresserunt;
1178 4996 1299 5051 aliis
1326 5014 1473 5062 vero,
1504 5001 1592 5069 qui

110 5062 224 5167 fualius
261 5079 318 5132 de
363 5098 426 5137 eo
459 5085 626 5140 locuti
674 5062 835 5150 sunt,
866 5089 1002 5143 satis
1049 5090 1185 5153 fuit,
1236 5090 1469 5158 quatuor
1503 5062 1595 5147 aut

110 5172 277 5257 {liliaque
303 5170 448 5227 lineis
470 5176 680 5238 dicere,
706 5181 848 5247 quod
889 5179 1052 5232 fuerit
1074 5180 1350 5235 institutor
1389 5183 1595 5236 ordinis

110 5246 441 5342 llartliusiensis,
470 5246 841 5338 illumqqeitali
865 5288 1007 5326 anno
1026 5282 1081 5328 et
1102 5275 1200 5328 sub
1228 5276 1316 5329 tali
1340 5277 1594 5345 pontiﬁce

112 5345 341 5447 Instituerit.
376 5357 597 5424 Quidam
632 5375 765 5432 erga
807 5362 1223 5420 Carthusienses
1254 5368 1389 5420 bene
1417 5364 1609 5421 affecti

113 5441 211 5491 Itium
233 5444 287 5497 de
309 5461 482 5504 eorum
508 5454 730 5507 statutis
749 5494 764 5517 ,
811 5456 1055 5511 moribus
1100 5467 1157 5510 et
1195 5459 1597 5513 consuetudini-

113 5517 178 5577 ["15
191 5534 511 5609 stiripsernnt;
537 5544 633 5599 sed
656 5544 834 5599 nullus
854 5546 920 5601 de
945 5547 1284 5603 institutione
1302 5564 1514 5614 eorum,
1531 5552 1609 5606 de

116 5623 225 5709 9'15:
258 5627 465 5699 originis
490 5644 582 5688 aut
607 5636 677 5691 de
703 5636 826 5691 aliis
856 5639 926 5693 ab
958 5639 1039 5693 eis
1074 5648 1129 5693 et
1157 5639 1299 5709 apud
1336 5656 1433 5695 nos
1461 5655 1597 5709 prae-

116 5701 210 5762 clare
233 5719 371 5781 gestis
402 5724 739 5793 singulariter
773 5739 1007 5787 tractare
1058 5733 1110 5789 in
1159 5734 1340 5791 animo
1373 5734 1583 5790 habuit.

1712 3276 2032 3338 argumento
2058 3264 2289 3319 roboris
2326 3262 2573 3317 nonnihil
2606 3264 2786 3318 inesse
2835 3262 2970 3317 satis
3001 3276 3293 3332 superque,

1708 3369 1969 3429 quantum
1997 3356 2211 3425 opinor,
2242 3369 2363 3423 quae
2403 3367 2553 3407 num.
2581 3352 2683 3407 Q67
2713 3361 2939 3422 etseqq.
2972 3352 3025 3406 in
3057 3353 3295 3406 medium

1708 3451 1932 3514 adduxi,
1961 3450 2240 3511 evincunt,
2271 3448 2374 3501 etsi
2411 3447 2629 3501 interim
2662 3460 2865 3510 rerum,
2895 3445 2961 3499 ad
2991 3443 3047 3499 S.
3084 3444 3295 3499 Bruno-

1708 3563 1830 3603 nem
1878 3546 2288 3612 institutumque
2320 3542 2410 3596 ab
2451 3556 2517 3596 eo
2589 3541 2836 3595 ordinem
2892 3537 3292 3609 spectantium,

1707 3640 2001 3697 Guibertus
2033 3647 2115 3693 sat
2163 3638 2370 3707 peritus
2398 3635 2543 3690 haud
2588 3633 2774 3696 fuerit,
2808 3634 2885 3688 uti
2917 3635 3083 3687 etiam
3116 3631 3295 3687 faten—

1708 3734 1832 3787 dum
1874 3748 1994 3785 esse
2036 3730 2233 3785 ibidem
2266 3728 2433 3782 edixi.
2465 3727 2546 3782 Ad
2578 3725 2870 3782 secundam
2910 3725 3133 3779 Launoii
3165 3739 3296 3779 con-

1709 3824 2007 3879 clusionem
2040 3821 2472 3893 progrediamur.

1775 3912 1899 3967 5I5.
1936 3940 1955 3965 ι
1988 3912 2253 3973 Alterum,
2280 3930 2297 3960 ι
2328 3908 2523 3978 inquit,
2548 3908 2779 3977 quodex
2809 3916 3090 3962 auctorum
3122 3904 3294 3960 addu-

1706 4012 1917 4073 ctorum
1972 4003 2190 4055 silentio
2220 4000 2492 4068 sequitur,
2544 4009 2660 4063 est,
2691 4018 2707 4049 ι
2741 3997 2972 4051 Romani
3023 3996 3296 4051 Breviarii

1707 4104 2046 4150 correctores
2100 4094 2151 4146 in
2189 4094 2274 4156 iis,
2304 4107 2425 4161 quae
2456 4107 2485 4144 e
2516 4091 2689 4145 sancti
2725 4089 2995 4143 Brunonis
3026 4087 3297 4142 Lectioni-

1706 4185 1806 4239 bus
1852 4194 2257 4254 expnnxernnt,
2323 4183 2565 4252 apprime
2611 4191 2822 4237 secutos
2865 4195 2987 4235 esse
3038 4178 3296 4233 Ecclesiae.
3346 4198 3347 4201 η

1707 4292 1969 4342 canones,
2017 4277 2212 4345 quibus
2261 4275 2538 4335 sancitur,
2591 4280 2651 4327 ut
2701 4272 3022 4341 quidquid‘a
3052 4267 3295 4321 't'eritate

1704 4367 1941 4419 alienum
2006 4368 2058 4419 in
2107 4380 2388 4419 sacrorum
2437 4363 2736 4417 oIliciorum
2789 4362 3004 4415 codices
3050 4358 3292 4427 irrepsit,

1708 4457 1942 4512 tollatur.
1982 4475 1999 4509 ι
2030 4457 2137 4510 Sed
2171 4456 2299 4523 quid
2333 4457 2493 4508 modo
2519 4454 2585 4506 ad
2618 4454 2730 4506 haec
2757 4450 3153 4505 Carthnsianus
3196 4465 3295 4503 no-

1707 4561 1822 4606 ster
1863 4549 2205 4620 anonymns?
2240 4567 2259 4600 ε
2296 4550 2457 4617 Ergo,
2482 4567 2500 4599 ι
2534 4546 2776 4615 inquit,¢
2814 4545 2858 4599 si
2898 4560 3023 4599 vera
3063 4552 3147 4598 est
3178 4544 3295 4598 haec

1708 4643 1937 4697 Launoii
2000 4642 2415 4711 argumentandi
2480 4641 2661 4707 ratio,
2717 4638 2978 4709 quidquid
3025 4637 3294 4694 Breviarii

1708 4732 1936 4787 Romani
1970 4742 2314 4787 correctores
2353 4748 2384 4787 e
2430 4732 2778 4787 Lectionibus
2818 4730 2994 4786 sancti
3023 4729 3294 4785 Brunonis

1704 4833 2106 4893 expunxerunt,
2140 4838 2169 4877 a
2200 4826 2426 4879 veritate
2470 4823 2705 4879 alienum
2732 4814 2881 4881 erat:
2917 4828 3049 4893 ergo
3073 4834 3128 4879 et
3156 4830 3293 4895 praei

1706 4916 1852 4969 clara
1882 4915 1970 4969 illa
2022 4916 2142 4970 ﬁdei
2176 4903 2466 4987 professio,
2507 4934 2535 4970 a
2570 4917 2627 4972 S.
2658 4919 2911 4973 Brunone
2942 4919 2997 4973 in
3028 4932 3293 4973 eiuremts

1703 5006 1877 5078 posito
1927 5006 2125 5060 emissa
2174 5016 2227 5061 et
2268 5023 2298 5061 e
2338 5007 2685 5062 Lectionibus
2735 5008 2979 5074 ejusdem
3032 5008 3244 5062 sublata
3273 5047 3288 5070 ,

1701 5097 1874 5151 aliena
1914 5107 1997 5151 est
2039 5112 2069 5151 a
2120 5097 2369 5153 veritate.
2427 5096 2560 5165 Quis
2610 5098 2710 5152 hoc
2763 5099 2911 5152 dicat
2964 5105 3058 5151 aut
3108 5097 3293 5151 dicere

1703 5189 1936 5258 cogitet?
1972 5192 2131 5244 Certe
2162 5205 2261 5243 nec
2306 5190 2479 5260 ipsum
2509 5190 2810 5244 Lannoium
2862 5191 2977 5244 hrec
3018 5189 3297 5242 dicturum

1672 5348 1677 5352 ν
1702 5279 1868 5335 fuisse
1892 5283 2186 5346 credimus,
2205 5282 2251 5335 si
2283 5297 2395 5336 rem
2430 5283 2687 5337 attentius
2709 5284 3072 5337 observasset.
3092 5280 3288 5334 Veram

1704 5369 1871 5440 igitur
1899 5387 2144 5435 causam,
2177 5387 2297 5441 qua:
2329 5388 2583 5427 censores
2608 5372 2901 5436 Romanos,
2920 5373 3067 5424 viros
3089 5368 3289 5423 doctis-

1701 5462 1868 5517 simos
1905 5478 1970 5518 ae
2006 5465 2442 5535 sapientissimos
2465 5465 2660 5529 movit,
2688 5474 2743 5517 ut
2775 5464 2901 5517 cum
2919 5459 3286 5533 spectaculum

1699 5553 1853 5617 illud,
1895 5562 2017 5609 tum»
2037 5554 2431 5625 professionem
2470 5555 2591 5609 fidei
2624 5540 2955 5608 a‘Breviario
2980 5552 3285 5620 auferrent,

1700 5644 1841 5699 hanc
1887 5645 2057 5702 fuisse
2104 5648 2321 5717 ipsimet
2370 5659 2626 5701 censores
2664 5643 3060 5714 signiﬁcarunt,
3091 5658 3285 5713 nempe

1700 5737 1843 5803 quod
1873 5739 1974 5795 illae
2002 5740 2264 5796 lectiones
2300 5748 2481 5795 essent
2518 5739 2661 5796 iusto
2708 5737 3051 5800 prolixiores.
3086 5754 3113 5792 γ
3135 5735 3283 5792 Sane
