3814 6306
498 321 605 376 £37

1266 321 1325 372 δ.
1358 316 1705 374 ιιιιυΝοΝιδ
1742 313 2391 374 CARTllUShNORUM
2427 312 2928 373 INSTITUTORIS
3618 315 3701 373 l88

483 453 519 499 ο
574 431 925 493 Lectionibus
969 430 1028 488 S.
1077 431 1345 489 Brunonis
1412 431 1771 504 prodigiosam
1825 431 2062 487 doctoris
2090 428 2471 489 A‘niaceusem
2512 430 2565 485 in
2596 430 2662 486 iis
2702 442 2885 487 rerum
2912 434 2968 484 et
3000 433 3308 498 temporum
3342 424 3703 488 conditionibus

485 525 783 585 anastasim
821 540 929 580 non
961 523 1186 590 idcirco,
1223 525 1369 597 quod
1392 524 1530 580 falsa
1567 534 1872 597 putaretur,
1900 524 2066 580 fuisse

484 628 835 689 expunctam,
864 617 1227 673 indubitatum
1264 616 1502 684 faciunt,
1531 629 1652 687 quae
1697 632 1843 670 num.
1882 616 1986 669 190
2013 626 2069 670 et

488 709 629 767 binis
649 724 802 779 seqq.
836 708 892 764 in
925 708 1160 764 medium
1187 716 1314 763 sunt
1350 708 1603 764 adducta.
1631 707 1741 763 Nec
1770 716 1855 762 est
1879 746 1894 773 ,
1924 708 2067 777 quod

488 799 611 868 quis
634 813 732 867 pro
753 796 997 853 Launoio
1028 804 1272 866 reponat,
1300 796 1468 852 solam
1497 797 1885 865 deprehensam
1922 796 2071 853 falsi-

490 900 654 945 tatem
691 904 817 946 esse
844 904 1009 960 posse
1031 905 1274 956 causam,
1298 890 1366 946 ob
1394 904 1552 958 quam
1575 890 1702 959 quid
1734 905 1765 945 e
1792 890 2070 946 Breviario

486 989 851 1053 expungatur.
889 980 947 1036 ld
999 982 1147 1038 enim
1187 997 1220 1036 a
1260 996 1389 1037 vero
1417 981 1652 1036 alienum
1704 997 1809 1037 non
1841 983 2071 1040 obscure

489 1073 693 1127 fatetur
727 1073 959 1142 ipsemet
984 1072 1260 1129 Launoius
1290 1073 1343 1128 in
1388 1087 1485 1127 sua
1524 1072 1591 1127 de
1620 1088 1749 1128 vera
1777 1090 1937 1130 causa
1985 1091 2073 1131 se-

489 1180 675 1223 cessus
698 1164 757 1221 S.
781 1167 1051 1223 Brunonis
1081 1169 1131 1222 in
1175 1181 1419 1222 eremum
1451 1166 1845 1224 Dissertatione
1888 1184 2009 1239 cap.
2037 1169 2071 1224 5

492 1256 550 1310 in
603 1256 957 1314 conclusione
1002 1260 1082 1314 sic
1131 1258 1426 1313 scribens:
1478 1275 1500 1310 ‹
1533 1259 1652 1313 Alia
1701 1260 1858 1314 nulla-
1894 1262 2072 1331 potior

494 1362 657 1403 causa
687 1348 707 1417 (
723 1363 759 1403 e
781 1347 1055 1403 Breviario
1079 1347 1284 1403 scilicet
1318 1349 1448 1419 quid
1474 1351 1848 1422 expungeudi)
1893 1352 2075 1409 eccle-

490 1438 730 1495 siasticis
755 1438 1129 1509 praescribitur
1148 1439 1375 1510 regulis,
1399 1458 1560 1513 quam
1604 1443 1939 1515 deprehensa
1972 1445 2073 1502 fal-

490 1529 648 1585 sitas.
682 1548 702 1582 ι
735 1526 940 1597 Quibus
964 1529 1151 1586 verbis
1193 1546 1317 1586 cum
1358 1531 1612 1598 aﬂirmet,
1661 1535 1924 1603 potiorem
1976 1536 2077 1591 fal-

490 1622 650 1676 sitate
671 1620 964 1691 quidquam
986 1635 1018 1676 e
1045 1621 1329 1679 Breviario
1343 1627 1687 1697 expungendi
1712 1642 1933 1683 causam
1964 1644 2083 1685 non

489 1708 649 1775 dari,
685 1708 848 1767 aliam
884 1710 1075 1782 utique
1123 1712 1241 1768 dari
1295 1723 1555 1784 praeterea
1601 1732 1761 1787 posse
1809 1719 2081 1789 agnoscit.

2170 521 2487 590 scripsisse,
2516 530 2578 577 ut
2614 536 2680 578 ex
2714 518 2833 590 ejus
2875 518 3093 581 silentio
3123 517 3467 588 :cquipolleus
3492 519 3701 576 affirma-

2171 609 2303 666 tioni
2333 610 2474 664 ratio
2494 609 2753 676 ducatur;
2789 606 2983 665 deinde
3008 606 3185 663 nullos
3214 622 3334 662 esse
3361 606 3611 666 Brunonis
3637 614 3706 667 vel

2168 701 2314 757 Petri
2339 700 2713 756 Cluniacensis
2727 699 2985 771 aequales,
3006 711 3341 769 supparesve
3354 708 3615 764 auctores,
3630 703 3705 770 qui

2171 791 2298 846 huic
2334 789 2419 845 de.
2452 789 2693 846 doctoris
2741 789 2982 844 anastasi
3031 788 3274 844 historia:
3314 789 3709 858 patrocinentur.

2171 883 2312 951 Quin
2349 884 2517 940 etiam
2564 884 2759 939 unicus
2799 881 3090 939 Guibertus
3130 882 3301 938 abbas
3340 881 3407 938 de
3446 880 3712 954 Novtgento

2168 976 2465 1045 productus
2506 975 2559 1031 id
2595 974 2783 1040 habet,
2821 974 2966 1045 quod
2999 982 3057 1030 et
3100 983 3377 1044 sumptum
3422 988 3487 1029 ex
3519 974 3712 1033 silentio

2170 1064 2315 1121 Petri
2337 1063 2716 1121 Cluniacensis
2750 1071 3127 1135 argumentum
3150 1061 3319 1118 solide
3348 1063 3636 1131 confirmat,
3668 1074 3727 1125 et,

2171 1171 2387 1213 omnem
2422 1155 2686 1212 instituta:
2710 1154 3178 1211 Carthusiensium
3209 1152 3485 1225 religionis
3519 1169 3712 1212 causam

2173 1249 2405 1305 dilucide
2432 1248 2677 1319 exponit.
2714 1266 2737 1301 ι
2778 1246 2890 1303 Nec
2928 1246 3018 1302 hic
3057 1246 3385 1317 quidquam,
3423 1246 3560 1318 quod
3598 1246 3725 1302 hanc

2171 1342 2399 1399 Launoii
2441 1341 2843 1397 conclusionem
2879 1347 3120 1407 evertat,
3145 1337 3537 1394 Carthusianus
3558 1347 3727 1393 noster-

2173 1450 2474 1507 anonymus
2510 1433 2744 1505 reponit.
2786 1432 2857 1488 Et
2896 1446 3033 1496 vero
3070 1431 3213 1488 hanc
3248 1438 3507 1501 quantum
3537 1429 3598 1484 ad
3624 1429 3719 1499 pri-

2174 1540 2353 1590 mum,
2394 1524 2538 1594 quod
2585 1521 2987 1593 complectitur,
3022 1520 3240 1577 veritati
3285 1534 3408 1576 esse
3444 1520 3718 1585 dissonam,

2173 1614 2323 1670 nullo
2355 1630 2420 1670 ex
2452 1614 2632 1685 capite
2663 1622 2909 1683 apparet.
2935 1612 3071 1669 Cum
3100 1612 3244 1668 enim
3287 1611 3575 1683 scriptores
3606 1610 3725 1665 anti-

2174 1706 2290 1776 qui,
2320 1720 2547 1761 numero
2581 1720 2714 1761 sane
2738 1720 2846 1760 non
2876 1705 3056 1777 pauci,
3086 1719 3224 1775 quos
3252 1702 3529 1760 Launoius
3550 1703 3599 1758 in
3627 1716 3724 1756 rem

562 1800 692 1856 5H.
725 1800 833 1857 Sed
864 1780 999 1872 quid
1032 1820 1197 1875 porro
1239 1780 1516 1864 Launoius
1542 1823 1575 1863 θ
1602 1780 1908 1864 citatorum
1941 1826 1971 1865 a
2012 1826 2075 1866 se

2185 1814 2329 1855 suam
2379 1798 2596 1863 citavit,
2642 1798 2974 1854 Parisiensis
3022 1796 3296 1868 prodigii,
3352 1808 3446 1852 seu
3498 1794 3733 1850 luctuosa:-

489 1900 779 1949 auctorum
829 1893 1046 1949 silentio
1109 1905 1300 1967 pergat
1350 1897 1715 1964 concludere,
1769 1900 2071 1956 audiamus.

495 1999 517 2036 ι
573 1981 813 2037 Tertium
846 2000 865 2035 ι
906 1991 1019 2050 est,
1067 1984 1260 2055 inquit,
1294 2005 1317 2038 ι
1343 1986 1486 2055 quod
1519 1985 1703 2043 Bruno
1751 1987 2076 2045 Parisiensis

491 2071 772 2144 theologus
802 2071 1321 2146 fuerit,sebolasque
1350 2074 1576 2133 Lutetia:
1600 2077 1892 2149 aliquando
1923 2093 2080 2133 rexe-

491 2163 587 2225 rit,
613 2176 771 2231 posse
794 2162 971 2217 adhuc
993 2178 1059 2217 ex
1090 2167 1375 2221 nocturnis
1405 2167 1553 2223 illius
1577 2168 1775 2235 vigiliis
1805 2169 1940 2234 tolli,
1967 2186 2075 2225 non

491 2250 668 2305 solum
710 2251 838 2323 quia
861 2262 1105 2308 veterum
1135 2264 1419 2311 auctorum
1446 2259 1933 2314 nemoBrunonem
1960 2274 2077 2314 ma-

493 2341 722 2411 gistrum
768 2341 1133 2398 Parisiensem
1188 2345 1375 2401 fecerit
1404 2387 1419 2413 ,
1463 2347 1559 2402 vcl-
1585 2348 1801 2404 scholas
1850 2348 2080 2405 Lutetia:

496 2432 702 2489 rexisse
749 2433 969 2498 dixerit,
1014 2436 1091 2489 uti
1124 2436 1384 2502 vidimus,
1434 2438 1529 2492 sed
1576 2439 1743 2494 etiam
1778 2440 1905 2510 quia
1951 2447 2079 2496 ante

494 2522 765 2577 Brunonis
811 2532 1031 2580 aetatem
1076 2533 1280 2580 statum
1328 2526 1497 2583 fuisse
1535 2528 1761 2584 Parisiis
1791 2530 2080 2603 theologia:

495 2612 755 2677 studium,
798 2621 962 2682 atque
1000 2614 1072 2668 ibi
1126 2617 1497 2687 magisterium
1531 2618 1584 2673 in
1639 2618 1904 2690 theologia
1960 2621 2077 2676 dari

495 2702 738 2767 solitum,
773 2702 862 2757 vix
896 2704 1242 2774 probaretur.
1282 2724 1301 2759 ι
1347 2706 1501 2773 Quod
1536 2708 1603 2763 ad
1647 2708 1762 2764 haec
1793 2711 2082 2779 respondet

497 2790 894 2848 Carthusianus
957 2802 1144 2850 noster
1181 2810 1486 2868 anonymus
1512 2838 1527 2862 ,
1584 2797 1784 2855 nullius
1821 2802 2080 2857 momenti

499 2893 617 2950 est;
651 2899 826 2953 neque
870 2886 1015 2940 enim
1045 2885 1276 2949 Bulaeus,
1312 2897 1371 2943 ut
1402 2890 1499 2952 ait,
1531 2888 1763 2946 Lutetia:
1789 2891 2085 2961 aliquando

499 2974 773 3031 studuisse
804 2976 1127 3047 scholasquc
1159 2978 1366 3033 rexisse
1397 2979 1704 3037 Brunonem
1729 3021 1744 3046 ,
1786 2985 2083 3040 auctorita-

500 3067 645 3123 tibus
665 3071 1126 3140 argumcntisque,
1162 3086 1282 3140 qum
1308 3071 1830 3140 adducit,ullatenus
1858 3075 2079 3133 evincit.

501 3158 611 3215 Res
638 3134 810 3230 liquet
836 3174 901 3214 ex
924 3134 1087 3231 supra
1110 3134 1292 3229 dictis,
1308 3177 1371 3218 ae
1393 3134 1664 3234 praecipue
1691 3178 1759 3220 ex
1783 3164 1869 3231 iis,
1885 3166 2082 3236 quibus
2108 3134 2150 3191 Ο

502 3249 807 3305 Brunonem
874 3249 1102 3306 Parisiis
1166 3252 1574 3308 verosimillime
1638 3269 1918 3324 nunquam
1983 3255 2083 3310 do-

506 3342 709 3406 cuisse,
750 3339 1081 3411 dubiumque
1128 3341 1292 3397 etiam
1328 3357 1479 3409 esse,
1513 3357 1581 3397 an
1618 3343 1816 3399 ibidem
1846 3360 2084 3415 unquam

505 3433 799 3500 studuerit,
850 3432 1206 3490 ostendimus.
1246 3431 1485 3489 Launoio
1522 3434 1744 3504 itaque,
1791 3434 1851 3490 S.
1878 3434 2087 3493 Bruno-

506 3542 633 3582 nem
692 3540 793 3581 nec
848 3524 1150 3595 theologum
1198 3524 1421 3582 Parisiis
1474 3526 1675 3598 fuisse,
1731 3542 1833 3585 nec
1872 3529 2087 3585 scholas

508 3614 710 3671 ibidem
748 3613 976 3683 rexisse,
1007 3615 1357 3671 contendenti
1388 3616 1652 3688 refragari
1702 3635 1810 3676 non
1842 3638 2084 3692 possum.

504 3704 758 3759 Attamen
790 3704 878 3759 hic
913 3704 1151 3776 scriptor
1181 3720 1465 3777 perperam
1493 3707 1546 3762 in
1581 3708 1800 3763 dubium
1845 3720 2085 3778 revocat,

508 3809 575 3847 an
604 3802 727 3850 ante
758 3796 931 3851 sancti
968 3796 1140 3851 nostri
1185 3805 1402 3853 :ctatcm
1433 3807 1635 3853 statum
1673 3798 1898 3857 Parisiis
1933 3803 2088 3858 theo-

507 3885 663 3957 logia:
715 3886 953 3943 studium
997 3888 1195 3955 fuerit;
1240 3890 1341 3944 etsi
1374 3890 1519 3945 enim
1562 3899 1691 3947 tunc
1722 3892 1921 3948 ibidem
1968 3910 2087 3949 ma-

507 3978 785 4050 gisterium
830 3979 882 4034 in
924 3980 1192 4052 theologia
1242 3982 1457 4053 (neque
1508 3983 1655 4038 enim
1703 3986 1890 4041 usitati
1930 3988 2090 4043 modo

507 4071 562 4126 in
590 4071 1034 4128 univcrsitatibus
1075 4072 1275 4143 gradus
1323 4073 1525 4129 diversi
1572 4076 1863 4145 excogitati
1913 4078 2091 4133 adhuc

509 4161 743 4234 fuerant)
771 4164 887 4219 dari
933 4180 1043 4220 non
1095 4165 1338 4232 soluerit,
1392 4174 1537 4222 artes
1598 4175 1781 4224 tamen
1838 4168 2091 4226 liberales

507 4254 794 4323 omnisque
830 4254 1047 4325 generis
1075 4256 1320 4311 scientia:
1370 4258 1746 4323 tradebantur,
1795 4259 2090 4315 celeberri-

505 4358 705 4413 maque
732 4359 798 4398 ac
821 4343 1203 4401 ﬂorentissima
1232 4342 1348 4414 jam
1398 4355 1510 4400 tum
1544 4346 1873 4403 Parisiensis
1897 4349 2091 4405 civitas

2176 1886 2418 1943 damnati
2442 1888 2682 1944 doctoris
2710 1887 2949 1942 historiae
2982 1886 3228 1958 nuspiam
3258 1884 3614 1949 meminerint,
3636 1897 3737 1953 qua-

2175 1980 2418 2036 veritatis
2453 1980 2635 2051 specie
2663 1995 2786 2037 esse
2816 1981 2963 2037 hanc
2990 1981 3132 2052 apud
3162 1995 3358 2037 omnes
3382 1978 3622 2049 antiquos
3652 1994 3735 2032 νει-ι

2176 2078 2311 2136 tam,
2332 2072 2502 2141 possit
2524 2071 2865 2128 asseverari?
2889 2071 3044 2138 Quod
3074 2078 3257 2127 autem
3283 2072 3352 2127 ad
3373 2070 3515 2127 Petri
3539 2069 3730 2125 Clunia-

2177 2161 2356 2217 censis
2388 2170 2443 2217 ct
2472 2160 2720 2217 Guiberti
2750 2162 3025 2218 silentium
3055 2162 3322 2233 pertinet,
3357 2162 3465 2218 vim
3493 2160 3729 2231 aliquam,

2178 2266 2285 2307 non
2313 2258 2515 2316 tamen,
2539 2267 2699 2322 quam
2729 2250 3006 2308 Launoius
3032 2252 3336 2320 contendit,
3362 2250 3601 2307 formatis
3627 2249 3731 2304 inde

2180 2343 2511 2413 argumentis
2535 2344 2799 2415 uegativis
2824 2343 3024 2411 inesse,
3050 2358 3214 2415 supra
3235 2344 3469 2401 ostendi.
3487 2341 3731 2401 Launoius

2181 2430 2429 2497 interim,
2462 2430 2606 2487 Petri
2640 2431 3014 2489 Cluniacensis
3060 2434 3126 2490 de
3169 2432 3483 2505 prodigiosa
3520 2430 3730 2486 doctoris

2180 2523 2418 2578 anastasi
2452 2523 2730 2579 silentium
2764 2543 2793 2578 «ν
2819 2540 2919 2595 per
2948 2533 3201 2583 auctores
3237 2523 3493 2595 antiquos
3520 2530 3577 2578 et
3607 2520 3731 2576 illius

2178 2614 2465 2686 plerosque
2490 2616 2767 2687 temporis,
2793 2632 2901 2687 quo
2928 2632 3016 2672 res
3038 2624 3188 2689 gesta
3213 2616 3470 2681 traditur,
3501 2628 3600 2669 non
3624 2627 3734 2682 sup-

2181 2707 2334 2776 pleri,
2362 2727 2381 2759 »
2410 2708 2604 2762 merito
2622 2705 2880 2763 afﬁrmat.
2912 2708 3058 2776 Quos
3086 2710 3231 2764 enim
3257 2709 3555 2783 scriptores
3569 2704 3743 2774 hujus—

2138 2876 2141 2877 ν
2181 2800 2324 2853 modi
2373 2798 2703 2871 Raynaudus
2744 2801 3018 2867 laudavit,
3051 2816 3118 2857 ex
3152 2802 3456 2874 Polycarpo
3496 2801 3560 2856 de
3581 2799 3626 2853 la
3655 2797 3733 2852 Ri-

2178 2890 2326 2944 viere
2351 2888 2608 2957 laudavit,
2635 2904 2798 2960 quem
2824 2890 2979 2945 malae
3001 2891 3054 2945 in
3080 2891 3232 2946 hisce
3258 2888 3608 2946 ohtrudendis
3628 2883 3741 2940 fidei

2178 2982 2475 3047 exstitisse,
2502 2981 2777 3037 Launoius
2806 2983 3106 3047 contendit,
3136 2983 3410 3054 taciteque
3451 2979 3736 3037 Columbius

2181 3081 2235 3127 et
2278 3082 2411 3143 post
2448 3074 2595 3130 hunc
2638 3072 2750 3146 (adi
2797 3089 2947 3129 num.
2979 3073 3103 3147 196)
3141 3074 3551 3147 Papebrochius
3573 3078 3753 3129 noster-

2184 3174 2501 3234 agnoscunt.

2254 3254 2379 3308 516.
2401 3252 2719 3319 «Quintum»
2746 3263 2831 3311 est
2851 3255 2949 3326 (ita
2970 3254 3027 3311 in
3049 3254 3495 3311 conclusionibus
3512 3252 3618 3309 suis
3634 3262 3741 3321 per-

2186 3341 2565 3413 gitLaunoius)
2586 3361 2604 3395 ‹
2625 3343 3009 3400 didascalicum
3035 3345 3360 3417 scriptorem
3382 3359 3489 3401 non
3518 3344 3643 3399 satis
3666 3354 3743 3395 ac-

2187 3443 2375 3490 curate
2398 3434 2753 3507 perpendisse
2776 3436 2873 3491 vel-
2886 3447 3033 3493 certe
3054 3436 3434 3493 dissimulasse
3452 3434 3629 3492 omnia
3643 3445 3747 3488 mo.

2188 3538 2370 3582 menta
2417 3527 2685 3598 epistolae,
2729 3543 2890 3598 quam
2936 3544 3006 3584 ex
3047 3529 3240 3601 Apulia
3293 3530 3439 3601 (into
3484 3521 3742 3592 Calabria)

2188 3621 2367 3677 ano
2387 3621 2452 3676 ad
2468 3621 2806 3693 Radulphum
2835 3623 3158 3679 Remensem
3179 3624 3533 3695 prmpositum
3549 3618 3743 3676 misit...

2194 3713 2395 3768 Deinde
2428 3728 2537 3768 non
2582 3712 2761 3769 minus
2800 3714 3107 3780 aberrasse,
3139 3729 3263 3769 cum
3296 3713 3505 3778 docuit,
3549 3710 3746 3765 Petrum

2193 3804 2568 3861 Venerabilem
2596 3806 2718 3862 ideo
2749 3805 3119 3876 spectaculum
3147 3814 3512 3863 memoratum
3541 3815 3643 3859 non
3668 3811 3745 3855 te-

2189 3900 2491 3964 censuissc,
2522 3899 2664 3967 quod
2701 3914 2766 3955 ea
2798 3907 3005 3955 tantum
3038 3899 3330 3967 miracula,
3358 3914 3480 3970 qua:
3508 3910 3604 3953 suo
3627 3902 3747 3948 tem-

2187 4005 2319 4060 pore
2346 3990 2707 4060 contigerant,
2739 4004 3024 4046 recensere
3053 3990 3362 4045 statuisset.
3391 3987 3556 4056 Quasi
3580 3985 3751 4040 Petrus

2190 4078 2305 4149 ipse
2332 4081 2609 4149 conceptis
2638 4081 2818 4135 verbis
2849 4096 2953 4136 non
2969 4076 3749 4146 atlirmaret,Carthusiensium

2190 4170 2434 4226 ordinem
2482 4172 2651 4227 fuisse
2688 4188 2788 4227 suo
2832 4182 3077 4243 tempore
3116 4173 3454 4227 institutum.
3486 4190 3505 4223 ι
3544 4168 3622 4224 Ad
3651 4168 3751 4220 haec

2190 4258 2786 4317 Carthusianusuoster
2807 4278 3108 4333 anonymus
3138 4264 3213 4317 ita
3245 4263 3502 4333 reponit:
3538 4278 3556 4311 ι
3591 4258 3751 4316 Certe,

2191 4352 2333 4421 quod
2366 4352 2451 4406 hic
2486 4352 2757 4408 Saussaaio
2789 4353 3060 4409 Launoius
3086 4354 3421 4422 exprobrat,
3454 4351 3507 4407 id
3531 4350 3682 4404 etiam
3710 4342 3752 4396 ei

506 4434 781 4505 gaudebat
805 4434 1103 4502 academia,
1138 4436 1225 4492 cui
1256 4436 1326 4491 ad
1346 4437 1717 4494 universitatis
1746 4438 2084 4509 splendorem
2119 4478 2164 4535 ο
2195 4442 2365 4511 magis
2384 4440 2530 4509 juste
2550 4444 2868 4512 exprobrari
2905 4453 3103 4514 potest.
3131 4444 3269 4498 Nam
3290 4445 3338 4499 si
3376 4449 3628 4499 accurate
3656 4438 3756 4491 haac

509 4526 646 4584 nihil
668 4526 783 4584 fere
804 4535 1002 4599 prater
1045 4545 1245 4587 nomen
1290 4532 1506 4598 deerat,
1540 4534 1617 4588 uti
1651 4535 1923 4603 probant,
1969 4552 2089 4607 qum

509 4617 764 4675 Historiae
786 4619 1066 4677 litterarizc
1096 4621 1343 4680 Francia:
1361 4626 1656 4695 scriptores
1680 4634 1812 4681 tum.
1847 4625 1936 4682 Vll
1963 4642 2087 4698 pag.

512 4710 617 4768 102
646 4723 704 4766 ct
731 4726 886 4783 seqq.
924 4714 1142 4771 docent.
1187 4714 1449 4783 Quartam
1494 4717 1657 4773 modo
1693 4717 1917 4773 Launoii
1954 4733 2088 4775 con-

509 4804 809 4862 clusionem
837 4808 1231 4864 examinemus.

580 4894 706 4950 515.
741 4912 760 4946 ‹
784 4894 1071 4963 Quartum,
1098 4916 1116 4948 ι
1146 4897 1497 4969 inquit,quod
1530 4916 1597 4955 ex
1623 4900 1962 4956 laudatorum
1993 4916 2089 4955 an-

510 4984 783 5055 tiquorum
806 4984 1020 5040 silentio
1050 4988 1317 5057 sequitur,
1340 4998 1444 5054 est,
1488 5008 1507 5040 ι
1546 5006 1575 5043 a
1604 4990 1902 5059 Thcopbilo
1937 4991 2084 5062 [lay-

511 5077 690 5131 naudo
716 5090 999 5146 perperam
1028 5089 1321 5144 assertum,
1350 5094 1469 5135 eam
1509 5082 1577 5136 de
1609 5081 1808 5152 triplici
1840 5081 2078 5138 doctoris

505 5166 751 5226 anastasi
799 5168 1198 5234 narrationem,
1243 5185 1363 5239 qua:
1406 5171 1712 5227 Brunonem
1758 5174 1812 5226 in
1840 5187 2083 5227 eremum

505 5260 770 5335 exegerit,
805 5260 947 5331 apud
988 5260 1242 5331 antiquos
1272 5278 1460 5319 omnes
1488 5275 1660 5318 ratam
1701 5279 1852 5329 esse;
1894 5263 2087 5320 deinde

508 5351 643 5408 falso
664 5368 878 5423 quoque
906 5349 1176 5414 additum,
1210 5370 1226 5400 ‹
1247 5352 1390 5420 quod
1410 5351 1681 5406 silentium
1703 5352 1847 5407 Petri
1869 5351 2087 5407 Clunia-

513 5462 534 5495 «ι
566 5444 743 5500 censis
769 5442 838 5499 de
862 5440 1177 5513 prodigiosa
1204 5440 1442 5498 doctoris
1466 5443 1707 5498 anastasi
1739 5452 1796 5498 et
1823 5444 1947 5499 inde
1981 5443 2089 5498 im-

516 5552 533 5584 ι
569 5533 724 5602 pulso
758 5534 827 5589 ad
866 5534 1215 5591 solitudinem
1256 5532 1505 5588 Brunone
1548 5533 1798 5603 supplent
1838 5543 2091 5590 auctores

522 5641 540 5672 s
581 5623 885 5694 perantiqui
901 5636 956 5681 et
974 5626 1117 5682 illius
1128 5623 1376 5696 plerique
1401 5626 1679 5693 temporis,
1705 5641 1813 5695 quo
1836 5640 1922 5682 res
1945 5635 2092 5696 gesta

524 5730 543 5766 ι
581 5714 845 5783 proditur.
872 5736 888 5765 ι
917 5718 1195 5788 Siquidem
1219 5715 1441 5789 planum
1460 5714 1709 5782 fecimus,
1740 5717 2096 5773 PetrumClu~

2200 4534 2363 4588 verba
2403 4535 2808 4604 pcrpendisset,
2849 4535 3044 4604 quibus
3096 4546 3322 4590 sanctus
3355 4535 3541 4590 Bruno
3572 4529 3756 4585 fatetur

2194 4632 2316 4696 post
2340 4618 2531 4679 votum~
2553 4627 2812 4681 emissum
2853 4644 2872 4677 ι
2906 4626 3397 4682 intervenientibus
3421 4623 3602 4681 causis
3629 4617 3754 4675 divi-

2202 4731 2221 4766 t
2258 4730 2386 4769 num
2413 4729 2654 4769 antorem
2689 4714 3015 4782 elanguisse,
3042 4714 3363 4786 refriguisse
3383 4714 3642 4772 animum,
3665 4705 3750 4759 fcr-

2202 4823 2221 4857 ι
2256 4818 2551 4872 voremque
2579 4804 2897 4869 evanuisse;
2928 4822 2946 4855 ι
2977 4812 3031 4859 et
3062 4818 3122 4858 ea
3150 4805 3379 4874 aequiori
3405 4801 3595 4871 judicii
3624 4798 3757 4852 lance

2197 4908 2318 4949 cum
2348 4893 2658 4948 narratione
2685 4892 2932 4949 Guiberti
2960 4894 3026 4949 de
3053 4892 3359 4964 Novigento
3383 4892 3754 4948 examinassel.

2194 4998 2299 5037 non
2328 4982 2707 5049 conclusisset,
2743 4993 2988 5039 sanctum
3029 4984 3337 5038 Brunonem
3370 4992 3555 5037 votum
3590 4977 3757 5033 Remis

2193 5076 2439 5132 emisisse
2478 5076 2747 5131 etstatim
2781 5084 2904 5147 post
2940 5076 3184 5133 relictam
3215 5076 3413 5129 urbem
3451 5075 3753 5128 Remensem

2194 5170 2314 5225 sine
2342 5167 2626 5223 ulla°mora
2647 5167 2991 5224 Carthusiam
3017 5167 3260 5239 petiisse.
3275 5167 3512 5222 Constat
3539 5162 3676 5217 enim
3695 5169 3753 5211 ex

2193 5262 2443 5332 superius
2476 5275 2508 5314 a
2531 5260 2687 5316 nobis
2731 5260 2852 5316 fuse
2882 5259 3145 5329 probatis,
3178 5267 3435 5314 sanctum
3471 5256 3756 5309 Brunonem

2192 5368 2301 5409 non
2328 5351 2431 5408 nisi
2456 5360 2581 5408 octo
2605 5359 2727 5421 post
2747 5350 2932 5407 Remis
2955 5365 3238 5406 excessum
3259 5350 3425 5404 annis
3455 5348 3509 5403 in
3531 5356 3756 5401 eremum

2195 5443 2416 5500 abiisse.
2438 5441 2592 5509 Quod
2616 5449 2797 5498 autem
2818 5450 3029 5501 spectat
3054 5449 3269 5496 tetatem
3291 5438 3445 5494 Petri
3462 5435 3758 5492 Cluniacen—

2195 5534 2302 5600 sis,
2329 5534 2536 5605 liquido
2566 5533 2734 5590 etiam
2771 5532 3297 5595 demonstravimus,
3328 5531 3581 5585 ordinem
3616 5523 3758 5581 insti-

2197 5634 2372 5681 tutum
2402 5624 2569 5681 fuisse
2588 5622 2854 5695 pluribus,
2875 5630 3165 5693 antequam
3191 5622 3306 5692 ipse
3325 5621 3499 5676 abbas
3527 5627 3759 5673 nascere-

2202 5726 2306 5785 tur,
2336 5716 2521 5783 annis,
2552 5730 2783 5786 eumque
2819 5714 2951 5770 nihil
2979 5716 3044 5771 de
3070 5711 3350 5770 miraculis
3374 5711 3517 5783 apud
3545 5705 3756 5768 Carthu-
