3814 6306
96 374 157 432 1&9
1528 367 1725 428 ACTA.

3154 387 3259 442 £90

92 501 237 541 ncnses
252 482 454 555 patratis
478 473 757 553 scripsisse
783 488 978 553 praeter
1012 492 1275 553 quasnam
1302 495 1572 547 visnones,
1601 495 1647 549 Α
1684 484 1885 542 feretro
1929 472 2235 543 astantibus
2289 485 2655 557 denuntiarit,
2716 490 3031 551 'Parisiense
3077 501 3259 565 prodi-

90 575 237 631 cuidam
266 572 398 625 fratri
425 587 686 628 converso
711 571 881 627 factas
904 572 1048 627 circa
1080 580 1347 641 tempora,
1376 571 1571 639 quibus

89 676 178 730 opus
209 674 339 713 suum
383 658 447 713 de
493 658 770 714 miraculis
818 659 1016 725 edidit,
1048 658 1099 713 id
1130 669 1245 724 est,
1280 659 1435 716 annis
1461 660 1573 715 fere

91 749 345 819 septuaginta
373 757 493 818 post
527 748 924 804 institutionem
966 750 1195 805 ordinis.
1233 748 1369 804 Hinc
1404 748 1574 805 lector

84 843 251 914 iudicet,
296 841 335 895 si
388 850 639 897 accurate
690 840 964 899 Launoius
1009 839 1155 898 Petri
1202 841 1573 900 Cluniacensis

85 933 194 987 verba
219 934 512 1003 perpendat,
544 947 666 988 cum
694 932 925 998 asserit,
960 932 1207 988 ordinem
1242 932 1383 986 illius
1414 941 1573 987 aetate

84 1024 328 1077 institutum.
360 1021 462 1077 Sed
509 1037 608 1091 pro
632 1022 871 1078 Launoio
912 1032 1138 1093 reponet
1167 1023 1319 1094 quis,
1351 1023 1571 1078 Petrum

84 1112 370 1167 Vcnerabilem
402 1113 680 1184 conceptis
708 1113 888 1171 verbis
916 1114 968 1171 id
998 1114 1285 1170 affirmare.
1318 1114 1451 1169 Nam
1491 1116 1572 1172 sic

83 1205 250 1275 loquitur
278 1202 525 1275 prafatus
568 1205 737 1261 abbas
767 1224 785 1263 :
826 1224 846 1260 ι
876 1206 1136 1262 Servatur
1167 1207 1217 1261 in
1252 1206 1573 1277 Burgundim

86 1295 385 1364 amnibus...
414 1296 686 1367 professio
727 1298 1063 1367 quadam...
1099 1299 1345 1355 instituta
1386 1309 1573 1356 nostro

85 1405 96 1438 t
121 1396 317 1456 tempore.
344 1406 362 1439 ι

122 1478 210 1532 317.
231 1498 247 1530 ι
271 1479 454 1534 Verum
475 1490 581 1545 est,
608 1482 724 1537 hzec
739 1483 902 1538 verba
928 1499 1048 1539 esse
1072 1483 1242 1552 Petri,
1267 1485 1362 1542 sed
1379 1501 1569 1542 verum

78 1580 130 1625 est
145 1570 291 1637 etiam,
311 1572 445 1640 quod
472 1573 593 1628 haec
618 1575 897 1645 scripserit
917 1578 1255 1649 septuaginta
1278 1579 1435 1633 annis
1453 1568 1573 1649 post

77 1662 243 1715 damnati
269 1654 495 1718 hominis
534 1665 942 1734 spectaculum;
986 1683 1086 1723 nec
1121 1670 1391 1725 modicum
1429 1671 1571 1727 istud

79 1762 130 1805 est
157 1754 369 1823 temporis
399 1754 779 1823 intervallum,
820 1757 927 1812 imo
966 1774 1357 1830 permagnum,
1393 1762 1567 1831 quod,

1676 578 1847 648 gium,
1875 596 1893 631 ‹
1921 577 1964 634 si
1995 592 2280 635 revocetur
2302 580 2368 635 ad
2391 581 2601 638 natales
2621 598 2767 648 suos,
2794 594 2905 640 tum
2930 587 3144 644 demum
3173 606 3258 646 re-

1673 684 1855 724 vocari
1902 669 1969 725 ad
2011 671 2284 740 publicum
2327 672 2444 729 sine
2493 685 2717 733 auctore
2756 693 3048 736 rumorem.
3102 702 3121 735 ι
3156 686 3256 743 Ast

1673 767 1861 815 contra
1884 759 2029 819 illam
2048 763 2419 819 conversionis
2446 764 2502 820 S.
2528 765 2796 824 Brunonis
2819 785 3071 838 causam,
3112 775 3156 831 si
3183 778 3253 833 ad

1674 848 1887 909 natales
1917 865 2048 907 suos
2080 863 2331 908 revocata
2361 853 2556 923 fuerit,
2588 873 2693 913 non
2733 861 2800 915 ad
2829 862 3101 931 publicum
3134 868 3254 925 sine

1672 949 1895 995 auctore
1929 956 2230 1006 rumorem,
2275 943 2368 999 sed
2406 945 2472 999 ad
2523 946 2814 1015 ipsummet
2853 949 2911 1005 S.
2944 951 3250 1011 Brunonem

1671 1028 1896 1099 ejusque
1923 1031 2098 1086 socios
2129 1045 2440 1089 revocatum
2473 1034 2536 1091 iri
2562 1040 2875 1106 contendit,
2904 1042 3252 1115 probareque

1671 1118 1834 1173 etiam
1882 1120 2073 1175 nititur
2110 1120 2500 1181 Carthusianus
2546 1136 2732 1183 noster
2779 1145 3100 1203 auouymus.
3132 1154 3149 1187 ‹
3182 1135 3250 1191 lli

1672 1209 1840 1275 enim,
1878 1228 1897 1260 ι
1934 1210 2109 1281 inquit
2137 1212 2427 1270 Annalium
2455 1218 2661 1272 ordinis
2680 1220 2763 1274 sui
2795 1220 2889 1277 lib.
2915 1238 2967 1278 tv
2988 1224 3251 1281 hactenus

1672 1315 1780 1355 non
1813 1299 2053 1370 vulgato,
2080 1318 2229 1357 num.
2260 1303 2384 1368 124,
2419 1323 2436 1356 ι
2467 1308 2635 1375 probe
2672 1319 2959 1377 noverunt,
2988 1312 3059 1371 ob
3085 1326 3248 1384 quam

1672 1405 1892 1446 causam
1918 1399 1973 1446 et
2000 1406 2106 1461 qua
2141 1393 2351 1449 ratione
2377 1395 2576 1449 mundo
2610 1396 3078 1468 alirenuntiarint,
3109 1410 3166 1457 et
3193 1400 3250 1458 id

1672 1482 1876 1551 absque
1896 1482 2059 1538 dubio
2083 1484 2200 1538 suis
2232 1486 2564 1540 tradiderunt
2593 1488 2934 1557 sequacibus.
2964 1489 3249 1549 Neminem

1670 1587 1802 1626 vero
1832 1585 1953 1626 esse
1989 1573 2356 1639 arbitramur,
2393 1576 2484 1644 qui
2522 1577 2681 1632 vellet
2724 1579 2994 1635 obstinate
3030 1596 3249 1640 asseve-

1671 1678 1816 1727 rare,
1830 1672 2079 1719 sanctum
2105 1664 2411 1721 Brunoncm
2435 1676 2489 1721 et
2506 1668 2683 1724 socios
2704 1669 2822 1740 ejus
2844 1685 3104 1741 sequaces
3120 1687 3250 1730 suos

1671 1771 1780 1811 non
1809 1756 2118 1822 edocuisse,
2149 1756 2383 1827 qualiter
2410 1766 2466 1813 et
2490 1758 2560 1813 ob
2585 1775 2745 1829 quam
2777 1776 2995 1817 causam
3021 1771 3128 1817 tam
3159 1778 3254 1818 ar-

72 1840 214 1905 junclis
230 1844 394 1910 rariis,
422 1847 626 1913 quibus
660 1847 872 1904 ratione
892 1847 1052 1905 ofIicii
1083 1850 1447 1921 detinebatur,
1473 1868 1566 1907 ηε-
1593 1866 1642 1927 Β
1672 1848 1835 1902 duum
1870 1849 1993 1903 vita:
2019 1865 2187 1919 genus
2219 1849 2508 1919 amplexati
2544 1850 2802 1918 fuissent;
2838 1862 2932 1908 aut
2958 1856 3130 1925 ipsum
3159 1870 3249 1912 or-

76 1933 197 2003 gotiis,
230 1935 348 1990 satis
377 1936 655 1995 sufficiens
699 1938 832 2005 fuit,
875 1955 1092 1996 onmem
1132 1943 1201 1997 ab
1229 1943 1346 2013 ejus
1384 1943 1567 2000 animo

79 2026 162 2078 dicti
184 2027 441 2096 spectaculi
465 2028 898 2085 recordationem
929 2031 1167 2098 auferre,
1190 2033 1330 2088 sicut
1360 2041 1415 2089 et
1440 2034 1567 2089 abs-

76 2115 553 2175 mlitrecordationem
577 2120 867 2176 multarunt
890 2122 1217 2178 mirabilium
1237 2165 1252 2189 ,
1276 2126 1371 2179 s'ua
1405 2134 1567 2180 aetate

74 2221 91 2259 ι
112 2208 204 2263 viris
219 2211 565 2267 sanetissrmis
588 2221 697 2267 tam
726 2212 780 2267 in
808 2214 999 2269 ordine
1023 2229 1124 2270 suo
1141 2256 1155 2281 ,
1182 2230 1343 2286 quam
1370 2217 1421 2271 in
1445 2217 1568 2273 aliis

73 2300 252 2357 Ecclesia
276 2303 553 2359 ordinibus
595 2314 892 2375 gestorum.
928 2325 947 2358 ι
983 2307 1095 2362 Etsi
1132 2307 1416 2378 negativis,
1447 2324 1567 2378 qua:

73 2392 353 2462 eripsiusmet
383 2392 444 2450 S.
474 2392 755 2451 Brunonis
790 2395 842 2449 in
874 2396 1074 2467 scripta
1120 2396 1189 2451 ad
1222 2396 1565 2468 Radulphum

72 2482 240 2541 l'indem
262 2484 480 2557 epistola
517 2496 578 2543 et
618 2487 767 2543 Petri
790 2487 1127 2545 Venerabilis
1164 2490 1229 2544 de
1257 2491 1567 2560 prodigiosa

72 2574 238 2630 ductoris
271 2577 500 2632 anastasi
544 2575 765 2633 silentio
805 2586 1082 2648 petuntur,
1114 2581 1448 2650 argumentis
1485 2581 1567 2636 vis

2 2734 3 2745 χ
73 2671 433 2736 Iauta,qnantam
456 2668 541 2722 eis
580 2676 694 2723 tum
726 2683 919 2739 supra,
959 2680 1075 2725 tum
1106 2670 1193 2724 hic
1216 2670 1268 2724 in
1299 2670 1412 2726 suis
1439 2687 1568 2727 con-

72 2752 322 2811 clusionibus
339 2755 618 2813 Launoius
639 2759 909 2825 attribuit,
935 2762 1246 2830 neutiquam
1270 2771 1565 2832 competat,

2 2842 3 2920 ᾗ
71 2846 222 2901 omnino
240 2858 400 2903 tamen
426 2850 517 2905 illa
546 2866 653 2906 non
682 2866 803 2907 esse
825 2851 1059 2920 infirma,
1089 2868 1153 2909 ac
1177 2852 1372 2908 robore
1401 2855 1567 2909 desti-

70 2943 157 2999 tnta,
180 2952 317 3008 supra
344 2941 585 3007 ostendi,
618 2956 719 2997 nec
756 2944 1088 2998 contrarium
1126 2943 1414 3004 evincunt.
1447 2961 1567 3014 qum

70 3022 124 3077 hic
142 3023 490 3085 Carthusianus
536 3039 725 3086 noster
744 3047 1044 3102 anonymus
1063 3031 1306 3087 Launoio
1329 3033 1561 3103 reponit.

69 3111 139 3169 Etsi
151 3118 284 3184 enim,
304 3120 522 3177 Petrum
550 3138 658 3177 non
683 3132 809 3179 ante
836 3124 1048 3195 elapsos
1070 3140 1100 3178 a
1126 3123 1417 3180 Parisiensi
1443 3141 1564 3195 pro-

1669 1942 1848 1998 dinem
1862 1940 1935 1997 Ca
1943 1942 2301 1999 rthusiensem
2317 1944 2594 2013 ignorasse
2605 1945 2949 2001 occasionem
2962 1957 3014 2003 et
3027 1963 3247 2004 causam

1668 2046 1781 2086 suae
1806 2032 2185 2087 institutionis.
2208 2032 2321 2091 llos
2350 2043 2531 2088 autem
2556 2034 2699 2089 inter
2719 2049 2981 2105 sequaces
3002 2045 3250 2108 repertus

1667 2130 1785 2185 est,
1835 2120 1927 2191 qui
1971 2121 2248 2192 octoginta
2297 2130 2393 2177 aut
2436 2122 2658 2178 circiter
2696 2124 2855 2179 annis
2894 2136 3016 2194 post
3058 2136 3279 2180 eorum‘

1667 2218 1897 2265 mortem
1947 2210 2045 2280 (de
2088 2226 2360 2283 anonymo
2404 2224 2557 2268 num.
2606 2212 2709 2267 £99
2764 2221 2817 2268 et
2853 2229 2972 2283 seq.
3012 2214 3248 2269 adducto

1669 2300 1760 2356 hic
1788 2300 2059 2371 loquitur,
2089 2302 2179 2371 qui
2211 2318 2319 2371 quo
2357 2302 2576 2359 circiter
2616 2312 2858 2375 tempore
2885 2305 3248 2361 verosimilius

1668 2393 1949 2463 floruerit,
2005 2411 2155 2450 num.
2206 2394 2274 2450 12
2313 2406 2367 2452 et
2406 2411 2557 2467 seqq.
2597 2397 2792 2469 docui)
2841 2414 3060 2456 causam
3105 2400 3249 2456 hanc

1668 2486 1889 2556 scriptis
1911 2486 2214 2552 mandavit,
2239 2488 2383 2557 quod
2405 2487 2545 2543 forte
2565 2489 2728 2544 etiam
2755 2499 2882 2545 ante
2902 2507 3024 2545 eum
3047 2478 3247 2560 aliquis

1666 2575 1905 2643 fecerat,
1935 2576 2088 2647 cuius
2120 2579 2293 2633 codex
2321 2578 2473 2648 lapsu
2508 2588 2806 2649 temporum
2839 2581 3105 2651 disperirc
3140 2596 3242 2652 po-

1668 2666 1789 2722 tuit.
1825 2666 2116 2722 Crescente
2148 2682 2278 2722 vero
2301 2667 2583 2722 domorum
2615 2669 2824 2723 ordinis
2854 2685 3100 2737 numero,
3127 2686 3246 2725 ere-

1667 2758 1746 2812 vit
1772 2766 1827 2812 et
1852 2757 2078 2825 codicis,
2100 2773 2130 2811 a
2156 2767 2344 2814 nostro
2372 2774 2643 2829 anonymo
2672 2760 2823 2826 editi,
2852 2762 3243 2831 exemplarium

1669 2866 1949 2916 numerus,
1984 2851 2058 2905 ita
2087 2860 2146 2905 ut
2182 2851 2327 2905 circa
2360 2851 2521 2906 tinent
2561 2852 2744 2907 saeculi
2779 2854 2926 2907 tertii
2959 2854 3153 2909 decimi
3189 2861 3245 2908 et

1667 2942 1879 2999 initium
1913 2943 2094 3013 quarti
2121 2944 2317 2997 decimi
2345 2943 2399 2997 in
2426 2944 2677 2998 omnibus
2707 2943 2915 2999 ordinis
2950 2943 3245 3014 provinciis

1667 3034 2029 3102 reperiretur,
2072 3041 2129 3088 et
2171 3032 2295 3087 inde
2339 3032 2579 3087 historia:
2611 3031 2771 3101 hujus
2809 3033 2951 3087 fama
2993 3035 3046 3088 in
3082 3048 3243 3088 omne

1666 3125 1860 3193 vulgus
1901 3132 2205 3179 emanaret.
2242 3142 2261 3176 ι
2304 3124 2381 3177 lta
2423 3124 2686 3178 hactenus
2725 3124 2812 3178 ille
2841 3140 2855 3177 :
2888 3132 3131 3188 rectene,
3171 3138 3239 3177 an

72 3203 165 3274 digiti
185 3213 493 3282 septuaginta
533 3228 708 3269 annos
747 3230 858 3269 sua:
895 3216 961 3271 de
994 3216 1273 3271 miraculis
1308 3217 1563 3272 lucubra-
1590 3215 1631 3271 C
1665 3230 1840 3279 secus,
1867 3231 1961 3270 seu
1979 3230 2047 3269 an
2071 3228 2196 3269 vera
2221 3228 2282 3268 ac
2304 3214 2537 3285 genuina
2565 3213 2801 3277 traditio,
2825 3214 2909 3268 cui
2937 3213 3239 3283 prodigium

71 3296 152 3349 lieni
180 3314 369 3367 manum
400 3302 742 3366 admovisse,
774 3305 947 3370 detur,
980 3305 1081 3360 hoc
1111 3314 1289 3360 tamen
1347 3306 1416 3362 ab
1447 3307 1558 3373 illo,

72 3395 191 3458 utpote
210 3395 287 3462 qui
309 3404 430 3451 tunc
452 3396 509 3451 in
550 3396 837 3462 miracula,
861 3398 927 3451 ad
941 3397 1383 3454 Carthusiensem
1411 3400 1558 3455 ordi-

74 3496 151 3535 rem
172 3489 434 3554 spectantia
453 3529 469 3554 ,
498 3489 691 3545 sedulo
724 3503 791 3543 ex
828 3490 983 3545 dictis
1012 3492 1316 3562 inquisicrit
1336 3533 1350 3557 ,
1381 3493 1465 3547 vel
1495 3508 1563 3547 ex

72 3573 354 3643 ignoratione,
384 3580 467 3634 vel
512 3596 583 3635 ex
627 3581 900 3636 memoria:
948 3582 1096 3652 lapsu
1138 3584 1561 3653 praetermissum

0 3664 1 3743 ξ
72 3664 195 3730 fuisse,
229 3683 401 3736 parum
438 3670 756 3726 verosimile
793 3682 1033 3743 apparet.
1078 3673 1188 3729 Nec
1219 3674 1416 3741 refert,
1456 3675 1561 3729 alia

0 3772 3 3829 ξ
72 3755 178 3807 etiam
201 3758 437 3814 miracula
458 3801 473 3825 ,
508 3769 565 3815 et
596 3762 815 3831 quidem
842 3778 962 3832 qua:
987 3772 1042 3819 et
1070 3773 1232 3818 aetate
1258 3779 1352 3818 sua
1374 3803 1390 3830 ,
1427 3773 1482 3819 et
1510 3765 1562 3819 in

72 3844 197 3904 ordine
232 3865 318 3905 suo
356 3860 507 3923 gesta
541 3863 757 3920 essent,
784 3854 997 3910 silentio
1026 3855 1391 3910 venerabilem
1428 3855 1565 3909 scri-

72 3948 213 4003 D‘Ofcm
238 3948 577 4012 praeteriisse.
597 3946 731 4000 Cum
763 3947 938 4011 enim,
970 3955 1030 4001 ut
1052 3946 1255 4009 verbis,
1284 3962 1433 4000 num.
1457 3946 1564 4001 295

74 4030 139 4084 l-nc
160 4038 489 4109 transcriptis,
526 4038 755 4108 ipsemet
786 4036 1007 4103 indicat,
1040 4052 1103 4092 ea
1143 4052 1429 4092 recensere
1464 4038 1565 4090 mi-

74 4123 223 4189 racula,
257 4144 364 4196 quae
395 4148 412 4180 ι
443 4129 515 4183 ad
548 4129 908 4183 roborandam
936 4128 1093 4183 fidem
1116 4136 1171 4182 et
1200 4142 1379 4182 mores
1411 4127 1566 4182 insti-

76 4218 232 4270 luendas
262 4238 278 4269 ι
308 4221 712 4285 conducerent,
762 4219 1096 4289 propositum
1145 4217 1246 4273 sibi
1286 4218 1562 4283 habuerit,

0 4303 1 4376 ξ
75 4303 256 4360 miracula
277 4310 550 4364 nonnulla.
577 4310 739 4363 etiam
763 4310 829 4364 ad
854 4309 1098 4365 ordinem
1137 4323 1292 4362 suum
1319 4314 1567 4376 spectan-

0 4422 1 4471 ξ
77 4392 142 4455 lia,
177 4401 322 4466 potuit
353 4401 640 4464 omittere,
689 4416 794 4455 non
838 4400 981 4471 quod
1019 4414 1083 4455 ea
1124 4399 1457 4468 incomperta
1490 4395 1564 4451 illi

20 4518 26 4525 .
75 4494 198 4539 essent
221 4492 535 4546 inemoriave
564 4499 719 4545 antea
742 4490 876 4545 scita
907 4489 1274 4554 excidissent,
1302 4488 1394 4543 sed
1424 4487 1563 4558 quod

1667 3306 1972 3363 Parisiense
2009 3320 2102 3362 seu
2153 3304 2391 3375 vulgaris
2439 3305 2807 3359 conversionis
2856 3303 2914 3367 S.
2970 3303 3240 3359 Brunonis

1665 3410 1827 3450 causa
1857 3402 2292 3464 superstruatur,
2333 3393 2385 3447 in
2422 3393 2612 3447 ordine
2650 3393 3025 3449 Carthusiensi
3059 3393 3240 3457 detur,

1667 3483 1806 3542 infra
1846 3484 2152 3541 discutiam.
2197 3482 2279 3539 Ad
2323 3483 2560 3553 reliquas
2598 3481 2824 3537 Launoii
2864 3482 3241 3538 conclusiones

1664 3592 1965 3647 pergamus.

1735 3666 1858 3720 519.
1894 3683 1914 3716 ‹
1947 3663 2158 3719 Nonum
2182 3682 2200 3715 δ
2226 3674 2331 3728 est,
2363 3662 2639 3733 inquithic
2655 3661 2908 3731 scriptor,
2928 3680 2947 3712 ι
2966 3660 3237 3715 vixullum

1665 3758 1892 3829 reperiri
1922 3758 2235 3828 figmentum
2267 3756 2320 3810 in
2353 3755 2576 3811 historia
2597 3794 2612 3819 ,
2636 3754 2777 3824 quod
2826 3754 3055 3807 validius
3082 3752 3238 3822 juxta

1665 3865 1721 3905 et
1751 3850 2088 3919 frequentius
2119 3850 2301 3920 (quam
2335 3847 2639 3918 prodigium
2668 3846 2973 3901 Parisiense
3013 3846 3239 3913 scilicet)

1666 3943 2010 4009 confutetur,
2037 3943 2267 3997 validius
2304 3940 2554 4010 quidem,
2593 3941 2636 3995 si
2678 3948 2949 4011 spectetur
2977 3938 3240 3992 instructa

1668 4044 1743 4090 tot
1769 4034 2123 4105 scriptoribus
2145 4033 2319 4099 acies,
2364 4048 2483 4102 qua:
2516 4033 2568 4085 in
2597 4047 2715 4085 eam
2749 4031 2815 4085 de
2865 4028 3109 4085 horribili
3138 4028 3239 4079 do-

1667 4129 1833 4185 ctoris
1855 4127 2159 4198 spectaculo
2172 4126 2560 4191 narrationem,
2576 4134 2631 4179 et
2649 4124 2931 4194 quaesitum
2947 4137 3011 4176 ex
3028 4136 3086 4175 ea
3110 4119 3179 4173 Ca
3189 4135 3238 4172 r-

1668 4218 2039 4273 thusianorum
2082 4218 2292 4271 initium
2325 4216 2604 4285 dirigitur;
2644 4213 2978 4281 frequentius
3014 4224 3159 4271 vero,
3192 4207 3237 4261 si

1667 4311 2079 4366 considerentur
2103 4323 2170 4363 ex
2202 4310 2266 4362 iis
2292 4307 2644 4378 scriptoribus
2666 4305 2863 4374 plures,
2892 4303 2982 4372 qui
3010 4300 3237 4355 seorsim

1667 4405 1908 4458 eamdem
1929 4400 2295 4455 narrationem
2312 4409 2366 4453 ct
2383 4399 2708 4453 narrationis
2720 4395 3066 4465 appendicem
3085 4405 3240 4445 ever-

1670 4504 1810 4551 tunt.
1842 4514 1860 4547 ›
1902 4495 1979 4548 ita
2018 4493 2325 4557 Launuius,
2362 4490 2549 4544 falsam
2585 4488 2790 4542 scilicet
2820 4500 2939 4540 esse
2970 4481 3237 4539 celebrem

76 4570 115 4622 al
137 4589 227 4629 mox
251 4579 631 4636 dictumfinem
664 4581 805 4635 haud
837 4581 968 4635 satis
997 4580 1309 4635 viderentur
1341 4579 1562 4644 idonea;

1670 4587 1737 4642 de
1773 4584 2009 4641 doctoris
2044 4583 2287 4638 damnati
2327 4580 2636 4651 spectaculo
2669 4577 3032 4632 narrationem
3057 4616 3071 4641 ,
3107 4590 3239 4630 eon-

76 4663 117 4713 il
134 4681 256 4732 quem
285 4687 399 4727 cum
430 4675 522 4728 vix
553 4674 698 4729 aliud
724 4674 1017 4744 quidquam
1047 4673 1218 4743 magis
1239 4672 1567 4734 conducens,

79 4770 185 4819 ‘l‘dam
206 4760 486 4821 Parisiense
514 4765 841 4835 prodigium,
869 4765 996 4833 fingi
1023 4773 1211 4834 queat,
1240 4763 1300 4817 fit
1327 4763 1457 4816 mihi
1486 4762 1568 4816 vel

79 4844 157 4901 llinc
179 4853 327 4911 minus
351 4858 678 4922 verosimile,
706 4857 1010 4912 luctuosum
1038 4858 1181 4911 hunc
1220 4864 1497 4920 eventum,
1521 4857 1566 4911 si

86 4936 204 4995 locum
244 4947 541 5016 habuisset,
588 4949 1119 5005 commemorandum
1168 4963 1272 5002 non
1326 4947 1492 5003 fuisse
1535 4963 1566 5002 a

82 5028 191 5088 Petro
212 5036 526 5105 Venerabili,
551 5042 635 5097 cui
667 5040 1017 5096 nihilominus
1062 5050 1174 5095 tum
1200 5040 1478 5110 cognitus,
1508 5047 1568 5094 ut

82 5116 152 5184 iam
172 5125 341 5184 dictum
360 5173 375 5198 ,
397 5133 799 5189 verosimillime
824 5132 1037 5186 fuisset.

125 5216 217 5272 3l8.
245 5220 393 5277 Sexta
446 5234 502 5279 et
551 5226 781 5295 septima
826 5224 1174 5281 conclusione
1218 5222 1379 5279 unice
1420 5222 1563 5288 fere,

84 5305 166 5367 ‘luid
181 5308 224 5364 in
245 5315 594 5370 ratiocinando
619 5314 948 5370 discriminis
972 5314 1325 5385 Raynaudum
1352 5313 1493 5368 inter
1512 5322 1568 5368 et

85 5389 312 5456 Sausszeum
333 5404 664 5462 intercedere
684 5405 978 5471 existimet,
993 5405 1270 5460 Launoius
1298 5406 1561 5476 assignat,

87 5492 123 5535 αἱ
147 5502 222 5544 nos
244 5493 320 5549 hic
344 5498 539 5553 morari
571 5513 679 5554 non
717 5499 930 5554 debeat.
968 5497 1329 5555 Conelusione
1369 5506 1561 5553 octava

91 5574 285 5651 3tllit'tnat,
313 5606 330 5638 ‹
365 5589 633 5658 vulgarem
676 5590 1050 5645 conversionis
1086 5588 1258 5644 sancti
1296 5587 1565 5643 Brunonis

92 5679 271 5737 causam,
301 5694 318 5727 ι
347 5692 438 5731 seu
467 5677 741 5744 horribile,
769 5694 876 5749 quo
908 5681 1095 5735 doctor
1128 5678 1389 5748 tantisper
1419 5677 1561 5733 redi-

94 5754 222 5827 ‘ims,
257 5762 386 5832 iusto
414 5768 503 5825 Dei
539 5769 745 5838 judicio
771 5784 889 5826 sese
917 5770 1258 5836 damnatum,
1292 5768 1501 5838 publice
1538 5784 1565 5822 ο

1672 4678 1928 4734 tendens.
1969 4683 2079 4727 tum
2112 4672 2254 4743 quod
2286 4675 2351 4725 de
2392 4668 2637 4723 horribili
2674 4667 2761 4721 illa
2797 4666 3020 4721 historia
3052 4678 3241 4719 omnes

1667 4781 1909 4837 prorsus,
1939 4779 2074 4833 quos
2101 4762 2361 4827 laudavit,
2390 4761 2683 4828 scriptores
2704 4758 2920 4821 sileant,
2951 4766 3063 4813 tum
3092 4756 3235 4814 quod

1666 4874 1735 4913 ex
1765 4858 1849 4913 his
1875 4858 2058 4928 plures
2088 4856 2215 4921 sint,
2242 4869 2354 4923 qm,
2386 4868 2506 4907 cum
2536 4852 2802 4914 eamdem,
2830 4864 2873 4903 sn
2903 4849 3236 4918 contigisset,

1667 4949 1853 5007 scituri
1890 4949 2191 5016 scitumque
2220 4942 2700 5000 commemoraturi
2735 4940 2983 5003 fuissent,
3009 4938 3239 5008 particu—

1674 5042 1772 5098 lari
1809 5055 1906 5097 suo
1951 5039 2194 5102 silentio,
2231 5046 2289 5091 ut
2324 5051 2421 5106 pro
2459 5042 2735 5104 comperta
2782 5031 3014 5086 falsitate
3055 5027 3239 5082 haberi

1675 5134 1890 5198 debeat,
1904 5131 2159 5186 efficiunt.
2172 5128 2564 5185 Carthusianus
2575 5135 2759 5183 noster
2774 5138 3071 5196 anonymus
3084 5121 3240 5192 paulo

1673 5225 1851 5290 aliter,
1881 5234 1934 5279 et
1960 5225 2098 5279 forte
2118 5238 2221 5277 non
2255 5220 2548 5286 immerito,
2576 5219 2822 5289 proxime
2853 5217 3078 5271 recitata
3106 5213 3241 5268 Lau-

1674 5315 1781 5370 noii
1805 5314 1967 5370 verba
1994 5312 2222 5382 accepit,
2248 5311 2324 5365 uti
2348 5310 2517 5381 liquet
2538 5324 2603 5364 ex
2630 5308 2770 5362 illius
2790 5307 2854 5361 ad
2883 5308 2995 5361 lure
3020 5317 3241 5370 respou-

1672 5408 1850 5468 sione,
1886 5420 2006 5474 quae
2045 5405 2123 5458 sic
2170 5402 2328 5457 habet
2361 5416 2375 5455 :
2409 5420 2427 5453 ι
2456 5400 2603 5467 ‘Quis
2649 5415 2754 5453 non
2800 5397 3027 5450 miretur
3062 5392 3146 5446 his
3186 5392 3236 5444 in

1669 5498 1846 5554 verbis
1882 5512 2075 5551 vanam
2110 5494 2435 5567 hyperbolen
2459 5535 2472 5559 ,
2498 5509 2602 5563 qua
2636 5492 2733 5545 soli
2766 5485 3037 5557 simplices
3062 5482 3236 5551 decipi

1673 5589 1931 5663 possent?
1961 5587 2140 5643 nullus
2162 5601 2225 5641 ex
2259 5595 2335 5641 tot
2360 5583 2717 5653 scriptoribus
2739 5596 2767 5632 a
2791 5575 3033 5632 Launoio
3059 5574 3236 5628 allatis

1672 5681 1953 5737 historiam
1981 5679 2181 5734 refutat
2208 5687 2299 5731 aut
2327 5684 2507 5743 negat,
2535 5672 2630 5727 sed
2658 5685 2845 5725 omnes
2870 5667 3238 5721 tantummodo

1673 5786 1792 5826 eam
1823 5786 1929 5825 non
1968 5778 2213 5832 narrant,
2250 5768 2355 5819 imo
2391 5780 2487 5818 nec
2521 5776 2743 5816 narrare
2777 5768 2998 5830 possunt
3028 5764 3117 5811 aut
3142 5755 3233 5808 dc-

3794 5542 3797 5701 Ν
