3814 6306
565 363 672 420 191

1345 354 1402 412 ε.
1436 353 1782 412 BRUNONIS‘
1819 351 2468 410 CARTIlUSlANORUM.
2502 351 3013 409 lNSTlTUTO'RlS.
3684 355 3765 408 192

567 481 695 537 bent
716 479 870 546 quta
896 472 1234 545 propositum
1262 487 1420 527 suum
1438 511 1454 534 ,
1488 465 1614 526 nam
1641 487 1828 525 omnes
1853 485 2044 540 parum
2078 469 2145 524 de
2173 473 2220 532 Α
2249 469 2324 524 sis
2359 469 2546 524 itidem
2569 483 2893 540 anonymus,
2917 481 3151 538 quorum
3181 465 3321 522 alter
3346 464 3452 528 (adi
3477 479 3612 520 num.
3640 467 3696 522 12
3723 481 3763 523 et

568 578 762 628 sancto
809 568 1094 631 Brunone,
1124 573 1176 621 et
1209 565 1345 619 nihil
1373 565 1440 619 de
1471 565 1614 620 illius
1646 566 2001 619 conversione
2041 561 2141 618 ba-

568 663 719 724 beut,
745 667 805 713 ut.
838 649 1020 714 videre
1045 665 1128 712 est
1158 672 1321 727 supra
1343 698 1355 718 ,
1385 657 1430 711 si
1459 669 1624 711 unum
1653 656 1888 726 excipias
1914 654 2144 710 Guiber-

571 761 682 806 tmn
712 751 780 804 de
817 749 1135 820 Novigento.
1179 749 1244 802 Et
1280 748 1630 802 nihilominus
1670 747 1832 800 audet
1869 745 2143 807 Launoius

568 837 944 911 pronuntiare,
982 857 1003 890 ι
1035 839 1132 901 vix
1153 837 1318 892 ullum
1353 837 1574 907 reperiri
1611 835 1958 906 ﬁgmentum,
1998 832 2141 903 quod

575 949 596 983 ι
633 931 867 986 validius
915 929 1076 1000 juxta
1134 937 1191 984 et
1230 927 1565 997 frequentius
1592 925 1922 992 confutetur,
1955 944 1974 978 ι
2017 939 2142 984 cum

569 1035 602 1074 e
628 1021 902 1076 contrario
932 1020 1068 1078 nihil
1098 1021 1166 1074 sit
1199 1019 1482 1074 invalidius
1515 1019 1839 1072 auctoritate
1870 1016 2138 1086 negativa,

565 1125 670 1180 qtta
702 1112 894 1177 utitur,
921 1121 1000 1167 tot
1029 1111 1339 1168 testimonia
1368 1111 1693 1179 producens,
1723 1109 1856 1164 nihil
1881 1108 2142 1164 adversus

563 1200 850 1254 veritatem
881 1199 1039 1269 hujus
1064 1198 1297 1254 historiae
1329 1198 1694 1253 testiﬁcantia.

634 1289 761 1345 520.
801 1309 820 1343 ε
855 1290 1005 1354 Quod
1028 1299 1206 1344 autem
1244 1289 1414 1353 addit,
1441 1302 1496 1344 et
1525 1288 1865 1360 frequentius
1893 1287 2139 1343 confute-

570 1396 590 1430 ι
633 1388 739 1445 tur,
789 1396 834 1436 st
865 1381 1276 1437 consrderentur
1312 1394 1379 1434 ex
1419 1379 1487 1434 iis
1531 1379 1916 1450 scriptoribus,
1955 1398 1975 1431 ι
2004 1393 2142 1449 quos

563 1472 770 1536 citavit,
810 1489 840 1522 ι
864 1471 1063 1542 plures,
1103 1473 1192 1541 qui
1236 1473 1466 1526 seorsim
1493 1473 1739 1528 eamdem
1774 1472 2140 1530 narrationem

568 1579 589 1612 ι
621 1571 674 1616 et
717 1563 1051 1618 narrationis
1100 1565 1451 1634 appendicem
1495 1575 1774 1631 evertunt,
1828 1585 1846 1616 ι
1892 1565 1942 1619 id
1993 1571 2142 1620 certe

557 1665 742 1705 verum
774 1668 882 1706 non
907 1663 1135 1722 apparet
1161 1669 1228 1706 ex
1252 1654 1612 1716 discussione,
1640 1669 1802 1723 quam
1825 1653 1893 1707 de
1913 1653 2142 1722 scripto-

555 1757 676 1797 rum
707 1758 898 1797 eorum
926 1745 1343 1800 auctoritatibus
1365 1745 1615 1820 superius
1647 1745 1893 1808 fecimus,
1924 1761 2046 1800 cum
2075 1759 2142 1799 ne

2244 559 2421 628 seqq.)
2451 569 2601 614 certo
2628 569 2754 614 ante
2786 573 2991 614 annum
3020 559 3187 622 l5l3,
3211 559 3347 614 alter
3377 573 3514 612 anulo
3541 557 3682 621 1298,
3704 560 3766 613 uti

2243 649 2470 717 ipsemet
2495 647 2744 714 allirmat,
2777 649 3062 719 scriptioni
3105 663 3324 702 manum
3357 647 3605 702 admovit.
3633 647 3766 702 Paulo

2243 740 2413 809 plura,
2451 742 2554 797 huc
2578 741 3264 804 facientia,Carthusianus
3277 749 3462 800 noster
3492 755 3765 811 anonymus,

2244 835 2333 903 qui
2367 835 2642 896 annalium
2673 835 2880 890 ordinis
2911 835 2996 889 sui
3043 833 3242 888 librum
3271 841 3524 902 quartum
3553 833 3770 887 hactenus

2243 941 2352 980 non
2389 927 2666 996 vulgatum
2704 926 3016 992 contexuit,
3068 925 3398 996 suppeditat.
3433 924 3598 978 Verba
3626 931 3768 978 tamen

2243 1017 2358 1085 ejus
2404 1019 2510 1073 huc
2562 1019 2927 1074 transcribere
2967 1017 3144 1071 visum
3184 1031 3291 1071 non
3322 1024 3439 1078 est,
3473 1015 3605 1085 quod
3634 1030 3770 1084 pauca

2236 1108 2347 1180 jam
2362 1110 2612 1173 adducta,
2637 1110 2778 1179 quod
2795 1105 3136 1180 probandum
3162 1115 3303 1170 erat,
3317 1105 3638 1164 suilicienter
3652 1107 3771 1161 evin-

2243 1207 2388 1258 cant.
2417 1197 2526 1252 Nec
2549 1200 2652 1253 hoc
2683 1208 2896 1252 tantum
2927 1213 2994 1253 ex
3025 1197 3135 1252 illis
3162 1197 3420 1262 habetur,
3447 1210 3622 1252 verum
3643 1199 3772 1251 etiam

2242 1286 2560 1353 Gcrsoncm,
2589 1298 2776 1344 contra
2804 1303 2869 1344 ac
2898 1289 3173 1344 Launoius
3199 1288 3252 1342 in
3285 1303 3384 1342 sua
3413 1288 3479 1341 de
3503 1303 3619 1342 vera
3644 1303 3773 1342 causa

2242 1393 2491 1434 secessus
2521 1379 2578 1432 S.
2598 1379 2867 1433 Brunonis
2895 1379 2947 1441 iu
2968 1393 3212 1434 eremmn
3241 1377 3624 1433 Dissertatione
3641 1379 3775 1447 capi

2245 1479 2506 1540 praeterea
2536 1470 2676 1536 vult,
2709 1471 2942 1541 primum
2971 1486 3074 1525 non
3101 1468 3293 1533 fuisse,
3318 1469 3412 1538 qui
3441 1484 3578 1524 anno
3600 1470 3775 1525 circiter

2245 1560 2382 1614 1420
2414 1560 2636 1615 feralem
2666 1561 2734 1615 de
2762 1561 3000 1615 infausto
3043 1559 3344 1614 Parisiensi
3383 1559 3596 1614 doctore
3624 1573 3776 1613 nam.

2245 1653 2476 1712 tionem.
2511 1662 2640 1719 aut,
2667 1653 3130 1722 quemadmodum
3160 1653 3306 1708 hanc
3346 1661 3530 1716 vocat,
3560 1651 3775 1714 fabulam,

2244 1743 2554 1814 aliquandiu
2577 1743 2688 1812 jam
2743 1753 2870 1802 ante
2903 1743 3224 1809 conﬁctam,
3254 1743 3306 1796 in
3347 1743 3555 1798 litteras
3588 1741 3774 1797 miserit.

555 1849 694 1888 lllltls
717 1835 936 1905 quidem
959 1851 1147 1890 eorum
1174 1837 1422 1902 seorsim,
1455 1853 1553 1892 nec
1579 1836 1913 1906 coniunctim
1937 1837 2140 1892 dictam
2172 1830 2218 1886 Β
2240 1835 2322 1888 Ad
2361 1835 2466 1890 alia
2512 1837 2704 1899 modo,
2749 1851 2867 1906 quae
2910 1835 3160 1906 sequenti
3205 1834 3234 1907 §
3285 1835 3650 1902 discutienda,
3684 1849 3776 1889 mox

554 1925 963 1991 narrationem,
991 1934 1086 1980 aut
1116 1925 1232 1996 cius
1262 1928 1615 1999 appendicem
1643 1937 1874 1992 evertat,
1911 1927 2006 1982 sed
2039 1942 2139 1982 nec

555 2016 823 2086 tantisper
843 2017 1140 2071 concutiat.
1171 2037 1190 2071 ι
1227 2018 1500 2074 Hactenus
1516 2018 1912 2074 Gartlmsianus
1932 2034 2138 2092 anony-

555 2121 706 2173 mus,
738 2105 926 2162 volens
971 2107 1260 2173 nimirum,
1304 2118 1626 2180 argumento
1670 2111 1922 2181 negativo
1948 2121 2138 2165 contra

553 2196 888 2264 Lannoium,
915 2199 1008 2267 qui
1041 2198 1091 2253 ci
1123 2199 1346 2253 nimium
1380 2201 1654 2264 attribuit,
1683 2202 1886 2256 nullam
1917 2204 2139 2258 omnino

552 2288 663 2342 vim
690 2289 888 2356 inesse,
913 2305 978 2346 ac
997 2290 1152 2360 proin
1183 2291 1548 2362 prodigiosum
1577 2294 1813 2348 doctoris
1839 2294 2134 2349 anastasim

552 2380 882 2450 scriptorum
917 2375 1266 2453 antiquorum
1299 2384 1364 2438 de
1404 2385 1505 2440 hac
1533 2385 1752 2440 silentio
1788 2401 1893 2440 non
1928 2395 2135 2440 tantum

552 2483 660 2524 non
686 2475 889 2543 negari,
914 2476 1009 2529 sed
1033 2489 1132 2530 nec
1157 2474 1260 2529 ulla
1285 2477 1494 2531 ratione
1515 2477 1756 2541 concuti,
1779 2477 1975 2533 nedum
2003 2493 2138 2532 con.

548 2563 696 2620 velli.
736 2563 930 2621 Verum
963 2575 1158 2623 contra
1189 2567 1331 2623 hanc
1369 2569 1580 2624 roboris
1610 2587 1714 2624 non
1757 2570 1890 2625 nihil
1931 2571 2135 2627 habere

547 2657 946 2726 praecipua-um
973 2673 1008 2714 e
1039 2657 1271 2714 laudatis
1303 2673 1332 2712 a
1372 2658 1617 2716 Launoio
1644 2662 2010 2732 scriptoribus.
2039 2650 2134 2717 an-

551 2749 718 2819 tiquis
739 2750 1040 2818 silentium,
1062 2753 1174 2823 jam
1201 2767 1366 2823 Supra
1399 2755 1622 2820 edocui;
1659 2766 1920 2824 quantum
1949 2765 2132 2812 autem

549 2840 876 2914 scriptorum
907 2860 1131 2914 prorsus
1160 2846 1435 2912 omnium,
1471 2846 1591 2916 qui,
1626 2849 1838 2919 integro
1875 2849 2050 2919 primo
2078 2851 2134 2904 et

546 2933 688 2989 forte
707 2937 870 2990 etiam
895 2937 1134 2992 secundo
1156 2947 1276 3008 post
1301 2953 1414 2992 rem
1443 2951 1651 3010 gestam
1681 2938 1878 2994 stcculo
1895 2939 2130 3006 labente,-

545 3023 882 3092 ﬂoruerunt,
925 3026 1201 3082 silentium
1244 3039 1433 3084 contra
1469 3031 1716 3084 eamdem
1744 3029 1953 3097 valeat,
1993 3031 2134 3104 59e-

542 3131 718 3188 quens
737 3121 965 3190 aperiet,
989 3127 1063 3176 uti
1088 3121 1254 3176 etiam
1283 3137 1348 3175 an
1380 3121 1651 3178 Launoius
1680 3124 1731 3179 in
1757 3123 2130 3188 conclusione,

2239 1925 2376 1991 dixi,
2407 1929 2846 1998 progrediamur.

2239 2120 2268 2194 §
2296 2122 2436 2177 XIX.
2466 2123 2618 2196 Quid
2657 2134 2840 2178 contra
2865 2125 3222 2195 prodigiosum
3251 2137 3573 2190 auaslasmt,
3599 2143 3686 2196 qua
3707 2127 3777 2178 do-

2309 2205 2422 2246 τιον
2454 2193 2794 2258 Ρατέεἱρηδὶε,
2833 2193 2945 2248 sese
2978 2193 3290 2251 dtuttttalttm
3311 2237 3324 2257 ,
3355 2197 3557 2264 publice
3580 2193 3791 2265 e'feretro.

2309 2266 2682 2328 denuntiarit,
2726 2267 3021 2320 universale
3059 2269 3376 2333 scriptorum
3415 2269 3778 2335 omuium,qui,

2306 2335 2513 2406 integro.
2529 2337 2696 2401 primo
2719 2345 2766 2388 et
2785 2335 2918 2404 forte
2937 2336 3094 2388 etiam
3116 2338 3346 2390 secundo
3369 2348 3481 2404 post
3508 2354 3607 2390 rem
3621 2350 3778 2406 gestam

2306 2405 2498 2458 saeculo
2528 2406 2730 2459 lubente
2749 2446 2763 2471 ,
2795 2407 3107 2472 ﬂoruerunt,
3137 2407 3409 2460 silentium
3441 2407 3600 2460 valeat
3615 2405 3632 2470 ,ί
3648 2415 3688 2459 et
3709 2423 3778 2468 au,

2310 2475 2407 2528 hoc
2434 2486 2624 2539 stante,
2648 2487 2844 2530 certam
2863 2475 3014 2528 illam
3042 2485 3132 2546 aut
3161 2477 3321 2530 etiam
3347 2475 3672 2531 verosimilem
3688 2493 3776 2546 pot-

2307 2547 2407 2608 siut
2434 2546 2627 2615 edicere
2653 2547 2952 2605 testimonia
2989 2545 3211 2618 antiqua
3237 2562 3406 2618 supra
3429 2548 3670 2604 adducta.

2303 2738 2520 2796 322.13:
2546 2739 2797 2796 adductis
2819 2755 2850 2794 a
2877 2739 3124 2798 Launoio
3139 2748 3332 2796 contra
3367 2740 3659 2796 luctuosam
3679 2741 3780 2796 doc-

2234 2831 2714 2888 tarisParisiensis
2744 2834 3037 2889 historiam
3067 2849 3189 2890 esse
3219 2835 3548 2900 nonnullos,
3572 2835 3654 2906 qui
3683 2836 3791 2890 huic

2231 2927 2478 2982 nonnihil
2492 2928 2711 2983 silentio
2723 2930 3093 2994 suo‘olliciant,
3108 2940 3345 2998 quatuor
3357 2929 3668 3002 §§proxime
3678 2943 3776 2998 pne-

2231 3020 2433 3088 gressis
2461 3018 2675 3076 educui.
2707 3019 2862 3076 Nunc
2886 3023 3288 3092 dispiciendum
3311 3063 3326 3088 ,
3350 3026 3487 3094 quid
3513 3033 3686 3079 contra
3716 3020 3779 3076 fe-

2231 3112 2399 3167 ralem
2423 3111 2576 3176 illum
2600 3123 2856 3169 eventum
2880 3114 3193 3170 universale
3223 3115 3446 3171 illorum
3473 3115 3711 3179 omnium,
3729 3129 3778 3168 ac

549 3215 615 3264 de
642 3224 747 3280 qua
773 3211 884 3276 luc,
909 3211 1178 3268 celebrem
1202 3218 1269 3269 de
1291 3214 1531 3270 doctoris
1553 3215 1796 3270 damnati
1819 3215 2131 3286 spectaculo
2159 3208 2204 3271 C
2235 3205 2472 3259 minime
2508 3205 2697 3260 eorum
2715 3247 2729 3268 ο
2771 3205 2896 3274 (ἰαί,
2933 3205 3150 3276 ἰηιθὲτο
3176 3207 3353 3275 Primo
3375 3223 3446 3263 ³ο
3477 3208 3614 3264 rom
3644 3201 3777 3261 ειῖθιη

544 3300 948 3368 narrationem,
985 3317 1017 3358 e
1037 3303 1153 3358 solo
1180 3314 1486 3372 auctorum,
1511 3321 1653 3375 quos
1684 3307 1888 3372 laudat,
1915 3309 2141 3363 silentio.

545 3405 654 3460 pro.
675 3390 812 3446 falsa
837 3394 1030 3449 merito
1061 3396 1283 3462 habeat,
1310 3405 1366 3450 et
1393 3397 1539 3451 velut
1563 3408 1934 3455 commentum
1963 3415 2029 3455 ac
2055 3399 2130 3455 fa-

545 3479 728 3537 bulam
773 3487 1028 3556 cxpl‘oda‘t
1070 3489 1418 3543 conclusione
1456 3489 1669 3544 decima
1699 3497 1755 3546 et
1793 3489 2016 3555 ultima,
2067 3491 2133 3547 de

544 3586 652 3640 qua
685 3581 744 3626 ιιι
771 3575 1030 3630 nonnulla
1059 3584 1186 3631 ante
1209 3577 1297 3632 hic
1329 3577 1508 3634 adhuc
1535 3578 1735 3647 dicam,
1760 3579 1993 3636 instituti
2019 3581 2126 3638 mei

545 3663 685 3715 ratio
711 3664 899 3735 exigit.
1471 3681 1481 3688 ’
1604 3673 1612 3682 '

627 3753 753 3808 59.1.
801 3754 1000 3810 Ultimo
1025 3755 1228 3827 itaque,
1261 3759 1338 3813 uti
1369 3760 1473 3816 hac
1499 3759 1635 3830 vult,
1669 3777 1736 3817 ex
1765 3763 2007 3818 unanimi
2036 3779 2130 3818 auo

553 3852 763 3898 ctorum
803 3847 1076 3911 omnium,
1131 3866 1267 3918 quos
1308 3851 1565 3918 adduxit,
1608 3855 1824 3908 silentio
1859 3856 2127 3925 sequitur,

553 3949 576 3985 ι
610 3946 731 4005 post
753 3951 924 3991 annos
944 3953 974 3990 a
999 3941 1217 3994 condito
1229 3940 2133 4002 Carthusianorumordiucducen-

543 4037 632 4084 tos
659 4030 1015 4098 quadraginta
1045 4040 1102 4086 et
1128 4034 1392 4102 amplius,
1423 4034 1604 4090 ﬁctam
1630 4051 1750 4092 esse
1777 4037 1922 4092 illam
1950 4039 2014 4093 de
2039 4039 2131 4092 do-

545 4129 716 4177 ClOl’lS
735 4120 816 4175 vel
839 4123 1088 4177 canonici
1118 4123 1447 4180 Parisieusis
1469 4130 1711 4183 anastasi
1736 4130 2126 4196 narrationem,

544 4227 666 4282 quae
691 4212 749 4266 S.
788 4213 1095 4268 Brunonem
1133 4215 1189 4270 in
1221 4231 1462 4270 ercmmn
1497 4218 1795 4289 impulerit.
1825 4221 1922 4276 llic
1959 4231 2072 4288 est,
2104 4242 2122 4275 ι

538 4303 737 4372 inquit,
758 4319 778 4354 ι
799 4302 955 4373 palus
978 4305 1424 4376 tcrminalis,quo
1447 4309 1559 4362 haec
1583 4311 1828 4380 narratio
1846 4311 2018 4365 deﬁxa
2049 4327 2129 4366 re-

538 4396 764 4461 tinetur,
788 4397 902 4452 hzcc
932 4406 1016 4452 cst
1044 4400 1307 4470 temporis
1333 4401 1565 4470 epocha,
1594 4418 1714 4472 qua:
1743 4405 1948 4458 nullmu
1974 4405 2128 4460 fabn~

535 4482 712 4539 larum
755 4489 1062 4546 vindicibus
1108 4493 1498 4563 tergiversaudi
1541 4493 1717 4549 locum
1765 4497 2043 4568 relinquit.
2097 4519 2116 4552 υ

2234 3295 2474 3352 secundo
2495 3305 2615 3367 post
2651 3313 2764 3352 rem
2797 3307 3006 3370 gestam
3031 3299 3231 3354 saeculo
3259 3299 3511 3366 labente,
3540 3316 3652 3364 seu,
3681 3313 3776 3354 cum

2233 3385 2350 3441 bazc
2391 3387 2631 3441 nondum
2679 3387 2878 3443 litteris
2917 3389 3171 3443 mandata
3222 3387 3455 3457 fuisset,
3495 3390 3775 3451 floruerunt,

2233 3478 2559 3548 scriptorum
2596 3480 2946 3548 antiquorum
2990 3479 3268 3536 silentium
3309 3481 3510 3543 valeat.
3546 3481 3776 3537 Launoius

2231 3567 2642 3626 Dissertationis
2670 3586 2780 3625 sua:
2808 3571 3108 3639 smpissime
3142 3573 3255 3640 jam
3286 3573 3521 3628 laudata
3549 3573 3670 3627 locis
3695 3586 3775 3624 non

2231 3659 2420 3729 paucis
2470 3659 2783 3715 mirandum
2837 3661 2966 3714 illud
3013 3671 3459 3733 memoratuqne,
3497 3664 3543 3719 si
3578 3660 3775 3724 accidit,

2231 3751 2613 3822 dignissimum
2647 3753 2986 3824 prodigium,
3020 3754 3183 3809 veluti
3219 3755 3579 3810 indubitatam
3608 3753 3776 3808 falsita-

2232 3852 2360 3910 tem,
2395 3845 2593 3902 anilem
2625 3845 2884 3912 falmlam,
2915 3847 3273 3917 putidmnque
3303 3855 3661 3902 commentum
3688 3854 3774 3899 tra-

2230 3935 2412 4004 ducit,
2456 3940 2620 4009 idque
2658 3940 2849 4008 unice,
2899 3942 3040 4010 quod
3085 3957 3116 3996 a
3164 3943 3524 4012 scriptoribus
3555 3942 3774 4008 antiquis.

2233 4044 2371 4097 quos
2399 4028 2605 4092 laudat,
2640 4029 2836 4084 litteris
2865 4031 3303 4086 commendatum
3345 4048 3453 4086 non
3483 4031 3571 4087 sil.
3613 4031 3773 4086 Verum

2233 4133 2302 4171 an
2335 4119 2518 4174 recte?
2543 4117 2867 4189 Neutiquam
2897 4135 3048 4185 sane,
3076 4123 3151 4175 uti
3175 4135 3239 4174 ex
3270 4121 3356 4184 iis,
3387 4138 3510 4192 qua:
3535 4138 3672 4176 num.
3693 4116 3775 4172 9.58

2231 4210 2389 4265 modo
2418 4210 2558 4276 dixi,
2585 4213 2719 4266 satis
2745 4220 2925 4281 patet,
2957 4214 3302 4283 ampliusque
3334 4231 3399 4268 ex
3431 4215 3530 4277 iis,
3554 4227 3665 4284 qua!
3684 4212 3773 4280 jam

2228 4316 2372 4355 nunc
2403 4301 2647 4356 dicturus
2679 4318 2798 4356 sum
2825 4345 2837 4368 ,
2866 4313 3130 4372 patescet.
3170 4304 3250 4362 En
3285 4321 3450 4359 mmm
3482 4305 3772 4362 alterumve,

2229 4401 2288 4446 ut
2325 4393 2426 4445 alia
2453 4393 2725 4457 omittam,
2750 4395 3079 4463 exemplum,
3107 4411 3234 4463 quo,
3265 4411 3384 4466 qua:
3409 4397 3552 4450 facta
3583 4394 3774 4449 tradun-

2232 4492 2318 4538 tur
2367 4499 2470 4539 nec
2523 4494 2705 4539 tamen
2761 4499 2789 4537 a
2838 4485 3198 4554 scriptoribus
3248 4485 3571 4557 syuchronis
3613 4482 3774 4538 litteris

537 4569 772 4628 Famosa
803 4591 930 4646 ergo
953 4579 1019 4634 de
1047 4581 1290 4647 doctore,
1319 4583 1412 4653 qui
1449 4584 1664 4654 publice
1689 4601 1719 4641 e
1747 4563 1973 4654 feretro,
2001 4604 2120 4646 sese

2240 4576 2963 4647 :onsignata'reperiuntur,
3006 4576 3204 4632 fabulis
3235 4579 3494 4634 continuo
3529 4589 3773 4632 commcn-

537 4665 879 4728 damnatum,
906 4669 1235 4727 vociferatus
1257 4675 1349 4737 sit,
1383 4676 1628 4730 narratio
1651 4688 1774 4746 post
1796 4695 1997 4734 annum
2022 4681 2109 4735 de-

539 4769 687 4808 mum
723 4755 880 4810 1524.
915 4770 1099 4829 utpote
1123 4764 1190 4816 ad
1219 4780 1378 4831 quem
1412 4781 1440 4818 a
1473 4768 1691 4822 condito
1714 4769 1952 4838 primum
1979 4771 2118 4826 Car-

537 4845 916 4903 tlmsianorum
953 4854 1144 4906 ordine
1179 4870 1273 4910 seu
1312 4857 1380 4911 ab
1404 4873 1546 4912 anno
1580 4876 1646 4915 ex
1693 4863 1936 4920 dicendis
1979 4865 2116 4920 1084

533 4934 795 4994 clliuxere
839 4943 967 4996 anni
1005 4945 1228 5001 omnino
1276 4947 1412 5012 240,
1459 4951 1527 5004 ab
1564 4953 1759 5009 otiosis
1805 4956 2115 5013 hominibus

534 5031 703 5086 fuerit
745 5033 1004 5100 c0nﬁcta,
1056 5037 1100 5090 si
1147 5036 1390 5093 Launoio
1444 5043 1846 5099 assentiendum
1893 5047 1982 5100 hic
2021 5048 2109 5102 sit.

537 5123 738 5178 Verum
763 5111 1129 5180 narrationem
1163 5129 1330 5192 illam,
1359 5129 1402 5183 si
1427 5132 1626 5201 reipsa,
1651 5133 1792 5202 quod
1819 5151 1884 5188 an
1912 5134 2111 5190 factmn

533 5217 606 5271 sit
675 5231 739 5271 ex
777 5215 917 5270 infra
951 5217 1197 5273 dicendis
1231 5229 1466 5284 statues,
1513 5221 1677 5276 fuerit
1712 5224 1978 5291 conﬁcta,
2022 5227 2110 5281 diu

505 5299 661 5361 'aute
695 5307 900 5362 dielum
952 5323 1156 5363 annum
1194 5309 1332 5364 1524
1366 5311 1656 5366 conﬁctam
1696 5327 1852 5377 esse,
1893 5330 2114 5370 necesse

531 5409 634 5451 est.
672 5399 804 5453 Eam
835 5400 980 5454 enim
1004 5400 1130 5469 jam'
1152 5410 1277 5455 ante
1299 5403 1444 5455 hunc
1471 5418 1675 5468 armum
1708 5404 1903 5460 litteris
1929 5407 2111 5476 prodi-

486 5533 504 5563 _,
533 5489 663 5543 dere
687 5493 984 5561 scriptores
1013 5491 1253 5548 nonnulli
1291 5493 1520 5563 antiqui,
1550 5496 1616 5567 §§
1651 5498 1706 5551 11
1748 5508 1801 5551 ct
1836 5499 1900 5552 12
1928 5515 2114 5554 recen-

471 5578 473 5580 ’
536 5579 644 5644 oili,
675 5599 739 5636 ac
766 5585 816 5637 in
847 5586 1038 5654 primis
1059 5585 1299 5656 quidem,
1324 5597 1382 5641 ut
1406 5588 1642 5658 reliquos
1668 5591 1863 5645 missos
1895 5591 2111 5656 faciam,

535 5674 924 5731 darthusianus
936 5695 1238 5749 anonymus
1249 5678 1486 5750 quinque
1500 5681 1797 5749 primorum
1813 5681 2114 5737 Carthasim

528 5764 776 5834 priorum
801 5767 1055 5825 Clu-unici
1083 5769 1763 5841 auctor,etCartbusianus
1781 5771 2111 5843 Majorcven-

2228 4669 2408 4739 tisquc
2464 4669 2802 4724 accensenda
2864 4684 2970 4724 non
3030 4684 3183 4733 esse,
3241 4671 3520 4725 docemur.
3575 4665 3772 4722 Benedi-

2225 4771 2348 4819 ctus
2391 4761 2508 4817 XlV
2552 4777 2686 4832 papa
2730 4760 2805 4816 De
2859 4777 3142 4817 servorum
3181 4763 3275 4818 Dci
3308 4761 3696 4818 heatiﬁcatione
3731 4765 3773 4810 et

2225 4855 2505 4910 beatorum
2544 4853 2961 4908 canouizatione
3011 4854 3102 4908 lib.
3136 4870 3222 4918 In,
3269 4869 3389 4925 cap.
3426 4854 3512 4919 10,
3555 4869 3690 4907 nmn.
3714 4851 3768 4910 5,

2221 4946 2366 5002 circa
2417 4945 2579 4999 ﬁnem
2637 4947 2712 5000 ita
2765 4947 3040 5000 memoriae
3087 4947 3270 5014 prodit
3311 4963 3325 5001 :
3372 4964 3394 4998 ‹
3432 4945 3597 5000 Fama
3639 4952 3769 5000 erat.

2219 5047 2439 5094 sanctos
2483 5037 2802 5093 Faustinum
2842 5047 2896 5093 et
2923 5037 3190 5102 Jovitam,
3243 5048 3504 5108 patronos
3533 5039 3770 5094 Brixianm

2217 5131 2398 5194 urbis,
2435 5129 2488 5183 iu
2514 5130 2686 5183 armis
2724 5130 2907 5183 aureis
2939 5129 3255 5198 apparuisse
3297 5130 3362 5183 ad
3393 5128 3628 5196 ejusdem
3655 5133 3772 5180 tuta-

2219 5238 2340 5276 men
2375 5222 2635 5276 atlversus
2653 5220 2933 5275 Nicolaum
2970 5222 3293 5285 Picininum,
3321 5217 3768 5276 Mediolanensium

2217 5313 2494 5380 copiarum
2520 5311 2866 5382 praefectum,
2897 5313 3068 5381 ipsam
3102 5313 3440 5367 obsidentem
3466 5327 3529 5366 ac
3561 5309 3768 5366 maxima

2217 5405 2266 5458 vi
2292 5415 2711 5476 oppugnantem.
2737 5401 2844 5457 Sed
2859 5419 2886 5456 a
2903 5403 3176 5473 plerisque
3189 5402 3534 5458 dubitabatur
3548 5402 3610 5454 de
3628 5398 3766 5453 mira—

2218 5501 2340 5556 culo
2366 5502 2527 5571 hujus
2552 5500 2782 5569 insignis
2810 5499 3200 5570 apparitionis,
3233 5498 3514 5554 silentibus
3545 5493 3766 5549 videlicet

2219 5591 2498 5646 historicis
2527 5590 2800 5644 Brixianis
2825 5591 3102 5657 requaevis,
3134 5589 3374 5657 illudque
3402 5594 3647 5642 narrante
3668 5580 3763 5634 lilia

2216 5683 2503 5752 Capreulo,
2534 5683 2626 5752 qui
2660 5683 2935 5752 octoginta
2969 5681 3197 5752 integris
3222 5684 3378 5736 annis
3410 5689 3527 5750 post
3561 5676 3764 5732 solutam

2219 5777 2559 5832 obsidionem
2588 5774 2824 5832 decessit
2851 5781 2906 5830 et
2948 5771 3196 5828 fabulosa
3226 5772 3467 5843 quaedam
3504 5769 3613 5827 suis
3638 5779 3765 5821 cout-
