3814 6306
84 350 145 401 ηδ
1483 330 1698 385 ACTA.

3118 340 3143 398 1
3154 340 3223 397 ιιι

79 455 281 518 mentariis
300 448 544 517 inseruit;
583 463 705 504 eum
741 461 903 519 opcra
944 453 999 501 et
1042 443 1225 502 studio
1263 442 1554 500 cardinalis
1581 448 1629 504 Α
1657 462 1838 502 rerum
1871 455 2286 521 temporumque
2327 449 2580 521 adjuncta
2611 444 2843 518 fuerint,
2871 464 3001 508 vero
3029 453 3228 513 eﬂiciat

78 552 202 626 Angeli
218 549 369 603 Maria:
394 546 613 613 Queriui
644 544 787 598 bina:
812 543 1007 596 littera:
1030 540 1263 595 inventae
1288 548 1413 593 sunt
1437 538 1547 592 Lu-

75 638 467 705 dovieiFuscareni
509 636 574 690 ad
604 643 853 689 sanctum
893 631 1246 687 Laurentium
1283 629 1548 684 Justinia—

75 750 173 795 num,
197 741 296 784 tunc
317 726 663 798 patriarcham
687 723 1063 789 Venetiarum,
1089 736 1210 792 quae
1240 735 1351 775 rem
1376 728 1546 775 totam

74 832 103 879 in
126 834 265 893 aperto
290 829 553 891 ponerent.
593 837 612 870 ι

117 914 202 968 523.
249 931 264 965 ι
311 911 508 965 Etenim
564 925 687 965 cum
741 907 1153 979 quatuordecim
1209 906 1369 962 annis
1427 914 1549 977 post

73 1006 236 1059 Brixiaru
276 1002 336 1057 ab
378 1002 655 1055 obsidione
703 1000 987 1055 liberatam
1040 998 1385 1054 Fuscarcnus
1430 998 1548 1068 ejus

72 1095 233 1148 i-iritatis
252 1092 752 1147 administrationem
779 1090 1130 1161 suscepisset,
1155 1090 1255 1144 sibi
1279 1105 1308 1143 a
1342 1090 1548 1144 Veneto

75 1196 198 1240 senatu
219 1183 597 1248 demandatum,
628 1182 791 1236 biduo
814 1190 938 1252 post
970 1180 1176 1236 aditam
1212 1180 1547 1245 provinciam

77 1275 454 1338 rumorincrebuit,
470 1273 757 1328 consilium
783 1274 972 1328 initum
998 1272 1207 1328 fuissea
1224 1272 1548 1342 quibusdam

76 1364 257 1434 religiosis
274 1364 392 1417 viris
416 1363 537 1417 imlc
560 1362 868 1432 asportandi
888 1362 1143 1418 Venerias
1167 1378 1395 1431 corpora
1425 1377 1549 1417 san-

75 1466 214 1508 ctorum
244 1453 460 1509 Faustini
507 1464 563 1509 et
604 1452 832 1519 Jovitze;
871 1470 935 1509 ac
972 1455 1076 1510 nisi
1114 1456 1230 1525 ipse
1268 1455 1548 1526 religiosos

75 1545 148 1597 illos
166 1552 420 1612 opportune
442 1553 741 1608 servasset,
765 1544 946 1615 populi
980 1545 1058 1599 ira
1083 1544 1338 1616 ferroque
1360 1545 1551 1615 periis-

73 1642 161 1687 seut.
180 1632 479 1688 Fuscarenus
500 1635 557 1689 in
581 1630 760 1689 aiiatis
782 1635 1029 1703 epistolis
1050 1651 1269 1691 causam
1297 1637 1549 1706 aperiens

73 1726 116 1789 pii
153 1724 334 1790 furoris,
378 1727 466 1795 qui
506 1737 720 1782 mentes
768 1727 1147 1783 Brixianorum
1202 1729 1544 1795 incenderat,

1646 537 1921 603 absimile;
1952 539 2021 594 ad
2048 540 2228 609 quod,
2258 541 2311 596 ni
2354 542 2689 613 argumentis
2737 543 3005 613 negativis
3048 543 3227 601 locum

1647 643 1923 698 nunquam
1950 643 2072 684 esse
2102 630 2255 694 velis,
2292 645 2396 685 non
2428 632 2747 701 requiritur,
2774 641 2832 687 ut
2869 644 3101 697 certum,
3130 633 3227 691 sed

1648 727 1857 774 tantum
1892 728 1952 774 ut
1986 721 2295 776 vcrosimile
2331 722 2431 785 sit,
2473 737 2588 777 rem
2628 738 2657 777 a
2700 723 3055 795 scriptoribus
3086 726 3228 780 anti-

1646 812 1798 883 quis,
1832 812 1921 882 qui
1950 812 2247 883 perierint,
2285 814 2561 871 memoriae
2586 816 2856 886 proditam
2882 832 2990 872 non
3021 816 3225 886 luisse;

1648 904 1752 960 boc
1781 914 1961 960 autem
2012 904 2267 971 habetur,
2295 908 2339 961 si
2387 917 2539 961 certo
2565 909 2793 973 sciatur,
2824 925 2853 962 a
2879 909 3039 965 nullis
3092 911 3229 967 scri-

1648 994 1891 1063 ptoribus
1937 994 2207 1063 antiquis,
2262 996 2421 1051 modo
2477 998 2657 1053 adhuc
2709 1000 3084 1066 exstantibus,
3136 1000 3222 1055 lit-

1651 1086 1783 1139 teris
1812 1085 2188 1155 consignatam
2223 1086 2476 1155 inveniri,
2512 1104 2742 1161 quorum
2772 1090 2941 1160 aliqui
2964 1102 3059 1146 aut
3088 1108 3229 1148 unus

1650 1175 1845 1230 saltem
1873 1178 2081 1232 alterve
2124 1179 2511 1235 verosimiliter
2541 1182 2676 1237 tales
2712 1182 2854 1250 sint,
2893 1192 2950 1236 ιιι
2986 1198 3138 1249 eam,
3180 1185 3229 1239 si

1651 1265 1861 1332 fuisset,
1897 1268 2111 1333 scituri,
2136 1269 2440 1339 scitamque
2470 1274 2945 1328 commemoraturi
2975 1272 3226 1329 fuissent.

1649 1358 1850 1428 Accipe
1893 1356 2125 1412 alterum
2186 1360 2348 1416 modo
2394 1361 2501 1427 rei,
2564 1377 2683 1431 qua:
2719 1365 2943 1431 accidit,
2980 1382 3081 1422 nec
3154 1378 3232 1421 ta-

1652 1466 1774 1504 men
1806 1466 1835 1504 a
1862 1449 2217 1520 scriptoribus
2265 1454 2589 1523 syncbronis
2635 1466 2991 1524 memoratur,
3044 1472 3232 1515 exem-

1644 1539 1818 1609 plum.

1722 1629 1845 1684 525.
1877 1628 1959 1683 Ab
1982 1629 2224 1685 Honorio
2249 1630 2433 1697 tertio,
2462 1647 2672 1688 summo
2693 1634 2972 1705 pontiﬁce,
2990 1636 3234 1692 celeber-

1653 1721 1847 1777 rimam
1874 1721 2287 1792 indulgentiam,
2311 1739 2432 1795 quae
2464 1724 2892 1780 «Porciuncnlrei
2911 1727 3128 1791 dicitur,
3146 1744 3233 1800 pe-

72 1820 141 1872 hac
161 1820 319 1874 habet:
350 1839 369 1872 ι
400 1819 669 1874 Memores
690 1830 835 1881 sunt,
864 1835 988 1875 cum
1015 1820 1432 1886 circumvallati,
1463 1820 1547 1874 in-
1581 1831 1626 1889 Β
1655 1814 1807 1869 tiisse
1829 1829 1890 1869 ac
1913 1828 2075 1884 porro
2097 1814 2420 1885 impetrasse
2440 1814 2497 1871 S.
2516 1815 2868 1872 Franciscum
2890 1817 3231 1887 Assisiatem,

74 1928 85 1958 ι
110 1910 672 1973 clusifamelaborarent,
694 1911 881 1966 ultima
897 1912 1569 1982 experirenturpericula,.

73 2019 85 2048 ι
110 2001 210 2054 visos
225 2002 281 2055 ab
299 2001 538 2056 hostibus
562 2010 771 2055 tutores
793 2001 1168 2075 sanctissimos
1190 2015 1372 2055 aureis
1387 2001 1553 2056 armis

73 2091 286 2147 «Brixiatn
314 2095 446 2148 tueri
480 2112 494 2147 :
528 2108 641 2163 quo
686 2094 950 2148 miraculo
991 2094 1256 2149 attonitus
1301 2092 1552 2150 Nicolaus

75 2185 355 2251 iPicininus,
380 2186 486 2239 dux
519 2185 886 2247 fortissimus,
920 2185 1192 2255 potiundae
1223 2185 1370 2239 urbis
1402 2199 1551 2253 spem

74 2292 85 2322 ι
108 2276 301 2342 perdidit,
324 2276 574 2347 supplicii
598 2276 840 2345 petendi,
864 2290 1164 2344 aurumque
1192 2276 1420 2331 habendi
1440 2276 1554 2330 avi-

73 2366 271 2420 iditatem
297 2367 520 2422 remisit.
556 2367 705 2433 Quas
733 2367 802 2421 ob
834 2381 921 2421 res
951 2367 1223 2421 diiIicilins
1251 2366 1335 2421 bis
1363 2382 1555 2435 corpo-

73 2456 211 2512 «ribus
234 2469 485 2514 carerent.
533 2476 555 2510 ι
595 2457 890 2513 Fuscareni
928 2458 1170 2529 epistola:
1209 2458 1434 2530 integra;
1476 2459 1555 2512 in-

70 2559 171 2601 serta:
187 2561 290 2603 sunt
312 2551 361 2606 in
387 2549 623 2621 epistola
649 2551 894 2620 praedicti
926 2551 1220 2606 cardinalis
1248 2552 1389 2621 typis
1408 2550 1551 2605 edita

71 2648 100 2693 et
116 2640 161 2695 ad
176 2640 355 2700 Patrem
377 2642 707 2719 Cyprianum
729 2640 1041 2717 Benagliam
1070 2642 1317 2701 abbatem
1340 2651 1392 2699 et
1418 2657 1554 2718 prae-

70 2736 179 2789 sidem
208 2740 492 2807 generalem
531 2742 976 2810 congregationis
1021 2740 1364 2794 Cassincnsis
1404 2742 1550 2794 data.

70 2816 148 2873 Post
162 2837 256 2891 qua:
274 2825 401 2879 idem
424 2826 623 2881 doctus
644 2826 937 2880 cardinalis
970 2826 1086 2880 hzcc
1110 2827 1176 2879 ad
1198 2841 1310 2881 rem
1333 2828 1549 2882 subdit:

72 2911 301 2979 tSuperest
330 2916 553 2971 tandem
576 2956 589 2981 ,
619 2926 679 2970 nt
708 2931 814 2970 una
849 2932 1059 2971 mecum
1089 2916 1341 2982 fatearis,
1390 2934 1554 2988 argu-

12 2998 13 3071 ξ
71 3016 317 3072 intentum,
360 3009 500 3079 quod
548 3008 855 3079 negativum
893 3008 1097 3063 critica.-
1134 3009 1270 3063 artis
1309 3008 1554 3079 magistri

12 3097 13 3179 ξ
72 3108 266 3161 ttocant,
290 3114 499 3170 quoque
524 3098 702 3168 aliqui
730 3112 795 3153 cx
830 3098 964 3169 ipsis
997 3097 1140 3152 haud
1166 3098 1241 3152 ita
1273 3112 1397 3154 raro
1423 3098 1554 3154 abu-

1654 1908 1785 1962 nnlli
1815 1922 2040 1977 prorsus
2069 1908 2366 1978 scriptores
2399 1908 2721 1981 syncbroni,
2754 1911 2861 1964 imo
2890 1926 2957 1965 ne
2982 1910 3079 1980 ipsi
3114 1912 3236 1981 qui-

1653 1999 1807 2065 dem,
1857 1998 1947 2068 qui
1986 1999 2157 2054 vitam
2188 1999 2307 2067 ejus
2348 2016 2563 2056 omnem
2603 2017 2665 2055 ac
2691 2011 2840 2074 gesta
2873 2017 2938 2057 ex
2987 2003 3239 2059 instituto

1654 2089 2070 2159 diligentissime
2098 2088 2527 2161 descripserunt,
2569 2091 2806 2147 Thomas
2832 2092 3064 2147 Celanus
3095 2104 3150 2149 et
3174 2095 3233 2149 8.

1653 2181 2055 2236 Bonaventura.
2084 2181 2223 2239 Hinc
2250 2182 2449 2238 saeculo
2477 2192 2630 2238 sexto
2649 2185 2859 2239 decimo
2890 2186 3236 2255 potissimum

1653 2289 1760 2328 non
1786 2272 2107 2340 defuerunt,
2138 2273 2230 2343 qui
2260 2274 2654 2344 indulgentiam
2680 2275 2825 2330 illam
2857 2276 2915 2331 S.
2945 2276 3242 2332 Francisco

1656 2369 1723 2421 ab
1762 2366 2002 2421 Honorio
2038 2380 2277 2437 unquam
2318 2365 2489 2421 fuisse
2533 2381 2873 2430 concessam.
2928 2367 3009 2423 vel
3053 2367 3242 2423 animo

1655 2460 1945 2514 obfirmato
1970 2457 2241 2529 negarint,
2264 2457 2349 2513 vel
2372 2457 2561 2512 saltem
2586 2458 2639 2511 in
2663 2458 2883 2513 dubium
2909 2458 3238 2524 revocarint,

1654 2550 1758 2605 hac
1796 2552 2017 2620 insuper
2045 2550 2257 2605 ratione
2294 2550 2361 2603 ad
2389 2549 2441 2603 id
2485 2548 2731 2617 impulsi,
2765 2551 2908 2621 quod
2940 2549 3242 2619 disciplinae

1655 2643 1980 2713 usibusque,
2005 2643 2097 2712 qui
2129 2642 2187 2698 8.
2214 2640 2492 2697 Francisci
2524 2650 2685 2696 mtate
2713 2642 2765 2696 in
2789 2640 3019 2696 ecclesia
3045 2641 3237 2712 vigue-

1656 2744 1804 2806 runt,
1834 2734 2185 2805 indulgentia:
2214 2742 2323 2787 tam
2352 2732 2544 2803 amplae
2563 2773 2577 2798 ,
2611 2748 2771 2803 quam
2814 2733 2885 2787 sit
2917 2732 3241 2788 Portiuncu-

1653 2830 1809 2900 lana,
1841 2827 2124 2888 concessio
2163 2826 2388 2885 minime
2424 2836 2767 2898 congrueret.
2806 2827 3004 2883 Verum
3040 2828 3240 2884 sarculo

1653 2924 1901 2995 proxime
1920 2923 2104 2994 elapso
2125 2936 2189 2977 ex
2206 2916 2445 2993 antiquis
2460 2916 2738 2971 codicibus
2755 2917 2806 2970 in
2826 2914 3000 2971 lucem
3021 2917 3241 2973 tandem

1654 3015 1778 3087 (Adi
1816 3016 1997 3086 operis
2037 3013 2367 3069 nustritom.
2410 3012 2450 3066 ll
2494 3006 2776 3078 Octobris,
2820 3022 2873 3077 p.
2904 3007 3009 3063 887
3058 3017 3114 3063 et
3151 3023 3240 3063 se-

1658 3107 1869 3178 quenti)
1900 3104 2052 3162 fuere
2079 3106 2290 3178 prolata
2320 3105 2660 3170 testimonia,
2690 3100 3048 3176 quadraginta
3072 3100 3243 3159 circi-

73 3195 241 3240 ιιιιῑιιυτ
264 3190 324 3244 ad
354 3189 765 3244 convellendam
797 3198 1264 3245 monumentorum
1294 3190 1553 3246 ecclesia-
1582 3190 1623 3246 C
1659 3207 1737 3253 tcr
1762 3205 1881 3269 post
1906 3198 2114 3253 obitum
2141 3198 2201 3251 S.
2235 3197 2512 3252 Francisci
2541 3196 2722 3261 annis,
2749 3211 2871 3251 cum
2905 3195 3240 3267 indulgentia

72 3278 305 3335 rsticorum
333 3282 714 3337 auctoritatem
734 3320 747 3346 ,
794 3281 950 3336 facile
988 3282 1235 3337 accidere
1268 3298 1464 3353 posse,
1495 3292 1554 3338 ut

12 3376 15 3442 ἱ
74 3368 206 3421 «omni
235 3370 391 3438 ipsum
429 3372 766 3425 auctoritate
817 3372 1134 3426 destitutum
1170 3373 1554 3442 comperiatur.

73 3458 218 3515 «Certe
243 3463 572 3534 triumphare
598 3463 725 3516 illud
749 3478 910 3533 quam
938 3463 1172 3519 maxime
1199 3464 1483 3520 videbatur
1503 3465 1556 3521 in

74 3550 289 3618 usulijecta
334 3555 459 3609 huic
514 3554 763 3625 epistola:
814 3556 1075 3622 materia,
1133 3571 1257 3611 nam
1311 3566 1559 3612 veterum

12 3643 13 3671 l
75 3643 369 3711 «scriptorum
400 3644 682 3700 silentium
710 3660 774 3700 eo
815 3646 1188 3701 vehementius
1223 3647 1277 3702 in
1313 3649 1557 3702 eamdem

12 3750 13 3757 η
76 3733 287 3799 «torqueri
330 3721 593 3804 paterni,
644 3734 788 3803 quod
834 3735 1019 3804 plures
1064 3737 1224 3791 modo
1270 3745 1562 3807 suppetant

12 3824 13 3887 ξ
76 3833 88 3863 ι
107 3825 437 3888 contmenlarii,
461 3825 735 3878 Brixianm
753 3824 1053 3881 obsidionis
1072 3833 1316 3897 tempore
1335 3827 1402 3883 de
1422 3829 1564 3884 obsi-

70 3921 82 3954 ι
108 3908 235 3967 dionis
264 3914 398 3970 illius
425 3917 599 3987 rebus
621 3917 939 3986 conscripti.

114 4001 239 4058 32h
268 4007 333 4061 At
350 4024 514 4077 quam
540 4023 713 4063 vanus
731 4006 871 4064 foret
900 4009 987 4063 ille
1009 4009 1312 4081 triumphus
1334 4010 1561 4066 detectae

76 4099 210 4143 tame
222 4090 495 4148 Fuscareni
530 4093 726 4148 litterae
748 4094 1118 4150 ostenderunt.
1142 4095 1439 4161 Undenam,
1463 4111 1561 4166 per

79 4176 230 4235 tDeuni
258 4185 615 4241 immortalem
634 4226 648 4249 ,
680 4195 832 4243 certo
855 4186 1104 4241 divinare
1132 4202 1189 4243 se
1213 4203 1400 4257 posse,
1431 4203 1561 4243 con-

78 4284 89 4314 ι
113 4269 203 4325 ﬁdet
231 4277 536 4332 criticorum
565 4276 774 4331 illorum
808 4278 986 4343 natio,
1007 4278 1203 4347 priscis
1232 4278 1338 4334 illis
1365 4294 1560 4334 monu—

80 4374 90 4404 ι
115 4365 277 4430 mentis,
292 4369 485 4438 quibus
508 4370 610 4439 ipsi
632 4369 891 4439 praecipiti
916 4385 1047 4424 ausu
1076 4368 1270 4425 bellum
1293 4369 1556 4438 indicunt,

79 4456 360 4513 tlestimonia
403 4457 792 4530 hujusceamﬂ't
831 4461 960 4516 olim
1003 4460 1270 4528 defuisse,
1313 4477 1435 4517 cum
1480 4469 1561 4517 tot

81 4548 363 4604 Hseculorum
391 4551 571 4622 lapsu,
604 4551 744 4608 forte
771 4552 917 4607 malo
943 4551 1077 4621 fato,
1112 4562 1205 4608 aut
1230 4555 1450 4609 omnino
1481 4554 1562 4609 in-
1593 4536 1638 4591 D

12 4636 13 4715 ξ
80 4645 90 4675 ι
116 4636 335 4705 terierint,
363 4652 457 4697 aut
483 4644 539 4697 in
571 4641 812 4698 tenebris
839 4644 1017 4699 adhuc
1044 4644 1396 4700 delitescant?
1427 4665 1445 4697 ι
1481 4645 1559 4701 En

12 4726 13 4739 ‘
79 4730 158 4775 une
185 4731 475 4793 praclarum
512 4733 641 4788 facti
669 4735 1007 4805 exemplum,
1036 4736 1211 4806 quod,
1244 4738 1342 4792 etsi
1373 4753 1560 4792 revera

82 4817 274 4886 acciderit,
301 4825 364 4879 ab
385 4827 704 4899 auctoribus
736 4836 914 4882 tamen
940 4827 1262 4898 synchronis
1290 4830 1563 4883 memoriae

12 4926 13 4987 ί
83 4911 266 4968 [Nilum
285 4933 384 4972 non
414 4920 713 4986 invenitur,
739 4922 992 4990 quodque
1018 4921 1219 4976 idcirco
1239 4936 1452 4991 semper
1474 4931 1565 4978 aut

82 5009 140 5064 PN
163 5004 267 5064 falso
290 5011 562 5078 habitum,
594 5024 688 5067 aut
720 5022 870 5069 certe
899 5014 953 5068 in
990 5014 1211 5068 dubium
1250 5022 1560 5069 revocatum

12 5108 13 5111 η
82 5086 223 5161 fuisset,
249 5102 339 5156 nisi
367 5102 667 5158 Fuscarcni
699 5104 909 5165 littera},
946 5119 1067 5173 quae
1092 5102 1482 5159 lucidissimum
1513 5104 1562 5160 ei

12 5190 13 5255 ξ
84 5180 356 5247 liisliluoniurn
383 5196 695 5264 perhibent,
733 5198 801 5250 ab
830 5196 1263 5251 eminentissimo
1290 5195 1564 5251 cardinale

12 5280 13 5357 ᾗ
83 5266 243 5334 (luerim
269 5283 483 5341 detecta:
534 5286 793 5353 fuissent;
840 5289 930 5356 qui
966 5289 1183 5344 interim
1233 5290 1358 5343 hinc
1404 5303 1562 5357 argu-

85 5367 187 5421 menti
225 5377 434 5445 negativi
485 5380 594 5432 vim
644 5380 868 5433 nimium
916 5380 1132 5434 elevare
1168 5382 1399 5435 videtur.
1449 5379 1562 5433 Etsi

12 5490 15 5549 μ
83 5453 172 5508 enim
192 5458 275 5518 hoc
298 5483 398 5523 non
424 5469 685 5535 sutliciat,
719 5482 779 5527 ut
800 5472 1094 5541 quidlibet,
1126 5473 1210 5526 cui
1250 5474 1560 5543 opponitur,

12 5552 13 5591 ἰ
86 5553 201 5602 "0m
218 5562 842 5630 pronuntieturalienum,
860 5564 911 5617 id
934 5572 1114 5617 tamen
1138 5564 1246 5628 (adi
1274 5562 1562 5632 num.258)

88 5637 229 5696 rtituris
250 5648 337 5702 sibi
367 5667 471 5705 non
500 5669 623 5707 raro
654 5655 817 5708 habet
851 5653 1197 5722 adjunctum,
1239 5664 1297 5708 ut
1328 5654 1557 5720 factum,

90 5735 211 5786 ῖοῖηη
232 5740 354 5806 quod
384 5744 609 5813 militat,
639 5745 719 5802 vel
772 5746 969 5819 magis,
1011 5747 1094 5802 vel
1142 5748 1348 5818 minus,
1399 5759 1561 5819 prout

1660 3290 1746 3344 illa
1776 3287 1888 3358 jam
1932 3298 2079 3354 tum,
2110 3290 2254 3359 quod
2287 3288 2446 3343 nulla:
2492 3288 2559 3344 de
2604 3303 2665 3341 ea
2711 3288 2908 3342 littera:
2953 3288 3245 3357 pontificite

1658 3389 1967 3447 exstarent,
2009 3382 2061 3436 in
2100 3382 2322 3436 dubium
2355 3391 2606 3435 revocata
2639 3391 2732 3433 aut
2779 3378 2941 3434 etiam
2981 3389 3169 3449 negata
3209 3395 3242 3435 a

1660 3472 1931 3528 nonnullis
1954 3469 2169 3533 fuisset,
2198 3485 2227 3522 a
2263 3469 2325 3523 Β.
2349 3468 2643 3524 Benedicto
2664 3468 2905 3532 Aretino,
2932 3484 3031 3540 per
3061 3470 3236 3539 ipsum

1662 3566 1719 3623 8.
1751 3565 2100 3620 Franciseum
2150 3564 2204 3618 in
2246 3563 2492 3619 ordinem
2528 3562 2656 3617 olim
2697 3562 2965 3618 admisso.
3014 3572 3180 3634 atque
3210 3576 3242 3618 a

1662 3658 1933 3730 Rayncrio
1957 3658 2022 3712 de
2043 3655 2308 3720 Mariano,
2333 3655 2491 3725 lmjus
2514 3654 2790 3710 Benedicti
2808 3654 2981 3719 socio,
3005 3654 3242 3719 reddita,

1661 3746 1922 3821 quibusbi
1948 3746 2129 3809 ambo,
2154 3744 2353 3799 dictam
2381 3743 2771 3813 indulgentiam
2798 3752 2853 3798 et
2874 3759 2969 3813 per
2996 3742 3244 3798 S.Fran-—

1660 3842 1864 3896 eiscum
1920 3840 2145 3909 petitam
2200 3846 2256 3892 et
2310 3837 2380 3891 ab
2426 3836 2666 3892 Honorio
2718 3835 2880 3891 tertio
2928 3852 3241 3892 concessam

1662 3936 1857 4000 fuisse,
1887 3951 1917 3990 e
1945 3934 2291 3997 narratione,
2325 3931 2424 3988 sibi
2457 3932 2560 3988 hac
2590 3931 2658 3986 de
2688 3947 2745 3987 re
2775 3947 2804 3986 a
2836 3929 3005 3986 fratre
3032 3930 3247 3988 Masseo

1660 4029 1728 4083 de
1756 4027 2091 4096 Marignano,
2122 4024 2214 4095 qui
2246 4039 2486 4097 praesens
2514 4023 2796 4088 adfuerat,
2829 4022 3005 4088 facta,
3026 4031 3246 4079 testan-

1662 4128 1767 4172 tur.
1794 4118 2041 4172 Accessit
2068 4116 2411 4185 potissimum
2439 4124 2494 4170 et
2523 4114 2895 4170 testimonium
2922 4115 3069 4169 aliud
3087 4154 3103 4179 ,
3134 4130 3247 4184 quo

1659 4208 1852 4264 Petrus
1881 4207 2133 4283 zalfanns
2180 4206 2414 4278 (videsis
2442 4207 2693 4261 eumdem
2717 4205 2900 4275 operis
2927 4205 3100 4261 nostri
3136 4214 3176 4260 t.
3200 4205 3243 4260 ll

1660 4299 1930 4365 Octobris,
1947 4299 2142 4369 p.890)
2168 4307 2400 4355 testatus
2417 4308 2662 4363 est,sese
2692 4298 2744 4353 in
2771 4298 3003 4354 ecclesia
3030 4297 3246 4354 Sanctae

1661 4391 1845 4448 Mariae
1869 4390 1936 4445 de
1974 4391 2324 4446 Portiuncula
2356 4399 2678 4461 praesentem
2720 4389 2983 4454 adfuisse,
3022 4403 3146 4444 cum
3187 4388 3244 4444 in

1663 4499 1728 4540 ea
1764 4482 1822 4538 S.
1857 4482 2201 4544 Franciscus,
2230 4491 2437 4552 septem
2485 4481 2790 4535 astantibus
2821 4481 3120 4552 episcopis,
3152 4496 3245 4537 ac-

1664 4589 1878 4650 ceptam
1908 4576 2240 4632 ab-Honorio
2267 4573 2655 4644 indulgentiam
2689 4574 3081 4645 promulgaret.
3111 4574 3241 4631 Tria

1664 4682 1827 4741 porro
1850 4666 1964 4721 haec
2003 4665 2313 4721 testimonia
2347 4663 2594 4741 dubitare
2622 4680 2727 4720 non
2759 4665 2993 4735 amplius
3022 4666 3240 4731 sinunt,

1666 4736 1793 4827 quin
1827 4756 2055 4826 insignis
2085 4754 2172 4809 illa
2211 4736 2544 4823 indulgen’tia
2579 4763 2635 4810 et
2662 4771 2759 4823 per
2800 4755 2857 4811 S.
2892 4753 3243 4813 Franciscnm

1668 4849 1841 4917 reipsa
1870 4845 2032 4901 fuerit
2052 4845 2241 4916 petita,
2257 4855 2311 4900 et
2333 4845 2508 4900 eidem
2526 4860 2620 4914 per
2637 4845 2934 4901 Honorium
2960 4861 3243 4915 concessa,

1666 4949 1721 4993 et
1755 4949 1933 4992 tamen
1976 4938 2052 4992 rei
2091 4937 2280 5007 hujus,
2326 4946 2389 4992 ut.
2419 4940 2531 5004 jam
2571 4937 2808 5002 dictum,
2859 4938 2987 4993 nulli
3023 4955 3246 5007 prorsus

1669 5029 1962 5099 scriptores
1997 5028 2439 5096 contemporanei
2487 5043 2550 5083 ac
2587 5041 2655 5082 ne
2690 5028 2788 5097 ipsi
2817 5027 3035 5098 quidem
3066 5027 3247 5083 Fran-

1670 5117 2119 5188 ciscibiograpbi,
2134 5125 2193 5169 ut
2209 5126 2267 5170 ut
2292 5132 2379 5171 res
2402 5131 2614 5182 omnes,
2635 5117 2704 5172 ab
2724 5131 2792 5172 eo
2811 5125 3011 5187 gestas,
3033 5115 3251 5172 calamo

1673 5208 2086 5278 diligentissime
2131 5207 2431 5276 complexi,
2485 5208 2880 5273 meminerunt;
2925 5208 3069 5278 quod
3113 5223 3249 5263 sane

1672 5306 1988 5367 argumento
2016 5307 2101 5351 cst
2121 5312 2379 5366 perquam
2409 5297 2603 5364 valido,
2628 5299 2886 5353 continuo
2909 5312 3250 5367 consequens

1669 5402 1774 5440 non
1806 5403 1945 5449 esse,
1973 5395 2029 5438 ut
2057 5401 2162 5451 res,
2185 5402 2303 5455 qua:
2332 5403 2360 5441 ει
2395 5388 2752 5458 scriptoribus
2775 5387 3252 5457 contemporaneis

1666 5492 1770 5531 non
1803 5486 2197 5541 memorantur,
2230 5475 2447 5530 indubic
2476 5477 2629 5533 falsa:
2668 5478 2798 5532 sint.

1736 5570 1858 5623 526.
1892 5568 2010 5623 Jam
2041 5583 2190 5634 vero,
2217 5583 2338 5623 cum
2364 5584 2592 5638 pronum
2624 5568 2911 5624 admodum
2935 5568 3025 5634 sit,
3053 5578 3112 5625 ut
3134 5585 3246 5636 res,

1669 5678 1809 5733 quae,
1844 5662 1944 5717 etsi
1975 5670 2161 5733 gestae,
2191 5677 2219 5714 a
2252 5661 2610 5730 scriptoribus
2635 5662 3108 5732 contemporaneis
3137 5678 3246 5718 nou

1683 5762 2079 5821 memorantur,
2104 5751 2322 5807 silentio
2348 5755 2511 5805 etiam
2540 5767 2569 5805 a
2597 5751 2865 5823 sequioris
2891 5751 2990 5808 aevi
3019 5752 3247 5824 scripto-
