3814 6306
592 314 716 393 βω

1356 314 1413 369 S.
1455 314 1803 373 BRUNONIS
1851 295 2493 376 CAR'THUSIANORUM
2549 319 3036 379 INSTITUTORIS
3716 339 3787 391 ιθπ

594 433 760 503 tribus
772 436 1191 500 praetereantur,
1212 430 1466 488 continuo
1485 446 1617 487 sane
1646 441 1882 497 nonest,
1904 431 2046 502 quod
2071 439 2178 486 tam
2212 439 2251 494 Α
2287 433 2480 487 mentis
2512 437 2774 506 uegativis
2804 438 2891 492 vix
2934 439 3100 493 ullum
3124 480 3138 504 ,
3170 455 3409 497 seorsum
3443 446 3710 516 sumptum,
3737 456 3789 507 sit

614 525 682 578 ab
708 522 821 585 his,
846 536 1007 592 quam
1039 522 1106 575 ab
1137 520 1258 576 aliis
1294 521 1628 589 subticetur,
1658 536 1758 593 pro
1788 522 1924 576 falso
1959 537 2053 577 seu
2086 537 2183 592 pro

596 632 717 677 non
753 615 896 668 facto
939 612 1276 678 habendum,
1308 627 1383 683 ac,
1407 614 1561 683 proin
1597 628 1878 684 perperam
1912 612 2184 667 Launoius

608 702 973 773 prodigiosam
1008 702 1249 756 doctoris
1296 703 1622 759 Parisieusis
1664 704 1993 765 anastasim,
2039 702 2182 772 quod

608 810 711 850 nec
738 809 768 849 a
794 793 1148 864 scriptoribus
1172 795 1666 864 contemporatteis,
1699 809 1799 849 nec
1825 794 1892 848 ab
1921 792 2064 862 aliis,
2092 792 2183 863 qui

610 884 785 939 serius
807 892 927 952 post
954 898 1067 937 rem
1098 892 1303 953 gestam
1344 882 1603 948 ﬂoruere,
1632 883 1828 939 litteris
1865 893 2182 955 consrguata

600 974 937 1044 reperiatur,
978 972 1127 1027 velut
1167 974 1329 1029 inane
1359 983 1725 1029 commentum
1762 974 2069 1042 aniletuque
2106 971 2184 1025 fa-

606 1064 786 1117 bulam
817 1062 1087 1133 oxplodit,
1122 1077 1153 1116 a
1200 1064 1432 1117 veritate
1463 1063 1610 1117 omni
1649 1063 1812 1118 dubio
1844 1062 2031 1133 procul
2067 1061 2182 1115 lono
2256 1070 2259 1073 '

604 1153 826 1223 gissime
856 1153 1110 1208 alienam.
1135 1151 1243 1209 Nec
1270 1161 1374 1218 est,
1406 1168 1501 1208 cur
1529 1168 1626 1222 pro
1656 1151 1900 1207 Launoio
1927 1167 2177 1222 reponas,

610 1246 827 1313 antiqua
860 1243 1108 1315 equidem
1142 1244 1442 1299 testimonia
1473 1243 1585 1314 jam
1617 1244 1849 1297 adducta
1885 1258 1983 1312 pro
2007 1242 2181 1297 indul-

607 1338 789 1406 gentia
834 1334 1253 1391 Portiunculana
1308 1344 1561 1402 exstare,
1618 1336 2063 1405 lcgitimamque,
2114 1334 2181 1389 ob

605 1443 768 1497 quam
810 1426 969 1494 hujus
1015 1428 1218 1482 mentio
1265 1427 1625 1496 scriptoribus
1676 1425 1997 1496 synchronis
2040 1426 2180 1479 haud

607 1519 719 1585 tiat,
744 1518 1007 1573 rationem
1031 1533 1190 1588 posse
1215 1516 1430 1583 alieni;
1463 1518 1563 1573 etsi
1593 1518 1736 1571 enim
1770 1517 1967 1572 servati
1996 1534 2020 1581 a
2046 1518 2182 1572 scri-

602 1611 845 1679 ptoribus
871 1610 1347 1679 contemporaneis
1389 1608 1715 1678 ipsisqttc'S.
1745 1608 2024 1663 Francisci
2053 1609 2180 1663 bio-

590 1702 823 1781 graphis
864 1702 930 1757 de
973 1702 1305 1772 indulgentia
1334 1701 1755 1756 Portiunculana
1795 1701 1995 1756 silentii
2041 1700 2179 1755 ratio

2288 523 2573 579 admodum
2628 527 2893 595 validum,
2941 531 3122 585 omnia
3176 540 3348 587 tamen
3397 534 3548 591 simul
3585 553 3786 612 accepta,

2287 628 2558 684 nunquam
2587 631 2705 670 eam
2735 618 2987 675 habuisse
3012 621 3213 689 locum,
3244 626 3537 682 verosimile
3564 640 3675 685 sane
3696 636 3787 686 red-

2285 705 2417 759 dunt
2442 720 2507 758 eo
2538 704 2650 761 fere
2679 708 2867 775 modo,
2900 725 3007 778 quo
3034 713 3272 767 rationes
3298 714 3497 783 plures,
3522 731 3628 785 qua:
3650 720 3703 772 ad
3727 737 3789 772 as-

2285 799 2576 853 sertionem
2599 803 2903 871 quampiam
2927 805 3302 860 stabiliendum
3320 814 3790 876 concurrunt,solidc

2284 888 2421 944 hanc
2444 891 2773 960 probabilem
2801 911 3203 966 nonnunquam,
3245 898 3288 952 si
3314 898 3473 953 simul
3494 903 3790 970 accipiantur,

2284 979 2538 1047 cilicium,
2561 984 2660 1038 etsi
2687 985 2901 1040 interim
2926 988 3170 1059 singulae,
3204 1005 3447 1045 seorsum
3469 1004 3700 1062 acceptae,
3716 1014 3790 1065 pa-

2284 1088 2401 1126 rum
2433 1074 2541 1128 sint
2570 1075 2778 1131 validae.
2817 1079 2881 1132 Et
2919 1094 3047 1134 vero
3078 1083 3162 1135 cui
3212 1083 3518 1137 verosimile
3545 1101 3639 1140 non
3672 1104 3794 1157 appa-

2284 1179 2372 1218 rca
2382 1174 2420 1229 t,
2450 1183 2723 1236 nunquam
2739 1170 2990 1226 habuisse
3003 1173 3179 1228 locum
3193 1176 3498 1245 prodigium
3520 1177 3790 1246 hujusmotli,

2282 1259 2423 1326 quod
2462 1274 2491 1312 a
2515 1261 2868 1329 scriptoribus
2895 1265 3144 1319 omnibus
3177 1266 3423 1335 proxime
3451 1269 3597 1324 dictis
3624 1272 3793 1329 silentio

2282 1347 2607 1415 praeteritur,
2638 1351 2887 1419 quodque
2930 1361 3138 1421 tamen,
3175 1357 3218 1409 si
3264 1357 3570 1424 accidisset,
3597 1374 3680 1430 per
3709 1378 3794 1415 om-

2282 1441 2430 1495 nium
2456 1457 2552 1496 ora
2582 1453 2635 1497 et
2662 1434 2900 1500 calamos
2933 1445 3137 1501 fuisset
3157 1450 3503 1505 volitatnrum
3521 1492 3534 1515 ,
3561 1462 3717 1522 utpote
3740 1456 3794 1507 si-

2283 1531 2394 1585 mul
2426 1531 2663 1588 futurum
2690 1544 2745 1589 et
2774 1542 2962 1591 nOtatu
2993 1538 3371 1608 dignissimum
3408 1542 3536 1597 et‘in
3562 1544 3791 1611 opinione,

2281 1638 2399 1693 quae
2427 1625 2515 1680 hic
2542 1626 2852 1694 discutitur,
2884 1645 3109 1699 quaeque
3154 1633 3204 1685 id
3235 1633 3448 1702 publice
3478 1648 3647 1689 coram
3676 1637 3794 1689 innu-

2283 1729 2431 1770 mera
2461 1719 2847 1787 propemodum
2893 1722 3070 1789 μορυιὶ
3107 1722 3451 1780 multitudine
3480 1725 3691 1790 factum,
3714 1737 3795 1781 sta-

600 1808 707 1846 non
740 1793 943 1862 inepta,
974 1793 1052 1847 uti
1085 1793 1277 1847 iterum
1310 1792 1363 1846 in
1404 1793 1591 1848 eodem
1627 1792 1806 1862 operis
1835 1793 2005 1847 nostri
2048 1801 2086 1845 t.
2136 1792 2177 1847 ll
2209 1786 2253 1845 Β
2283 1805 2405 1869 mit.
2443 1806 2693 1862 omnibus
2721 1786 2923 1878 passi",
2957 1786 3299 1867 ίιυιίεείηιυηι
3322 1815 3347 1867 γ

600 1881 881 1950 Octobris,
909 1900 963 1954 p.
992 1884 1097 1940 890
1122 1883 1307 1938 videre
1332 1883 1476 1948 licet,
1507 1884 1685 1953 reipsa
1716 1884 2032 1948 adducatur,
2061 1883 2176 1937 fieri

600 1985 781 2030 tamen
813 1983 1015 2044 potest,
1046 1984 1107 2029 ut
1138 1984 1243 2028 tam
1275 1975 1576 2030 undecimi.
1610 1990 1718 2045 quo
1750 1974 2057 2044 prodigiosa
2083 1977 2178 2028 do-

599 2069 771 2123 ctoris
799 2076 1065 2123 anastaSts
1087 2068 1379 2136 contigisse
1410 2076 1687 2133 narratur,
1715 2082 1876 2137 quam
1901 2066 2179 2137 sequentis

597 2157 779 2214 saeculi
804 2158 1098 2227 scriptorcs
1119 2159 1189 2213 ob
1211 2175 1426 2214 causam
1453 2158 1864 2230 nobisiignotam
1888 2159 2048 2228 hujus
2070 2174 2176 2212 non

602 2249 949 2304 meminerint
977 2267 990 2303 :
1023 2258 1152 2314 aut,
1192 2250 1239 2305 si
1268 2249 1322 2304 id
1350 2250 1667 2319 displiceat,
1704 2263 1918 2303 omnem
1948 2247 2177 2319 prodigii

599 2338 743 2393 tilius
790 2338 1130 2409 luctuosique
1166 2347 1392 2394 eventus
1428 2340 1759 2394 mentionem
1794 2340 2048 2394 omittere
2082 2353 2178 2407 po-

601 2435 848 2495 tuerunt,
892 2444 997 2484 non
1022 2429 1270 2499 quidem,
1302 2431 1443 2499 quod
1493 2429 1734 2500 legitima
1764 2430 1997 2500 quadam
2026 2428 2091 2482 ad
2124 2428 2177 2483 id

597 2516 812 2586 unpulsi
850 2516 1047 2571 fuerint
1084 2533 1277 2584 causa,
1307 2518 1401 2573 sed
1426 2519 1569 2587 quod
1605 2518 1659 2573 in
1703 2518 1894 2583 rebus,
1936 2526 2189 2587 tempore

597 2622 694 2659 suo
733 2606 929 2675 gestis,
980 2607 1255 2662 memoriae
1304 2608 1598 2676 prodendis
1634 2606 2038 2662 accurationem
2085 2616 2179 2669 aut

596 2697 795 2751 nullam
836 2706 983 2766 tere,
1024 2708 1117 2752 aut
1163 2709 1315 2754 certe
1365 2700 1695 2754 mediocrem
1727 2700 1987 2753 duntaxat
2025 2699 2178 2751 adhi-

595 2786 833 2842 nuerint.
860 2787 1297 2858 Apparitionem,
1326 2803 1431 2858 qua
1464 2788 1564 2843 SS.
1594 2787 1887 2842 Faustinus
1917 2796 1971 2842 et
1999 2783 2176 2841 Jovita

598 2874 877 2931 Nicolaum
904 2875 1231 2943 Picininum,
1260 2876 1741 2934 Mediolanensium
1771 2893 2047 2948 coptarum
2079 2874 2177 2930 du-

597 2980 717 3020 cem
744 2964 966 3037 ejusque
988 2967 1210 3043 milites,
1234 2967 1511 3022 civitatem
1536 2968 1843 3022 Brixianam
1866 2968 1916 3022 vi
1931 2967 2176 3022 'maxima

598 3061 933 3140 obsidentes,
960 3068 1287 3131 terruerunt,
1305 3061 1503 3116 litteris
1523 3076 1628 3117 non
1657 3062 1988 3116 mandarunt
2006 3059 2179 3114 histo-

2350 1877 2473 1951 328.
2491 1894 2673 1965 Neque
2694 1877 2779 1952 hic
2810 1914 3054 1968 reponas,
3074 1903 3438 1973 prodigiosam
3470 1904 3601 1959 illam
3624 1914 3792 1959 anastae

2281 1989 2419 2053 sim,
2458 2006 2562 2059 qua
2609 1992 2799 2046 doctor
2842 1992 3103 2061 tantisper
3148 1995 3451 2061 redivivus,
3492 1995 3656 2050 feralis
3677 1997 3794 2049 dese

2274 2076 2461 2145 judicii
2492 2079 2902 2135 denuntiatione
2929 2082 3200 2151 ingentem
3240 2084 3517 2138 hominum
3554 2085 3794 2138 multitudi-

2281 2180 2404 2221 nem
2438 2169 2783 2233 terruerit,ut
2807 2178 2864 2223 ut
2885 2170 3099 2225 silentio
3129 2188 3157 2224 a
3179 2173 3534 2242 scriptoribus
3555 2173 3792 2241 mqualilms

2279 2265 2333 2312 et
2359 2258 2758 2327 subaequalibus
2787 2261 2858 2314 sit
2886 2276 3199 2331 suppressa,
3225 2266 3292 2316 ab
3317 2264 3383 2317 iis
3407 2272 3599 2326 tamen,
3621 2265 3695 2333 qui
3714 2280 3789 2317 non

2279 2349 2413 2403 adeo
2438 2350 2527 2404 diu
2579 2363 2702 2422 post
2740 2353 2901 2407 hosce
2935 2353 3254 2420 ﬂoruerunt,
3294 2359 3702 2412 commemorari.
3727 2358 3792 2410 Et-

2279 2439 2443 2503 enim,
2468 2441 2556 2510 qtti
2584 2443 2792 2510 primus
2818 2442 3115 2499 luctuosam
3153 2446 3293 2500 hanc
3322 2447 3593 2501 historiam
3621 2447 3665 2501 in
3691 2446 3793 2499 littu-

2280 2545 2368 2586 ras
2395 2531 2567 2597 misit,
2598 2532 2987 2588 Carthusianus
3007 2545 3088 2590 est
3118 2551 3455 2608 anonymus,
3484 2538 3569 2607 qui
3606 2537 3794 2607 quinque

2278 2623 2577 2692 primorum
2600 2624 2905 2680 Carthusite
2932 2628 3171 2695 priorttm
3204 2630 3542 2695 Chronicon,
3565 2630 3697 2698 cujus
3730 2629 3750 2699 §
3774 2630 3787 2681 l

2280 2712 2522 2766 notitiam
2563 2714 2711 2773 dedi.
2755 2718 3129 2785 concinnavit;
3179 2719 3265 2775 hic
3296 2731 3513 2785 autem,
3553 2732 3606 2774 ut
3640 2721 3791 2775 ibidem

2279 2805 2442 2859 etiam
2480 2806 2666 2872 docui,
2707 2809 2986 2878 seriptioni
3024 2824 3242 2866 manum
3284 2814 3675 2869 verosimillime
3711 2826 3790 2864 non

2281 2906 2405 2951 ante
2427 2912 2625 2952 annum
2659 2900 2820 2966 1250,
2855 2902 2960 2957 imo
2987 2903 3125 2958 forte
3149 2919 3217 2958 ne
3248 2916 3376 2961 ante
3406 2923 3600 2961 annum
3621 2906 3792 2975 quidem

2281 2986 2419 3041 1500
2444 2987 2661 3044 circiter
2697 2990 2964 3055 admovit,
3000 2991 3160 3063 idque
3182 2995 3413 3062 proinde
3442 3012 3544 3050 non
3578 2996 3708 3066 prius
3732 2991 3793 3047 fe-

2282 3076 2437 3142 cerit,
2461 3092 2622 3147 quam
2652 3094 2778 3134 cum
2808 3080 2921 3150 jam
2949 3082 3075 3137 anni
3100 3085 3330 3153 amp‘ius
3356 3094 3571 3139 centum
3599 3093 3647 3139 et
3670 3083 3791 3155 quiu-

593 3156 695 3211 rici
726 3155 967 3210 Brixiani
1001 3155 1255 3225 aequaevi,
1288 3165 1344 3209 et
1372 3164 1547 3209 tamen
1578 3154 1778 3210 silentii
1811 3151 1972 3225 hujus
2003 3154 2177 3208 ratio-
2204 3136 2246 3193 (ἶ
2280 3136 2559 3237 quaginta,
2584 3168 2690 3225 imo
2710 3136 2851 3226 fort'e
2870 3171 3082 3226 ducenti
3105 3136 3224 3242 post
3250 3190 3363 3229 rem
3387 3184 3584 3245 gestant
3607 3136 3794 3242 sculpost

595 3262 739 3310 nem,
771 3262 893 3317 qua:
921 3255 1006 3302 sat
1032 3256 1184 3301 certo
1212 3248 1285 3302 sit
1324 3247 1584 3317 legitima,
1609 3247 1811 3301 nullam
1841 3247 2059 3304 invenio
2096 3248 2177 3303 af-

595 3333 756 3400 ferri;
798 3335 941 3390 unde
966 3350 1059 3400 ea,
1092 3350 1252 3404 quam
1287 3335 1583 3399 admisere,
1615 3335 1838 3390 omissio
1866 3336 1951 3389 vel
1983 3337 2177 3407 ignota:

596 3424 753 3479 nobis
779 3439 977 3488 causae,
1006 3423 1090 3479 vel
1125 3425 1368 3489 modicae,
1406 3440 1566 3494 quam
1610 3425 1665 3479 bi
1697 3425 1748 3478 in
1800 3428 2064 3496 temporis
2091 3429 2176 3484 sui

598 3515 765 3571 rebus
816 3514 1144 3571 adnotandis
1187 3514 1587 3582 adhibuerunt,
1639 3517 1973 3573 accurationi
2014 3521 2175 3576 attri-

596 3608 805 3664 buenda
840 3606 1076 3662 videtur.

669 3696 796 3751 527.
846 3695 999 3762 Quod
1043 3703 1224 3751 autem
1262 3694 1328 3750 ad
1364 3710 1525 3767 supra
1575 3695 1791 3750 laudata
1838 3697 2174 3766 testimonia,

595 3800 745 3855 qure,
799 3784 1084 3840 silentibus
1128 3784 1257 3840 licet
1307 3784 1621 3840 auctoribus
1669 3788 2170 3856 contentporaueis,

599 3876 987 3947 indulgentiam
1023 3875 1501 3932 Portiunculanam
1528 3887 1733 3932 certam
1768 3879 2026 3946 elﬁciunt,
2052 3896 2177 3951 spec

597 3973 731 4031 ctat,
768 3965 902 4019 nihil
932 3967 1035 4021 hoc
1078 3965 1146 4020 ad
1180 3980 1293 4020 rem
1325 3966 1486 4031 facit;
1520 3966 1687 4036 liquet
1724 3967 1868 4021 enim
1904 3968 1986 4023 vel
2019 3970 2174 4036 hinc,

602 4055 719 4109 lieri
750 4041 924 4123 posse,
955 4061 1046 4121 ut,
1077 4052 1204 4109 licet
1233 4054 1436 4110 factum
1466 4055 1766 4124 quoddam,
1795 4069 1824 4110 a
1858 4058 2178 4112 recentiori-

598 4142 700 4200 bus
728 4144 953 4200 relatutn
971 4184 987 4212 ,
1023 4144 1090 4200 ab
1118 4145 1373 4200 omnibus
1402 4146 1763 4215 scriptoribus
1794 4157 2176 4218 contempora-

596 4236 716 4291 neis
762 4232 979 4313 silentio
1022 4244 1334 4303 prematur,
1377 4248 1437 4289 re
1489 4242 1670 4289 tamen
1725 4236 1841 4306 ipsa
1890 4238 2176 4294 acciderit.

597 4326 751 4395 Quod
777 4316 901 4383 cum
927 4327 1001 4403 ita
1027 4325 1242 4394 habeat,
1272 4339 1560 4397 perperam
1586 4340 1717 4381 sane
1744 4327 1967 4383 feralem
1992 4328 2177 4385 docto-

596 4420 703 4483 ris,
728 4418 849 4487 qui,
875 4434 996 4476 sese
1044 4419 1390 4485 damnatum,
1425 4418 1731 4474 astantibus
1776 4420 1991 4488 publice
2020 4435 2051 4476 e
2089 4420 2171 4477 fe-

596 4518 745 4561 retro
772 4508 1126 4575 denuntiarit,
1157 4509 1442 4565 historiam
1469 4508 1690 4565 indubie
1715 4508 1908 4564 falsam
1935 4502 2174 4580 pronun-
2209 4505 2254 4559 D

600 4597 752 4652 tiaris
785 4597 885 4653 hac
919 4600 1034 4655 sola
1065 4600 1133 4655 de
1164 4617 1363 4669 causa,
1395 4601 1541 4673 quod
1579 4600 1647 4656 ab
1694 4602 2009 4658 auctoribus
2038 4619 2175 4659 con-

599 4690 965 4756 temporaneis
992 4689 1189 4746 litteris
1212 4693 1590 4747 commendata
1620 4708 1726 4749 non
1749 4693 1841 4748 sit.
1870 4691 2002 4760 Nec,
2031 4695 2175 4765 quod

599 4785 863 4850 przeterea
893 4796 922 4834 a
952 4782 1305 4849 scriptoribus
1334 4783 1475 4851 aliis,
1503 4785 1595 4854 qui
1634 4785 1810 4842 serius
1838 4786 2136 4843 ﬂoruerunt
2155 4829 2172 4855 ,

599 4869 815 4924 silentio
847 4863 1229 4942 praetereatur,
1264 4884 1409 4929 recte
1444 4890 1564 4931 eam
1606 4874 1916 4945 Lauuoius,
1963 4888 2024 4933 ut
2059 4880 2174 4951 jam

600 4962 734 5025 dixi,
760 4962 975 5019 indubie
997 4962 1189 5019 falsam
1213 4967 1426 5021 asserit.
1442 4967 1644 5023 Verum
1665 4986 1734 5024 an
1757 4970 1948 5026 saltem
1970 4972 2180 5028 luctuo-

599 5070 694 5111 sus
723 5054 810 5110 ille
846 5067 1102 5121 eventus,
1148 5050 1289 5127 quod
1320 5073 1351 5112 a
1381 5059 1739 5131 scriptoribus
1778 5062 2028 5119 omnibus
2067 5076 2178 5120 tum

599 5149 959 5222 synchrouisf,
1003 5158 1112 5203 tum
1153 5150 1273 5207 aliis
1320 5152 1445 5221 qui,
1487 5152 1694 5226 integro
1729 5153 1907 5225 primo
1947 5164 2001 5211 et
2043 5156 2181 5214 forte

602 5241 766 5297 etiam
795 5242 1031 5296 secundo
1059 5250 1179 5311 post
1213 5257 1322 5298 rem
1355 5252 1558 5314 gestam
1591 5246 1787 5301 sazeulo
1813 5246 2047 5315 labente,
2082 5250 2178 5306 ﬂo-

600 5342 861 5395 ruerunt,
890 5330 1103 5386 silentio
1128 5344 1427 5402 prematur,
1454 5349 1555 5405 pro
1583 5338 1871 5392 admodum
1893 5338 2055 5395 dubio
2082 5350 2175 5397 aut

600 5422 764 5477 etiam
792 5437 889 5491 pro
916 5423 1287 5490 probabiliter,
1322 5439 1416 5480 seu
1436 5426 1602 5481 etiam
1633 5429 2015 5485 verosimiliter
2039 5431 2174 5487 falso

602 5512 791 5581 nequit
831 5512 1053 5567 haberi?
1093 5512 1168 5568 lta
1213 5516 1436 5572 omnino
1465 5517 1747 5584 existimo;
1793 5519 1895 5574 etsi
1935 5521 2077 5577 enim
2107 5536 2175 5577 ex

602 5605 883 5671 omnibus,
906 5621 1027 5676 qua:
1057 5606 1251 5662 horum
1290 5608 1497 5680 aliquot
1528 5625 1688 5681 supra
1713 5612 1876 5666 etiam
1916 5614 2174 5669 adducto-

602 5712 721 5753 rum
755 5699 820 5755 de
860 5698 1016 5757 ferali
1053 5700 1277 5760 historia
1324 5701 1596 5761 silentium
1631 5705 1965 5778 suppeditat,
2012 5720 2173 5778 argu-

2278 3255 2593 3313 horribilem
2605 3268 2856 3315 eventum
2880 3272 3062 3317 essent
3086 3250 3273 3332 elapsi.
3290 3265 3447 3321 Dices
3470 3265 3683 3335 quidem,
3699 3261 3794 3317 scri-

2276 3355 2483 3418 ptorem
2531 3348 2678 3403 illum
2709 3349 2848 3407 forte
2877 3350 2988 3419 jam
3022 3353 3146 3409 inde
3183 3356 3251 3409 ab
3289 3372 3434 3411 anno
3467 3356 3668 3411 circiter
3696 3352 3795 3407 mo

2277 3448 2371 3493 aut
2397 3440 2553 3509 paulo
2580 3441 2742 3495 etiam
2764 3441 2927 3497 citius
2955 3442 3221 3510 floruisse,
3237 3446 3452 3517 sibique
3474 3445 3794 3516 prtelucentetu

2278 3530 2535 3585 habuisse
2584 3531 2904 3603 scriptorem
2933 3536 3319 3606 antiquiorem,
3349 3552 3387 3593 θ
3431 3553 3568 3609 quo,
3614 3550 3715 3607 quae
3750 3536 3797 3587 de

2279 3622 2516 3678 doctoris
2544 3624 2767 3679 redivivi
2790 3625 3037 3698 prodigio
3074 3628 3337 3699 pulsoque
3366 3630 3496 3685 hinc
3520 3631 3571 3685 in
3606 3640 3795 3685 cremant

2278 3721 2466 3768 sancto
2516 3712 2675 3768 Patre
2733 3730 2831 3770 suo
2883 3714 3095 3784 refert,
3144 3719 3561 3792 deprompserit.
3604 3720 3691 3774 Ast
3724 3732 3797 3770 nec

2279 3818 2491 3869 unum,
2550 3820 2651 3861 nec
2696 3806 2926 3861 alterum
2976 3808 3190 3864 veritati
3240 3825 3541 3867 consonum
3582 3808 3798 3864 ullatenus

2277 3905 2521 3964 apparet.
2544 3896 2657 3951 hno
2678 3911 2838 3963 vero,
2872 3900 3018 3954 utad
3040 3899 3126 3966 id,
3159 3902 3300 3970 quod
3337 3903 3531 3959 ultimo
3556 3902 3662 3957 loco
3682 3898 3798 3970 poni-

2280 3991 2387 4047 tur,
2438 3985 2616 4053 primo
2644 3986 2994 4055 respondeam
3021 4026 3037 4052 ,
3093 3989 3418 4058 scriptorem
3463 3991 3654 4047 nullum
3694 3988 3799 4041 auti-

2278 4074 2546 4143 quiorem,
2577 4091 2743 4146 equo
2795 4092 2889 4133 sua
2941 4079 3215 4146 hauserit,
3264 4083 3564 4152 primorum
3610 4080 3796 4150 quinth

2278 4166 2578 4222 Carthusite
2629 4169 2867 4238 priorum
2919 4170 3173 4228 Cbronici
3224 4177 3434 4230 auctori
3495 4172 3796 4247 prduxisse.

2278 4272 2345 4313 ex
2402 4258 2514 4329 ipsa
2544 4300 2559 4325 ,
2610 4276 2714 4331 qua
2766 4262 2855 4318 hic
2877 4264 3031 4320 initio
3059 4267 3268 4334 utitur,
3319 4268 3573 4339 loquendi
3615 4262 3795 4322 formula

2279 4349 2633 4421 colligendum
2664 4352 2892 4408 videtur.
2936 4353 3060 4410 Haec
3092 4358 3239 4413 enim
3261 4358 3341 4413 sic
3370 4359 3532 4414 habet
3575 4375 3589 4411 :
3630 4373 3648 4407 ι
3679 4355 3797 4407 Anno

2278 4440 2572 4498 Dominicaa
2613 4444 3005 4501 lncarnationis
3041 4447 3179 4504 l082
3210 4447 3296 4504 vel
3323 4450 3469 4506 circa
3510 4448 3679 4511 illum,
3701 4446 3797 4500 dum

2278 4530 2520 4586 solemne
2547 4533 2782 4587 studium
2807 4532 3022 4592 floreret
3064 4536 3311 4605 Parisiis,
3337 4547 3478 4604 etc.,
3515 4537 3614 4593 tale
3651 4533 3798 4607 prodi-

2278 4622 2425 4692 gium
2445 4623 2516 4678 ibi
2538 4624 2736 4678 dicitur
2752 4626 3035 4682 accidisse.
3054 4626 3279 4695 Quidam
3302 4630 3449 4692 enim
3469 4632 3665 4694 doctor,
3683 4646 3700 4679 ι
3714 4636 3795 4680 ctc.

2280 4713 2484 4780 Quibus
2512 4715 2691 4770 verbis
2738 4731 3039 4788 anonymns
3074 4718 3163 4773 ille
3202 4720 3561 4792 chronologus
3604 4718 3797 4774 iudicare

2278 4804 2521 4870 videtur,
2569 4820 2718 4871 sese,
2769 4807 2914 4876 quod
2961 4806 3235 4881 subjungit
3283 4810 3523 4868 doctoris
3576 4804 3795 4865 redivivi.

2280 4895 2603 4965 prodigium,
2642 4911 2747 4951 non
2776 4896 2828 4951 in
2857 4898 3209 4969 scriptoribus
3253 4901 3668 4957 monutnentisve
3690 4896 3797 4950 anti-

2278 4987 2555 5056 quioribus
2583 4987 2797 5057 legisse,
2832 4989 2925 5044 sed
2961 4990 3030 5047 ab
3059 4990 3205 5059 aliis,
3229 4991 3352 5048 viva
3394 5006 3527 5049 voce
3568 5003 3669 5047 rem
3700 4998 3797 5041 nar.

2278 5078 2543 5144 rantibus,
2568 5079 2858 5149 accepisse.

2348 5166 2471 5222 529.
2513 5167 2592 5222 Ad
2623 5168 2735 5225 base
2782 5170 2922 5225 idem
2968 5172 3363 5245 chronologus,
3412 5176 3457 5231 si
3481 5172 3602 5245 quid
3648 5167 3796 5223 alibic

2279 5259 2632 5327 scriptoribus
2670 5277 2728 5317 se
2754 5265 3072 5333 praegressis
3099 5278 3376 5337 acceptum
3404 5269 3457 5322 in
3480 5265 3638 5323 sancti
3660 5258 3791 5316 nosui

2284 5346 2462 5403 Vitam
2494 5350 2691 5415 intulit,
2716 5352 2971 5407 lectorem
2996 5357 3071 5410 rei
3102 5367 3301 5417 monet.
3332 5358 3437 5411 imo
3457 5358 3612 5411 etiam
3640 5355 3791 5407 hortm

2284 5454 2475 5496 nomen
2515 5444 2714 5512 prodit.
2773 5443 2910 5498 Num
2962 5446 3048 5499 l0.
3102 5452 3556 5519 transcriptums,
3603 5456 3705 5512 qua:
3743 5438 3793 5490 d0

2283 5529 2342 5585 S.
2364 5531 2612 5588 Brunone
2645 5535 2867 5605 ejusque
2893 5551 2987 5591 sex
3019 5540 3183 5594 sociis
3210 5542 3261 5594 in
3288 5540 3345 5594 S.
3382 5539 3607 5608 Hngonis
3624 5532 3793 5589 Gratia-

2283 5623 2577 5691 nopolitani
2610 5628 2846 5697 episcopi
2883 5629 3000 5684 Vita
3024 5668 3040 5695 ,
3086 5644 3117 5683 a
3155 5630 3429 5702 Guigone,
3475 5628 3648 5698 quinto
3688 5622 3791 5674 Car-

2205 5765 2214 5776 ,
2284 5712 2476 5769 thasiae.
2502 5714 2680 5785 priore
2704 5717 2928 5787 scripta,
2958 5716 3229 5789 leguntur,
3248 5798 3249 5801 η
3271 5721 3430 5777 verba
3463 5718 3571 5773 haec
3596 5706 3791 5786 prattttil-
