3814 6306
115 320 182 377 tu
862 390 865 399 η
1574 327 1777 385 ACTA.

112 440 219 491 tit:t
249 434 303 491 Ut
326 442 431 489 utar
476 432 695 491 omnino
743 436 926 493 verbis
984 438 1206 510 scriptis
1256 438 1311 495 in
1348 437 1600 510 Legenda
1630 444 1680 504 Α
1711 444 2004 514 invenitur,
2041 449 2269 520 talisque
2294 450 2467 509 videri
2500 463 2696 525 potest,
2739 465 2819 524 nt,
2867 459 2910 513 si
2945 463 3281 535 contigissa.

111 529 204 581 Vita
236 525 281 579 S.
323 524 541 595 iiugouis
578 526 818 598 episcopi
868 531 1189 598 memorati;
1227 550 1245 583 ι
1295 546 1361 587 ac
1408 531 1602 588 deinde

107 614 282 671 recitatis
313 614 566 678 omnibus,
592 632 735 686 ,qute
788 617 856 672 ad
908 617 967 672 S.
1020 617 1329 675 Brunonem
1376 619 1602 690 ejusque

105 706 229 759 socios
250 714 483 773 spectant,
516 703 781 775 Guigonis
808 706 988 763 verbis
1010 708 1291 779 snbjungit
1320 728 1333 763 :
1366 729 1383 761 ι
1408 710 1602 766 Omnia

104 794 287 863 pradicta
316 803 429 849 sunt
453 793 616 849 verba
644 796 827 851 domui
851 797 1114 869 Guigonis
1148 802 1350 871 scripta
1393 801 1445 856 in
1478 802 1601 857 Vita

103 883 349 953 $.Hugonis
372 883 860 957 Gratianopolitani
891 890 1155 960 episcopi.
1193 908 1211 943 ι
1247 890 1409 946 Num.
1432 892 1504 946 24
1545 903 1601 948 et

103 978 236 1032 ultimo
270 977 347 1031 ubi
395 986 623 1049 tempus,
672 996 782 1051 quo
815 994 1039 1039 sanctus
1082 995 1206 1055 post
1253 1001 1530 1058 egressum
1568 1002 1601 1044 e

101 1067 311 1121 farthnsia
335 1070 463 1123 diem
506 1080 810 1126 extremum
843 1074 1118 1139 clauserit,
1151 1091 1182 1132 e
1212 1086 1448 1146 quatuor
1490 1080 1601 1149 pri-

103 1174 248 1213 morum
269 1158 547 1217 Carthasim
588 1164 827 1232 priorum
857 1164 1146 1233 Chronico,
1191 1169 1432 1240 antiquis
1470 1170 1601 1227 Gui-

101 1252 203 1320 gonis
225 1252 313 1321 (adi
341 1269 478 1307 num.
514 1253 569 1325 6)
623 1256 1119 1315 Consuetudinibus
1148 1262 1405 1330 praefixo,
1456 1264 1600 1318 desi-

100 1343 241 1411 gnaril,
269 1358 372 1397 mox
406 1345 585 1399 subdit
619 1362 633 1400 :
658 1363 677 1396 ι
700 1344 856 1402 Sicut
876 1348 931 1402 in
958 1349 1111 1405 libris
1134 1350 1597 1408 Consuetudinum

100 1432 222 1485 domui
264 1431 505 1503 Guigonis
532 1475 548 1499 ,
604 1449 726 1505 qua:
771 1446 895 1491 sunt
945 1438 999 1493 in
1042 1439 1202 1495 domo
1252 1440 1594 1510 Carthusiaz,

99 1522 341 1575 continetur.
373 1542 390 1573 ι
425 1524 579 1590 Quod
624 1526 669 1581 si
716 1526 929 1598 itaque,
961 1544 1127 1599 quam
1178 1539 1385 1599 narrat,
1417 1534 1599 1604 prodi-

98 1611 239 1679 giosam
257 1612 475 1668 doctoris
497 1616 800 1672 anastasirn
829 1632 860 1673 e
893 1621 1255 1690 scriptoribus
1286 1624 1597 1680 vetustiori-

97 1700 160 1754 bus
175 1702 418 1769 hausisset,
448 1705 500 1760 id
529 1708 940 1766 verosimillime
963 1711 1127 1766 etiam
1149 1722 1242 1768 aut
1276 1713 1592 1783 indicasset,

3183 353 3291 428 res

1704 549 2126 595 commemorata
2165 544 2551 601 verosimiliter
2607 549 2677 605 ab
2722 550 2873 607 hisce
2908 550 3139 621 fuisset,
3184 574 3295 617 nec.

1701 638 1987 697 propterea
2021 643 2199 688 tamen
2242 635 2386 689 illam
2412 636 2606 694 falsam
2636 655 2779 707 esse,
2812 652 2908 697 aut
2953 660 3144 713 parum
3184 662 3278 702 ve-

1703 719 2031 786 rosimilem,
2086 725 2278 780 merito
2324 726 2446 795 quis
2497 730 2881 797 pronuntiarit.
2929 733 3163 801 Fateor,
3198 738 3282 794 sic

1702 810 1864 866 habet
1894 829 1908 866 :
1937 827 2122 868 verum
2169 816 2298 885 quid
2330 818 2477 872 tum?
2521 818 2632 874 Cur
2675 822 2879 877 caadem
2912 824 3087 891 illam,
3127 835 3186 883 ut
3223 838 3283 883 ut

1701 909 1889 957 notatu
1920 905 2293 972 dignissimam
2323 909 2795 982 notissimamque,
2827 916 3124 981 scriptores
3148 933 3280 989 syn-

1702 993 1891 1048 chroni
1916 995 2132 1052 silentio
2151 1000 2531 1068 praeterierint,
2550 1003 2784 1060 rationes
2806 1021 2910 1061 non
2933 1006 3127 1076 inepta:
3143 1011 3282 1079 apud

1703 1097 1804 1138 nos
1830 1085 2045 1140 tom.“
2071 1087 2426 1158 Septembris,
2451 1090 2505 1145 in
2532 1108 2637 1159 quo
2662 1094 2729 1148 de
2768 1098 2969 1152 sanctis
2994 1098 3101 1153 illis
3140 1114 3289 1153 mar-

1704 1174 1912 1245 tyribus
1944 1192 1973 1231 a
2019 1194 2139 1249 pag.
2176 1179 2280 1236 508
2317 1188 2498 1236 actum
2524 1223 2539 1249 ,
2563 1184 2617 1238 in
2651 1184 2956 1243 Comment.
2987 1190 3055 1244 ad
3084 1190 3280 1246 horum

1698 1266 1833 1322 Acta
1861 1272 2083 1338 pra-via,
2133 1272 2159 1344 §
2197 1276 2227 1328 7
2256 1277 2581 1345 redduntur;
2614 1282 2757 1348 quod
2790 1299 2913 1337 eum
2937 1284 3052 1339 fieri
3081 1292 3279 1354 potest,

1700 1374 1795 1421 seu
1823 1362 2006 1431 potius
2032 1364 2109 1431 ﬁt,
2143 1368 2480 1437 argumentis
2510 1371 2802 1441 negativis,
2836 1390 2955 1443 qua:
2981 1391 3011 1430 a
3050 1377 3284 1446 scripto-

1698 1466 1819 1505 rum
1874 1452 2091 1510 silentio
2136 1466 2426 1525 petuntur,
2462 1459 2572 1514 vim
2625 1462 2828 1517 nullam
2880 1465 3111 1531 inesse,
3140 1467 3284 1536 apud

1696 1555 1887 1598 omnes
1920 1544 1972 1597 in
2001 1544 2253 1601 confesso
2276 1556 2379 1602 est.

1767 1636 1895 1692 551.
1926 1635 2173 1705 Accedit,
2206 1640 2273 1695 de
2310 1640 2784 1697 celeberrimorurn
2819 1643 3032 1698 illorum
3080 1655 3285 1718 marty-

1695 1742 1816 1783 rum
1843 1731 1991 1786 crede
2011 1730 2196 1802 (unde,
2222 1733 2479 1803 quidquid
2507 1742 2694 1790 contra
2723 1737 2865 1791 hanc
2888 1738 3287 1807 probabilitatis

96 1794 255 1899 ᾓξλίδίξδ.
287 1796 436 1895 eli-:1“)
490 1798 862 1867 ηοιηὶηίιεεθιι
904 1804 1143 1860 maxime
1192 1821 1347 1899 Ctlm_
1366 1805 1591 1863 feralem
1625 1803 1668 1862 Β
1699 1833 1764 1873 ex
1801 1830 2082 1875 auctorum
2115 1822 2329 1878 silentio
2358 1824 2489 1879 oriri
2526 1825 2737 1894 posset',
2765 1826 3003 1899 eliditur)
3032 1839 3285 1886 constare

95 1877 190 1933 illam
214 1882 459 1938 historiam
497 1900 841 1955 narraturus,
870 1895 1165 1960 praemittat
1201 1913 1213 1946 :
1253 1915 1271 1946 ι
1306 1895 1432 1951 Tale
1469 1914 1595 1967 pro-

94 1970 233 2040 digium
259 1975 319 2029 ibi
351 1977 548 2033 dicitur
581 1980 865 2047 accidisse,
900 2002 918 2036 ι
951 1982 1218 2057 facileque
1246 2003 1309 2042 ac
1338 2006 1594 2061 opponite

24 2104 29 2117 ι
93 2075 192 2122 num,
222 2072 269 2118 ut
307 2066 377 2121 rei
405 2068 542 2124 adeo
584 2071 735 2125 mirae
775 2073 935 2128 fidem
966 2073 1214 2145 faceret,
1260 2079 1455 2135 fuisset
1500 2084 1597 2138 ad-

92 2146 300 2221 iuugere,a
321 2157 507 2226 quibus
526 2175 595 2214 ea
627 2161 838 2217 dicatur
867 2179 960 2219 seu
1000 2178 1269 2223 narretur.
1295 2170 1414 2225 Jatn
1444 2187 1592 2240 vero,

92 2259 171 2298 cum
206 2248 299 2304 hzec
344 2250 411 2305 ita
453 2252 725 2320 habeant,
755 2257 1219 2314 vcrosimillimum
1272 2262 1490 2333 utique,
1526 2280 1595 2320 ne

93 2336 209 2390 dicam
236 2340 514 2409 indubium,
551 2356 803 2415 apparet,
842 2349 1140 2419 scriptorcs
1177 2354 1535 2424 antiquiores,
1562 2372 1592 2411 a

90 2427 226 2505 quibus
261 2428 557 2488 Parisiensc
615 2437 922 2508 prodigium
984 2443 1261 2499 memoria:
1323 2445 1592 2513 proditum

92 2515 233 2587 fuerit,
286 2532 549 2595 anonymo
617 2527 858 2599 quinque
922 2532 1223 2600 primorum
1293 2535 1594 2592 Carthusize

86 2610 259 2675 priorum
305 2616 663 2687 cbronologo,
716 2634 811 2676 seu
862 2623 1145 2679 velustiori
1194 2626 1372 2682 sancti
1419 2628 1589 2683 nostri

88 2698 306 2772 biographo
332 2722 430 2764 non
458 2710 818 2781 praeluxisse;
850 2721 910 2767 ut
933 2714 1163 2783 proinde
1189 2715 1294 2774 hoc
1318 2733 1384 2774 ex
1416 2720 1592 2789 capite

88 2792 195 2847 ﬁdem
233 2798 468 2869 majorem
502 2816 624 2858 sua:
674 2804 741 2859 de
793 2805 1034 2862 doctoris
1080 2809 1319 2865 damnati
1352 2813 1590 2873 anastasi

86 2886 307 2944 narrationi
336 2902 571 2962 nequeat
625 2894 940 2968 adjungere.
986 2898 1156 2956 Porro
1186 2917 1312 2958 cum
1343 2902 1591 2959 laudatus

86 2974 363 3049 clironologus
386 2999 478 3040 seu
506 2982 686 3042 sancti
710 2988 1042 3060 biographus
1064 3033 1079 3058 ,
1122 3004 1182 3048 ut
1219 2994 1333 3065 jam
1362 2996 1588 3061 dictum,

88 3064 309 3136 scriptores
343 3074 705 3145 antiquiores,
760 3078 805 3133 si
845 3094 982 3149 quos
1035 3082 1104 3137 ad
1159 3083 1472 3140 horribilem
1522 3086 1589 3139 dc

88 3151 238 3210 doctore
258 3162 612 3219 narrationem
639 3166 993 3235 adhibuisset,
1029 3171 1408 3228 nominaturus
1433 3189 1589 3229 vero-
1620 3159 1662 3217 (ἶ

86 3245 282 3307 simillime
316 3252 541 3323 fuisset,
586 3273 690 3314 nec
741 3271 922 3317 tamen
966 3262 1262 3320 Caesarium
1322 3268 1587 3330 nominet,

87 3345 393 3402 consectarium
416 3349 575 3416 fit,ut
605 3341 886 3423 scriptoris
906 3355 1064 3425 hujus
1093 3373 1243 3411 num.
1269 3357 1366 3411 ΞΗ
1407 3360 1585 3415 datam

87 3434 368 3494 narrationem
394 3444 808 3500 verosirnillime
840 3455 933 3501 aut
959 3464 1063 3504 non
1090 3448 1306 3515 viderit,
1329 3460 1425 3505 aut
1447 3451 1588 3508 hanc

87 3536 104 3572 ι
136 3539 204 3580 sua
235 3531 543 3591 existimarit
579 3536 875 3593 diversam.

129 3617 219 3674 530.
249 3623 383 3690 Quod
407 3626 520 3698 jam
547 3629 788 3699 pertinet
812 3631 878 3686 ad
913 3646 1117 3687 annum
1154 3631 1313 3697 1220,
1338 3649 1446 3703 quo
1481 3635 1588 3689 eir-

87 3707 175 3764 riter
199 3724 275 3769 aut
299 3719 455 3774 etiam
484 3721 651 3795 paulo
692 3723 854 3778 citius
880 3740 1185 3797 anonymus
1211 3727 1450 3797 quinque
1477 3729 1587 3799 pri-

88 3814 231 3860 morum
263 3808 553 3869 Carthusiaa
590 3814 830 3884 priorum
877 3818 1241 3887 chronologus
1284 3835 1379 3876 seu
1409 3820 1584 3875 sancti

88 3898 201 3952 Imtri
219 3901 529 3975 biographus
566 3906 830 3968 floruerit.
864 3908 915 3963 id
944 3924 1009 3963 ex
1056 3910 1218 3965 dictis
1248 3926 1396 3965 num.
1431 3911 1498 3965 l2
1532 3920 1586 3966 et

88 3995 188 4053 seqq.
210 3994 566 4051 verosimiliter
612 4012 770 4051 secus
800 3998 980 4053 habet.
1010 3999 1140 4066 Nec,
1180 4001 1281 4055 etsi
1314 4002 1386 4056 ita
1420 4002 1584 4056 hahe-

89 4084 139 4128 [ει
157 4082 399 4153 quidquam
431 4087 575 4153 inde,
618 4103 728 4158 quo
767 4088 1009 4144 luctuosa
1047 4092 1285 4146 doctoris
1312 4090 1581 4147 Parisicno

89 4165 135 4218 sis
154 4169 337 4230 historia
357 4188 439 4232 sat
477 4189 629 4234 certa
653 4191 745 4234 aut
781 4181 944 4251 etiam
978 4183 1304 4239 verosimilis
1331 4185 1585 4240 reddere-

88 4263 310 4329 tur,posset
329 4271 537 4327 cantici.
561 4270 666 4326 Fac
688 4272 853 4338 enim,
874 4272 1149 4329 laudatum
1172 4276 1580 4345 chronologum,

88 4351 145 4414 illi
160 4356 327 4421 primus
353 4377 471 4416 eam
500 4364 696 4418 litteris
711 4364 1007 4429 commisit,
1024 4381 1167 4420 anno
1202 4367 1421 4423 circiter
1445 4366 1583 4445 1220

90 4456 239 4503 manum
268 4453 539 4523 scriptioni
595 4456 772 4527 rcipsa
822 4454 1159 4524 admovisse,
1202 4458 1282 4514 sic
1329 4448 1582 4530 equidem

88 4535 205 4594 adhuc
244 4546 385 4601 armis
433 4547 656 4604 circiter
685 4549 1044 4620 quadraginta
1095 4559 1151 4606 et
1199 4560 1415 4607 centum
1458 4568 1489 4609 a
1520 4568 1583 4609 re

90 4638 187 4692 Εεδιει
218 4635 427 4693 abfuerit
468 4654 538 4695 ac
588 4641 742 4709 proin
794 4641 1056 4713 temporis
1106 4642 1282 4712 spatio
1325 4642 1579 4715 longiori,

91 4732 196 4781 ‘luant
236 4737 283 4780 ιιι
323 4730 370 4785 ei
421 4732 581 4787 tidem
640 4731 997 4787 indubitatam
1051 4734 1348 4790 conciliare
1396 4744 1581 4805 queat.

92 4812 272 4875 Quamvis
295 4823 433 4877 enim
469 4825 697 4880 subinde
749 4825 866 4890 fiat,
905 4834 963 4880 ut
996 4825 1223 4893 factum,
1252 4826 1358 4883 etsi
1386 4842 1417 4881 a
1448 4827 1584 4883 seri-

93 4908 380 4983 lloribus,qni
414 4917 621 4988 integro
648 4917 878 4987 amplius
911 4926 1036 4988 post
1062 4918 1113 4974 id
1150 4927 1361 4991 gestum
1385 4919 1585 4976 saeculo

94 4992 328 5070 ίὶοτιιθι-ιιιιι,
371 5009 633 5064 duntaxat
675 5019 1194 5077 commemoratum,
1243 5026 1342 5081 pro
1371 5012 1583 5068 verosi-

96 5089 181 5153 ιιιῐιῑ,
208 5094 298 5149 imo
322 5100 479 5155 etiam
504 5117 601 5171 pro
632 5112 784 5159 certo
816 5102 887 5159 sit
916 5103 1245 5170 habendum,
1287 5104 1341 5159 id
1377 5113 1580 5172 tamen,

96 5188 129 5229 υῑ
154 5197 351 5256 apparet,
383 5192 558 5248 locum
589 5195 790 5250 habere
838 5211 947 5252 non
993 5205 1192 5267 potest,
1219 5197 1438 5267 quando
1460 5237 1476 5264 ,
1508 5197 1587 5253 uti

97 5268 149 5362 llic
168 5273 226 5340 lit,
260 5278 445 5338 factum
474 5301 568 5340 seu
610 5302 717 5351 res,
747 5302 868 5359 qua:
896 5289 1349 5354 controvertitur,
1379 5298 1461 5345 est
1486 5289 1581 5344 hu-

94 5367 273 5436 lﬂsmodi,
299 5381 377 5438 ut,
404 5375 451 5430 si
487 5378 802 5449 contigisset
838 5394 1073 5449 unquam
1098 5419 1114 5447 ,
1164 5380 1231 5435 ab
1264 5380 1395 5451 ipsis
1421 5381 1586 5436 etiam

98 5455 365 5524 Scrlllloribus
390 5470 709 5539 synchronis
730 5487 794 5527 ac
815 5473 1011 5528 coarvis
1037 5472 1421 5528 verosimiliter
1443 5486 1587 5528 com-

99 5555 315 5609 memorata
340 5557 542 5615 fuisset.
575 5561 697 5627 Ast,
728 5562 975 5633 inquies,
1019 5565 1196 5619 credes
1224 5563 1282 5619 S.
1327 5563 1585 5631 Mauritii,

101 5637 423 5718 littelorumque,
466 5636 691 5725 legionis
725 5653 971 5710 Thebaeas
1002 5654 1232 5711 militum
1262 5666 1584 5728 martyrum,

104 5736 123 5774 3
140 5732 428 5800 senatoribus
452 5744 915 5814 contemporaneis
939 5747 1216 5805 memoria:
1244 5747 1454 5806 orodita
1481 5762 1587 5805 non

1614 4512 1662 4572 D

1701 1921 1811 1964 tum
1853 1927 1883 1964 e
1916 1912 2095 1968 multis
2124 1914 2176 1969 in
2224 1916 2526 1970 Comment.
2565 1933 2810 1985 proxime
2858 1919 2951 1974 cit.
3005 1922 3273 1985 adductis,

1700 2012 1809 2056 tum
1841 2004 2077 2057 maxime
2105 2020 2136 2059 e
2183 2005 2241 2059 S.
2294 2006 2562 2060 Etulrerio
2599 2008 2943 2078 Lugdunensi
2993 2011 3280 2082 episcopo,

1697 2092 1787 2160 qui
1816 2093 2023 2161 primus
2052 2093 2197 2147 illam
2226 2094 2277 2148 in
2327 2094 2537 2150 litteras
2575 2096 2741 2163 misit,
2778 2097 3007 2167 quique,
3036 2104 3282 2168 quamvis

1695 2182 1895 2239 saeculo
1922 2184 2136 2239 demum
2167 2186 2355 2255 quinto
2378 2186 2579 2255 ﬂoruit,
2612 2204 2642 2244 e
2672 2189 2918 2260 genuina:
2954 2201 3127 2244 tamen
3174 2203 3285 2245 tra-

1697 2275 1918 2332 ditionis
1946 2277 2115 2344 fonte,
2141 2294 2301 2349 quem
2333 2280 2561 2349 ipsemet
2600 2283 2870 2353 assignat,
2901 2299 2999 2339 sua
3032 2285 3284 2354 deprom-

1695 2370 1822 2437 psit.
1858 2367 1928 2423 At
1956 2384 2084 2423 vero
2107 2386 2206 2424 nec
2224 2372 2547 2428 universalis
2576 2374 3044 2444 silentii,quo,qut
3072 2376 3283 2446 integro

1696 2455 1926 2527 amplius
1956 2457 2133 2527 primo
2159 2467 2280 2527 post
2315 2475 2427 2513 rem
2467 2473 2673 2530 gestam
2705 2462 2901 2517 sarculo
2951 2463 3162 2518 labente
3187 2462 3282 2517 llo«

1695 2560 1947 2615 ruerunt,
1972 2550 2271 2619 scriptores
2299 2552 2664 2622 prodigiosam
2714 2555 2957 2609 doctoris
2987 2555 3281 2610 anastasim

1695 2648 2043 2707 prmtcrcunt,
2087 2639 2223 2693 ratio
2271 2642 2376 2695 ulla
2422 2652 2508 2695 sat
2538 2642 2725 2696 idonea
2760 2644 2911 2698 reddi
2952 2654 3150 2713 potest,
3182 2660 3283 2698 nec

1695 2728 1760 2782 de
1786 2728 2051 2784 horrenda
2070 2731 2173 2785 hac
2199 2731 2426 2786 historia
2448 2749 2515 2787 ex
2538 2733 2644 2787 ullo
2669 2745 3015 2790 monumento
3046 2747 3278 2796 constat,

1696 2821 1891 2874 nedum
1939 2836 2005 2875 ex
2052 2837 2327 2893 anonymo
2364 2825 2665 2893 primorum
2698 2826 2935 2898 quinque
2978 2828 3283 2883 Car-thasiae

1694 2912 1933 2980 priorum
1961 2912 2210 2971 Chronici
2234 2927 2475 2984 auctore,
2508 2918 2597 2987 qui
2619 2958 2633 2981 ,
2675 2917 2815 2973 unde
2846 2918 2993 2972 illam
3018 2920 3278 2978 hauserat.

1697 3019 1800 3059 non
1856 3005 2039 3071 edicit,
2090 3021 2191 3061 uec
2242 3008 2459 3063 aliunde
2508 3008 2736 3062 habetur
2787 3021 3169 3079 compertrnn.-
3213 3012 3283 3065 lit

1695 3107 1844 3160 vero,
1871 3109 1992 3148 cum
2015 3093 2124 3159 hic,
2159 3105 2216 3148 ut
2241 3094 2355 3166 jam
2387 3096 2567 3160 docui,
2604 3099 2896 3166 scriptores
2922 3100 3287 3169 antiquiores,

1693 3203 1723 3241 e
1747 3187 1942 3263 quibus
1968 3188 2240 3257 hauserit,
2271 3190 2375 3245 sibi
2418 3190 2778 3261 praelucentes
2817 3193 2962 3248 haud
3003 3195 3277 3259 habuerit,

1692 3292 1800 3347 quo
1851 3277 2064 3333 tandem
2115 3293 2179 3333 ex
2222 3279 2400 3345 fonte,
2451 3280 2538 3336 cui
2591 3289 2706 3337 luto
2756 3282 2925 3339 fidere
2968 3284 3279 3355 possimus,

1693 3371 2061 3426 narrationem
2089 3386 2241 3426 suam
2273 3373 2673 3443 deprompsisse
2702 3376 2900 3445 queat?
2925 3376 3008 3430 An
3044 3376 3180 3432 forte
3212 3394 3281 3433 ex

1694 3458 1833 3512 fama
1880 3461 2159 3530 publicore
2189 3464 2440 3517 rumore?
2468 3462 2667 3519 Verum
2714 3481 2879 3535 quam
2908 3466 3149 3523 incertus
3189 3466 3281 3523 hic

1690 3560 1880 3605 auctor
1908 3550 2001 3616 sit,
2028 3567 2187 3605 neruo
2216 3567 2323 3606 non
2348 3552 2515 3607 novit.
2540 3554 2620 3608 Au
2646 3569 2712 3609 ex
2753 3556 2962 3611 ordinis
2993 3556 3076 3611 sui
3106 3559 3278 3612 tradi-

1691 3643 1866 3698 tione?
1896 3644 1973 3698 lta
2014 3659 2178 3711 sane,
2227 3645 2318 3716 qui
2368 3644 2692 3700 Parisiensis
2747 3648 2974 3718 prodigii
3030 3647 3279 3719 pulsique

1690 3736 1816 3791 hinc
1869 3737 1920 3790 in
1970 3752 2211 3792 eremum
2267 3735 2326 3791 S.
2367 3736 2638 3793 Brnnonis
2682 3738 2966 3808 historiam
3018 3748 3278 3806 tuentur,

1688 3828 2023 3896 existimant,
2042 3844 2106 3883 ac
2127 3826 2312 3899 porro,
2327 3837 2387 3883 nt
2410 3828 2718 3898 opinionem
2739 3818 2892 3886 suam
2914 3841 3278 3903 propuguent,

1689 3916 1960 3972 amrmare
1996 3918 2211 3973 debent.
2244 3916 2443 3973 Verum
2474 3935 2542 3973 an
2579 3920 2667 3973 illa
2695 3920 2901 3976 ordinis
2928 3919 3280 3978 Carthusien-

1687 4010 1765 4067 sis
1819 4010 2037 4066 traditio
2074 4009 2322 4079 genuina:
2371 4011 2679 4066 traditionis
2727 4028 2925 4068 nomen
2979 4022 3273 4079 mereatur,

1688 4101 1765 4157 uti
1790 4100 1976 4165 etiam,
2008 4098 2197 4169 quanti
2221 4098 2289 4155 ad
2321 4100 2670 4156 assercudam
2697 4102 2922 4173 prodigii
2952 4102 3289 4159 Parisieasis

1687 4194 1971 4248 veritatem
2012 4191 2234 4256 valeat,
2284 4190 2424 4246 infra
2483 4192 2811 4260 discutiam,
2863 4209 2987 4248 cum
3032 4194 3277 4264 praevie,

1684 4286 1827 4357 quod
1873 4285 2127 4356 prazsenti
2170 4282 2416 4355 §facere
2468 4284 2767 4351 constitui,
2816 4284 3163 4351 examinaro,
3205 4300 3278 4339 an

1686 4377 1893 4448 reliqua
1938 4391 2037 4449 pro
2092 4376 2459 4442 Parisiensis,
2499 4377 2590 4446 qui
2634 4391 2754 4431 sese
2807 4376 3118 4431 damnatum
3174 4392 3276 4448 pu:

1688 4469 1830 4524 blice
1878 4468 2245 4534 denuntiarit,
2289 4468 2526 4524 doctoris
2576 4458 2833 4523 anastasi
2872 4467 2936 4541 §§
2981 4466 3041 4522 ll
3095 4484 3160 4523 ae
3212 4469 3279 4524 l2

1690 4561 1923 4618 adducta
1965 4560 2290 4631 scriptorum
2322 4560 2690 4629 antiquiorum
2736 4560 3041 4616 testimonia
3072 4570 3279 4617 certam

1690 4668 1811 4709 eam
1840 4649 2129 4706 autetiam
2160 4649 2547 4715 verosimilem,
2580 4660 2759 4705 stante
2792 4651 3087 4706 universali
3138 4653 3279 4708 scri-

1690 4756 1906 4819 plerum
1928 4745 2143 4800 silentio
2168 4743 2414 4816 proxime
2438 4744 2602 4809 dicto,
2633 4745 2843 4815 possint
2874 4744 3108 4800 efficere.

1762 4838 1889 4892 352.
1916 4835 2051 4892 Cum
2084 4837 2379 4906 scriptores
2406 4835 2477 4889 illi
2506 4850 2697 4891 omnes
2725 4837 3094 4890 narrationem
3124 4851 3279 4892 suam

1693 4930 1778 4986 vel
1808 4944 1871 4985 ex
1900 4928 2014 4999 ipsa
2040 4927 2154 4996 jam
2187 4928 2430 4983 discussa
2455 4926 2694 4998 quinque
2716 4925 3016 4996 priruorum
3042 4925 3280 4981 Carthu-

1692 5023 1786 5078 she
1827 5020 2069 5092 priorum
2109 5019 2506 5090 chronographi
2539 5018 2882 5085 narratione,
2929 5017 3107 5087 aliqua
3138 5019 3280 5073 dun-

1698 5122 1854 5169 taxat
1892 5112 1947 5167 in
1979 5112 2078 5167 hae
2109 5110 2251 5167 facta
2282 5126 2380 5181 pro
2415 5110 2641 5166 arbitrio
2687 5111 3010 5178 mutatione,
3053 5123 3280 5198 accepe-

1696 5208 1827 5264 rint,
1871 5206 1965 5251 aut
1996 5206 2145 5252 certe
2184 5211 2214 5250 e
2246 5195 2606 5266 scriptoribus
2648 5195 2797 5259 aliis,
2832 5210 3063 5265 quorum
3111 5195 3276 5249 etiam

1694 5289 1936 5344 narratio
1981 5302 2137 5343 suam
2184 5286 2272 5342 isti
2331 5287 2595 5358 originem
2653 5288 2880 5351 debeat,
2917 5283 3133 5340 indubie
3184 5284 3282 5339 de-

1692 5381 2080 5452 prompserint,
2110 5379 2355 5449 prodigio
2386 5378 2570 5450 utique
2596 5378 2754 5433 fidem
2782 5376 3066 5445 majorem,
3089 5389 3276 5444 quam,

1693 5471 1781 5543 qui
1810 5456 2013 5540 primus
2043 5469 2169 5523 illud
2198 5470 2250 5523 in
2275 5469 2485 5525 litteras
2516 5469 2683 5534 misit,
2712 5468 2891 5524 dictus
2918 5465 3279 5539 chronologus

1692 5572 1990 5629 mereatur,
2031 5562 2325 5618 conciliare
2375 5577 2482 5619 non
2514 5570 2760 5634 possunt,
2786 5560 2889 5618 etsi
2932 5560 3170 5628 interitu,
3217 5569 3279 5617 ut

1688 5656 1802 5727 jam
1840 5671 2003 5727 supra
2034 5654 2214 5719 docui,
2246 5670 2432 5709 eorum
2481 5650 3070 5709 testimonia‘evincaut
3094 5692 3111 5720 ,
3150 5668 3278 5723 pro-

1696 5750 1958 5816 digiosam
2015 5746 2254 5804 doctoris
2303 5745 2627 5803 I‘ar'isiensis
2667 5745 2961 5804 anastasim
3007 5745 3175 5804 fuisse
3220 5751 3276 5800 et
