3814 6306
508 353 613 410 199

1296 347 1352 405 S.
1395 344 1739 405 BRUNONIS
1772 344 2419 404 CARTHUSIANORUM
2460 344 2951 404 lNSTl'l'UTORIS
3656 359 3738 413 εοο

508 464 815 525 diutissime
850 462 1102 534 pluribus
1149 461 1523 518 indubitanter
1558 462 1824 519 creditam
1847 501 1863 527 ,
1914 468 1970 516 et
2006 460 2098 516 diu
2126 462 2175 520 Α
2201 460 2325 515 nico
2355 460 2617 530 judicium
2664 477 2763 532 pro
2802 468 3057 516 accurato
3098 463 3268 533 possit
3311 464 3513 523 haberi.
3539 469 3671 537 Quod
3697 485 3742 527 ιιι

509 557 677 611 etiam
700 562 827 609 ante
850 551 1077 608 Joannis
1101 552 1365 607 Gersonis
1386 563 1625 617 aetatem,
1647 560 1835 607 contra
1858 566 1923 606 ac
1952 550 2102 606 Lau-

513 648 674 703 noius
708 646 853 710 vult,
908 645 1104 701 litteris
1134 645 1531 716 consignatam.
1581 646 1718 713 Quid
1772 647 1956 714 itaque
1992 646 2108 700 sin-

510 739 759 807 guiorum
790 736 1006 790 illorum
1045 735 1404 807 scriptorum,
1449 751 1581 805 quos
1614 735 1676 807 §§
1721 736 1777 790 ll
1826 744 1881 790 et
1921 736 2001 803 19,
2026 736 2109 790 vi-

510 829 658 882 desis
706 836 1075 891 enumeratos,
1117 827 1416 881 auctoritas
1468 827 1556 880 hic
1608 827 1804 890 valeat,
1861 825 2107 895 pluribus

513 916 873 988 indagandum
907 931 1014 971 non
1044 926 1147 972 est.
1180 916 1400 982 Verum,
1436 926 1494 971 ut
1523 925 1581 971 ut
1613 933 1698 971 res
1751 918 1824 972 ita
1877 917 2097 985 habeat,

514 1021 619 1061 nec
653 1007 863 1061 ratione
891 1006 995 1060 ulla
1046 1007 1180 1062 satis
1225 1007 1392 1061 solida
1423 1007 1759 1061 contrarium
1790 1016 1953 1077 queat
1981 1024 2106 1078 pro-

511 1097 653 1160 bari,
688 1106 813 1151 sunt
864 1107 1069 1164 tamen,
1102 1099 1193 1169 qni
1219 1140 1233 1165 ,
1269 1099 1722 1167 quemadmodum
1774 1115 1843 1153 ex
1890 1100 2106 1157 Notiliis

511 1202 641 1241 mss.
674 1202 840 1256 penes
871 1205 956 1243 me
994 1190 1332 1244 exstantibus
1382 1189 1647 1261 intelligo,
1677 1189 1901 1246 Joannis
1945 1193 2103 1263 lpcrii

512 1280 907 1346 testimonium,
950 1298 1098 1336 num.
1139 1281 1246 1335 222
1284 1282 1401 1337 huc
1455 1285 1865 1353 transcriptum,
1922 1285 2104 1354 magni

511 1368 817 1424 faciendum
860 1372 1218 1426 contendunt.
1256 1372 1330 1426 lta
1361 1382 1540 1427 autem
1569 1374 1772 1429 idcirco
1798 1384 2101 1442 autumant,

511 1460 703 1528 quod,
761 1475 1008 1529 quamvns
1076 1461 1286 1532 lperius
1351 1471 1478 1518 ante
1533 1465 1787 1519 sarculum
1852 1478 2101 1536 quartum

514 1550 782 1604 decimum
826 1566 929 1605 non
958 1551 1223 1617 ﬂoruerit,
1258 1568 1321 1607 ac
1353 1555 1537 1622 proin,
1570 1565 1813 1624 spectato
1848 1558 2102 1614 diuturno

515 1646 777 1716 temporis
797 1646 993 1716 spatio,
1024 1662 1133 1716 quo
1156 1666 1183 1700 a
1207 1648 1507 1715 praestituta
1538 1647 1830 1704 Parisiensi
1856 1653 2101 1723 prodigio

510 1740 716 1808 epocha
745 1753 840 1793 seu
884 1755 1028 1793 anno
1070 1739 1209 1793 {082
1240 1737 1431 1802 abfuit,
1460 1752 1667 1795 certum
1714 1742 1766 1796 id
1820 1754 1983 1815 atque
2023 1747 2105 1799 in-

2210 558 2435 621 pateat,
2482 567 2697 622 unaque
2741 568 2809 607 ex
2848 552 3005 623 lperii
3035 553 3101 608 de
3148 553 3391 610 luctuosa
3423 558 3639 617 doctoris
3671 566 3745 618 dae

2212 643 2383 697 mnati
2433 644 2658 698 historia
2714 644 3023 701 testimonio
3079 646 3213 701 nihil
3265 649 3483 705 omnino
3535 654 3595 706 ad
3634 654 3746 710 hanc

2210 743 2302 787 aut
2329 742 2478 788 certe
2499 749 2695 803 parum
2725 735 3016 789 admodum
3040 737 3298 806 ponderis
3327 754 3483 809 posse
3509 744 3744 810 accedere,

2208 823 2484 877 studiosus
2531 824 2702 879 lector
2753 825 3037 896 intelligat,
3079 828 3539 885 subministratam
3578 848 3605 887 a
3645 834 3747 890 Stil.

2207 912 2358 981 tinge
2386 922 2573 969 nostro
2598 923 2730 969 tom.
2765 907 3196 986 ll'Septembrts.
3220 934 3345 989 pag.
3373 914 3533 989 555,a
3555 924 3748 979 num.23

2209 1004 2271 1056 ad
2311 1002 2571 1059 Martenei
2602 1006 2669 1058 de
2698 1005 2858 1074 lpcrii
2889 1005 3157 1063 Chronico
3175 1007 3442 1078 judicium
3485 1016 3748 1084 responsio-

2209 1112 2332 1150 nem
2364 1096 2468 1151 huc
2501 1099 2822 1153 transcribo.

2280 1188 2404 1242 554.
2438 1188 2531 1244 Sic
2575 1190 2757 1261 itaque
2790 1190 2987 1245 ibidem
3021 1192 3182 1247 habet
3215 1212 3228 1247 :
3268 1212 3287 1246 ι
3342 1193 3546 1250 Mallem
3572 1213 3681 1267 ego,
3704 1207 3750 1253 ut

2208 1280 2457 1335 laudatus
2512 1281 2688 1336 editor
2731 1278 3063 1351 (Marteneus
3122 1286 3340 1357 nempe)
3376 1299 3661 1342 accuratam
3698 1290 3749 1344 de

2206 1368 2306 1424 hoc
2331 1370 2603 1427 Chronico
2633 1374 2818 1428 crisim
2850 1374 3105 1439 dedisset,
3147 1391 3317 1445 quam
3349 1377 3530 1433 laudes
3568 1396 3751 1451 exaggec'

2206 1469 2352 1515 ratas
2382 1477 2395 1514 :
2426 1461 2498 1515 ita
2529 1462 2677 1516 enim
2711 1463 2884 1517 lector
2910 1464 3181 1519 studiosus
3211 1466 3403 1520 melius
3426 1468 3749 1531 intellexisset,

2204 1552 2334 1622 quid
2374 1568 2442 1608 ex
2488 1567 2554 1609 eo
2597 1555 2851 1625 amplecti
2908 1565 3022 1611 tuto
3069 1558 3262 1627 possit,
3299 1574 3330 1612 a
3372 1560 3556 1628 quibus
3597 1572 3751 1616 contra

2203 1660 2397 1699 cavere
2436 1646 2652 1701 debeat.
2696 1645 2856 1701 Certe
2876 1648 3228 1703 chronotaxis
3263 1649 3573 1720 plerumque
3596 1651 3751 1705 vitiosa

2203 1744 2284 1788 cst
2313 1736 2363 1788 in
2416 1736 2691 1806 prioribus
2738 1738 2895 1807 hujus
2936 1737 3191 1793 Chronici
3223 1739 3459 1803 sacculis,
3489 1750 3545 1793 ut
3582 1743 3751 1811 patebit

511 1830 819 1884 dubitatum
862 1830 977 1886 sola
1022 1846 1119 1885 sua
1168 1822 1495 1887 auctoritate
1532 1832 1709 1890 facere
1754 1851 1857 1890 non
1907 1838 2093 1906 possit,

2206 1841 2303 1894 per
2334 1826 2641 1882 decursum.
2671 1827 2783 1882 lmo
2819 1842 2886 1882 ue
2932 1826 3076 1882 facta
3124 1829 3344 1899 quidem
3395 1831 3555 1885 relata
3586 1834 3632 1886 in
3672 1834 3750 1887 hoc

511 1930 789 1976 auctorem
822 1931 1001 1976 tamen
1033 1924 1394 1992 antiquiorem
1430 1926 1615 1994 reique
1643 1937 1804 1995 gestae
1834 1932 2100 1997 synchro-

510 2024 662 2074 num,
690 2025 720 2064 e
743 2025 873 2079 quo,
906 2025 1024 2079 qua:
1047 2010 1114 2065 de
1161 2013 1265 2067 hac
1302 2014 1485 2080 tradit,
1520 2015 1783 2081 hauserit,
1830 2017 1931 2072 sibi
1960 2034 2099 2088 pra:-

510 2100 779 2156 lucentem
806 2102 1073 2157 habuerit.
1098 2103 1249 2170 Quod
1273 2115 1604 2173 postremum
1635 2119 1692 2163 ut
1716 2109 2097 2178 aestimaretur,

512 2192 692 2249 ellecit
715 2192 1024 2249 Marteneus
1064 2198 1259 2264 praevia
1292 2213 1388 2252 sua
1413 2199 1464 2252 iu
1491 2200 1649 2269 lperii
1673 2217 1768 2256 seu
1800 2200 1859 2255 S.
1892 2202 2097 2257 Bertiui

510 2283 840 2351 Chronicon,
857 2297 987 2341 tom.
1008 2286 1348 2343 lllThcsauri
1378 2291 1779 2347 Anecdotorum
1812 2294 2096 2361 insertum,

511 2375 914 2432 Admonitione.
964 2378 1020 2433 ln
1053 2378 1156 2433 hac
1185 2380 1329 2433 enim
1361 2382 1462 2436 sub
1510 2382 1673 2437 linem
1713 2384 1786 2437 ita
1817 2383 2094 2454 loquitur:

517 2483 535 2516 ι
577 2463 715 2521 Hinc
742 2466 963 2537 colliges
985 2509 1000 2533 ,
1028 2467 1338 2525 Chronicon
1370 2470 1513 2525 istud
1541 2471 1914 2527 Bertinianum
1949 2483 2097 2530 tanto

511 2552 773 2622 majorem
806 2557 947 2626 apud
996 2557 1241 2612 eruditos
1282 2561 1579 2629 promereri
1608 2561 1797 2627 fidem,
1829 2578 1935 2633 quo
1964 2563 2100 2617 anti-

509 2646 732 2717 quiores
753 2648 916 2703 habet
944 2660 1226 2718 auctores,
1253 2652 1344 2721 qui
1371 2652 1455 2706 sui
1489 2654 1747 2723 temporis
1779 2670 1865 2709 res
1892 2664 2097 2723 gestas,

510 2748 671 2809 prout
709 2740 993 2806 viderant,
1034 2752 1129 2796 aut
1157 2758 1189 2797 a
1230 2744 1459 2799 testibus
1511 2745 1743 2800 oculatis
1790 2747 2093 2811 audierant,

511 2829 728 2899 scriptis
781 2831 1125 2898 mandarunt,
1174 2848 1275 2889 nec
1330 2835 1527 2888 mirum
1577 2836 1749 2889 videri
1802 2836 2034 2903 debere,
2066 2853 2096 2892 a

511 2917 817 2975 subsecutis
852 2921 1165 2976 auctoribus
1203 2922 1337 2977 tanti
1378 2923 1622 2979 habitum
1651 2923 1835 2993 fuisse,
1868 2935 1948 2993 ut,
1979 2941 2099 2997 quae

510 3008 735 3064 dicenda
765 3011 833 3064 de
858 3012 1023 3067 rebus
1046 3011 1275 3085 Belgicis
1302 3013 1635 3083 habuerunt,
1662 3014 1733 3071 ab
1755 3031 1821 3072 eo
1846 3018 2097 3089 accipere

508 3114 617 3155 non
645 3100 1032 3157 dubitaverint.
1082 3120 1103 3156 ι

2204 1912 2478 1969 Chronico
2509 1924 2617 1970 tam
2650 1925 2795 1971 certa
2833 1931 2953 1971 esse
2985 1926 3202 1985 tamque
3235 1918 3494 1973 immunia
3532 1919 3592 1974 ab
3627 1936 3749 1974 erro—

2203 2008 2801 2073 ribus,utcorrcctionc
2827 2020 2911 2064 sat
2936 2010 3208 2079 frequenti
3239 2026 3345 2065 non
3377 2012 3751 2083 indigeant,nou

2204 2110 2330 2155 raro
2359 2103 2649 2157 ostendere
2671 2117 2851 2173 cogar.
2869 2101 3111 2157 Conatur
3137 2104 3393 2158 Chronici
3417 2107 3750 2161 auctoritatem

2202 2191 2432 2260 probare
2488 2190 2822 2258 Martenius,
2855 2192 2982 2261 quia
3033 2191 3240 2262 lpcrius
3290 2202 3505 2249 secutus
3552 2203 3628 2249 est
3659 2194 3753 2247 Fola

2201 2282 2427 2350 quinum
2482 2283 2804 2348 diaconum,
2863 2282 3148 2337 Simonum
3197 2282 3455 2338 abbatem
3505 2291 3557 2339 et
3601 2298 3752 2338 eorum

2202 2373 2636 2429 continuatorem
2660 2389 2988 2443 anonymum
3020 2373 3199 2429 saeculi
3223 2389 3350 2439 xm,
3378 2389 3533 2444 quem
3564 2375 3630 2428 ait
3649 2375 3753 2429 scri-

2200 2466 2371 2537 psisse
2402 2464 2715 2519 annol229.
2739 2483 2861 2517 ι-ι
2882 2464 2960 2518 Ex
2989 2465 3237 2534 quibus,»
3270 2465 3503 2535 inquit,r
3525 2465 3592 2519 ita
3618 2463 3753 2519 Chron

2207 2571 2225 2603 ι
2262 2554 2418 2608 nicon
2449 2569 2607 2609 suum
2636 2552 2937 2609 confecisse
2963 2554 3177 2608 videtur
3200 2553 3444 2610 Joannes
3472 2553 3685 2625 lperius,
3708 2560 3752 2605 ut

2207 2660 2226 2694 ι
2259 2657 2448 2697 eorum
2478 2644 2718 2713 integras
2749 2643 3152 2698 lucubrationes
3197 2646 3351 2714 operi
3384 2658 3480 2698 suo
3506 2643 3753 2698 inseruisse

2212 2752 2231 2787 ι
2271 2737 2467 2790 merito
2484 2737 2790 2791 censendus
2819 2737 2909 2791 sit.
2926 2754 2945 2788 ι
2965 2735 3266 2791 Ostendere
3291 2737 3346 2791 id
3370 2746 3590 2792 conatur
3608 2735 3753 2789 verbis

2200 2830 2524 2898 quibusdam
2546 2828 2819 2899 allegatis,
2849 2845 2970 2899 quae
2992 2828 3199 2899 lperius
3227 2829 3293 2884 de
3327 2844 3387 2884 se
3415 2826 3645 2899 proferre
3666 2841 3748 2879 non

2201 2926 2436 2988 poterat,
2476 2932 2705 2988 quaeque
2740 2918 2945 2973 idcirco
2992 2916 3393 2987 antiquioribus
3445 2914 3747 2998 attribuenda

2200 3018 2327 3064 sunt
2357 3010 2734 3080 scriptoribus,
2767 3026 3000 3080 quorum
3027 3011 3169 3065 dicta
3196 3023 3427 3066 eatenus
3456 3026 3556 3065 non
3582 3015 3751 3063 mutata

2200 3102 2471 3157 Chronico
2515 3115 2614 3156 suo
2658 3100 2865 3171 lperius
2907 3100 3152 3155 inseruit.
3193 3100 3395 3156 Verum
3437 3101 3749 3156 vehementer

521 3228 526 3235 .
579 3191 705 3247 555,
737 3192 944 3262 lperzus
968 3208 1120 3265 ergo,
1155 3196 1233 3249 uti
1283 3196 1373 3253 hic
1410 3198 1573 3255 docet
1608 3198 1941 3269 Mal-tenens,
1970 3218 2094 3260 nar.
2124 3165 2169 3229 ε
2203 3191 2469 3261 suspicor,
2493 3165 2817 3259 Martenium
2841 3206 3118 3260 nunquam
3149 3192 3448 3245 contulisse
3477 3188 3743 3245 Chronicon

509 3290 660 3335 ratas
690 3283 743 3335 in
773 3282 1047 3338 Chronico
1085 3299 1185 3339 suo
1218 3301 1305 3340 res
1331 3302 1400 3340 ex
1426 3290 1850 3359 antiquioribus,
1883 3296 1973 3365 qui
2004 3311 2097 3350 eas

511 3381 608 3425 aut
632 3373 847 3441 ipsimet
889 3375 1137 3430 viderant
1183 3385 1273 3430 aut
1302 3393 1370 3431 ex
1402 3380 1629 3435 testibus
1657 3385 1886 3438 oculatis
1917 3387 2098 3441 audie-

511 3473 673 3528 rant,
722 3464 1081 3534 scriptoribus
1130 3469 1359 3537 accepit,
1396 3470 1579 3541 hique,
1614 3483 1673 3526 ut
1723 3475 1862 3528 idem
1902 3476 2099 3532 Marte-

511 3569 647 3609 neus
679 3554 733 3608 in
784 3555 998 3611 laudata
1037 3558 1418 3617 Admonitione
1449 3565 1648 3632 praevia
1687 3567 1850 3621 etiam
1899 3569 2095 3637 docet,

510 3660 743 3699 numero
772 3656 883 3702 tres
918 3648 1091 3717 fuere,
1139 3651 1392 3707 videlicet
1425 3653 1724 3724 Folquinus
1752 3656 2097 3717 Bertinianns

512 3738 847 3803 monachus,
879 3740 972 3810 qui
1022 3751 1207 3796 vetera
1249 3747 1562 3817 monasterii
1616 3749 1697 3803 sui
1740 3750 2095 3809 instrumenta

511 3830 713 3884 saeculo
763 3831 976 3888 decimo
1028 3835 1083 3889 in
1135 3852 1300 3891 unum
1349 3840 1601 3896 volumen
1655 3844 1856 3910 retulit,
1908 3846 2095 3904 Simon

511 3921 819 3993 Sythiensis
849 3939 943 3979 seu
975 3925 1321 3983 Bertinianus
1346 3931 1513 3986 abbas
1547 3936 1989 4007 quadragesimus
2016 3955 2100 3995 se-

511 4013 724 4069 cundus
752 4030 893 4070 anno
922 4017 1060 4073 1MB
1102 4019 1389 4077 defunctus
1415 4063 1431 4088 ,
1481 4025 1572 4094 qui
1603 4027 1882 4083 Chronica:
1928 4029 2099 4087 Berti-

510 4102 690 4158 niana!
717 4119 811 4159 seu
854 4106 1144 4164 Sithiensis
1189 4109 1448 4168 Ecclesia:
1474 4131 1503 4168 a
1536 4127 1774 4188 tempore
1822 4120 2094 4192 Roderici,

510 4192 567 4249 id
614 4206 719 4262 est,
748 4196 819 4251 ab
851 4196 1068 4254 ineunte
1106 4201 1307 4257 saaculo
1344 4219 1434 4272 xi,
1481 4220 1588 4275 quo
1632 4214 1963 4269 monasterio
2013 4215 2100 4271 Si-

508 4286 711 4343 thiensi
763 4289 1061 4347 Bodericus
1097 4292 1266 4350 abbas
1329 4306 1577 4367 praerat,
1608 4300 1695 4369 {ad
1732 4318 1884 4357 suam
1928 4321 2097 4377 usque

509 4388 726 4435 {etatem
765 4379 1076 4454 descripsit,
1111 4398 1178 4440 ac
1227 4386 1445 4442 tandem
1480 4404 1805 4462 anonymus,
1833 4395 1922 4466 qui
1956 4413 2097 4452 anno

2197 3283 2354 3355 lpcrii
2392 3299 2513 3339 cum
2548 3283 2724 3338 tribus
2773 3282 2878 3337 illis
2928 3285 3313 3354 scriptoribus,
3348 3300 3377 3339 a
3426 3285 3612 3355 quibus
3650 3294 3747 3337 eum

2201 3386 2310 3429 tam
2335 3374 2503 3428 multa
2533 3382 2834 3427 mutuatum
2863 3373 3013 3427 dicit.
3038 3373 3197 3428 Certe
3225 3375 3268 3429 si
3301 3373 3581 3443 diligenter
3606 3371 3741 3424 verba

2200 3466 2357 3535 lpcrii
2389 3465 2713 3521 contulisset
2734 3481 2857 3519 cum
2883 3465 3061 3519 verbis
3090 3462 3740 3537 anonymicontinuatoriS.

2197 3557 2289 3628 qni
2310 3557 2727 3627 esteompilator
2743 3555 2877 3611 Vitae
2899 3556 2955 3610 S.
2970 3555 3201 3621 Bertiui,
3235 3572 3262 3610 a
3283 3556 3587 3612 Mabillonio
3601 3554 3746 3613 editae.

2198 3649 2424 3705 vidisset
2450 3659 2620 3703 totum
2658 3648 2945 3703 verborum
2987 3664 3204 3702 sensum
3237 3659 3502 3703 mutatum
3525 3645 3748 3714 ablpcrio

2206 3743 2258 3796 in
2295 3740 2459 3803 facto,
2508 3740 2650 3809 quod
2682 3738 2951 3794 referetur
2976 3740 3029 3792 in
3063 3740 3373 3810 Appendice
3403 3737 3746 3794 miraculorum

2201 3845 2327 3884 unm
2370 3828 2469 3895 25,
2503 3840 2561 3881 ut
2586 3829 2784 3883 ibidem
2816 3828 3138 3883 observabo.

2269 3945 2393 4000 555.
2427 3964 2445 3996 ι
2479 3943 2751 3999 Praeterea
2791 3945 2836 3999 si
2867 3944 3002 3999 istos
3053 3953 3305 3999 auctores
3356 3953 3469 4000 tres
3502 3941 3749 4012 diligenter

2202 4039 2523 4095 contulisset
2560 4045 2613 4092 et
2651 4038 3054 4102 examinasset,
3106 4039 3331 4094 vidisset
3358 4038 3666 4110 paucissima
3695 4035 3746 4086 ab

2202 4133 2267 4186 iis
2306 4131 2516 4185 narrari
2568 4139 2826 4201 tanquam
2876 4130 3021 4193 visa,
3069 4132 3163 4186 sed
3216 4131 3477 4203 pleraque
3526 4141 3582 4184 ut
3623 4128 3747 4196 longe

2201 4222 2479 4292 prmterita
2507 4237 2520 4273 :
2552 4235 2725 4290 eaque
2753 4221 2819 4275 de
2838 4236 3002 4275 causa
3027 4235 3131 4274 non
3160 4222 3415 4277 dixisset:
3439 4241 3458 4273 ‹
3481 4218 3745 4277 Chronicon

2204 4328 2223 4365 ι
2260 4313 2400 4368 istud
2438 4312 2807 4367 Bertinianum
2854 4321 3003 4366 tanto
3040 4311 3297 4380 majorem
3341 4313 3485 4383 apud
3540 4310 3745 4365 eruditos

2205 4425 2223 4458 ι
2259 4409 2556 4478 promereri
2586 4407 2768 4474 tidem,
2801 4422 2907 4476 quo
2938 4408 3273 4476 antiquiores
3316 4407 3481 4462 habet
3508 4413 3743 4462 auctores,

511 4462 653 4529 1229
697 4476 994 4544 scribebat,
1047 4478 1392 4552 Simonisque
1432 4498 1569 4555 opus
1606 4488 1673 4543 ad
1723 4462 1879 4544 suum
1926 4507 2093 4561 usque

2206 4519 2223 4553 ι
2255 4462 2346 4570 qui
2376 4501 2459 4555 sui
2490 4503 2745 4571 temporis
2774 4516 2863 4556 res
2910 4512 3092 4567 gestas
3130 4500 3287 4572 prout
3333 4502 3578 4557 viderant
3610 4506 3691 4551 aut
3720 4508 3744 4546 a

511 4573 727 4635 tempus
759 4578 1077 4636 prosecutus
1128 4582 1232 4627 est.
1262 4573 1383 4630 Jam
1433 4591 1565 4633 vero
1607 4594 1727 4635 cum
1774 4598 1913 4638 unus
1959 4586 2092 4638 dun—

511 4664 683 4721 taxat,
736 4657 986 4714 nimirum
1020 4660 1206 4718 Simon
1256 4668 1455 4733 abbas,
1498 4684 1530 4725 e
1560 4671 1731 4728 tribus
1780 4673 1929 4729 hisce
1960 4676 2095 4730 scri-

510 4743 783 4812 ptoribus,
810 4748 902 4816 qui
929 4748 1101 4818 lperio
1131 4751 1185 4805 in
1217 4759 1558 4813 contexendo
1585 4760 1897 4819 Bertiniano
1925 4763 2096 4820 Chro-

512 4835 637 4890 nico
662 4836 981 4904 produxere,
1004 4838 1261 4898 luctuosa:
1290 4847 1543 4904 doctoris
1565 4852 1800 4909 damnati
1831 4856 2089 4920 historiae,

512 4925 592 4978 uti
625 4942 693 4979 ex
729 4942 851 4982 mox
885 4928 1046 4985 dictis
1072 4931 1259 5001 liquet,
1306 4934 1468 4990 fuerit
1506 4943 1875 5012 synchronus,
1927 4945 2094 5002 fuisse

513 5016 659 5072 hanc
681 5026 747 5071 ex
782 5018 872 5074 illo
895 5036 960 5076 ac
987 5023 1142 5091 proin
1171 5039 1237 5080 ex
1258 5038 1478 5085 auctore
1505 5040 1973 5103 Contemporaneo,
2002 5038 2095 5105 qui

513 5110 761 5165 eamdem
786 5111 980 5166 saltem
1009 5128 1041 5168 e
1070 5116 1301 5172 testibus
1328 5119 1559 5175 oculatis
1587 5124 1846 5179 audiisset
1888 5128 1955 5181 ab
1981 5126 2095 5196 lpe«

513 5199 599 5254 rio
629 5200 683 5255 in
712 5199 1015 5258 Chronicon
1047 5203 1315 5263 Sithiense
1340 5209 1539 5265 illatam
1563 5229 1937 5285 summamque
1960 5219 2096 5275 adeo

516 5290 679 5346 fidem
732 5294 1031 5363 promereri
1072 5295 1196 5351 inde
1222 5300 1552 5357 conclusere.
1602 5303 1666 5358 Et
1696 5320 1843 5371 vero,
1897 5307 1941 5361 si
1988 5308 2096 5365 lato

512 5397 549 5436 ει
600 5383 876 5440 Marteneo
926 5387 993 5442 de
1047 5386 1301 5444 Sithiensi
1353 5392 1662 5461 Chronico,
1723 5414 1820 5469 per
1862 5399 2093 5471 [perium

516 5477 852 5547 conscripto,
879 5478 1084 5550 judicio
1109 5483 1363 5539 standum
1402 5487 1493 5551 sit,
1517 5488 1621 5543 erit
1649 5505 1800 5556 sane,
1830 5508 1927 5548 cur
1951 5495 2093 5563 quis,

516 5564 759 5620 damnati
805 5567 1087 5625 historiam
1116 5587 1146 5627 e
1187 5573 1425 5630 Simonis
1470 5578 1682 5634 abbatis
1727 5596 1889 5651 opere
1920 5586 2097 5654 reipsa

516 5670 642 5711 esse
661 5658 728 5713 ab
749 5659 922 5730 iperio
944 5664 1338 5737 depromptum,
1353 5684 1458 5725 non
1483 5672 1749 5729 immerito
1771 5678 2093 5747 suspicetur.

519 5749 719 5806 Verum
742 5754 964 5811 multum
994 5760 1166 5828 abest,
1191 5770 1250 5816 ut
1290 5760 1546 5821 Marteuei
1585 5767 1647 5823 de
1679 5767 1895 5826 laudato
1918 5770 2093 5828 Chro-

2206 4610 2224 4643 ι
2262 4593 2488 4647 testibus
2525 4594 2755 4647 oculatis
2785 4592 3092 4658 audierant,
3124 4594 3339 4663 Scriptis
3371 4596 3694 4648 mandarunt.
3726 4605 3740 4638 ι

2205 4700 2224 4734 ι
2262 4681 2663 4738 luconsiderate
2683 4692 2737 4737 et
2781 4683 2899 4737 sine
2923 4682 3205 4737 sullicieuti
3230 4685 3478 4738 examine
3502 4685 3607 4737 hzec
3630 4680 3745 4733 dicta

2202 4783 2328 4828 sunt
2355 4791 2367 4827 :
2398 4790 2521 4828 nam
2557 4790 2724 4844 pauca
2755 4790 2822 4829 ex
2851 4774 3227 4844 scriptoribus,
3269 4775 3361 4845 qui
3384 4776 3637 4839 viderant,
3668 4776 3745 4822 aut

2204 4856 2344 4918 facta
2392 4880 2491 4918 suo
2522 4873 2761 4935 tempore
2791 4867 3150 4935 scripserant,
3184 4866 3364 4921 hausit
3406 4865 3632 4936 lperius,
3654 4857 3743 4915 sal-

2203 4962 2309 5011 tem
2353 4955 2405 5009 in
2452 4956 2640 5026 primis
2671 4954 2884 5010 saeculis
2909 4955 3163 5010 Chroniei
3214 4957 3295 5010 sui
3331 4956 3485 5026 longe
3523 4954 3659 5025 plura
3690 4962 3742 5001 ex

2202 5045 2268 5101 iis
2314 5046 2690 5116 scriptoribus,
2730 5045 2817 5114 qni
2876 5047 3073 5115 gestis,
3105 5061 3225 5114 qua:
3255 5044 3578 5108 referebant,
3612 5042 3742 5107 longe

2202 5148 2359 5191 erant
2398 5139 2742 5206 posteriores.
2776 5137 2915 5203 Quin
2967 5147 3021 5193 et
3071 5136 3223 5208 plura
3255 5152 3321 5191 ex
3349 5139 3467 5193 aliis
3504 5131 3743 5203 scriptori-

2202 5227 2304 5281 bus
2358 5229 2519 5283 habet
2568 5229 2796 5299 lperius,
2837 5244 3001 5299 quam
3048 5246 3116 5284 ex
3165 5231 3337 5284 tribus
3377 5230 3498 5293 illis,
3545 5236 3740 5297 quorum

2206 5327 2412 5371 tantum
2466 5334 2571 5373 non
2620 5321 3051 5373 continuatorem
3106 5320 3234 5373 facit
3297 5319 3596 5373 Martcuius.
3640 5311 3742 5366 Ηςεϐ

2200 5410 2266 5462 de
2307 5408 2476 5478 Iperio
2531 5409 2867 5463 observanda
2923 5411 3131 5472 censui,
3183 5426 3250 5465 ne
3301 5412 3421 5482 quis
3474 5402 3741 5463 immodicis

2200 5499 2456 5555 Martenei
2480 5501 2726 5556 laudibus
2752 5503 3024 5570 deceptus,
3052 5518 3137 5555 me
3162 5504 3342 5556 statim
3378 5497 3737 5571 reprehenden-

2200 5592 2325 5645 dum
2386 5592 2695 5656 existimet,
2746 5592 2837 5647 ubi
2872 5594 3067 5648 viderit
3105 5593 3412 5648 auctoritati
3444 5593 3591 5645 istius
3629 5584 3739 5641 scri-

2198 5685 2368 5753 ptoris
2393 5701 2497 5739 non
2524 5686 2976 5755 acquiescentem.
2995 5685 3169 5741 Nolim
3208 5698 3383 5743 tamen
3414 5685 3582 5741 debita
3608 5677 3739 5735 laude

2200 5773 2451 5830 fraudare
2496 5775 2748 5847 lpcrium,
2781 5777 2935 5850 cujus
2983 5774 3289 5837 Chronicon
3329 5776 3456 5833 utile
3477 5784 3529 5832 et
3552 5768 3738 5827 minimc
