3814 6306
94 433 163 483 201

1592 435 1793 494 ACTA.

3188 471 3292 531 203

89 566 477 627 contemnendum
522 564 708 635 judico
736 608 752 633 ,
801 564 893 623 sed
924 583 1039 643 non,
1069 582 1212 625 caece
1241 574 1603 640 sequendum.
1638 560 1680 615 Α
1708 553 1931 661 few"
2063 576 2147 649 "ie
2197 568 2531 661 ρηειενίιυηι
2559 574 2680 643 linis
2709 588 2989 649 queratur.
3024 600 3085 639 0x
3128 605 3289 661 opere

91 660 202 714 Uade
235 656 312 710 ille
356 670 449 710 sua
488 657 768 722 hauserit,
802 666 1117 728 quantaque
1166 658 1272 715 ﬁde
1300 664 1602 733 scripserit,

90 750 243 804 indicit
275 748 379 815 ipse
408 747 460 799 in
506 746 733 818 prologo
766 751 1004 805 secundo
1029 752 1114 806 his
1144 753 1324 809 verbis
1351 773 1363 807 :
1403 774 1421 807 ι
1452 755 1601 812 Prae-

91 856 221 896 tsens
241 838 555 907 Opusculum
588 854 653 893 ex
685 841 868 896 multis
890 842 1255 901 voluminibus
1278 848 1603 920 scriptisque

90 931 401 987 tauthenticis
438 918 599 1001 grato
637 932 824 988 labore
866 935 1201 1005 collegimus,
1244 943 1506 999 sumendo
1536 946 1603 1002 de

90 1022 339 1093 tquolibet,
360 1014 516 1092 quod
548 1025 616 1078 ad
655 1028 986 1095 propositum
1016 1038 1264 1099 spectare
1291 1033 1463 1089 visum
1493 1044 1597 1104 est,

87 1114 224 1167 «nihil
242 1114 537 1181 inserendo,
577 1118 720 1184 quod
767 1134 872 1172 non
902 1121 1234 1177 authenticis
1257 1125 1474 1196 scriptis
1507 1143 1600 1198 ap-

88 1206 350 1277 tprobatur.
386 1224 407 1259 ι
437 1204 649 1263 Deinde
684 1210 941 1279 explicat,
982 1212 1110 1281 quid
1138 1229 1236 1282 per
1271 1218 1470 1287 scripta
1503 1234 1601 1274 au-

85 1296 259 1350 theulica
285 1297 551 1368 designet,
580 1298 777 1354 multas
805 1302 1056 1357 videlicet
1085 1305 1235 1361 Vitas
1258 1319 1594 1380 sanctorum,

85 1388 283 1443 Chronica
322 1389 447 1444 item
493 1404 604 1444 non
641 1405 813 1461 pauca
841 1434 857 1461 ,
904 1395 1255 1471 antiquitates
1279 1439 1296 1466 ,
1334 1399 1593 1471 Annales,

83 1478 280 1534 Historias
302 1489 353 1535 et
379 1483 605 1536 archiva
658 1492 767 1538 tam
799 1485 1041 1542 ecclesiae
1086 1488 1399 1561 Sithiensis,
1432 1511 1595 1564 quam

84 1572 247 1627 aliorum
284 1574 736 1629 monasteriorum
768 1575 936 1648 Belgii
980 1589 1036 1634 et
1080 1581 1327 1640 Francia:
1355 1626 1370 1652 ,
1425 1587 1595 1644 libros

84 1663 171 1714 alios
193 1664 473 1731 historicos,
529 1682 600 1721 ac
631 1666 847 1723 demum
900 1671 1123 1728 chartas
1161 1677 1588 1748 privilegiorum.

129 1754 220 1809 356.
247 1774 263 1807 ι
296 1756 368 1811 Ex
396 1757 550 1813 hisce
585 1760 837 1816 omnibus
869 1767 1233 1822 monumentis
1263 1783 1322 1823 se
1355 1770 1587 1826 Chroni-

82 1858 147 1897 con
168 1859 295 1899 suum
316 1847 677 1904 concinnasse
707 1851 903 1906 asserit
930 1869 943 1907 :
974 1873 991 1905 ι
1028 1854 1107 1909 Ex
1156 1858 1242 1911 die
1273 1867 1328 1912 et
1357 1862 1583 1917 consule

87 1946 308 2006 «tempora
332 1942 671 2009 temporibus
690 1951 746 1996 et
772 1958 837 1997 ex
872 1946 1053 2001 causis
1098 1947 1152 2001 in
1204 1963 1270 2004 eo
1309 1954 1586 2010 contentis

85 2028 275 2095 «negotia
296 2030 524 2099 negotiis
561 2033 962 2088 concordando.
999 2054 1019 2089 ι
1048 2035 1161 2091 Non
1197 2039 1416 2105 dubito,
1449 2043 1582 2111 quin

83 2117 175 2173 idet
192 2120 450 2192 diligenter
481 2133 539 2177 et
572 2124 715 2178 bona
752 2126 853 2180 [ide
898 2130 1216 2197 praestiterit
1256 2133 1340 2187 vir
1372 2134 1492 2202 pius
1531 2144 1587 2192 et

84 2210 235 2276 doctus;
284 2225 333 2269 at
368 2215 487 2269 sine
547 2217 828 2272 erroribus
863 2217 1067 2275 factum
1110 2238 1218 2278 non
1265 2238 1421 2291 esse,
1463 2225 1584 2283 luce

81 2297 214 2357 clarius
233 2310 321 2357 est.
347 2303 408 2358 Et
433 2318 577 2360 sane
608 2306 713 2360 tale
737 2322 874 2377 OptlS
924 2309 1016 2365 illo
1046 2312 1265 2378 Stcculo,
1293 2330 1400 2385 quo
1440 2316 1579 2371 vixit

83 2388 235 2457 lpetius,
260 2396 363 2450 sine
388 2397 564 2452 variis
608 2400 886 2455 erroribus
912 2403 1261 2459 conscribere
1278 2446 1292 2470 ,
1330 2407 1580 2463 humanae

80 2492 147 2532 non
168 2493 258 2537 erat
290 2486 599 2552 industriae,
641 2498 751 2544 tum
779 2492 924 2561 quod
966 2505 1322 2551 monumenta
1367 2498 1533 2553 multa
1559 2540 1574 2566 ,

80 2574 211 2636 quibus
255 2578 497 2632 utendum
556 2588 693 2645 erat,
723 2596 830 2636 non
878 2584 1026 2639 omni
1077 2596 1329 2641 carerent
1357 2603 1572 2655 errore,

81 2667 151 2713 tum
170 2665 283 2732 quod
311 2669 447 2721 varia
476 2683 586 2738 per
608 2669 953 2738 conjecturas
996 2686 1159 2729 erant
1205 2676 1572 2733 concilianda.

81 2746 159 2805 Hac
178 2765 325 2811 autem
354 2760 671 2816 conciliatio
703 2772 853 2820 tanto
900 2774 1020 2821 erat
1050 2767 1336 2835 difﬁcilior,
1368 2781 1573 2841 quanto

79 2840 195 2896 minus
210 2846 264 2898 ad
292 2846 683 2917 perfectionem
712 2852 1029 2909 hodiernam
1060 2858 1350 2912 accedebat
1386 2861 1568 2917 scicn-

82 2931 125 2985 tia
156 2937 488 3011 chronologica
548 2951 604 2997 et
641 2944 850 2999 critica.
892 2965 910 2999 ι
976 2946 1250 3005 Hactenus
1284 2949 1571 3025 Stilzingus

78 3032 211 3091 noster,
257 3030 359 3098 qui,
406 3046 537 3102 qua
564 3032 654 3088 hic
699 3034 767 3090 de
814 3036 971 3106 lperii
1003 3039 1276 3096 Chronico
1305 3042 1566 3113 alIirmat,

79 3114 150 3172 loco
189 3121 353 3180 deinde
399 3142 507 3182 non
568 3143 678 3183 uno
733 3128 787 3183 in
826 3130 1235 3193 Commentario
1283 3141 1353 3195 ad
1395 3141 1565 3199 vitam

1708 645 1818 711 illo,
1864 644 2039 719 quod“~
2061 644 2305 712 omnium
2352 662 2554 730 passim
2615 669 2867 727 manibus
2909 690 3014 730 non
3061 682 3319 751 teritur,

1706 744 1877 793 totum
1905 741 2008 796 huc
2037 754 2310 815 spectans,
2338 759 2456 807 utut
2478 756 2748 824 prolixum
2771 777 2835 817 ac
2857 780 3047 834 parum
3064 787 3282 847 urgens,

1706 827 1871 847 “Aw
1925 831 1937 842 .
2037 837 2071 847 ,.
2147 837 2157 847 .
2205 838 2217 847 .

1705 827 1938 886 Massoni
1973 837 2313 894 ratiocinium
2366 849 2690 904 transcribo.
2743 853 2904 912 Hisce
2956 827 3194 922 “Imhus
3223 827 3281 923 ei

1702 929 1817 989 seq.
1847 918 2042 976 ibidem
2073 926 2263 993 positis
2313 934 2495 989 verbis
2539 941 2844 1011 concipitur
2876 963 2889 997 :
2936 968 2953 1000 ‹
2990 918 3275 1012 [Pelluntur

1704 1009 1796 1078 qui
1846 1020 2040 1081 putant
2091 1020 2195 1085 per
2219 1021 2601 1082 abstinentiam
2640 1046 2669 1085 a
2697 1009 2980 1107 carnibus,
3009 1045 3173 1100 etiam
3226 1049 3277 1103 in

1699 1101 1924 1169 morbis,
1970 1115 2026 1161 et
2050 1107 2185 1165 alias
2211 1116 2559 1175 austeritates
2590 1123 2755 1180 vitam
2801 1128 3277 1193 Carthusiensium

1700 1191 2012 1251 abbreviari
2028 1215 2049 1263 ;
2083 1214 2208 1256 nam
2239 1207 2610 1273 experimento
2639 1215 2902 1288 videmus,
2927 1222 3112 1292 plures
3138 1232 3279 1299 apud

1698 1298 1799 1341 nos
1833 1301 2004 1357 usque
2042 1292 2109 1346 ad
2163 1293 2497 1366 decrepitam
2552 1317 2886 1366 senectutem
2947 1316 3131 1373 vivere
3156 1292 3187 1386 ,’
3222 1330 3279 1376 et

1697 1382 2128 1448 octogenarium.
2172 1386 2291 1442 imo
2335 1390 2626 1461 aliquando
2671 1396 2786 1455 fere
2839 1412 3274 1477 nonagenarium

1696 1480 1895 1522 annum
1930 1470 2215 1539 attingere.
2250 1476 2505 1535 Videmus
2542 1500 2669 1555 ergo
2704 1504 2808 1543 non
2831 1508 2955 1549 raro
2970 1501 3266 1557 monachos

1696 1561 1975 1631 sexaginta
2006 1574 2061 1619 et
2087 1567 2319 1637 amplius
2362 1586 2532 1629 annos
2556 1579 2758 1636 vixisse
2785 1582 2838 1637 in
2861 1587 3071 1654 ordine,
3111 1595 3275 1649 etiam

1696 1650 1799 1707 hoc
1823 1654 2040 1719 saeculo,
2081 1660 2297 1726 quando
2328 1660 2715 1733 longitudinem
2763 1676 2888 1731 vitae
2914 1679 3162 1739 humanae
3186 1688 3270 1741 di-

1694 1742 1958 1799 minutam
1984 1762 2104 1803 esse
2125 1764 2316 1806 omnes
2348 1751 2605 1823 fatentur,
2632 1761 2675 1814 si
2700 1773 3273 1835 compnecedentihns

1694 1835 1909 1891 saeculis
1963 1850 2334 1909 comparetur.
2374 1844 2479 1901 Pro
2513 1852 2761 1922 exemplo
2811 1858 2967 1914 nobis
2997 1864 3069 1917 sit
3112 1865 3274 1933 hujus

1692 1923 1947 1983 ﬁrmioris
1993 1931 2244 1987 sanitatis
2290 1944 2789 1998 sanctaémemorize
2821 1954 3149 2010 reverendus
3170 1956 3277 2012 Pa«

1692 2022 1774 2069 ter
1821 2016 2051 2074 domnus
2098 2020 2333 2078 Joannes
2397 2024 2575 2095 Pegon
2636 2033 3007 2100 prredecessor
3054 2053 3266 2110 noster,

1691 2104 1782 2171 qui
1824 2106 1964 2161 ultra
2037 2111 2321 2180 sexaginta
2379 2130 2476 2170 sex
2536 2132 2707 2176 annos
2752 2125 2890 2179 vixit
2942 2128 2996 2183 in
3039 2134 3267 2201 ordine,

1684 2194 1755 2248 85
1783 2209 1955 2251 annos
1986 2200 2161 2255 aetatis
2188 2204 2396 2285 habens
2424 2208 2591 2275 obiit,
2640 2220 2696 2266 et
2745 2223 2895 2272 tanto
2916 2221 3082 2277 animi
3116 2227 3287 2299 vige-‘

1688 2297 1747 2338 re
1782 2285 2045 2356 pollebat,
2067 2301 2125 2344 ut
2147 2293 2324 2362 pridie
2359 2311 2521 2366 quam
2547 2314 2875 2370 moreretur,
2906 2311 3088 2369 adhuc
3117 2285 3268 2371 cavla—

1683 2391 1773 2433 mo
1803 2388 2047 2436 uteretur
2077 2384 2143 2438 ad
2176 2387 2562 2457 dispositiones
2619 2394 2897 2458 faciendas
2934 2404 2987 2459 in
3039 2406 3264 2466 Ordine.

1682 2466 1805 2525 Sint
1833 2472 1993 2528 etiam
2025 2491 2124 2546 pro
2150 2480 2399 2551 exemplo
2423 2483 2542 2541 dum
2573 2491 2855 2560 moniales,
2905 2512 3025 2566 quae
3061 2503 3264 2556 nostris

1679 2564 1870 2621 diebus
1895 2567 2039 2625 diem
2074 2571 2389 2631 clauserunt
2412 2588 2715 2636 extremum
2745 2603 2757 2637 :
2783 2600 3012 2655 quarum
3051 2607 3157 2648 una
3194 2595 3267 2651 ’ῑσ

1678 2667 1848 2712 annos
1900 2659 2112 2715 vixerat
2153 2662 2205 2717 in
2234 2663 2465 2731 Ordine,
2520 2670 2688 2725 altera
2714 2673 2800 2728 72.
2826 2675 3015 2735 Plures
3056 2682 3264 2741 similes

1676 2742 1732 2799 in
1783 2759 2035 2821 promptu
2087 2764 2232 2810 esset
2278 2756 2367 2811 hic
2421 2759 2650 2829 referre,
2698 2766 2788 2835 qui
2822 2777 3009 2826 nostro
3052 2775 3254 2831 szeculo

1674 2836 1946 2896 obierunt.

1746 2928 1872 2985 558.
1906 2950 1926 2983 ι
1953 2933 2026 2988 At
2050 2936 2095 2990 si
2120 2938 2187 2991 ad
2214 2943 2485 3007 prreterita
2536 2948 2732 3004 szerula
2770 2959 3253 3028 retrogrediamur,

1675 3022 2011 3089 reperiemus
2063 3043 2366 3097 personas,
2418 3051 2540 3104 qua:
2593 3038 2662 3093 80
2692 3051 2741 3096 ct
2782 3022 3015 3115 amplius
3074 3066 3250 3107 annos

1672 3110 1946 3180 vixerunt,
1980 3115 2090 3171 imo
2118 3133 2279 3173 unam
2309 3136 2421 3191 pra:
2442 3130 2679 3194 caneris,
2703 3146 2824 3201 qua:
2857 3135 3000 3191 ultra
3027 3148 3249 3197 centum

76 3206 275 3269 5.8ertini
297 3221 488 3287 pravio
502 3222 1016 3293 validissimejurta
1046 3244 1110 3283 ac
1135 3227 1565 3292 iuculentissime
1595 3252 1640 3315 (ς
1870 3217 2097 3315 famulam
2123 3208 2348 3315 orfhne'
2379 3214 2642 3315 ρίῖθυπθί
2664 3223 2822 3280 "oms
2850 3227 2916 3282 Β·
2956 3228 3015 3284 P'
3052 3230 3248 3290 Jame-

75 3302 213 3371 pmbat,
255 3312 320 3364 uti
362 3311 587 3381 cuique,
641 3313 785 3370 hunc
838 3315 1147 3385 evolventi,
1202 3323 1555 3382 manifestum

74 3396 211 3453 evadet.
249 3399 354 3457 iam
401 3420 562 3473 vero,
622 3408 1006 3480 cumlperius,
1039 3412 1230 3470 utalia
1280 3418 1561 3487 omittam,

74 3491 287 3549 nonsolum
313 3511 343 3551 e
379 3498 563 3553 tribus
608 3499 990 3570 scriptoribus,
1031 3517 1063 3557 a
1113 3502 1392 3564 Marteneo
1450 3525 1563 3566 me-

75 3582 244 3648 moratis,
287 3586 548 3658 Folquiuo
603 3589 861 3645 nimirum
925 3589 1189 3647 Sithiensi
1255 3598 1558 3665 monacho,

74 3665 226 3730 Simone
252 3679 461 3747 abbate,
495 3690 553 3737 et
604 3682 990 3740 eontinuatore
1022 3687 1328 3757 anonymo,
1367 3703 1558 3745 verum

72 3759 230 3820 etiame
276 3769 449 3828 multis
472 3771 619 3838 aliis,
679 3786 710 3827 a
763 3771 1020 3846 Stiltingo
1072 3791 1198 3832 mox
1232 3778 1556 3850 assignatis,

72 3864 243 3913 narratas
267 3859 314 3916 in
335 3861 610 3922 Chronico
640 3879 738 3921 suo
762 3881 850 3923 res
878 3868 1148 3935 hauserit,
1175 3886 1281 3926 non
1309 3880 1412 3940 est,
1456 3888 1557 3930 cur

68 3947 374 4022 Prodigiosam,
422 3972 596 4027 quam
655 3968 879 4025 narrat,
926 3960 1171 4017 doctoris
1228 3962 1556 4023 Parisiensis

68 4043 271 4098 Mastasim
295 4061 325 4101 e
353 4047 617 4116 Simonis,
648 4050 942 4107 Sithiensis
990 4052 1223 4117 abbatis,
1281 4056 1556 4116 chronicis

65 4124 344 4205 delifmnptam
389 4142 799 4209 existimemus,
860 4144 1093 4231 ruitque
1121 4146 1386 4215 proinde,
1430 4166 1555 4220 qua:

65 4216 224 4288 alioquin
247 4224 456 4286 famosae
484 4233 555 4286 de
578 4248 639 4287 ea
670 4234 971 4288 narrationi
1003 4226 1319 4303 accederet,
1338 4253 1551 4296 summa

64 4304 161 4364 flales.
184 4313 276 4372 imo
296 4335 439 4385 vero,
474 4339 601 4378 cum
637 4340 727 4380 res
751 4325 827 4379 ita
866 4323 1087 4394 habeat,
1131 4341 1200 4382 ne
1226 4328 1451 4398 quidem
1482 4347 1551 4387 ex

66 4391 164 4461 lPerii
180 4404 423 4468 Chronico
449 4414 761 4471 Parisiense
793 4417 1099 4490 prodigium
1124 4422 1438 4479 verosimile
1463 4434 1551 4479 ut-

63 4502 217 4563 cumque
240 4502 479 4572 eliicitur,
534 4509 610 4562 uti
658 4524 721 4564 ex
751 4508 867 4578 jam
898 4526 1063 4582 supra
1107 4513 1267 4572 dictis
1310 4532 1543 4587 pronum

65 4592 111 4634 Gl
126 4599 296 4649 eruere.

62 4689 267 4792 Hii-PM
306 4710 623 4792 prodigium,
648 4729 751 4792 quo
780 4721 992 4792 doctor,
1039 4734 1151 4772 sese
1186 4719 1496 4779 damnatum
1524 4768 1540 4792 ,

100 4774 246 4851 publica
272 4774 617 4851 adstan'tibus
640 4774 991 4851 denuntiarit,
1012 4799 1212 4842 certum
1235 4804 1327 4845 aut
1351 4774 1541 4851 salleni

101 4846 344 4926 terosnnile,
373 4863 544 4906 stante
567 4856 849 4928 universali
890 4846 1207 4928 scriptorum
1230 4873 1351 4917 ante
1371 4866 1541 4921 dicto-

104 4923 183 4962 rum
203 4918 410 4986 silentio,
448 4924 662 4978 reddere
679 4926 836 4980 etiam
864 4943 967 4981 non
996 4918 1161 4999 possit
1190 4934 1427 4989 traditio.

101 5018 375 5090 Innocentius
419 5035 471 5091 le
523 5036 758 5104 Masson,
817 5054 884 5095 ex
956 5045 1276 5103 recensione
1323 5047 1535 5106 Morotii

68 5110 157 5172 Prior
180 5117 369 5189 Maioris
399 5125 700 5185 Carthusiae
726 5130 819 5197 69,
844 5130 897 5185 in
915 5147 1100 5203 opere,
1118 5151 1145 5190 a
1172 5151 1231 5193 se
1256 5150 1535 5209 contecto,

67 5205 151 5263 quod
200 5209 411 5272 Annales
460 5216 681 5275 Ordinis
736 5219 1147 5281 Carthusiensis
1219 5205 1533 5302 inscripsit

66 5300 231 5367 εῠηοῳιε
273 5306 398 5364 1687
442 5312 581 5382 typis
629 5310 978 5370 Correrianis
1031 5316 1301 5390 vulgavit,
1343 5300 1436 5378 lib.
1469 5340 1488 5379 ι
1517 5365 1532 5390 ,

68 5390 173 5475 ‘3er
213 5392 269 5450 de
305 5401 624 5473 prodigiosa,
688 5419 798 5475 qua
850 5404 909 5460 S.
950 5405 1132 5464 Bruno
1180 5409 1232 5464 in
1289 5426 1532 5470 eremum

69 5474 184 5532 pulsus
221 5481 382 5554 luerit,
408 5492 641 5551 doctoris
669 5474 909 5552 anastasi
948 5499 1118 5553 multa
1145 5500 1384 5569 disserit,
1420 5505 1534 5560 sui-

72 5572 131 5662 :iut
156 5571 302 5643 etiam,
332 5595 436 5651 quo
458 5582 600 5640 hanc
652 5600 781 5643 vere
809 5589 1109 5658 contigisse
1133 5592 1328 5662 probet
1382 5596 1529 5652 cele-

74 5646 215 5755 δξιτίωἰ
234 5646 416 5725 ordinis
442 5674 785 5731 traditionem
818 5646 1058 5734 adducit.
1203 5646 1354 5752 quid,
1386 5646 1531 5755 quod

74 5739 113 5790 λεὶ
129 5744 373 5841 horribilem
395 5762 531 5820 illam
555 5767 840 5823 historiam
863 5772 1200 5841 probandam
1213 5783 1307 5829 aut
1336 5777 1529 5835 saltem

79 5834 313 5901 lttrisitniiem
331 5853 643 5911 reddendam
670 5859 979 5917 conducere
1005 5871 1297 5930 utcumque
1327 5870 1523 5938 possit,

362 5946 620 6011 Ρηιιοι..
665 5950 845 6018 CLII.

1671 3294 1834 3364 linus,
1859 3299 1949 3370 qui
1981 3299 2051 3358 58
2081 3304 2240 3361 annis
2264 3307 2476 3378 praefuit
2511 3314 2607 3368 toti
2637 3315 2847 3376 Ordini.
2893 3320 3247 3395 Snpputatio-

1669 3401 1738 3442 ne
1762 3397 1945 3445 autem
1971 3390 2116 3450 facta
2143 3404 2199 3451 et
2220 3396 2452 3470 longiori
2482 3410 2641 3460 aetate
2669 3403 2890 3468 reducta
2910 3390 2986 3470 ad.
3010 3390 3080 3471 '70
3123 3428 3242 3475 tau-

1667 3483 1780 3532 tum
1810 3494 1983 3538 annos
2030 3483 2084 3539 in
2107 3486 2299 3543 ordine
2332 3501 2575 3560 exactos,
2602 3510 2763 3566 quam
2809 3512 3023 3561 aetatem
3062 3504 3246 3578 plures

1666 3573 1912 3645 attigisse
1954 3576 2008 3632 in
2035 3580 2262 3652 singulis
2303 3586 2541 3656 saeculis,
2572 3589 2679 3645 imo
2710 3592 2868 3666 longe
2919 3614 3206 3671 superasse
3226 3604 3245 3669 .“

1667 3675 1880 3720 certum
1902 3675 2008 3732 est,
2036 3670 2395 3741 reperiemus,
2417 3691 2601 3733 senem
2626 3679 2900 3754 illum,qui
2935 3670 3039 3746 hec
3068 3708 3241 3749 saacu-

1663 3756 1715 3812 lo
1747 3756 1813 3811 70
1844 3759 2002 3815 annis
2024 3759 2158 3816 vixit
2182 3761 2234 3817 in
2264 3763 2487 3832 Ordine,
2526 3772 2768 3840 potuisse
2797 3776 2983 3835 videre
3009 3790 3063 3837 et
3123 3784 3234 3841 dis-

1660 3863 1786 3905 cere
1814 3850 1884 3905 ab
1914 3850 2020 3907 alio
2046 3852 2290 3924 ejusdem
2331 3860 2510 3916 aatatis
2531 3876 2685 3931 sene,
2720 3882 2841 3936 quas
2872 3873 3121 3931 audierat
3170 3881 3239 3932 ah

1660 3938 1767 3995 alio
1793 3956 1944 4009 sene,
1967 3944 2058 4013 qui
2085 3953 2396 4014 postremus
2423 3964 2593 4009 senex
2646 3955 2811 4012 etiam
2849 3960 2917 4016 ab
2967 3964 3074 4019 alio
3105 3967 3244 4022 didi-

1657 4043 1807 4089 cerat
1851 4043 1905 4088 et
1925 4033 2171 4094 audierat
2210 4040 2523 4109 historiam,
2582 4045 2648 4102 de
2684 4063 2790 4118 qua
2846 4053 3044 4123 agitur,
3077 4066 3130 4113 et
3160 4061 3241 4115 sic

1661 4122 1881 4204 traditio
1930 4125 2146 4183 illorum
2192 4138 2428 4200 quatuor
2460 4146 2649 4189 senum
2678 4136 2793 4193 fere
2851 4122 2917 4196 ad
2965 4154 3238 4204 trecentos

1656 4200 1832 4272 annos
1857 4220 2201 4286 extenditur;
2251 4236 2414 4294 quam
2465 4226 2812 4285 traditionem
2842 4247 2869 4285 a
2896 4247 2955 4289 se
2998 4236 3227 4293 invicem

1618 4348 1629 4367 ,
1656 4304 1814 4362 facile
1838 4309 2088 4380 accipere
2121 4310 2383 4380 potuisse,
2422 4317 2769 4387 perspicuum
2825 4330 2928 4384 est,
2958 4339 3081 4380 cum
3113 4335 3233 4385 tres

1652 4411 1720 4452 ex
1748 4396 1858 4453 illis
1910 4413 1969 4455 se
1995 4399 2180 4457 videre
2212 4410 2267 4457 et
2314 4413 2503 4461 mutuo
2529 4407 2753 4479 alloqui,
2806 4413 2955 4468 nulla
2983 4417 3035 4471 vi
3081 4418 3229 4477 illata

1651 4496 1926 4547 communi
1952 4503 2159 4550 natura:
2182 4498 2387 4563 cursui,
2422 4503 2719 4570 potuerint,
2747 4521 2765 4569 ;
2796 4506 2931 4562 nihil
2958 4510 3102 4565 enim
3133 4515 3230 4569 ob-

1573 4596 1625 4657 D
1651 4598 1784 4658 stat,
1815 4592 1946 4661 quin
1977 4590 2150 4647 ultimi
2182 4595 2480 4664 primordia
2512 4617 2634 4656 cum
2666 4605 2825 4675 primi
2876 4612 3229 4670 extremitate

1643 4681 2064 4749 concurrerint,
2137 4691 2194 4740 et
2242 4690 2577 4757 monachus,
2640 4695 2960 4767 vigesimum
3023 4717 3224 4759 annum

1644 4786 1834 4843 agens,
1865 4774 2297 4843 nonagenarium
2320 4778 2518 4834 viderit
2557 4792 2613 4836 et
2640 4786 2894 4843 audierit.
2952 4788 3227 4848 "abemus

1643 4864 1711 4918 ad
1769 4878 1987 4919 manum
2041 4865 2227 4923 icones
2274 4868 2329 4922 in
2361 4871 2539 4941 capite
2590 4884 2834 4933 veterum
2889 4890 3223 4941 statotorum

1642 4954 1916 5025 praeﬁxas,
1963 4970 2084 5025 quae
2135 4969 2408 5015 acentum
2468 4971 2525 5018 et
2552 4968 2828 5035 octoginta
2884 4973 3041 5029 annis
3072 4976 3213 5046 typis

1640 5058 1855 5100 excusa:
1889 5054 2037 5112 sunt,
2064 5046 2121 5102 in
2153 5048 2349 5118 quibus
2364 5052 2584 5107 videtur
2606 5055 2832 5113 historia
2858 5060 2945 5116 illa
2974 5064 3206 5135 depicta,

1640 5137 1821 5193 addita
1873 5140 2190 5194 narratione
2233 5156 2397 5211 quam
2428 5159 2591 5213 supra
2639 5150 2942 5207 retulimus.
2989 5153 3045 5210 Si
3090 5172 3218 5226 ergo

1642 5230 2039 5286 constituamus
2067 5230 2225 5286 nobis
2270 5248 2369 5302 pro
2421 5236 2627 5304 epocha
2678 5247 2899 5313 tempus
2943 5244 3072 5301 illud
3108 5263 3214 5317 quo

1639 5322 1829 5379 icones
1852 5322 1956 5379 illae
1990 5325 2130 5395 typis
2159 5339 2375 5382 excusas
2415 5337 2564 5397 sunt,
2597 5340 2652 5386 et
2686 5336 2992 5403 praecedere
3037 5339 3203 5395 facia-

1637 5431 1759 5472 mus
1787 5425 2021 5486 quatuor
2062 5414 2181 5473 illos
2229 5417 2499 5488 seniores,
2554 5426 2909 5494 reperiemus,
2966 5431 3085 5488 illos
3121 5450 3212 5504 po-

1638 5507 1805 5562 tuisse
1835 5505 2048 5561 discere
2076 5507 2144 5562 ab
2172 5508 2278 5575 his,
2312 5510 2405 5581 qui
2465 5512 2776 5572 immediate
2799 5518 2990 5587 primis
3038 5520 3214 5579 Patri—

1635 5598 1738 5653 bus
1790 5595 2001 5653 ordinis
2048 5610 2470 5670 successerunt,
2528 5604 2818 5662 historiam
2874 5608 3062 5678 illam;
3103 5614 3212 5672 imo

1632 5688 1876 5761 potuisse
1905 5697 2034 5745 tunc
2081 5691 2310 5761 reperiri
2370 5694 2425 5749 in
2480 5710 2620 5768 pago
2668 5698 2972 5760 Carthusite
3030 5707 3210 5765 vicino

1633 5781 1870 5839 rusticos
1926 5782 2021 5855 qui
2062 5781 2121 5839 S.
2157 5784 2466 5842 Brunonem
2489 5798 2543 5844 et
2567 5791 2684 5863 ejus
2729 5795 2907 5853 socios
2930 5798 3201 5859 viderant.

1631 5871 1768 5929 Nam
1835 5876 2021 5931 rustici
2077 5876 2133 5930 in
2199 5876 2316 5933 istis
2384 5881 2627 5956 rupibus,
2690 5889 2780 5946 ubi
2833 5907 2964 5948 aura
3014 5898 3207 5968 purior

2851 5984 2889 6043 7
