3814 6306
528 364 635 419 $05

1341 356 1399 414 S.
1432 355 1782 414 BRUNONIS
1820 353 2461 415 CAllTllUSlANORUM
2510 355 2997 416 lNSTlTUTORlS
3653 375 3737 430 101

531 493 639 550 est,
696 487 753 534 et
802 480 961 537 valde
1014 476 1239 550 frugalis
1282 477 1496 532 vivendi
1524 477 1741 541 modus,
1771 473 1858 530 diu
1906 472 2113 551 vivunt.
2145 502 2191 551 Α
2217 470 2470 543 scilicet),
2500 468 2724 541 libror.,
2752 488 2870 545 cap.
2909 475 2960 541 1η,
2996 473 3225 531 dilucide
3255 474 3638 551 lnculenterque
3671 502 3739 543 os-

599 571 726 627 559.
757 588 777 622 ί
833 571 953 627 Vidi
994 572 1108 641 ipse
1131 578 1321 623 etnon
1345 566 1508 622 semel
1543 564 1872 634 interrogavi
1922 576 2108 618 senem

532 653 896 721 domesticum
926 662 1118 717 domus
1148 659 1482 720 Carthusite.
1523 666 1771 713 vocatum
1824 653 2110 710 Nicolaum

531 754 766 823 Planes,
819 772 851 809 e
900 768 1037 825 pago
1089 750 1339 808 Corbello
1390 749 1699 813 oriundum,
1750 747 1841 817 qui
1894 746 2112 803 viderat

532 846 601 902 R.
632 846 773 902 P.D.
806 844 1144 901 Bernardum
1169 843 1511 905 Carrassum,
1539 840 1650 894 vita
1686 838 1933 893 functum
1963 836 2111 892 circa

539 953 742 993 annum
803 937 940 993 1586
986 946 1042 991 et
1092 933 1353 990 narrabat
1383 933 1560 1003 plura,
1597 947 1719 1001 qua:
1766 930 2014 986 audierat.
2055 930 2111 985 in

527 1028 819 1097 iuventute
859 1043 957 1084 sua
1006 1028 1074 1083 ab
1140 1026 1284 1090 aliis,
1335 1025 1389 1079 in
1434 1023 1712 1092 decrepita
1770 1030 1931 1078 aetate
1980 1030 2112 1077 tunc

529 1119 863 1184 constitutis,
886 1120 977 1189 qui
1010 1121 1256 1174 viderant
1286 1117 1351 1171 R.
1385 1116 1442 1171 P.
1462 1117 1815 1173 Franciscum
1845 1134 1874 1172 a
1906 1117 2099 1184 Puteo,

528 1206 675 1261 circa
703 1222 905 1263 annum
932 1208 1063 1263 1521
1099 1206 1435 1262 defunctum.
1464 1205 1693 1261 Centum
1727 1207 1947 1262 circiter
2008 1222 2104 1261 an-

531 1315 729 1357 norum
760 1311 878 1355 erat
902 1301 1003 1356 iste
1026 1300 1297 1364 Nicolaus,
1332 1300 1458 1355 dum
1505 1300 1647 1355 diem
1678 1299 1876 1355 clausit
1916 1309 2102 1355 extre-

531 1408 682 1449 mum
729 1407 872 1447 anno
905 1391 1061 1447 1677.
1092 1392 1161 1446 Ει
1188 1401 1243 1446 ut
1273 1391 1452 1449 adhuc
1481 1406 1569 1446 res
1612 1391 1842 1448 vicinius
1888 1400 1943 1448 et
1974 1407 2109 1447 cnu-

528 1482 760 1540 cleatius
820 1492 1127 1554 exponalur
1156 1491 1210 1537 et
1235 1483 1599 1553 exprimatur,
1662 1498 1952 1553 ponamus,
2005 1484 2110 1538 ali-

528 1589 741 1648 queme
770 1574 934 1630 sociis
971 1573 1030 1628 S.
1061 1573 1334 1628 Brunonis
1373 1573 1577 1628 vixisse
1622 1573 1844 1646 triginta
1900 1583 2108 1629 tantum

527 1666 686 1722 annis
716 1680 746 1719 a
781 1666 870 1721 die
899 1680 1154 1721 accessus
1202 1680 1393 1720 eorum
1434 1664 1501 1719 ad
1552 1680 1713 1735 rupes
1778 1665 2109 1737 Qarthusim,

525 1756 815 1826 quemdam
863 1756 1025 1812 etiam
1086 1770 1152 1810 ex
1182 1756 1286 1820 bis,
1314 1770 1472 1824 quem
1516 1756 1582 1810 ad
1614 1756 1919 1811 institutum
1953 1772 2109 1813 suum

2219 563 2470 631 tendens,
2520 579 2733 632 omnes,
2783 575 3048 635 quotquot
3088 565 3380 625 fueruntet
3424 574 3616 629 suntin
3642 580 3743 636 orbe

2218 654 2555 723 Christiano,
2615 654 3036 712 Carthusienses
3080 657 3279 713 nullam
3332 677 3566 730 umquam
3614 666 3742 723 aliam

2215 745 2562 802 instituenda:
2607 758 2808 803 nostra:
2840 747 3119 820 religionis
3148 764 3366 804 causam
3412 768 3501 807 seu
3549 758 3745 811 occasio

2213 852 2339 894 nem
2414 838 2701 908 agnovisse
2756 848 2954 910 praeter
3017 839 3283 897 funestam
3330 842 3486 914 hujus
3552 847 3746 903 hominis

2212 929 2532 995 anastasim,
2569 946 2733 1001 quam
2763 940 3017 989 asserunt
3046 948 3105 988 se
3128 934 3402 1005 accepisse
3426 934 3489 990 ab
3515 937 3744 1006 antiquio-

2214 1021 2388 1087 ribus,
2439 1022 2532 1092 qui
2572 1030 2628 1078 et
2686 1022 2787 1092 ipsi
2814 1036 2934 1076 eam
2971 1038 3003 1077 a
3033 1021 3286 1079 Patribus
3326 1024 3457 1091 suis,
3499 1025 3561 1080 ad
3592 1040 3747 1095 quos:

2213 1111 2274 1169 S.
2311 1112 2566 1169 Brunone
2611 1119 2669 1167 et
2708 1111 2872 1169 sociis
2915 1111 3055 1183 ejus,
3084 1128 3379 1185 eorumque
3409 1115 3661 1186 discipulis
3695 1133 3746 1174 ac

2212 1203 2539 1272 sequacibus
2564 1217 2662 1274 per
2680 1203 2894 1275 longam
2925 1206 3219 1261 multorum
3250 1222 3511 1263 annorum
3538 1208 3745 1265 traditio-

2213 1308 2335 1349 nem
2371 1294 2705 1364 pervenerit,
2735 1295 3062 1352 didicerunt.
3101 1315 3121 1350 ι

2281 1384 2407 1439 541.
2456 1384 2529 1439 At
2560 1399 2725 1451 vero,
2776 1387 2880 1442 etsi
2928 1388 3005 1443 ita
3052 1388 3141 1445 hic
3186 1388 3436 1459 loquatur
3459 1389 3580 1456 ille,
3612 1389 3745 1447 tacite

2213 1482 2394 1530 tamen
2420 1477 2687 1547 agnoscit,
2716 1475 2937 1533 Puteani
2955 1489 3191 1544 aetatem,
3221 1481 3289 1535 ad
3313 1497 3468 1551 quam
3491 1481 3750 1537 Parisiense

2210 1568 2513 1638 prodigium
2548 1570 2835 1626 traditione
2886 1572 3135 1641 per-ducit
3163 1571 3462 1638 Massonus,
3503 1589 3615 1629 csse
3656 1588 3681 1627 a
3708 1589 3755 1628 re

2212 1670 2363 1731 gesta
2392 1662 2763 1729 remotiorem,
2792 1678 2954 1733 quam
2987 1672 3045 1717 ut
3074 1664 3200 1719 huic
3225 1664 3335 1728 illa,
3363 1674 3544 1735 utpote
3570 1680 3630 1720 ex
3662 1663 3751 1735 jam

2212 1752 2373 1809 dictis
2403 1753 2548 1808 dubii
2590 1755 2875 1810 dumtaxat
2915 1756 3156 1811 nominis
3197 1757 3446 1821 traditio.
3483 1757 3630 1813 fidem
3664 1773 3754 1812 cer.

524 1846 692 1917 primi
724 1845 914 1900 Patres
967 1853 1308 1914 receperant,
1352 1846 1421 1901 70
1451 1846 1611 1902 annis
1640 1847 1687 1903 ei
1724 1847 2111 1918 supervixissc,
2145 1862 2188 1917 Β
2216 1852 2324 1898 tam
2348 1853 2511 1914 atque
2544 1845 2905 1901 indubitatam
2933 1847 3115 1901 facere
3141 1856 3308 1918 queat
3336 1863 3402 1903 eo
3433 1832 3583 1902 modo
3618 1862 3748 1917 quem

526 1952 657 1993 ecce
678 1936 793 2005 jam
820 1936 932 1993 fere
956 1946 1172 1992 centum
1209 1952 1382 1993 annos
1404 1949 1673 2007 tenemus,
1703 1950 1757 1994 et
1778 1941 1857 1997 sic
1908 1956 2109 1998 annum

527 2030 670 2085 1184
696 2031 1006 2102 attigimus;
1031 2031 1230 2099 quibus
1257 2033 1301 2086 si
1352 2032 1585 2088 addatur
1608 2044 1741 2090 tetas
1768 2044 2003 2106 quatuor
2047 2036 2114 2091 il-

524 2120 700 2177 lorum
725 2121 1021 2190 seniorum,
1045 2137 1163 2191 quae
1180 2124 1245 2176 ad
1274 2122 1381 2179 280
1408 2138 1580 2180 annos
1601 2128 1878 2195 pervenit,
1905 2142 2110 2182 annum

526 2212 668 2267 1464
700 2213 1043 2279 habebimus,
1100 2213 1287 2283 sicque
1311 2223 1527 2269 aetatem
1556 2214 1622 2268 Β.
1651 2215 1712 2270 P.
1748 2215 2027 2274 Francisci
2079 2235 2111 2273 a

526 2302 699 2359 Puteo
734 2304 1090 2375 attingemus,
1120 2304 1220 2360 viri
1250 2305 1307 2361 in
1338 2307 1585 2375 utrisque
1629 2306 1829 2364 litteris
1850 2310 2114 2366 versatis-

526 2396 652 2452 simi
677 2405 732 2451 et
758 2396 987 2467 insignis
1010 2397 1377 2471 doctoris,qui
1403 2408 1604 2455 statuta
1638 2400 1740 2456 ista
1766 2411 1949 2460 vetera
1969 2396 2111 2475 ty‘pis

527 2489 777 2545 mandari
810 2489 1043 2557 curavit,
1077 2491 1132 2546 in
1187 2505 1419 2561 quorum
1449 2496 1626 2564 capite
1650 2494 1796 2561 icon,
1825 2495 2110 2551 historiam

528 2581 679 2637 illam
711 2591 1131 2653 repraesentans,
1187 2583 1362 2652 posita
1413 2591 1497 2640 est
1534 2599 1666 2641 cum
1698 2585 2112 2656 prtedictanar-

527 2672 769 2739 ratione;
802 2689 986 2743 quam,
1044 2674 1091 2729 si
1144 2674 1512 2744 suspicionem
1561 2675 1758 2731 fabulae
1804 2675 2108 2743 habuisset,

528 2778 809 2833 nunquam
839 2763 972 2817 tanti
1028 2764 1228 2834 ingenii
1277 2764 1360 2820 vir
1404 2764 1581 2837 cllingi
1611 2767 1968 2836 permisisset.
2018 2767 2114 2824 llis

529 2854 733 2920 addite,
767 2854 908 2925 quod
939 2854 1134 2910 domus
1162 2854 1466 2911 Carthasim
1498 2856 1701 2927 plurics
1732 2858 1998 2914 incendiis
2017 2860 2115 2913 ab-

531 2956 717 3019 sorpta
745 2955 959 3002 veteres
990 2946 1291 3016 scripturas
1313 2947 1587 3014 habebat,
1636 2964 1700 3004 ex
1729 2950 1925 3019 quibus
1953 2949 2115 3019 liqui-

528 3038 598 3094 do
644 3038 709 3093 de
758 3038 918 3093 istius
949 3037 1191 3093 historiae
1247 3039 1478 3094 veritate
1538 3041 1857 3107 constabat;
1925 3057 2045 3111 qum
2080 3057 2110 3095 a
2166 3086 2169 3089 λ

526 3129 774 3199 pluribus
831 3130 988 3186 lecta:
1035 3139 1092 3185 et
1136 3129 1267 3184 visa:
1299 3130 1540 3198 fuerunt,
1570 3141 1731 3202 prout
1760 3133 1922 3187 etiam
1952 3148 2049 3187 nos
2079 3150 2110 3188 a

2215 1937 2502 1993 lllassonus
2536 1938 2802 2008 assignat.
2833 1938 3027 1994 Verbis
3048 1940 3194 1993 enim
3233 1940 3483 2010 proxime
3527 1938 3756 1999 recitatis,

2216 2037 2274 2081 ut
2305 2028 2521 2099 longam
2568 2028 2713 2084 illam
2745 2029 3055 2085 traditionis
3086 2030 3465 2086 deductionem
3492 2029 3757 2091 contrahat,

2216 2119 2500 2190 sequentia
2541 2121 2657 2175 haec
2687 2120 2907 2176 subdit:
2944 2138 2963 2171 ι
2992 2119 3186 2176 Verum
3217 2137 3288 2177 ne
3310 2137 3399 2177 res
3429 2131 3537 2177 tam
3562 2120 3762 2176 insolens

2215 2218 2272 2265 et
2305 2212 2571 2281 stupenda
2607 2220 2824 2282 tamque
2854 2212 2919 2267 ad
2950 2212 3283 2269 credendum
3340 2212 3564 2269 diﬂicilis
3589 2227 3646 2266 ex
3673 2220 3760 2264 tam

2214 2302 2374 2374 longa
2410 2303 2719 2359 traditionis
2775 2303 3103 2360 deductione
3154 2304 3316 2375 plane
3344 2305 3585 2361 videatur
3612 2304 3758 2359 incre-

2214 2395 2418 2463 dibilis,
2444 2395 2749 2466 praesertim
2785 2396 3095 2453 hominibus
3130 2395 3292 2465 hujus
3335 2396 3515 2451 smculi
3547 2408 3764 2466 nequam,

2214 2487 2305 2555 qui
2338 2486 2473 2541 nihil
2498 2485 2614 2542 fere
2647 2485 2903 2553 credunt,
2933 2502 3095 2557 quam
3133 2488 3299 2559 quod,
3339 2497 3401 2543 ut
3424 2486 3623 2559 vulgari
3653 2483 3765 2539 dici-

2219 2584 2305 2629 tur
2361 2575 2677 2645 proverbio,
2734 2575 2788 2631 in
2818 2576 3006 2631 oculos
3040 2576 3375 2633 intuentium
3437 2575 3661 2649 prosilit,
3687 2574 3767 2628 hoc

2217 2675 2622 2743 argumentum,
2671 2681 2738 2723 ex
2772 2667 3064 2724 traditione
3095 2669 3354 2741 petitum,
3392 2669 3627 2739 quinque
3678 2663 3769 2719 fere

2213 2756 2450 2821 saeculis,
2483 2757 2528 2811 si
2556 2758 2627 2811 ita
2653 2757 2798 2829 loqui
2828 2759 3006 2822 liceat,
3035 2760 3470 2825 decurtabimus,
3492 2754 3768 2830 hujusmodi

2215 2845 2564 2901 traditionem
2623 2861 2730 2901 non
2780 2847 3011 2917 longiori
3048 2864 3213 2920 quam
3249 2850 3560 2922 sexaginta,
3610 2855 3693 2902 aut
3718 2843 3772 2899 ad

2224 2952 2495 2991 summum
2545 2937 2821 3008 octoginta
2868 2955 3136 2995 annorum
3169 2942 3331 2996 ductu
3357 2944 3425 2999 ab
3452 2943 3597 2997 obitu
3626 2939 3771 2995 socio

2224 3040 2345 3079 rum
2410 3026 2587 3080 sancti
2643 3026 2915 3084 Brunonis
2969 3031 3379 3100 protrahentcs,
3437 3040 3496 3087 ut
3542 3030 3759 3100 sequitur

2216 3114 2317 3181 Qui
2377 3115 2586 3186 primus
2643 3132 2710 3173 ex
2771 3117 3254 3178 Carthusiensibus
3308 3123 3456 3178 hanc
3528 3122 3775 3177 historiam

526 3221 839 3275 senioribus
870 3220 1177 3295 monachis,
1204 3236 1341 3290 quos
1363 3221 1415 3275 in
1436 3222 1723 3292 jnventute
1754 3235 1938 3279 nostra
1971 3224 2108 3278 vidi-

2218 3204 2434 3273 scriptis
2459 3206 2758 3271 mandavit,
2793 3208 3011 3264 vivebat
3070 3211 3217 3266 circa
3272 3228 3482 3268 annum
3540 3208 3775 3275 129.0,ve'

528 3325 673 3374 nius,
696 3310 1014 3375 didicimus;
1075 3311 1169 3381 qui
1222 3312 1290 3365 ab
1313 3311 1543 3367 oculatis
1578 3314 1812 3369 testibus
1843 3315 1896 3369 id
1927 3316 2115 3370 audie-

526 3407 675 3457 rant.
727 3400 793 3453 Et
822 3400 1036 3454 tandem
1079 3401 1193 3455 haec
1241 3401 1465 3457 traditio
1495 3418 1708 3474 semper
1737 3414 1791 3459 et
1837 3406 2035 3476 ubique
2058 3407 2113 3462 in

526 3491 741 3555 ordine,
767 3491 980 3546 nemine
1051 3506 1290 3560 unquam
1352 3493 1711 3561 reclamante,
1747 3496 1939 3566 viguit.
1976 3497 2113 3565 Quis

527 3596 659 3653 ergo
718 3598 824 3636 non
885 3582 1125 3638 fateatur
1176 3583 1337 3639 talem
1371 3586 1720 3643 traditionem
1773 3605 1895 3645 esse
1944 3590 2114 3649 firmis

526 3672 903 3729 fundamentis
930 3673 1208 3731 innixam?
1255 3695 1274 3729 ι

598 3762 1023 3819 540.11ειειοιιιιε
1061 3765 1376 3831 Massonus,
1425 3768 1635 3838 prolixa
1683 3786 1780 3826 sua
1835 3773 1940 3830 hac
1989 3790 2113 3829 ora-

530 3854 678 3908 tione
723 3852 880 3908 unice
929 3856 1246 3923 ostendens,
1281 3858 1573 3914 traditione
1627 3846 1921 3929 continua,
1949 3879 2111 3933 quam

523 3943 637 4014 jam
692 3943 816 3998 inde
872 3959 900 3997 a
964 3945 1022 3999 S.
1074 3944 1342 4002 Brunonis
1388 3947 1615 4020 ejusque
1651 3952 1924 4008 sociorum
1952 3965 2113 4012 (etate

530 4036 825 4103 inceptam,
856 4034 1345 4093 Carthusianorum
1383 4040 1474 4094 alii
1506 4041 1573 4096 ad
1618 4044 1757 4100 alios
1796 4048 2105 4104 transmise-

530 4127 658 4192 rint,
691 4126 806 4182 fieri
839 4129 1101 4197 potuisse,
1133 4138 1191 4184 ut
1250 4131 1435 4188 feralis
1470 4133 1538 4189 de
1574 4134 1798 4194 doctore
1853 4139 2112 4195 damnato

528 4218 758 4273 historia
788 4234 959 4288 usque
998 4221 1065 4275 ad
1094 4220 1374 4278 Francisci
1407 4239 1435 4278 a
1471 4223 1660 4293 Puteo,
1692 4229 1782 4298 qui
1812 4230 2112 4302 eam,ligno

526 4313 783 4379 incisam,
818 4314 984 4370 editis
1028 4330 1056 4368 a
1087 4331 1145 4371 se
1171 4332 1315 4372 anno
1345 4317 1483 4373 1510
1512 4321 1719 4377 ordinis
1772 4323 1858 4380 sui
1891 4327 2111 4383 statutis

526 4405 783 4476 prtellxll,
831 4408 1196 4477 cognitionem
1226 4411 1560 4480 pervenerit.
1585 4411 1789 4469 Verum
1844 4415 1899 4471 id
1931 4416 2110 4487 reipsa

527 4493 605 4548 ita
654 4496 878 4561 factum,
927 4497 1074 4552 nullo
1125 4500 1309 4565 modo,
1339 4509 1399 4555 ut
1443 4502 1817 4560 consideranti
1877 4508 2109 4576 patebit,

2217 3296 2382 3350 etiam
2401 3305 2528 3352 ante
2543 3297 2625 3369 (ut
2647 3297 2875 3356 inferius
2896 3304 3299 3375 probabimus),
3324 3307 3377 3362 id
3404 3316 3510 3371 est,
3535 3304 3776 3375 octoginta

2217 3397 2341 3458 post
2404 3391 2563 3446 annis
2608 3400 2661 3446 et
2719 3407 2826 3448 non
2880 3395 3051 3450 multo
3092 3397 3352 3468 amplius,
3381 3415 3548 3469 quam
3600 3398 3776 3452 obierat

2216 3484 2532 3557 Stephanus
2566 3488 2802 3556 Diensis,
2830 3506 2973 3546 unus
3010 3507 3074 3547 ex
3108 3494 3272 3549 sociis
3301 3496 3484 3550 sancti
3522 3490 3780 3549 Brunonis.

2218 3592 2377 3646 quem
2427 3578 2478 3632 in
2512 3580 2711 3634 nostris
2732 3579 3033 3637 Annalibus
3065 3583 3379 3641 videbimus
3430 3586 3610 3640 adhuc
3637 3582 3779 3636 fuisse

2214 3670 2563 3739 superstitem
2588 3670 2733 3725 circa
2762 3688 2964 3728 annum
2998 3674 3157 3730 1156.
3192 3674 3302 3731 Nec
3356 3675 3692 3748 impossibile
3721 3679 3783 3727 esl

2215 3762 2477 3831 quosdam
2504 3764 2636 3818 alios
2660 3779 2725 3819 ex
2751 3776 2958 3836 septem
2991 3768 3183 3837 primis
3228 3770 3447 3825 ordinis
3507 3763 3762 3824 fundatori

2214 3852 2315 3909 bus
2347 3854 2551 3911 diutius
2578 3856 2799 3914 vixisse.
2815 3859 3104 3925 Quisenim
3139 3861 3354 3916 inﬁcias
3383 3871 3502 3928 eat,
3530 3862 3671 3917 inter
3701 3863 3782 3913 eos

2212 3946 2492 4012 quosdam,
2525 3947 2614 4016 qui
2640 3963 2841 4002 annum
2869 3951 3047 4005 :etatis
3073 3952 3399 4021 vigesimum
3428 3955 3678 4025 quintum
3697 3963 3783 4003 non

2212 4034 2528 4107 attigerant,
2585 4039 2804 4108 quando
2841 4039 2895 4095 in
2928 4040 3277 4098 solitudinem
3334 4060 3399 4100 se
3455 4049 3783 4113 receperunt.

2211 4127 2557 4195 postmodum
2616 4129 2682 4183 ad
2735 4132 3236 4203 septuagesimum,
3283 4144 3383 4190 aut
3436 4136 3607 4191 etiam
3650 4140 3786 4187 octo-

2212 4217 2477 4288 gesimum
2529 4220 2653 4276 vitae
2700 4235 2902 4277 annum
2931 4263 2945 4288 ,
3004 4223 3209 4281 Christi
3257 4242 3394 4283 vero
3450 4226 3791 4301 jmillesimum

2217 4308 2578 4364 centesimum
2632 4311 3113 4383 quadragesimum
3175 4325 3231 4370 et
3309 4317 3462 4372 ultra
3527 4314 3791 4389 pervenire

2211 4399 2486 4468 potuisse?

2282 4507 2408 4562 542.
2440 4527 2458 4559 α
2493 4508 2592 4565 llic
2626 4510 2833 4582 primus
2857 4512 3018 4584 hujus
3053 4515 3304 4572 historiae
3336 4520 3593 4591 scriptor
3636 4516 3797 4589 plures

527 4588 816 4655 probatum
849 4589 962 4655 dat,
988 4589 1130 4659 quod
1163 4599 1343 4648 tamen
1386 4595 1607 4651 omnino
1643 4606 1763 4652 erat
1798 4613 2108 4666 necessum,
2141 4582 2191 4642 Ῑ)
2214 4599 2403 4671 procul
2430 4601 2593 4657 dubio
2653 4582 2952 4662 monachos
3001 4607 3230 4673 viderat,
3258 4610 3352 4680 qui
3390 4582 3672 4667 noverant
3723 4614 3798 4662 aut

526 4686 589 4731 ut
626 4677 920 4747 quidquam
961 4695 1058 4750 pro
1107 4683 1354 4755 prodigio
1399 4685 1754 4757 adstruendo,
1798 4704 1893 4745 seu
1932 4693 2111 4762 potius

524 4781 626 4837 pro
663 4781 787 4821 vera
810 4767 1034 4839 jamque
1061 4786 1090 4825 a
1110 4773 1184 4827 rei
1214 4776 1550 4845 gestaeinitio
1568 4778 1841 4847 inchoata,
1870 4797 1972 4854 qua
1996 4784 2111 4839 haec

526 4853 773 4911 Puteano
803 4856 1123 4928 innotuerit,
1155 4865 1450 4922 traditione
1482 4869 1809 4926 stabilienda
1869 4853 2108 4930 confice-

528 4956 633 5001 rct.
662 4947 807 5002 Fieri
831 4950 975 5005 enim
1004 4951 1164 5009 facile
1192 4964 1393 5025 potest,
1423 4967 1500 5025 ut,
1538 4962 1683 5030 quod
1728 4976 1850 5035 post
1894 4974 2107 5022 trecen-

530 5044 614 5094 tos
638 5039 869 5111 amplius
902 5058 1091 5108 annos,
1126 5060 1156 5100 a
1186 5062 1245 5103 re
1269 5059 1420 5119 gesta
1463 5051 1698 5121 elapsos,
1726 5055 1841 5125 jam
1890 5056 2015 5114 inde
2044 5060 2113 5116 ab

526 5125 690 5196 hujus
719 5128 894 5197 initio,
923 5134 1001 5188 uti
1027 5150 1058 5190 a
1085 5134 1333 5197 lllassono
1365 5139 1448 5207 fit,
1482 5144 1621 5198 tradi
1676 5146 1922 5215 potuisse
1965 5164 2117 5206 asse-

528 5219 689 5285 ritur,
713 5220 804 5276 diu
848 5224 1113 5282 duntaxat
1146 5240 1269 5298 post
1302 5233 1437 5288 tradi
1470 5249 1529 5289 re
1556 5234 1672 5305 ipsa
1700 5237 1963 5308 inceperit
2010 5242 2116 5298 sic-

528 5326 634 5380 que
670 5328 776 5368 non
829 5330 858 5370 a
911 5331 1042 5372 vera
1073 5321 1383 5389 traditione,
1418 5327 1512 5382 sed
1540 5329 1608 5383 ab
1650 5328 1863 5386 incerto
1892 5348 2113 5390 rumore

527 5402 710 5458 trahat
745 5406 1031 5478 originem.
1066 5409 1202 5467 llinc
1238 5428 1345 5469 non
1378 5416 1516 5471 satis
1544 5417 1724 5484 capio,
1749 5434 1848 5475 cur
1877 5420 2110 5478 Carthu-

528 5493 715 5549 sianus
741 5508 927 5555 noster
953 5515 1259 5576 anopymus
1284 5504 1712 5565 Lucubrationis
1738 5527 1849 5567 sua:
1876 5515 2110 5584 saepissi-

528 5597 615 5674 rne
640 5583 872 5643 laudata:
900 5606 1052 5645 num.
1076 5592 1146 5645 47
1176 5594 1255 5651 sic
1285 5597 1489 5651 scribat
1514 5617 1527 5653 :
1562 5620 1581 5651 ι
1612 5600 1765 5667 Quod
1801 5583 2011 5674 spectat
2041 5608 2110 5663 ad

528 5671 751 5730 Patrum
808 5682 1183 5749 traditionem,
1234 5686 1374 5743 hanc
1422 5689 1559 5744 satis
1624 5671 1895 5763 superque
1940 5696 2110 5753 solida

528 5766 945 5841 ratiocinatione
970 5774 1310 5834 stabilivitll.
1339 5778 1398 5836 P.
1426 5780 1798 5853 (innocentius
1829 5785 1876 5842 le
1892 5786 2104 5847 Masson

2224 4692 2415 4748 saltem
2473 4695 2692 4751 novisse
2757 4707 3009 4767 poterant
3066 4702 3327 4771 quosdam
3400 4720 3475 4760 ex
3542 4700 3798 4772 discipulis

2216 4785 2573 4856 praefatorum
2631 4796 2836 4859 septem
2882 4792 3091 4847 ordinis
3165 4795 3622 4865 primipilarem;
3684 4806 3798 4863 quos

2226 4878 2444 4945 quidem
2473 4878 2768 4949 discipulos
2810 4882 2976 4937 vitam
3015 4886 3217 4941 scimus
3267 4889 3631 4957 protraxisse
3677 4888 3798 4941 ultra

2225 4986 2427 5026 annum
2474 4972 2635 5038 1200,
2669 4984 2727 5029 ut
2760 4987 2889 5032 sunt
2936 4987 3157 5035 sanctus
3208 4979 3507 5047 Artaldus,
3542 4979 3798 5051 professus

2216 5062 2409 5117 domus
2454 5062 2763 5131 Portarum,
2826 5066 2916 5136 qui
2966 5068 3033 5123 ad
3086 5068 3425 5124 fundandam
3464 5070 3798 5127 Carthusian

2214 5152 2456 5210 Arvcriaa
2507 5156 2706 5214 missus
2746 5159 2893 5215 circa
2919 5175 3124 5216 annum
3165 5163 3327 5227 H52,
3356 5174 3561 5234 postea
3618 5163 3797 5219 ibiden

2213 5244 2390 5302 factus
2425 5246 2573 5317 prior
2609 5257 2665 5304 ct
2711 5251 2958 5308 ecclesiae
2992 5252 3319 5311 Bellicensis
3367 5255 3701 5326 episcopus,
3756 5267 3798 5305 at

2222 5338 2441 5392 tandem
2498 5339 2671 5394 redux
2734 5343 2878 5412 apud
2927 5343 3219 5399 Arveriam
3260 5344 3399 5400 obiit
3438 5360 3599 5401 anno
3652 5341 3797 5400 1206

2210 5439 2392 5489 annos
2442 5436 2602 5485 natus
2635 5439 2852 5487 centum
2886 5434 3149 5504 quinque.
3180 5434 3523 5503 Garnerius,
3566 5437 3798 5493 dominus

2212 5517 2282 5572 de
2308 5517 2571 5585 Balmeto,
2626 5521 2989 5582 confundator
3034 5528 3229 5585 domus
3262 5528 3570 5599 Majorevi,
3620 5541 3798 5586 erecta

2212 5623 2358 5665 anno
2398 5610 2555 5677 1116,
2600 5614 2715 5684 qui,
2756 5626 2880 5684 post
2900 5629 3129 5678 mortem
3165 5624 3353 5678 uxoris
3389 5622 3593 5680 factus
3622 5624 3798 5680 ibiden

2212 5715 2525 5770 conversus,
2555 5718 2754 5761 annum
2788 5707 2922 5765 vidit
2975 5711 3325 5769 millesimum
3357 5714 3798 5771 ducentesimun

2214 5792 2482 5851 decimum
2537 5808 2814 5868 quartum.
2871 5802 3066 5862 Frater
3113 5806 3406 5878 Aynardus
3462 5823 3789 5867 conversus
