3814 6306
199 382 281 440 208

1717 369 1924 427 ACTA.

3325 378 3431 434 206

197 499 426 569 profes'sus
470 487 684 574 Ilajoris
725 487 1054 557 Carthusite,
1095 487 1189 560 qui
1231 487 1419 544 forsan
1455 494 1712 542 sanctam
1740 485 1793 545 Α
1819 497 2017 554 nymus
2051 481 2238 541 itidem
2284 491 2551 542 tractatus
2567 484 2632 542 de
2665 482 3014 552 S.Brunonc,
3051 501 3080 541 a
3113 488 3430 546 Cartltusia-

196 591 454 645 Brinnonem
483 584 716 650 viderat,
769 598 894 638 cum
916 590 1132 638 constet
1161 595 1229 636 ex
1261 579 1386 634 Vita
1415 578 1588 634 sancti
1613 577 1728 634 Hu-

193 680 320 752 gonis
341 676 746 742 Lincolaiensis,
775 690 898 731 eum
934 683 1144 730 tantum
1166 673 1366 728 obiisse
1389 687 1532 727 anno
1551 671 1729 729 aetatis

192 788 280 829 sua:
329 771 616 829 centesimo
676 769 940 841 vigesimo
997 776 1188 832 sexto,
1255 765 1346 836 qui
1398 763 1502 818 fuit
1551 777 1730 820 annus

191 864 357 922 Christi
379 861 694 917 millesimus
726 858 1138 916 ducentesimus
1165 865 1396 928 quartus
1430 855 1514 910 vel
1565 854 1729 925 paulo

193 955 420 1028 amplius,
474 963 537 1008 ut
604 968 668 1008 ex
709 956 900 1008 eadem
956 944 1200 1013 'Vita,ah
1251 958 1477 1003 auctore
1549 961 1732 1003 comvo

191 1048 480 1117 conscripta,
511 1045 773 1100 discimus
794 1054 850 1099 et
878 1043 992 1099 suis
1015 1041 1147 1097 locis
1174 1041 1347 1097 fusius
1366 1040 1729 1095 narrabimus.

195 1141 418 1197 Constare
444 1139 606 1210 igitur
657 1138 836 1203 debet,
889 1135 1177 1208 praefatum
1227 1134 1548 1204 scriptorem
1593 1134 1734 1188 hanc

193 1233 340 1304 potius
361 1236 632 1299 accepisse
669 1229 955 1284 historiam
990 1243 1020 1282 a
1053 1226 1352 1291 monachis,
1372 1226 1463 1296 qui
1489 1241 1612 1280 cum
1645 1224 1733 1280 bis

191 1331 232 1374 et
261 1320 366 1375 aliis
418 1321 694 1374 sociorum
736 1318 913 1373 sancti
963 1317 1235 1372 Brunonis
1287 1315 1570 1385 discipulis
1593 1331 1730 1370 con-

191 1411 416 1472 vixerant,
477 1410 650 1474 (inter
706 1424 846 1478 quos
875 1418 932 1462 et
985 1407 1336 1462 annumerari
1366 1414 1543 1476 potest
1573 1405 1639 1459 Ii.
1670 1405 1732 1460 P.

190 1495 458 1551 iaucelinns
479 1495 789 1550 Carthusiae
829 1496 997 1562 prior,
1027 1494 1118 1564 qui
1147 1503 1269 1563 post
1295 1493 1533 1564 regimen
1567 1507 1738 1548 anno~

190 1604 284 1643 rum
310 1590 411 1644 fere
436 1588 726 1658 sexaginta
758 1587 896 1643 obiit
925 1603 1072 1642 anno
1101 1587 1265 1652 H33,
1299 1601 1461 1656 quem
1503 1594 1560 1640 et
1618 1586 1736 1658 ipse

189 1687 344 1734 noster
369 1687 563 1734 auctor
585 1677 962 1748 proculdubio
993 1675 1310 1747 agnoverat)
1362 1689 1528 1745 quam
1595 1692 1614 1726 ς
1668 1689 1736 1729 ex

192 1771 418 1825 «incerto
473 1767 714 1824 credulae
767 1767 941 1839 plebis
972 1781 1210 1831 rumore,
1263 1775 1320 1821 et
1370 1764 1733 1836 quorumdam

1830 574 1915 630 nis
1946 575 2218 646 hujatibus
2250 591 2460 633 mecum
2487 577 2900 643 communicati,
2948 588 3143 636 auctor
3198 581 3433 638 additio-

1829 665 1992 722 nibus
2049 667 2324 723 nonnullis
2365 668 2754 738 amplificatum
2806 668 3048 726 exhibet.
3115 671 3294 742 Atque
3343 673 3432 729 hic

1831 755 2074 825 quidem,
2112 756 2238 812 dum
2271 759 2324 814 id
2355 758 2506 823 facit,
2539 773 2654 814 rem
2677 760 2989 830 quampiam
3014 770 3200 831 postea
3227 764 3428 832 proha-

1831 863 1892 904 re
1921 863 2252 920 proponens,
2277 851 2394 905 ait:
2429 869 2448 902 r
2481 850 2551 906 Ut
2578 866 2678 906 suo
2720 851 2839 905 loco
2871 851 2924 905 in
2957 851 3260 908 Annalibus
3288 855 3434 910 dice-

1833 957 1976 1006 mus,
2012 961 2029 994 ι
2056 942 2294 1014 alibique
2323 943 2488 998 etiam
2520 944 2707 1010 hosce,
2749 943 2917 999 veluti
2968 959 2999 998 a
3055 960 3114 1001 se
3163 945 3428 1012 edendos,

1834 1031 2038 1088 laudat.
2071 1033 2208 1088 [line
2232 1043 2436 1100 autem,
2468 1035 2610 1105 quod
2642 1035 2742 1090 hac
2787 1036 3077 1092 occasione
3133 1038 3434 1092 observan-

1835 1124 1962 1179 dum
1986 1125 2135 1189 duxi,
2162 1141 2268 1181 non
2300 1125 2575 1180 immerito
2625 1127 2859 1182 dutitari
2891 1138 3070 1198 potest
3104 1145 3172 1184 an
3233 1128 3438 1184 Masso-

1837 1231 1940 1272 nus
1969 1232 2130 1288 supra
2153 1217 2423 1284 laudatus,
2451 1216 2672 1274 Ordinis
2700 1219 2783 1273 sui
2825 1220 3064 1276 Annales
3107 1221 3430 1290 scripturus.

1837 1308 2150 1367 Tractatum
2179 1311 2350 1378 illum,
2375 1326 2405 1366 e
2433 1325 2540 1381 quo
2571 1311 2767 1366 deinde
2796 1327 2824 1366 a
2859 1313 3222 1368 Carthusiano
3246 1321 3436 1368 nostro

1838 1416 2110 1473 anonymo
2159 1401 2212 1456 in
2264 1401 2551 1456 Annalium
2609 1402 3076 1458 Cartltusiensium
3132 1404 3330 1458 librum
3380 1417 3436 1458 tv

1840 1492 2103 1548 hactenus
2131 1507 2235 1548 non
2265 1493 2539 1562 vulgatum
2571 1492 2825 1547 nonnulla
2854 1491 3056 1548 fuerint
3108 1494 3278 1560 illata,
3327 1508 3438 1549 non

1839 1585 2198 1642 concinnarit.
2231 1585 2300 1642 Ut
2331 1594 2389 1640 ut
2414 1586 2507 1653 sit,
2539 1595 2592 1640 et
2616 1585 2733 1654 ejus
2757 1585 2944 1651 verba,
3000 1601 3068 1640 ne
3099 1588 3254 1655 quid,
3285 1588 3436 1657 quod

1841 1679 2146 1734 asserenda:
2169 1678 2416 1746 genuina:
2436 1678 2502 1733 de
2535 1677 2778 1750 prodigio
2807 1677 3098 1733 Parisiensi
3148 1679 3435 1732 traditioni

1842 1772 2124 1844 suﬂ'ragari
2181 1781 2476 1840 utcumque
2525 1781 2713 1842 queat,
2767 1772 3019 1827 omisisse
3069 1773 3272 1834 videar,
3331 1773 3439 1827 huc

191 1880 209 1913 r
233 1862 572 1917 recentiorum
595 1835 787 1915 fabulis
811 1901 826 1925 ,
861 1879 880 1912 ι
926 1869 984 1914 ιιι
1013 1859 1204 1926 nobis,
1238 1835 1498 1928 tanquam
1541 1857 1734 1913 otiosis
1769 1835 1813 1892 Β
1841 1835 2166 1920 transcribo.
2219 1864 2310 1920 Sic
2340 1835 2595 1919 habear:
2646 1882 2666 1914 ε
2771 1863 3087 1918 fundatione
3117 1862 3337 1918 Ordinis
3369 1863 3439 1917 ad

188 1951 477 2016 luminibus,
506 1949 709 2019 objeeit
738 1948 1030 2006 Launoius.

239 2047 342 2103 515.
373 2064 393 2099 r
425 2045 610 2115 Unde,
643 2061 849 2118 quaeso,
873 2052 1002 2101 tunc
1025 2044 1285 2114 temporis
1308 2044 1397 2100 ille
1429 2063 1448 2096 r
1490 2043 1736 2099 incertus

188 2153 205 2191 ι
235 2155 398 2194 rumor
438 2158 456 2191 ι
493 2137 703 2194 nostris
735 2137 994 2193 claustris
1047 2137 1280 2208 dispergi
1309 2135 1518 2206 potuit?
1545 2133 1738 2190 Nonne

186 2231 330 2301 potius
377 2248 442 2288 ex
479 2233 677 2288 iisdem
731 2230 982 2286 claustris
1029 2229 1188 2302 longe
1222 2229 1436 2300 lateque
1477 2228 1735 2299 paulatim

186 2321 374 2378 dimisus
403 2321 581 2378 fuisse
602 2321 862 2376 dicendus
889 2320 1012 2375 est?
1037 2319 1104 2374 Et
1129 2319 1346 2389 quidem
1375 2319 1446 2373 ab
1496 2319 1736 2389 ipsorum

184 2409 369 2469 Patrum
422 2413 688 2476 alunmis,
713 2413 844 2467 viris
871 2411 1058 2482 utique
1112 2409 1452 2481 gravissimis
1491 2416 1548 2464 et
1604 2423 1737 2462 san-

181 2505 432 2572 ctissimis;
461 2520 701 2576 quorum
724 2515 778 2559 et
796 2517 1172 2558 successorum
1189 2515 1380 2555 eorum
1413 2499 1573 2554 fidem
1601 2498 1737 2553 tanti

185 2595 386 2654 faciebat
427 2595 779 2654 Guilliehnus
810 2593 1120 2657 Durandus,
1179 2590 1362 2659 magni
1399 2588 1638 2644 nominis
1683 2595 1739 2643 et

183 2689 472 2745 eruditionis
503 2696 727 2750 auctor,
754 2695 815 2740 ut
836 2686 888 2740 in
921 2684 1155 2756 Speculo
1176 2683 1340 2754 juris,
1365 2681 1508 2752 quod
1538 2679 1737 2734 Adria-

181 2781 517 2838 nonicavit
563 2795 628 2835 eo
676 2789 940 2848 tempore,
969 2792 1079 2848 quo
1103 2778 1222 2832 hzec
1278 2775 1504 2832 historia
1552 2772 1665 2843 jam
1705 2787 1738 2828 a

181 2873 348 2928 nostris
378 2873 635 2944 evnlgata
663 2870 859 2936 fuerat,
891 2870 1168 2926 censuerit
1205 2887 1223 2920 ι
1263 2868 1526 2938 Regulam
1559 2865 1736 2931 Juris,

185 2980 308 3034 «qua
334 2965 540 3022 nemini
566 2963 691 3019 licet
713 2964 766 3019 in
799 2978 894 3018 sua
917 2977 1082 3018 causa
1102 2961 1470 3018 testimonium
1529 2959 1733 3025 dicere,

192 3073 323 3114 anon
374 3059 590 3114 habere
640 3055 819 3113 locum
871 3055 923 3110 iu
993 3055 1373 3111 Carthusiauis
1421 3061 1479 3108 et
1533 3051 1736 3107 Cister-

1837 1955 2066 2012 Bosonis
2090 1965 2335 2021 aetatem,
2363 1955 2454 2025 qui
2477 1955 2669 2010 domos
2717 1953 2775 2009 S.
2821 1953 3064 2026 llugouis
3119 1963 3173 2010 ct
3220 1953 3442 2022 Majoris

1837 2048 2142 2106 Carthasim
2165 2064 2289 2106 cum
2319 2059 2432 2105 toto
2474 2045 2679 2103 Ordine
2726 2049 2864 2102 rexit
2903 2048 2972 2102 ah
2999 2061 3144 2101 anno
3202 2046 3342 2102 1372
3369 2047 3440 2102 ad

1841 2143 2002 2210 1515,
2031 2157 2140 2212 quo
2171 2142 2481 2212 decrepitus
2508 2140 2765 2204 decessit,
2791 2139 2960 2194 altum
3017 2139 3071 2194 in
3129 2139 3244 2194 suis
3291 2139 3442 2193 clau-

1838 2234 1968 2290 stris
1995 2233 2272 2288 silentium
2298 2231 2718 2288 Cartbusienses
2769 2238 3085 2296 tenuerunt,
3132 2244 3233 2284 nec
3281 2229 3442 2298 quid-

1841 2343 2006 2400 quam
2039 2336 2133 2382 aut
2164 2327 2232 2382 de
2271 2327 2355 2381 sui
2389 2325 2610 2382 Ordinis
2657 2333 2803 2388 ortu,
2841 2332 2935 2378 aut
2984 2325 3049 2379 de
3077 2321 3439 2384 mirabilibus,

1839 2433 1960 2487 qua:
1983 2417 2182 2488 passim
2233 2416 2374 2472 inter
2421 2429 2517 2469 eos
2568 2414 2787 2479 fiebant,
2838 2413 3092 2469 sinebant
3138 2409 3438 2482 propalari.

1839 2507 1954 2564 lloc
1983 2508 2049 2563 de
2076 2509 2160 2564 his
2186 2516 2419 2562 testatur
2437 2515 2493 2560 et
2521 2505 2696 2561 amice
2721 2503 3082 2573 conqueritur
3109 2501 3310 2576 Petrus
3333 2499 3442 2555 Ve-

1841 2601 2122 2666 nerabilis,
2169 2599 2546 2656 Cluniacensis
2575 2598 2780 2653 abbas:
2826 2595 3072 2662 «Multa,
3115 2595 3330 2666 inquit,
3387 2593 3444 2649 in

1846 2715 1864 2748 r
1898 2695 1991 2751 illo
2021 2710 2181 2750 sacro
2238 2693 2446 2749 Ordine
2507 2692 2772 2747 miracula
2820 2691 3112 2762 contigisse
3137 2707 3167 2746 a
3197 2689 3445 2762 pluribus

1845 2804 1865 2837 ι
1898 2786 2112 2857 accepi;
2149 2786 2242 2840 sed
2288 2785 2392 2853 ipsi
2427 2784 2753 2840 humilitatis
2809 2785 3027 2850 virtute,
3083 2800 3188 2854 qua
3229 2795 3445 2853 semper

1845 2897 1866 2934 ε
1901 2880 2044 2937 servi
2086 2879 2180 2935 Dei
2208 2879 2454 2934 miranda
2478 2894 2642 2948 opera
2665 2894 2788 2944 sua,
2811 2888 3016 2948 quanto
3046 2886 3271 2949 possunt
3293 2876 3438 2942 nisu,

1847 2991 1866 3025 ς
1897 2973 2204 3038 occultant,
2237 2973 2326 3027 vix
2349 2971 2554 3042 aliquid
2577 2987 2643 3027 ex
2674 2973 2763 3027 his
2806 2973 3038 3042 prodere
3079 2972 3388 3026 voluerunt.
3415 2989 3435 3020 ι

1840 3067 2026 3138 Neque
2055 3065 2332 3120 aPatrum
2365 3065 2585 3120 tramite
2630 3063 2943 3119 deﬂexisset
2993 3064 3152 3128 Bosa,
3196 3061 3302 3118 nisi
3365 3059 3432 3114 ad

186 3168 201 3200 ι
233 3152 488 3207 ciensibus
545 3159 770 3226 propter
811 3163 996 3205 eorum
1029 3146 1487 3204 sanctimomiam.
1527 3164 1546 3198 ι
1599 3145 1735 3199 Dum

1920 3173 1998 3213 inn
2028 3157 2334 3213 institutum
2360 3171 2390 3210 a
2416 3156 2772 3226 quorumdam
2801 3155 3028 3210 alterius
3056 3154 3278 3210 Ordinis
3303 3154 3442 3212 reli.

180 3238 276 3298 haec
301 3243 579 3301 scribebat
613 3241 921 3303 Durandns,
967 3238 1232 3294 ﬂorebant
1261 3237 1315 3291 in
1357 3235 1549 3291 ordine
1576 3235 1737 3302 Boso,

180 3334 304 3402 prior
344 3334 675 3397 Carlhusizn,
720 3343 775 3388 et
814 3330 1134 3388 Guillelmus
1180 3330 1249 3385 de
1283 3327 1588 3400 llyporegia
1633 3341 1750 3381 mo-

181 3427 354 3484 nachns
380 3426 651 3497 ejusdem,
681 3426 770 3495 qui
799 3425 962 3480 ambo
1006 3423 1094 3477 vel
1145 3422 1339 3478 saltem
1383 3435 1572 3476 eorum
1609 3419 1750 3474 alter

179 3517 376 3588 hujnsin
403 3521 525 3576 suis
559 3518 780 3588 scriptis
806 3515 1052 3572 historiae
1084 3512 1478 3579 meminerunt,
1536 3520 1599 3566 ut
1622 3525 1748 3567 mox

180 3609 408 3667 dicemus.
431 3611 552 3667 llos
580 3619 752 3674 certe,
782 3622 918 3678 quos
950 3616 1058 3663 tam
1093 3607 1288 3678 dignos
1337 3605 1441 3660 llde
1470 3603 1748 3660 existima-

180 3701 582 3771 hatDurandus,
647 3717 755 3757 non
787 3700 891 3758 sibi
942 3699 1301 3774 persuasisset
1354 3697 1481 3753 huic
1511 3697 1748 3751 anastasi

181 3796 272 3853 sive
296 3805 626 3860 commento,
653 3804 715 3851 ut
736 3794 921 3850 volunt
944 3793 1267 3857 adversarii,
1284 3791 1496 3847 dedisse
1511 3789 1744 3851 initium,

180 3898 223 3942 nt
242 3887 444 3946 Ordinis
473 3890 565 3945 sui
595 3886 864 3944 cunabula
893 3885 1234 3958 turgentibus
1260 3883 1446 3938 buccis
1487 3881 1538 3936 in
1581 3896 1751 3952 popu-

181 3979 245 4036 los
263 3989 655 4052 concreparcnt
675 3995 740 4037 ex
767 3987 876 4034 tam
910 3977 1129 4033 insolito
1147 3975 1414 4047 prodigio.
1455 3974 1560 4030 Sed
1583 3989 1745 4045 quam

179 4073 288 4130 levis
313 4087 366 4132 ct
389 4075 623 4148 puerilis
651 4074 719 4129 sit
744 4071 1052 4143 huiusmodi
1080 4070 1296 4126 vanitas
1319 4111 1333 4134 ,
1363 4083 1462 4140 per
1491 4082 1550 4122 se
1575 4075 1744 4138 patet,

181 4182 280 4236 qua:
299 4170 546 4240 profecto
583 4169 807 4239 priusin
837 4179 934 4221 ore
984 4161 1428 4220 calumniantium
1477 4174 1579 4214 nos
1619 4167 1744 4213 nata

180 4259 279 4327 fait,
308 4281 466 4335 quam
502 4264 560 4318 in
589 4261 755 4317 corde
782 4269 1090 4314 nostrorum
1114 4262 1396 4324 concepta.
1425 4252 1578 4307 Licet
1601 4251 1744 4306 enim

181 4352 296 4408 istud
325 4355 504 4410 fabula
543 4353 824 4417 foret,ant
873 4349 938 4404 ad
992 4347 1231 4403 fabulam
1281 4345 1586 4408 accederet,
1636 4357 1743 4396 non

181 4452 334 4500 tamen
359 4447 545 4500 minus
576 4444 629 4499 in
654 4441 894 4498 Ecclesia
937 4439 1028 4494 Dei
1061 4435 1527 4494 Carthusiensium
1556 4432 1744 4503 religio

1852 3251 2130 3323 giosorum
2163 3245 2452 3304 calumniis
2488 3245 2868 3302 vindicandum
2900 3245 3060 3315 hujus
3109 3245 3328 3303 humilis
3373 3263 3444 3305 as

1851 3343 2020 3399 sancti
2047 3341 2247 3398 silentii
2275 3339 2421 3411 leges
2463 3338 2650 3394 tandiu
2681 3347 2927 3396 servatas
2973 3339 3175 3395 violare
3215 3348 3442 3398 coactus

1851 3431 2062 3498 fuisset,
2088 3430 2234 3487 edito
2265 3437 2497 3486 tractatu
2533 3427 2810 3485 fusissimo
2852 3429 2966 3485 sive
3023 3444 3124 3485 suo
3153 3437 3350 3496 marte,
3379 3437 3444 3486 ut

1849 3525 2074 3595 quidam
2121 3521 2334 3588 volunt,
2388 3521 2502 3576 sive
2543 3535 2643 3576 suo
2688 3520 2886 3592 jussu,
2936 3537 3066 3576 usus
3109 3535 3302 3592 nempe
3347 3537 3444 3578 ca-

1851 3617 1992 3673 lamo
2032 3613 2301 3672 Guillelmi
2351 3615 2418 3672 de
2466 3612 2769 3686 Hyporegia
2833 3611 3242 3671 Carthusiensis
3301 3613 3440 3683 Itali,

1849 3711 1951 3766 viri
1983 3710 2147 3776 docti,
2178 3723 2336 3779 quem
2375 3707 2550 3764 tribus
2585 3708 2807 3764 circiter
2851 3694 2980 3764 ante
3029 3725 3186 3765 suum
3229 3709 3444 3766 obitum

1851 3805 2008 3860 annis
2027 3805 2094 3859 ad
2111 3801 2368 3871 majorem
2394 3794 2738 3856 Ca'rthusiam
2763 3812 3108 3857 evocaverat.

1920 3895 2046 3950 545.
2107 3913 2126 3947 r
2173 3893 2329 3949 Hunc
2379 3901 2671 3948 tractatum
2734 3892 3013 3964 inscripsit
3042 3895 3118 3950 De
3148 3893 3359 3965 origine
3385 3900 3443 3950 et

1850 3989 2080 4045 veritate
2151 3988 2402 4059 perfectae
2452 3987 2730 4056 religionis
2784 3989 2852 4042 ad
2901 3988 3298 4046 defendendum
3353 4005 3444 4046 or-

1849 4081 2028 4135 dinem
2053 4077 2516 4134 Carthnsiensem.
2542 4076 2687 4132 Nihil
2715 4077 2768 4132 in
2792 4092 2858 4133 eo
2885 4079 2952 4134 de
2981 4081 3186 4152 tragico
3207 4079 3444 4137 hominis

1849 4171 2088 4227 damnati
2119 4171 2222 4225 line
2249 4161 2590 4241 cgit'r'nequc
2615 4169 2759 4224 enim
2819 4179 2950 4225 tunc
3007 4172 3267 4241 temporis
3325 4173 3442 4228 haec

1847 4264 2075 4334 qumstio
2089 4272 2234 4317 mota
2257 4259 2457 4331 fuerat)
2473 4261 2594 4325 ,sed
2610 4260 2676 4316 ad
2693 4259 2836 4315 illius
2859 4261 3064 4315 calcem
3087 4260 3256 4315 voluit
3278 4260 3441 4330 adjici

1847 4355 2116 4412 Chronica
2145 4353 2211 4409 de
2241 4352 2464 4409 exordio
2491 4350 2700 4407 ordinis
2733 4350 3159 4417 Carthusicnsis,
3193 4351 3332 4408 hanc
3356 4354 3442 4410 hi-

1847 4447 2075 4504 storiam
2129 4444 2464 4509 enarranlia,
2520 4444 2588 4498 ab
2633 4449 2860 4498 auctore
2908 4443 3099 4498 incerti
3163 4444 3440 4510 nominis,

179 4534 468 4605 haberetur,
507 4554 671 4608 quam
704 4551 892 4591 omnes
931 4541 1136 4590 norunt
1173 4531 1308 4588 satis
1354 4529 1573 4584 aliunde
1615 4527 1744 4582 insi-
1775 4535 1820 4590 D
1846 4537 2088 4610 ejusdem
2120 4545 2301 4592 tamen
2343 4533 2563 4590 Ordinis
2607 4532 2876 4604 professo.
2928 4533 3055 4590 olim
3107 4535 3438 4606 conscripta,

179 4629 347 4691 gnihus
383 4629 714 4700 praefulgere
765 4623 1161 4696 prmrogativis.
1202 4640 1222 4675 ι
1289 4620 1562 4675 Hactenus
1613 4616 1748 4674 Car-

183 4721 438 4780 thasianus
491 4733 682 4779 noster
729 4732 1053 4790 anonymus,
1111 4715 1300 4771 volens
1351 4713 1693 4783 potissimum
1728 4750 1744 4776 ,

181 4812 472 4883 scriptorem
496 4826 852 4883 anonymum,
905 4810 994 4878 qui
1019 4807 1224 4880 primus
1249 4820 1315 4860 ex
1345 4801 1747 4860 Carthusicnsi-

181 4901 263 4958 has
284 4908 646 4978 prodigiosam
679 4903 916 4960 doctoris
954 4898 1278 4956 Parisiensis
1334 4895 1630 4951 anastasitn
1658 4892 1746 4948 lit-

182 4998 291 5054 teris
315 4997 617 5061 mandavit,
638 5004 1001 5064 contextoque
1030 5008 1058 5046 a
1089 5007 1149 5046 se
1177 4991 1475 5061 primorum
1507 4985 1745 5056 quinque

181 5085 457 5146 Carthasim
477 5091 721 5162 priorum
752 5086 1027 5142 Chronico
1057 5083 1306 5145 inseruit,
1353 5079 1633 5150 sexaginta
1652 5086 1749 5132 aut

181 5180 234 5232 ad
255 5199 522 5238 summum
546 5182 820 5259 octoginta
845 5179 1127 5235 dumtaxat
1154 5175 1312 5231 annis
1335 5190 1362 5229 a
1387 5173 1657 5230 sociorum
1683 5168 1744 5224 S.

181 5268 424 5330 iirunonis
453 5275 604 5330 obitu
635 5289 730 5328 seu
756 5269 868 5340 jam
892 5270 1017 5326 inde
1041 5271 1109 5327 ab
1153 5283 1295 5323 anno
1344 5265 1561 5322 circiter
1609 5261 1747 5318 1220

183 5363 420 5434 lloruisse,
457 5382 682 5439 remque
707 5366 775 5422 ab
805 5364 939 5436 ipsis
967 5365 1161 5418 horum
1181 5359 1478 5430 discipulis,
1503 5373 1568 5412 ac
1590 5353 1746 5426 proin

185 5469 238 5511 ex
261 5474 375 5515 vera
408 5458 720 5525 traditione,
753 5475 771 5511 r
799 5471 905 5512 non
951 5471 1016 5512 ex
1048 5455 1258 5510 incerto
1300 5449 1533 5507 credulae
1575 5446 1744 5517 plebis

187 5564 395 5618 rumore,
436 5573 455 5607 ι
491 5551 782 5624 accepisse.

239 5641 353 5699 ΞΗ.
377 5644 744 5705 Ratiocinium
769 5643 874 5698 huc
902 5639 1016 5711 jam
1053 5639 1459 5708 transcriptum.
1495 5651 1603 5706 quo
1629 5635 1746 5690 haec

188 5733 390 5801 Probare
410 5737 804 5796 Carthasianus
831 5744 1017 5795 uoster
1040 5748 1342 5808 auouymus
1368 5731 1581 5799 nititur,
1612 5744 1748 5786 ano-

1848 4645 2008 4701 quem
2039 4635 2325 4699 propterea
2353 4625 2608 4696 anonymi
2632 4625 3036 4695 nuncupatione
3073 4625 3328 4697 deinceps
3350 4626 3445 4682 de-

1847 4721 2206 4791 signabimus.
2241 4717 2420 4774 Unum
2452 4715 2697 4772 codicem
2729 4725 2840 4771 tam
2866 4716 3096 4774 Bosonis
3129 4717 3244 4773 sive
3285 4715 3440 4772 Guil-

1845 4809 1992 4866 lelmi
2023 4809 2089 4864 de
2118 4807 2422 4880 Hyporegia
2446 4814 2764 4872 tractatum,
2811 4821 2993 4880 quem,
3042 4807 3248 4879 praefati
3305 4821 3440 4862 ano-

1845 4899 1990 4973 nymi
2019 4899 2342 4955 Chronicon-
2382 4898 2851 4968 complectentem,
2891 4898 3265 4955 eMontis—Dei
3309 4898 3442 4955 Car-

1847 4991 2023 5048 thusia
2047 4990 2353 5057 habuimus,
2376 4989 2478 5044 sub
2508 4989 2720 5044 initium
2760 4989 2944 5046 saeculi
2991 4990 3174 5060 quarti
3221 4989 3440 5055 decimi,

1848 5086 2016 5142 idest
2036 5085 2179 5140 circa
2203 5083 2367 5139 ﬁnem
2395 5081 2676 5152 regiminis
2697 5081 2926 5138 Bosonis
2951 5092 3258 5149 exaratum,
3290 5090 3348 5136 ut
3370 5096 3436 5138 ex

1849 5176 2166 5234 charactere
2191 5175 2527 5247 colligimus;
2559 5175 2702 5246 quod
2733 5177 2896 5231 etiam
2928 5177 3210 5232 nobiscum
3270 5175 3440 5230 sensit

1849 5269 1933 5324 vir
1960 5268 2179 5338 quidem
2205 5265 2552 5323 doctissimus
2586 5267 2717 5322 etin
2761 5267 3070 5337 hujusmodi
3100 5268 3438 5322 character;-

1850 5358 1954 5414 bns
1984 5355 2410 5420 versatissimns,
2463 5371 2623 5426 quem
2659 5356 2884 5412 Parisiis
2941 5355 3219 5424 cujusdam
3277 5357 3439 5412 amici

1845 5449 2151 5504 interventu
2174 5445 2562 5501 consuluimus.
2611 5447 2745 5503 Cum
2779 5446 2942 5518 igitur
2972 5448 3110 5503 Boso
3138 5447 3316 5503 medio
3342 5463 3440 5503 sa:-

1851 5541 1976 5598 culo
1996 5539 2208 5597 decimo
2235 5538 2394 5594 tertio
2425 5547 2668 5594 nostrum
2699 5541 2978 5610 professus
3004 5540 3075 5597 sit
3107 5541 3438 5607 institutum,

1851 5654 1960 5695 non
1983 5635 2203 5694 dubium
2238 5643 2322 5690 est
2347 5633 2476 5703 quin
2505 5643 2697 5689 auctor
2721 5632 2976 5690 Chronici
3002 5634 3441 5704 anonymusipso

1855 5733 1930 5788 sit
1963 5729 2120 5796 paulo
2153 5725 2463 5798 antiquior;
2497 5724 2640 5795 quod
2669 5725 2836 5782 etiam
2889 5729 3105 5799 probari
3163 5737 3342 5800 petest
3369 5739 3442 5782 ex
