3814 6306
416 403 521 462 εοτ

1202 400 1260 455 S.
1305 400 1651 458 BRUNONIS
1681 399 2330 456 CARTHUSIANORUM
2365 398 2879 460 INSTITUTIORIS

3564 428 3567 431 '
3578 415 3670 473 208

415 519 757 580 bibliothecae
777 517 1100 576 Colbertina:
1127 517 1334 583 codice,
1362 518 1415 572 in
1446 532 1554 588 quo
1590 516 1833 585 ejusdem
1856 516 2024 573 Cbro-
2050 523 2097 578 Α
2122 518 2352 583 sanctis,
2380 532 2613 589 quorum
2636 528 2691 575 et
2714 535 3092 577 successorum
3116 520 3276 579 ﬁdem
3301 526 3433 581 mm;
3460 527 3669 587 faciebat

416 614 526 669 uici
558 610 867 681 exemplum
899 611 1170 681 reperitur
1227 610 1560 678 cxscriptum
1609 620 1736 666 ante
1773 608 2010 663 medium

415 705 542 761 dicti
574 704 755 760 smeuli
780 704 922 757 tertii
955 703 1171 768 decimi,
1195 713 1252 758 ut
1275 717 1373 757 nos
1405 702 1714 772 Stephanus
1734 700 2005 764 Baluzius,

415 798 499 853 vir
521 796 770 854 doctrina
802 796 1142 852 clarissimus
1169 804 1222 849 et
1247 796 1312 851 de
1364 796 1556 865 quovis
1589 796 1725 849 bene
1762 793 2008 848 merendi

413 888 864 949 studiosissimus,
909 901 1005 957 per
1035 886 1244 941 litteras
1273 887 1356 941 his
1394 886 1572 941 verbis
1625 884 1961 940 commonuit
1992 901 2004 938 :

419 996 437 1028 ε
476 976 534 1030 ln
556 978 749 1033 codice
784 978 923 1033 5806
947 985 1028 1031 est
1056 979 1302 1046 quaedam
1327 975 1502 1029 tabula
1527 974 1812 1029 continens
1831 973 2005 1043 capita

418 1085 437 1118 ι
479 1084 528 1121 LI
556 1069 625 1123 de
653 1069 988 1137 perfectione
1016 1079 1069 1124 et
1088 1068 1385 1138 privilegiis
1413 1066 1632 1121 Ordinis
1657 1065 2008 1121 Carthusien-

416 1176 434 1207 ‹
469 1158 566 1213 sis.
592 1157 1083 1228 Estimperfectaet
1102 1160 1288 1229 incipit
1312 1160 1363 1212 in
1385 1158 1561 1228 capite
1586 1158 1890 1213 xanodex
1922 1159 2007 1215 ille

413 1268 433 1302 ι
463 1260 545 1307 est
575 1267 674 1306 cut.
700 1268 990 1319 annorum,
1013 1274 1029 1306 ι
1069 1255 1117 1307 id
1148 1263 1230 1308 est
1259 1254 1402 1307 circa
1417 1268 1618 1307 annum
1646 1253 1800 1307 l'ZiO.
1829 1255 2008 1308 «Con-

413 1361 432 1390 ‹
466 1343 600 1397 tinet
623 1343 920 1399 chronicon
951 1345 1018 1399 de
1050 1344 1273 1398 exordio
1296 1342 1519 1400 Ordinis
1555 1344 1960 1399 Carthusiensis
1982 1363 2000 1395 ι

409 1433 523 1503 (Sic
552 1434 718 1489 etiam
745 1435 798 1488 in
832 1446 1020 1490 nostro
1049 1436 1238 1491 codice
1290 1435 1633 1506 inscribitur)
1691 1455 1711 1487 ‹
1736 1451 1906 1505 usque
1937 1437 2002 1489 ad

414 1545 433 1577 ι
471 1541 673 1583 annum
717 1528 875 1593 H57,
920 1544 1029 1598 quo
1061 1530 1199 1583 obiit
1254 1528 1448 1599 Guigo.
1501 1528 1707 1583 Deinde
1761 1529 2006 1597 sequitur

412 1639 430 1669 ι
463 1618 772 1675 Bcrnardns
819 1622 885 1675 de
926 1621 1407 1691 contemplatione.
1466 1622 1695 1691 Incipit:
1735 1619 1869 1675 Cum
1917 1622 2005 1677 die

412 1727 430 1759 ι
460 1710 713 1778 quodam.
736 1729 755 1761 ι
776 1711 1097 1766 Verosimile
1119 1721 1223 1777 est,
1246 1713 1617 1781 apographum
1647 1712 1789 1767 istud
1804 1728 1867 1766 ex
1888 1711 2004 1782 ipso

407 1818 427 1852 ι
466 1802 863 1875 authographo,
893 1824 912 1857 ι
941 1806 1083 1874 quod
1111 1806 1271 1859 modo
1294 1806 1471 1874 periit,
1496 1825 1513 1858 ι
1540 1820 1857 1875 expressum
1874 1804 2004 1859 fuis-

2112 610 2419 667 Guilelmus
2444 611 2754 679 Durandus,
2785 613 2964 684 magni
2989 614 3225 671 nominis
3271 626 3475 682 auctor,
3526 630 3581 676 ut
3622 622 3670 679 in

2114 700 2529 770 Speculojuris,
2561 704 2703 772 quod
2730 704 2972 761 Adriano
3010 706 3051 760 ι’
3091 721 3158 762 eo
3190 716 3427 777 tempore
3467 711 3669 779 ditavit,

2110 807 2217 861 quo
2243 792 2403 863 primi
2432 793 2701 850 florebant
2732 794 2893 866 hujus
2922 797 3166 852 historiae
3193 799 3505 869 scriptores,
3556 817 3670 859 cet.-

2111 885 2283 937 sucrit
2331 885 2570 955 regulam
2593 886 2758 953 juris,
2788 902 2892 956 qua
2928 888 3129 942 nemini
3160 887 3285 943 licet
3315 890 3367 944 in
3400 906 3492 946 sua
3523 910 3670 951 causa

2113 974 2481 1030 testimonium
2505 976 2707 1042 dicere,
2743 993 2850 1033 non
2880 979 3083 1036 habere
3128 979 3306 1035 locum
3355 982 3409 1036 in
3457 984 3671 1042 Carthu-

2110 1064 2385 1121 siensibus
2409 1076 2465 1121 et
2487 1065 2942 1126 Cisterciensibus
2966 1080 3189 1141 propter
3244 1090 3430 1131 eorum
3486 1081 3670 1135 sancti-

2109 1156 2365 1211 moniam.
2392 1158 2499 1214 llos
2529 1170 2676 1215 certe
2698 1177 2833 1231 quos
2857 1171 2962 1216 tam
2988 1165 3177 1235 dignos
3204 1165 3307 1223 fide
3348 1169 3671 1239 existimabat

2110 1249 2393 1306 Durandus
2422 1292 2435 1317 ,
2486 1267 2592 1307 non
2642 1254 2746 1310 sibi
2796 1257 3155 1325 persuasisset
3219 1257 3377 1327 lmjus
3426 1263 3670 1318 anaslasis

2108 1342 2430 1409 narrationi,
2462 1344 2505 1397 si
2536 1355 2899 1401 commentum
2932 1346 3145 1414 fuisset,
3179 1360 3239 1403 ut
3263 1350 3447 1405 volunt
3495 1354 3669 1407 adver-

2107 1433 2260 1499 sarii,
2288 1433 2501 1488 dedisse
2530 1434 2765 1502 initium,
2795 1445 2855 1490 ut
2887 1435 3110 1494 Ordinis
3130 1439 3211 1494 sui
3240 1439 3551 1496 incunabula
3572 1453 3669 1496 tur-

2109 1525 2359 1595 gentibus
2414 1526 2602 1582 buccis
2651 1528 2706 1582 in
2750 1529 2977 1599 populos
3008 1530 3424 1586 disseminarent
3468 1549 3529 1587 ex
3571 1543 3669 1588 tam

2109 1614 2324 1669 insolito
2354 1618 2621 1688 prodigio.
2646 1634 2710 1673 ex
2749 1635 2881 1690 quo,
2908 1620 3022 1676 sive
3077 1636 3289 1685 verum,
3352 1624 3464 1678 sive
3495 1625 3667 1680 falsum

2106 1715 2269 1771 esset,
2295 1708 2427 1762 nihil
2452 1718 2631 1765 tamen
2664 1711 2850 1781 gloria:
2880 1722 2974 1767 aut
3017 1713 3321 1779 dedecoris,
3364 1716 3493 1770 nihil
3541 1717 3673 1770 utili-

2110 1797 2233 1853 tatis
2268 1808 2361 1851 aut
2395 1799 2576 1854 damni
2615 1816 2725 1855 suae
2747 1802 3018 1873 religioni,
3049 1792 3183 1860 satis
3203 1805 3419 1861 abunde
3467 1807 3670 1877 insigni-

414 1906 436 1946 t
474 1908 551 1955 se,
577 1905 631 1949 et
660 1910 688 1947 a
717 1896 950 1964 quodam
979 1911 1044 1949 ex
1067 1895 1255 1965 primis
1281 1896 1584 1951 (Jarthusiae
1619 1894 1944 1951 Parisiensis
1971 1911 1989 1949 ί

2108 1891 2205 1944 bus
2232 1890 2572 1961 praefulgenti
2606 1893 2823 1963 pietatis
2848 1896 3242 1966 prmrogativis,
3308 1897 3549 1953 conferre
3575 1915 3670 1968 po-

407 2002 428 2036 ι
461 1985 651 2054 majori
679 1986 968 2042 Carthusia
994 1986 1119 2042 illuc
1148 1986 1393 2049 allatum,
1418 1987 1560 2056 quod
1585 1998 1771 2057 postea
1807 1986 1999 2040 biblio-

408 2093 429 2127 ι
469 2079 641 2133 theme
688 2078 969 2146 Thuanaz,
1025 2081 1239 2135 tandem
1289 2080 1615 2137 Colbertina:
1667 2082 1999 2153 adscriptum

406 2189 427 2224 ι
463 2172 584 2229 fuit.
630 2192 649 2226 ι

477 2265 600 2319 546.
650 2286 667 2317 ι
706 2269 840 2322 Cum
874 2268 1038 2339 igitur
1067 2268 1157 2324 hic
1196 2280 1497 2341 anonymus
1519 2284 1673 2323 suum
1694 2268 2001 2325 Chronicon

400 2356 689 2426 scripserit
718 2358 864 2412 circa
894 2358 975 2414 vel
1000 2368 1124 2414 ante
1150 2358 1308 2424 1240,
1341 2360 1515 2430 potuit
1538 2361 1760 2415 ineunte
1809 2362 1999 2416 eodem

399 2448 601 2504 saeculo
635 2448 751 2505 fieri
784 2452 1112 2516 monachus,
1157 2460 1211 2507 et
1264 2453 1467 2508 idcirco
1520 2452 1663 2507 hanc
1715 2452 2000 2508 historiam

399 2540 653 2610 accipere
689 2543 757 2597 ab
788 2542 1186 2611 antiquioribus
1209 2541 1477 2609 Patribus,
1507 2545 1597 2614 qui
1630 2545 1817 2599 eodem
1862 2554 2002 2600 tcm~

399 2643 530 2698 pore
559 2632 883 2700 superstites
911 2642 1090 2699 erant,
1116 2649 1179 2687 ex
1210 2634 1408 2704 quibus
1428 2634 1690 2704 quosdam
1721 2634 1996 2689 sociorum

400 2724 576 2778 sancti
602 2722 897 2787 Brunonis,
929 2734 983 2778 et
1011 2740 1134 2780 cum
1166 2740 1232 2780 eo
1254 2727 1421 2781 nostri
1453 2725 1716 2795 propositi
1741 2724 2003 2778 fundato-

398 2831 519 2869 rum
550 2816 848 2886 discipulos
875 2816 1042 2874 fuisse
1070 2828 1307 2883 constat,
1335 2828 1395 2873 ut
1438 2817 1660 2873 fuerunt
1706 2817 1769 2873 Β.
1819 2818 2001 2873 Artal-

360 2901 364 2905 ’
396 2907 517 2975 dus,
544 2910 661 2980 qui,
695 2919 917 2980 regente
963 2911 1212 2966 ordinem
1241 2921 1434 2967 sancto
1462 2912 1757 2969 Anthelmo
1780 2955 1794 2978 ,
1850 2916 2000 2985 prior

395 3001 591 3055 domus
613 3002 857 3057 Arverite
899 3000 1123 3059 effectus
1181 3012 1281 3064 est,
1342 3012 1398 3059 et
1450 3003 1647 3059 deimlc
1683 3004 1998 3062 Bellicensis

393 3093 703 3164 episcopus,
733 3094 1078 3165 tandemque,
1112 3095 1380 3150 abdicatis
1410 3093 1619 3159 infulis,
1653 3096 1819 3153 vitam
1869 3112 1995 3167 pro-

393 3186 562 3240 traxit
585 3185 650 3239 ad
674 3200 875 3240 annum
901 3186 1064 3252 1206,
1088 3201 1196 3256 quo
1226 3188 1549 3245 centenario
1585 3187 1758 3257 major
1779 3189 1829 3242 in
1860 3189 1995 3244 cella

392 3274 668 3339 occubuit,
692 3284 747 3330 et
772 3274 1062 3345 Aynardus
1091 3290 1414 3341 conversus,
1442 3275 1664 3344 Majoris
1689 3276 1990 3333 Cartlmsiae

392 3361 696 3436 professus,
725 3364 792 3418 de
822 3379 931 3434 quo
955 3380 1042 3419 res
1067 3365 1343 3419 mirabiles
1384 3375 1679 3421 narrantur
1725 3366 1779 3421 in
1809 3367 1989 3421 sancti

392 3454 636 3526 Hugonis
680 3453 1077 3510 Lincolniensis
1129 3454 1286 3521 Vita,
1343 3454 1434 3510 ubi
1491 3463 1548 3510 et
1596 3455 1800 3512 dicitur
1856 3470 1988 3510 sana

398 3559 582 3607 mente
611 3550 815 3606 obiisse
862 3550 1037 3606 relatis
1067 3565 1179 3604 suae
1215 3565 1358 3604 anno
1387 3550 1686 3606 centesimo
1720 3550 1987 3622 vigesimo

392 3650 572 3706 sexto,
597 3648 833 3711 quatuor
854 3641 1079 3697 circiter
1099 3650 1222 3711 post
1248 3640 1305 3696 S.
1342 3640 1621 3712 Hugonem
1649 3643 1831 3707 annis,
1883 3642 1989 3698 sci-

390 3733 519 3790 licet
549 3732 694 3788 circa
729 3731 887 3787 12οε4.
922 3732 1074 3799 Quod
1108 3733 1197 3786 vix
1218 3731 1367 3788 credi
1397 3741 1619 3802 posset,
1672 3732 1775 3788 nisi
1805 3734 1894 3803 qui
1928 3735 1991 3789 il-

391 3823 504 3876 lum
539 3822 813 3893 cognovit,
842 3822 892 3876 id
916 3822 1135 3893 scriptis
1159 3822 1512 3887 asseruisset,
1544 3831 1603 3877 nt
1635 3838 1735 3879 suo
1786 3821 1906 3879 loco
1936 3824 1987 3878 in

389 3912 697 3968 Annalibus
733 3911 996 3968 dicemus.
1054 3910 1166 3969 Hos
1220 3912 1361 3968 inter
1388 3914 1742 3969 annumerari
1793 3915 1989 3972 merito

390 4003 939 4075 possuntveneramli
979 4004 1139 4074 plane
1192 4020 1351 4061 senes
1400 4006 1565 4072 ano,
1629 4006 1687 4062 S.
1749 3990 1990 4079 liugonis

388 4094 807 4161 Lincolniensis,
834 4095 886 4150 in
909 4094 1297 4151 Withamiensi
1319 4095 1566 4166 prioratu
1600 4109 1905 4162 successor,
1925 4097 1989 4152 li—

388 4186 648 4242 eetannis
672 4186 726 4241 in
747 4184 948 4242 Ordine
966 4185 1258 4241 transactis
1278 4184 1449 4242 multo
1463 4185 1635 4255 major
1648 4181 1985 4252 Jancelinus,

386 4276 478 4347 qui
512 4286 739 4331 matrem
766 4274 1112 4332 Carthusiam
1140 4285 1197 4331 et
1215 4285 1387 4330 totum
1412 4276 1656 4332 ordinem
1685 4261 1845 4347 patilo
1867 4287 1991 4348 post

386 4366 668 4433 Basiliam,
698 4365 755 4421 S.
778 4364 1055 4421 Antbelmi
1087 4380 1462 4422 successorem
1491 4404 1507 4430 ,
1567 4366 1848 4436 sexaginta
1877 4365 1989 4423 fere

386 4459 544 4513 annis
559 4459 872 4513 moderatus
886 4466 1001 4525 est;
1022 4456 1328 4522 Guifridus,
1345 4456 1653 4513 Carthusire
1668 4472 1984 4524 conversus,

2108 1988 2313 2047 terant;
2346 1997 2445 2036 nec
2475 1984 2857 2051 credidissent,
2919 1995 2978 2040 nt
3033 1987 3332 2054 exprobrat
3393 1986 3666 2049 Launoius.

2104 2086 2212 2125 non
2237 2073 2369 2125 satis
2392 2072 2651 2128 illustrem
2674 2073 2949 2131 Brunonis
2978 2076 3284 2141 historiam,
3318 2092 3435 2146 qua:
3456 2076 3562 2145 jam
3589 2077 3668 2131 illo

2104 2171 2299 2216 eventu
2331 2172 2563 2218 careret.
2595 2163 2651 2218 Si
2674 2164 2816 2219 enim
2846 2176 2954 2220 tam
2989 2166 3110 2236 ipsi,
3151 2181 3319 2235 quam
3363 2182 3541 2221 eorum
3586 2182 3668 2236 pn-

2103 2255 2257 2321 stcri,
2283 2255 2563 2322 amabant,
2622 2264 2679 2311 ttt
2716 2257 2936 2327 quidam
2986 2256 3335 2327 (Colutubins
3383 2260 3576 2314 scilicet
3620 2259 3665 2312 in

2104 2361 2199 2401 sua
2223 2346 2289 2401 de
2315 2347 2797 2404 Carthusianorum
2825 2348 2991 2403 initiis
3016 2349 3403 2405 Dissertatione
3432 2349 3664 2412 num.20)

2110 2451 2209 2506 pro
2235 2437 2390 2493 nobis
2437 2438 2769 2504 observavit,
2817 2440 3289 2509 qumritabantqne
3331 2440 3569 2505 illustria,
3619 2446 3666 2492 et

2103 2528 2171 2581 ad
2207 2527 2389 2599 populi
2421 2528 2834 2584 admirationem
2865 2530 3056 2583 idonea
3085 2528 3271 2584 dicere
3316 2528 3381 2583 de
3414 2528 3665 2593 Brunonc,

2102 2619 2346 2690 profecto
2369 2620 2525 2691 longe
2553 2621 2903 2676 illustriorem
2929 2621 3190 2676 fecissent
3222 2620 3401 2676 Vitam
3454 2620 3566 2689 ejus
3616 2626 3666 2673 ct

2104 2713 2342 2768 maxime
2401 2713 2469 2767 ad
2530 2712 2723 2784 vulgus
2771 2714 3190 2768 admirationem
3247 2710 3663 2783 suspendendum

2103 2814 2305 2876 aptam,
2336 2805 2380 2860 si
2407 2821 2525 2875 quze
2554 2806 2621 2861 de
2643 2803 2830 2870 Paulo,
2848 2806 3083 2865 Antonio
3112 2805 3364 2877 aliisque,
3387 2819 3476 2861 seu
3501 2817 3667 2859 mona-

2102 2896 2219 2952 chis
2251 2912 2346 2952 seu
2370 2897 2739 2961 anachoretis,
2757 2897 3172 2967 antiquioribus,
3188 2896 3436 2965 legimus,
3450 2892 3664 2950 aliiuxis-

2102 2998 2223 3045 sent
2250 2990 2486 3045 Brunoni
2518 2999 2573 3045 et
2595 2990 2761 3045 sociis
2788 2989 2925 3058 ejus.
2955 2994 3025 3044 At
3050 2990 3173 3052 viri,
3224 2990 3470 3044 veritatis
3500 3003 3666 3041 aman-

2103 3094 2181 3139 tes
2207 3098 2271 3139 ac
2298 3083 2475 3139 omnis
2504 3082 2741 3138 tictionis
2762 3097 2971 3149 osores,
3000 3082 3254 3152 ingenue,
3286 3080 3426 3151 quod
3451 3095 3479 3134 a
3500 3077 3664 3134 Patri-

2100 3175 2202 3230 bus
2241 3175 2545 3240 audierant,
2570 3175 2636 3230 de
2666 3174 2921 3230 Brunone
2945 3185 3314 3229 narraverunt
3353 3174 3502 3243 juxta
3548 3168 3664 3226 illud

2100 3265 2301 3337 Moysis
2335 3284 2348 3320 :
2388 3283 2407 3317 ι
2439 3265 2715 3337 Interroga
2764 3275 2977 3336 patrem
3033 3275 3183 3320 tuum
3247 3275 3307 3322 et
3345 3262 3665 3319 annuntiabit

2097 3377 2116 3409 ι
2152 3358 2272 3422 tibi,
2297 3359 2530 3429 majores
2561 3368 2683 3413 tuos
2712 3368 2766 3413 et
2793 3359 2973 3414 dicent
3003 3358 3119 3414 tibi.
3166 3376 3186 3410 ι

2162 3447 2287 3505 348.
2326 3469 2344 3501 ι
2376 3448 2561 3517 Itaque
2586 3464 2708 3503 cum
2753 3458 2936 3505 noster
2985 3463 3295 3519 anonymus
3343 3448 3479 3504 banc
3508 3446 3662 3500 histo-

2093 3538 2229 3594 riam
2275 3539 2631 3609 exscripserit
2676 3553 2739 3593 ex
2773 3555 2870 3595 ore
2896 3540 3261 3606 narrantium,
3300 3542 3388 3611 qui
3422 3536 3665 3593 Brunonis

2092 3632 2272 3687 socios
2293 3642 2575 3696 noverant,
2608 3632 2693 3687 vel
2722 3632 2913 3687 saltem
2946 3633 3259 3689 institutum
3290 3644 3526 3688 nostrum
3554 3642 3663 3700 pro-

2093 3723 2216 3778 fessi
2248 3722 2463 3779 fuerant
2486 3732 2612 3779 ante
2651 3723 2909 3780 smculum
2946 3723 3163 3779 tertium
3194 3724 3486 3789 decimum,
3519 3721 3566 3777 id
3589 3727 3664 3774 est

2092 3815 2319 3871 durante
2349 3815 2524 3883 primo
2548 3812 2766 3872 Ordinis
2794 3816 2963 3871 nostri
2994 3815 3213 3881 saeculo,
3269 3816 3395 3871 hinc
3419 3812 3661 3884 sequitur.

2090 3906 2440 3963 traditionem
2480 3908 2641 3961 istam
2676 3907 2818 3961 ultra
2862 3908 3145 3979 sexaginta
3197 3916 3293 3962 aut
3346 3903 3662 3978 septuaginta

2092 4006 2215 4065 post
2237 3995 2597 4069 quorumdam
2631 4014 2697 4051 ex
2724 3998 2896 4052 nostri
2923 3996 3145 4052 Ordinis
3165 3999 3480 4054 auctoribus
3529 4007 3663 4050 mor-

2093 4094 2200 4141 tem
2228 4102 2399 4142 annos
2431 4087 2757 4142 auctoritate
2790 4089 3078 4159 scriptura:
3110 4103 3218 4143 non
3247 4089 3511 4153 caruisse;
3535 4080 3662 4154 quod

2090 4177 2179 4232 vix
2206 4178 2446 4247 reperire
2481 4189 2563 4233 est
2594 4178 2648 4232 in
2687 4178 2869 4234 multis
2914 4189 3114 4234 sancta:
3149 4178 3406 4234 Ecclesire
3436 4175 3662 4232 traditio-

2089 4272 2273 4327 nibus.
2304 4269 2447 4337 Quot
2471 4271 2616 4325 enim
2669 4270 2843 4342 (extra
2874 4286 3092 4328 omnem
3123 4272 3576 4342 comparationem
3597 4267 3664 4321 lo-

2089 4361 2248 4431 quor)
2276 4368 2586 4431 quantaque
2607 4358 2845 4427 fuerunt,
2879 4377 2984 4416 non
3030 4362 3202 4416 solum
3232 4378 3331 4433 per
3357 4376 3537 4424 unum,
3580 4354 3662 4412 sed

2090 4469 2188 4524 per
2214 4453 2340 4519 duo,
2371 4454 2471 4508 tria
2502 4462 2556 4508 et
2585 4439 2764 4509 adhuc
2797 4454 2950 4527 plura
2976 4453 3173 4511 saecula
3204 4457 3275 4511 ab
3310 4452 3545 4510 Ecclesia
3564 4463 3666 4505 cre-

385 4550 501 4619 qui,
531 4565 676 4604 anno
708 4549 845 4603 1212
875 4550 1269 4621 sexagenarius
1304 4549 1360 4606 in
1391 4548 1618 4618 Ordine,
1651 4558 1883 4631 testatus
1904 4559 1985 4607 est
2018 4581 2066 4641 υ
2091 4545 2225 4609 dita,
2254 4545 2421 4612 culta,
2452 4554 2689 4610 servata,
2721 4547 3030 4612 observata,
3054 4562 3176 4617 qua;
3220 4547 3335 4603 sola
3371 4544 3662 4641 traditionet

387 4640 709 4709 quihusdam
751 4639 803 4693 in
836 4639 1056 4705 litteris,
1080 4656 1139 4696 se
1168 4640 1367 4697 vidisse
1412 4640 1636 4697 fratrem
1681 4622 1986 4707 Olmarnm,

384 4729 564 4801 Magni
595 4728 865 4800 Guigonis
900 4738 1148 4801 tempore
1171 4747 1517 4800 conversum,
1568 4743 1625 4789 et
1656 4734 1748 4804 qui
1795 4733 1985 4805 procul

385 4820 549 4876 dubio
583 4822 850 4890 quosdam
884 4835 953 4876 ex
986 4832 1195 4892 septem
1224 4823 1445 4881 Ordinis
1489 4825 1870 4882 fundatorlbus
1893 4842 1989 4881 no-

385 4920 563 4966 verat.
597 4912 681 4966 Ab
722 4912 807 4966 his
839 4913 1003 4983 igitur
1030 4923 1087 4969 et
1124 4914 1448 4984 quibusdam
1478 4915 1599 4972 aliis
1627 4917 1871 4986 ejusdem
1925 4917 1987 4972 ft-

384 5001 467 5056 dei
496 5011 551 5055 et
574 5002 921 5058 auctoritatis
952 5004 1235 5059 monachis
1263 5004 1406 5061 hanc
1431 5005 1717 5061 historiam
1785 5015 1979 5063 noster

385 5109 713 5164 annnyntus,
747 5104 844 5149 aut
864 5107 1039 5162 certe,
1063 5096 1156 5166 qui
1182 5111 1303 5153 eam
1327 5098 1429 5168 ipsi
1456 5098 1763 5169 Bosonique
1791 5109 1846 5155 et
1870 5114 1986 5169 ejus

385 5186 690 5241 coaetaneis
720 5186 1042 5252 retulerunt,
1072 5187 1255 5257 potius
1297 5198 1644 5259 acceperant,
1701 5204 1863 5259 quam
1917 5206 1985 5246 ex

381 5274 595 5335 incerto
618 5278 856 5335 credulae
884 5279 1058 5349 plebis
1087 5294 1329 5348 rumore,
1370 5288 1429 5336 et
1474 5283 1831 5352 quorumdam
1890 5297 1983 5338 re-

382 5370 685 5428 centiornm
712 5371 933 5440 fabulis,
968 5383 1029 5429 ut
1047 5371 1252 5442 objecit
1282 5375 1581 5432 Launoius.

451 5465 577 5521 347.
608 5466 762 5523 Unde
789 5468 955 5530 enim,
985 5482 1195 5538 quaeso,
1228 5477 1360 5525 tunc
1389 5470 1652 5541 temporis
1677 5469 1768 5526 ille
1794 5470 1978 5526 incer-

381 5566 471 5615 tus
490 5573 679 5615 rumor
704 5560 909 5617 nostris
930 5560 1192 5618 claustris
1239 5561 1476 5633 dispergi
1526 5564 1737 5634 potuit?
1787 5561 1979 5620 Nonne

377 5635 562 5723 potius
588 5664 657 5706 ex
684 5649 878 5707 iisdem
926 5650 1185 5708 claustris
1237 5651 1395 5723 longe
1449 5652 1666 5723 lateque
1715 5652 1975 5724 paulatim

379 5739 608 5798 dimisus
634 5742 803 5800 fuisse
829 5742 1093 5800 dicendus
1113 5754 1217 5810 est,
1248 5754 1304 5799 et
1327 5744 1546 5812 quidem
1574 5745 1642 5801 ab
1695 5743 1827 5813 ipsis
1854 5744 1973 5813 pri—

376 5851 589 5894 morum
610 5835 833 5894 Patrum
864 5836 1118 5904 alumnis,
1150 5836 1281 5892 viris
1305 5835 1494 5907 utique
1548 5836 1887 5909 gravissimis
1917 5844 1973 5891 et

2092 4635 2310 4705 scriptis
2365 4635 2602 4690 nondum
2654 4634 2891 4701 ﬁrmata,
2954 4636 3306 4691 nitebantur?
3346 4635 3496 4692 Unde
3539 4627 3663 4687 nihil

2092 4729 2276 4785 hostes
2299 4726 2417 4797 ejus
2446 4727 2773 4792 habuerunt,
2798 4772 2805 4777 .
2828 4745 2927 4783 nec
2960 4729 3117 4784 hodie.
3151 4730 3353 4785 habent
3379 4725 3660 4796 antiquius,

2090 4837 2251 4892 quam
2283 4821 2453 4891 ipsius
2481 4823 2803 4893 impugnare
2859 4823 3202 4878 traditiones.
3251 4823 3459 4890 Quibus
3510 4819 3660 4875 etiam

2089 4915 2258 4969 armis
2297 4923 2487 4969 contra
2520 4928 2623 4969 nos
2653 4914 2937 4983 potissime
2971 4929 3101 4969 usus
3141 4924 3226 4969 est
3272 4914 3559 4975 Launoius,
3609 4917 3661 4961 ut

2088 5014 2273 5075 postea
2304 5005 2626 5060 videbimus.
2664 5025 2682 5058 ι
2728 5004 3004 5060 Hactenus
3035 5017 3226 5062 auctor
3244 5001 3658 5077 anonymnslan—

2087 5098 2267 5161 datus,
2304 5106 2417 5152 toto
2446 5113 2545 5153 suo
2570 5097 2858 5154 ratiocinio
2888 5098 2991 5153 huc
3014 5096 3127 5166 jam
3160 5099 3488 5166 transcripta
3513 5092 3661 5165 potis-

2087 5188 2286 5243 simum
2313 5199 2591 5260 spectans,
2622 5199 2680 5244 ut
2715 5191 2960 5255 suadeat,
3015 5204 3346 5260 anonymum
3381 5185 3657 5259 primorum

2084 5281 2325 5352 quinque
2354 5278 2657 5337 Cartlmsia:
2683 5281 2924 5351 priorum
2950 5280 3207 5336 Chroniei
3236 5289 3529 5341 auctorem,
3577 5268 3657 5340 qui

2084 5376 2293 5445 primus
2325 5374 2633 5432 Parisiense
2663 5375 2905 5431 doctoris
2936 5375 3204 5444 tantisper
3245 5371 3468 5429 redivivi
3505 5377 3657 5434 εειιιιθ

2082 5470 2397 5525 damnatum
2430 5470 2645 5541 publice
2695 5467 2976 5524 vociferati
3026 5466 3330 5538 prodigium
3375 5465 3428 5519 in
3468 5462 3657 5516 litteras
3746 5482 3747 5493 ι

2081 5558 2251 5624 misit,
2281 5560 2528 5615 hausisse
2559 5560 2611 5614 id
2639 5574 2736 5614 seu
2767 5557 3102 5613 intellexisse
3159 5572 3228 5612 ex
3286 5555 3420 5625 ipsis
3471 5550 3655 5623 primo-

2080 5669 2199 5708 rum
2222 5652 2280 5707 S.
2311 5651 2583 5708 Brunonis
2604 5652 2876 5707 sociorum
2902 5649 3200 5720 discipulis,
3258 5657 3356 5701 aut
3407 5652 3547 5701 certe
3593 5648 3651 5690 ει
3742 5674 3743 5705 ι

2078 5741 2318 5810 ejusdem
2352 5741 2589 5796 instituti
2618 5740 2924 5806 monachis,
2955 5739 3049 5809 qui
3097 5738 3227 5793 illud
3248 5752 3316 5793 ex
3346 5735 3491 5790 hisce
3511 5726 3650 5784 audi-
3740 5760 3741 5811 ᾖ

2077 5844 2300 5904 verant;
2332 5835 2473 5904 quod
2519 5842 2852 5904 postremum
2881 5833 3145 5888 duntaxat
3176 5828 3311 5887 velle
3345 5826 3550 5884 videtur
3570 5831 3648 5875 η·
3710 5880 3715 5885 ,
