3814 6306
158 338 243 394 209

159 449 353 509 tiocinio
373 463 472 505 suo
501 448 701 520 pariter
724 455 835 504 huc
880 460 991 521 jam
1050 448 1381 521 transcripto
1424 448 1711 505 Annalium
1744 461 1795 519 Α

159 542 594 600 Carthusiensium
644 541 768 597 libri
824 541 1006 611 quarti
1043 542 1308 597 hactenus
1358 557 1465 597 non
1512 540 1712 613 vulgati

159 646 340 691 auctor.
383 634 557 689 Ambo
598 647 751 698 sane,
804 644 863 689 ut
896 634 1221 689 alterutrum
1264 634 1548 699 suadeant,
1606 648 1715 687 non

158 726 401 782 immerito
424 725 696 780 laborant.
726 724 878 792 Quod
911 726 955 780 si
988 725 1135 780 enim
1162 723 1389 780 feralem
1432 723 1714 779 historiam

157 829 235 874 aut
260 833 554 889 anonymus
576 817 873 889 primorum
923 818 1166 887 quinque
1216 814 1523 873 Carthusia:
1565 816 1717 886 prio-

158 924 257 964 rum
283 917 486 973 auctor,
516 908 719 979 autqui
750 907 876 964 huic
901 908 1045 962 illam
1096 916 1414 974 narrarunt,
1462 921 1493 962 e
1542 906 1720 962 socio-

159 1017 255 1056 rum
284 1000 338 1058 S.
374 1000 650 1056 Brunonis
692 1001 972 1072 discipulis
1020 1002 1314 1068 audierint,
1358 1003 1481 1072 quis
1529 1001 1717 1057 falsam

156 1109 253 1149 eam
279 1094 630 1164 pronuntiare
662 1093 819 1149 facile
847 1094 1083 1148 audeat?
1125 1091 1324 1148 Verum
1360 1093 1451 1163 qui
1510 1108 1717 1164 anony-

157 1200 278 1239 mum
300 1184 596 1256 primorum
614 1185 851 1255 quinque
876 1183 1178 1240 Carthusize
1197 1184 1441 1255 priorum
1463 1182 1720 1240 Chronici

156 1289 403 1335 auctorem
428 1293 461 1333 e
492 1279 721 1349 probato
751 1277 888 1334 adeo
945 1278 1096 1335 fonte
1144 1279 1517 1335 narrationem
1565 1294 1718 1335 suam

156 1365 393 1432 hausisse,
424 1366 704 1436 probant?

211 1456 318 1513 519.
352 1475 372 1510 ί
406 1455 547 1512 Cum
583 1457 772 1529 igitur,
805 1476 824 1509 ι
858 1455 1035 1527 inquit
1068 1464 1338 1513 tractatus
1369 1456 1437 1511 de
1469 1455 1527 1511 S.
1586 1455 1725 1511 Bru-

157 1561 274 1602 none
300 1560 327 1601 a
351 1544 611 1602 Patribus
638 1546 1016 1602 Carthusianis
1039 1544 1316 1615 hujatibus
1337 1562 1550 1603 mecum
1578 1564 1725 1605 com-

156 1637 387 1692 municati
423 1645 643 1702 auctor,
679 1638 809 1693 «hic
836 1654 1143 1711 anonymus
1199 1638 1521 1709 (primorum
1571 1640 1722 1695 scili-

159 1728 479 1800 cetquinque
507 1729 819 1785 Carthusize
865 1732 1107 1800 priorum
1164 1730 1419 1787 Chronici
1470 1731 1724 1803 scriptor)

159 1840 286 1879 suum
310 1825 619 1881 Chronicon
649 1826 930 1895 scripserit
957 1825 1103 1880 circa
1142 1824 1224 1880 vel
1253 1833 1381 1880 ante
1434 1824 1593 1888 1210,
1623 1841 1723 1896 po-
1755 1810 1799 1870 Β

160 1916 241 1969 tuit
267 1916 478 1972 ineunte
492 1916 708 1978 .eodem
732 1915 931 1973 saeculo
959 1916 1075 1972 fieri
1106 1902 1402 1971 monachus
1422 1924 1477 1970 et
1525 1916 1729 1972 ideirco

160 2005 274 2061 hanc
292 2005 577 2062 historiam
610 2006 858 2075 accipere
891 2006 957 2060 ab
1006 2004 1408 2074 antiquioribus
1454 2003 1727 2071 Patrihus,

163 2096 236 2164 qui
272 2099 452 2153 eodem
502 2106 752 2169 tempore
799 2098 1121 2169 superstites
1165 2106 1323 2152 erant
1356 2138 1377 2165 ,
1424 2112 1492 2152 ex
1534 2098 1730 2169 quibus

162 2189 386 2259 quosdam
414 2190 697 2246 sociorum
729 2191 903 2245 sancti
933 2189 1203 2245 Brunonis
1226 2200 1422 2246 etcum
1469 2204 1534 2245 eo
1558 2190 1727 2246 nostri

161 2283 390 2352 propositi
416 2282 778 2339 fundatorum
802 2280 1098 2351 discipulos
1127 2281 1295 2338 fuisse
1322 2290 1558 2338 constat.
1593 2303 1611 2335 ι
1650 2282 1726 2337 Ita

164 2371 260 2439 ille;
288 2390 313 2429 a
336 2389 443 2443 quo
466 2389 781 2445 anonymus
804 2374 1100 2429 Annalium
1157 2374 1633 2431 Carthusiensium
1663 2374 1728 2429 li-

162 2465 226 2519 bri
250 2468 417 2536 quarti
445 2468 723 2522 hactenus
753 2482 856 2522 non
905 2467 1111 2539 vulgati
1144 2475 1335 2522 auctor
1365 2481 1472 2522 non
1501 2466 1726 2522 multum

164 2555 351 2613 abludit.
379 2578 396 2609 ι
431 2558 540 2626 Qui
579 2558 806 2629 primus,
832 2559 930 2625 ait,
956 2574 1023 2615 ex
1073 2557 1558 2615 Carthusiensibus
1587 2558 1728 2613 hanc

163 2649 410 2707 historiam
442 2652 674 2721 scriptis
704 2652 1003 2717 mandavit,
1064 2650 1282 2705 vivebat
1332 2651 1481 2706 circa
1524 2663 1727 2704 annum

164 2742 299 2809 1220;
328 2763 345 2796 ι
386 2760 449 2801 ac
471 2744 700 2810 deinde,
727 2744 1000 2799 nonnullis
1029 2743 1368 2814 interpositis
1394 2759 1407 2796 :
1443 2762 1461 2794 ι
1493 2742 1591 2797 Hic
1612 2741 1725 2813 pri-

164 2850 259 2891 mus
278 2837 428 2907 hujus
467 2838 723 2894 historia:
754 2838 989 2909 scriptor
1009 2837 1191 2909 plures
1220 2835 1589 2909 proculdubio
1612 2851 1729 2891 mo-

163 2930 332 2986 nachos
350 2932 592 2997 viderat,
638 2930 727 3001 qui
753 2938 1013 2985 noverant
1045 2938 1138 2985 aut
1166 2930 1363 2986 saltem
1390 2928 1609 2984 novisse
1630 2943 1729 2998 po-

166 3028 312 3076 terant
344 3023 619 3093 quosdam
673 3037 742 3077 ex
791 3023 1067 3094 discipulis
1118 3021 1467 3093 praefatorum
1516 3029 1725 3091 septem

166 3108 345 3169 Ordinis
370 3114 808 3186 primipilorum;
834 3128 971 3185 quos
989 3114 1207 3185 quidem
1231 3112 1526 3173 discipulos
1556 3112 1723 3167 vitam

167 3203 331 3260 scimus
366 3208 713 3276 protraxisse
741 3207 878 3261 ultra
904 3221 1106 3261 annum
1153 3206 1409 3263 1200.....
1460 3205 1728 3262 Constare

167 3290 299 3366 igitur
318 3299 472 3355 debet
495 3298 791 3371 praefatum
824 3300 1144 3370 scriptorem
1192 3300 1402 3355 hanc...
1457 3299 1728 3371 accepisse

170 3382 413 3442 historiam
446 3406 475 3442 a
502 3390 816 3456 monachis,
871 3390 963 3460 qui
1001 3405 1125 3446 cum
1158 3390 1245 3446 his
1280 3399 1336 3446 et
1380 3390 1502 3446 aliis
1548 3391 1725 3447 socio-

171 3490 262 3531 rum
282 3482 445 3536 sancti
476 3481 757 3536 Brunonis
779 3480 1060 3553 discipulis
1085 3482 1473 3538 convixerant.
1506 3502 1523 3534 ι
1578 3483 1727 3537 Ano-

170 3579 349 3636 nymum
380 3572 574 3642 itaque
600 3573 901 3641 primorum
934 3573 1175 3643 quinque
1227 3572 1534 3627 Carthusizc
1580 3573 1727 3643 prio-

170 3668 261 3710 rum
282 3659 527 3717 Chronici
564 3671 841 3718 auctorem
870 3678 937 3719 eo
966 3662 1082 3733 ipso
1105 3670 1370 3733 tempore,
1390 3678 1497 3732 quo
1525 3661 1732 3733 aliquot

172 3761 195 3799 e
222 3747 267 3802 S.
290 3752 561 3808 Brunonis
589 3754 973 3823 sociorumque
996 3753 1113 3824 ejus
1158 3753 1440 3823 discipulis
1482 3752 1536 3807 in
1592 3752 1731 3807 vivis

173 3844 449 3910 superstites
474 3846 661 3900 adhuc
680 3852 856 3907 erant,
891 3845 1057 3898 vitam
1078 3844 1193 3913 jam
1209 3844 1428 3899 duxisse
1446 3852 1540 3897 aut
1563 3841 1729 3897 etiam

174 3930 555 3991 Carthusianum
603 3937 715 4007 jam
773 3935 940 3990 fuisse
995 3935 1349 4005 professum,
1400 3942 1727 3999 autumant,

175 4021 366 4095 hincque
388 4043 451 4083 ex
480 4029 572 4083 his
598 4027 898 4083 luctuosam
927 4028 1209 4082 historiam
1235 4037 1329 4082 aut
1353 4027 1502 4083 illum
1529 4028 1728 4097 ipsum,

173 4124 245 4169 aut
267 4129 401 4176 certe
429 4136 557 4185 eos,
581 4121 673 4189 qui
708 4121 847 4175 hanc
870 4120 919 4175 ei
951 4129 1268 4187 narrarunt,
1304 4120 1573 4176 hausisse.
1619 4119 1730 4177 Ve-

175 4218 266 4260 rum
290 4211 475 4280 anjam
518 4220 636 4266 tum
671 4227 1021 4283 anonymum,
1051 4212 1143 4282 qui
1178 4211 1389 4282 primus
1414 4213 1728 4282 prodigium

177 4295 438 4359 Parisiense
481 4304 686 4359 litteris
736 4306 1037 4371 mandavit,
1093 4305 1146 4359 in
1196 4304 1334 4361 vivis
1389 4304 1594 4371 fuisse,
1634 4317 1731 4360 aut

177 4391 306 4446 etiam
330 4395 759 4452 Carthusianum
821 4397 1117 4461 exstitisse,
1167 4397 1421 4453 alicunde
1471 4397 1730 4453 constat?

180 4477 653 4554 Scriptoremillum
686 4498 812 4544 ante
834 4506 1035 4545 annum
1088 4490 1228 4545 1250
1278 4491 1561 4561 seriptioni
1610 4506 1727 4546 ma-
1759 4510 1808 4570 ι)

180 4581 278 4623 num
300 4576 687 4630 verosimilitcr
715 4590 821 4630 non
844 4577 1177 4644 admovisse,
1210 4593 1357 4631 num.
1400 4577 1468 4630 12
1488 4585 1542 4631 et
1572 4590 1723 4646 seqq.

181 4663 374 4727 ostendi,
426 4681 529 4720 nec
559 4666 711 4736 plura
744 4668 809 4721 de
839 4670 955 4737 ejus
984 4676 1166 4734 aetate,
1202 4682 1294 4723 seu
1327 4675 1568 4739 tempore
1619 4684 1728 4738 quo

183 4745 328 4808 vivere
353 4758 751 4813 monarhumve
775 4774 938 4827 agere
970 4760 1274 4827 inemperit,
1309 4760 1588 4829 disputare
1636 4760 1731 4815 de—

184 4851 453 4912 creveram;
481 4864 672 4903 verum
695 4865 816 4904 cum
848 4851 974 4915 duo,
997 4851 1063 4905 de
1092 4851 1287 4921 quibus
1318 4850 1405 4906 hic
1432 4892 1446 4915 ,
1503 4852 1731 4922 scripto-

187 4933 363 5002 resjam
388 4939 530 5007 inde,
561 4949 623 4995 ut
659 4942 819 4997 modo
847 4942 1073 5006 dictum,
1096 4957 1126 4996 a
1151 4942 1332 4997 saeculi
1361 4943 1506 4998 tertii
1534 4943 1735 4999 decimi

190 5020 312 5081 initio
331 5044 677 5102 auonymum,
709 5033 801 5103 qui
828 5032 1034 5103 primus
1073 5032 1379 5088 Parisiense
1426 5033 1729 5104 prodigium

189 5108 346 5175 litteris
367 5125 734 5196 consignavit,
764 5125 815 5179 in
855 5124 994 5179 vivis
1045 5123 1213 5178 fuisse
1266 5124 1452 5189 velint,
1501 5125 1735 5193 hincque

189 5206 416 5278 pmipire
439 5212 587 5267 illum
622 5213 723 5268 hoc
752 5223 931 5269 autex
958 5214 1017 5268 S.
1050 5214 1322 5269 Brunonis
1376 5212 1600 5284 ejusque
1649 5229 1734 5270 so-

192 5294 360 5353 ciorum
383 5302 687 5374 discipulis,
721 5315 813 5359 aut
837 5314 987 5361 certe
1018 5320 1087 5361 ex
1134 5305 1199 5361 iis
1223 5345 1239 5371 ,
1291 5306 1384 5377 qui
1437 5306 1587 5362 hisce
1638 5306 1739 5360 ali-

195 5390 372 5451 Quando
415 5395 811 5460 convixerant,
867 5395 1122 5452 didicisse
1171 5397 1542 5463 contendant,
1592 5396 1737 5451 lubet

197 5479 323 5534 modo
346 5484 542 5551 adhuc,
573 5501 639 5541 an
673 5487 927 5558 anonymi
960 5486 1090 5542 dicti
1114 5495 1330 5541 aetatem
1364 5501 1472 5541 non
1505 5487 1735 5541 nimium

199 5579 450 5643 maturent,
475 5578 751 5633 autetiam
778 5594 842 5632 an
877 5578 1149 5647 huncjam
1177 5578 1302 5633 inde
1332 5593 1362 5633 a
1383 5578 1563 5633 saeculi
1592 5578 1738 5634 tertii

203 5655 355 5716 decimi
382 5664 533 5721 initio
554 5668 769 5731 vixisse.
800 5678 1093 5740 utcumque
1118 5670 1370 5739 probent,
1402 5671 1737 5724 examinare.

256 5747 360 5807 550.
389 5757 670 5817 Annalium
722 5759 1193 5818 Carthusiensium
1258 5761 1379 5818 libri
1427 5752 1604 5832 qua'rti
1642 5760 1739 5817 ha-

1754 3162 1795 3219 (Σ

1688 336 1883 394 ACTA.

3303 356 3407 415 210

1819 461 2008 506 etenus
2030 466 2135 507 non
2171 453 2368 525 vulgati
2406 465 2591 513 auctor
2624 474 2954 532 anonymum
2984 464 3203 533 quidem
3231 468 3400 534 illum,

1817 540 1959 609 quod
2004 541 2328 600 Chartularii
2368 546 2420 601 in
2468 547 2756 606 Carthusia
2809 556 3113 623 cxstantis,
3174 559 3400 615 «circa»

1818 632 1969 702 cujus
2003 652 2023 685 ‹
2056 636 2376 708 principium
2406 640 2600 697 littera:
2622 643 2843 714 papales
2894 644 3121 716 (Urbani
3151 648 3215 719 ll)
3242 661 3298 707 et
3325 651 3408 706 Si-

1818 726 1966 798 gnini
1992 727 2412 785 instrumentum
2439 736 2578 801 (tum
2612 734 2733 799 hoc,
2770 744 2881 789 tum
2914 735 3018 791 illa:
3046 737 3185 793 infra
3212 742 3409 796 recita-

1817 816 2042 889 buntur)
2081 819 2450 889 inveniuntur,
2481 842 2501 875 ι
2536 825 2867 880 mentionem
2896 825 3083 894 faciat,
3133 845 3276 885 anno
3304 833 3407 887 cir-

1818 910 1957 965 citer
1982 910 2113 964 1151
2145 909 2454 969 Chronicon
2482 931 2636 970 suum
2664 931 2768 971 non
2798 918 3101 987 scripsisse,
3128 922 3415 978 nobiscum

1820 998 1930 1071 (adi
1975 1016 2121 1055 num.
2150 1000 2236 1073 12)
2266 1005 2486 1060 omnino
2515 1007 2703 1072 sentit;
2732 1022 2919 1063 verum
2950 1025 3058 1079 quo
3085 1010 3235 1067 illum
3261 1013 3415 1082 equi-

1822 1091 1941 1146 dem
1968 1092 2083 1162 jam
2108 1090 2233 1147 inde
2263 1093 2331 1147 ab
2356 1109 2499 1149 anno
2522 1096 2745 1152 circiter
2779 1096 2917 1151 1220
2964 1098 3167 1155 vixisse
3196 1101 3411 1169 probet,

1821 1191 2136 1252 sequentem
2168 1183 2393 1238 disserit
2423 1184 2476 1238 in
2506 1186 2726 1241 modum
2761 1204 2777 1242 :
2814 1206 2832 1239 ι
2868 1187 3022 1243 Hunc
3054 1197 3232 1245 tamen
3257 1192 3416 1264 (ano-

1823 1286 2046 1342 nymum
2071 1287 2266 1344 nempe
2292 1274 2596 1345 primorum
2644 1277 2885 1349 quinque
2929 1278 3231 1334 Carthusian
3269 1280 3417 1350 prio-

1825 1379 1943 1418 rum
1990 1363 2247 1421 Chronici
2296 1368 2599 1439 auctorem)
2652 1369 2971 1439 conjicimus
3044 1370 3249 1428 vixisse
3293 1381 3419 1427 ante

1825 1461 2066 1523 tempora
2090 1457 2375 1512 reverendi
2398 1457 2580 1514 Patris
2607 1457 2857 1526 Bosonis,
2890 1460 3006 1529 qui,
3037 1461 3183 1517 circa
3215 1474 3418 1516 annum

1826 1544 1964 1601 1260
1992 1547 2243 1604 ordinem
2275 1559 2520 1604 nostrum
2551 1551 2831 1621 ingressus
2858 1592 2872 1617 ,
2917 1551 3220 1607 Carthusiae
3281 1552 3420 1623 regi-

1825 1651 1949 1691 men
1982 1636 2106 1691 iniit
2132 1653 2278 1694 anno
2303 1639 2460 1693 1277.
2493 1639 2665 1708 Quam
2692 1642 3063 1712 conjecturam
3096 1642 3177 1695 sic
3211 1641 3422 1697 stabili-

1828 1745 1947 1784 mus
1969 1744 2034 1784 ex
2057 1730 2438 1797 Chartulariis,
2459 1746 2579 1801 quze
2599 1748 2742 1787 nunc
2759 1733 3018 1787 habemus
3037 1731 3089 1785 in
3108 1729 3419 1787 Carthusia.

1827 1819 1905 1875 lbi
1937 1820 2083 1876 enim
2112 1820 2222 1877 duo
2257 1822 2625 1892 reperiuntur,
2653 1839 2817 1876 unum
2843 1824 2943 1879 sub
2973 1824 3236 1895 regimine
3264 1822 3330 1877 R.
3357 1822 3421 1878 P.

1833 1912 2163 1968 Franciscia
2196 1913 2393 1980 Puteo,
2446 1924 2500 1969 et
2547 1915 2692 1970 illius
2737 1930 2865 1970 cura
2919 1916 3229 1971 confectum
3279 1930 3424 1971 anno

1833 2002 1990 2068 1507,
2029 2004 2378 2076 continetque
2414 2006 2519 2061 duo
2547 2006 2845 2075 volumina,
2873 2008 2926 2061 in
2979 2022 3209 2078 quorum
3256 2008 3424 2077 priori

1832 2094 1935 2150 sub
1964 2094 2149 2160 ﬁnem,
2173 2110 2278 2150 non
2312 2097 2457 2152 circa
2482 2098 2832 2169 principium,
2858 2109 2914 2153 ut
2946 2098 3145 2154 dicitur
3168 2099 3221 2153 in
3254 2098 3425 2155 citato

1830 2185 2122 2252 Chronico,
2148 2196 2274 2242 sunt
2309 2188 2503 2244 litterae
2522 2189 2759 2261 prmfatze
2784 2188 2987 2246 Urbani
3004 2190 3065 2245 ll.
3092 2190 3426 2246 Instrumen-

1832 2287 1948 2332 tum
1973 2292 2104 2333 vero
2132 2276 2344 2348 Signini
2376 2278 2509 2335 ante
2534 2279 2883 2345 describitur,
2918 2280 3014 2337 sed
3044 2280 3273 2336 multum
3303 2287 3427 2349 post

1832 2372 2090 2428 medium.
2127 2371 2282 2429 Unde
2307 2373 2498 2443 liquet,
2521 2384 2801 2430 auctorem
2830 2383 3096 2431 tractatus
3145 2390 3253 2432 non
3308 2389 3429 2430 mc-

1830 2462 2054 2519 minisse
2083 2462 2245 2532 hujus
2274 2465 2614 2519 chartularii.
2667 2465 2732 2521 Et
2784 2482 2977 2522 revera
3021 2468 3193 2522 codex
3248 2465 3429 2521 Thua-

1831 2569 1987 2621 nens,
2018 2571 2179 2627 quem
2213 2572 2406 2613 omnes
2441 2559 2729 2614 consulere
2753 2568 2999 2631 possunt,
3057 2559 3184 2615 licet
3238 2569 3426 2615 nostro

1829 2649 2015 2704 codice
2035 2651 2324 2717 recentior,
2349 2651 2505 2723 longe
2526 2659 2651 2706 ante
2680 2652 2783 2707 hoc
2807 2651 3201 2707 chartularium
3227 2666 3425 2706 exara-

1832 2750 1918 2796 tus
1948 2753 2052 2797 est.
2086 2742 2330 2799 Alterum
2362 2742 2664 2800 Carthusize
2688 2742 3082 2799 chartularium
3138 2742 3314 2801 tribus
3358 2758 3426 2797 ex

1828 2832 2193 2888 voluminibus
2219 2832 2512 2889 conﬂatum
2538 2844 2681 2900 erat,
2712 2849 2943 2904 quorum
2971 2832 3208 2903 primum
3232 2831 3425 2887 ultimo

1831 2924 2083 2978 incendio
2113 2926 2298 2993 periit,
2336 2934 2395 2980 ut
2423 2926 2577 2980 nobis
2603 2941 2726 2980 cum
2751 2925 2939 2979 dolore
2981 2924 3255 2978 aﬁirmant
3312 2922 3429 2976 olli-

1828 3012 1997 3068 ciales
2032 3012 2371 3079 Carthusire;
2407 3014 2509 3069 alia
2542 3016 2649 3070 duo
2672 3016 2847 3070 adhuc
2878 3022 3233 3069 asservantur
3260 3012 3426 3068 ilhcsa

1827 3114 1882 3160 et
1907 3106 2254 3177 integerrima
2285 3106 2517 3163 diversis
2546 3106 2956 3163 characteribus
2978 3115 3238 3168 exarata;
3291 3119 3429 3174 quo-

1833 3211 1949 3249 rum
1981 3196 2154 3265 prius,
2177 3196 2322 3266 quod
2354 3195 2456 3251 fuit
2489 3197 2788 3252 secundum
2814 3237 2828 3260 ,
2876 3195 3035 3250 talem
3085 3194 3305 3266 praefert
3361 3195 3426 3248 ti-

1834 3288 2000 3343 tulum
2030 3290 2096 3343 ad
2125 3289 2358 3345 frontem
2391 3289 2586 3345 indicis
2622 3291 2939 3345 chartarum
2964 3290 3014 3344 in
3046 3302 3114 3344 eo
3143 3296 3429 3343 contenta-

1833 3394 1951 3433 rum
1990 3397 2002 3433 :
2056 3398 2074 3431 ‹
2137 3379 2191 3433 lu
2256 3380 2358 3434 hoc
2409 3379 2685 3434 volumine
2732 3381 3080 3435 continentur
3125 3379 3329 3434 chartre
3373 3387 3433 3433 et

1834 3490 1854 3524 ι
1898 3472 2089 3527 littera:
2113 3473 2308 3528 domus
2335 3472 2640 3529 Carthusia:
2669 3472 2736 3527 ad
2774 3472 3093 3528 comitatum
3139 3470 3429 3525 Sabaudia:

1837 3582 1854 3614 ι
1891 3562 2243 3632 pertinentes.
2281 3581 2301 3616 ι

1908 3666 1924 3699 ι
1949 3648 2075 3703 5⁵51.
2099 3648 2298 3704 Deinde
2324 3650 2392 3703 ad
2419 3649 2676 3705 verticem
2697 3647 3005 3719 primifolii,
3026 3650 3167 3720 quod
3185 3650 3430 3705 continet

1832 3740 2065 3812 primum
2090 3741 2533 3805 instrumentum,
2576 3742 2761 3796 datum
2807 3756 2949 3795 anno
3005 3750 3216 3796 tantum
3265 3738 3447 3813 1505,~

1832 3829 2175 3901 siclegitur:
2230 3849 2249 3883 ι
2284 3830 2385 3887 llic
2435 3831 2628 3901 incipit
2671 3832 3063 3886 chartularium
3115 3846 3313 3888 novum
3360 3832 3426 3886 de

1838 3940 1857 3999 ς
1884 3922 2165 3976 comitatu.
2199 3941 2218 3974 ι
2255 3921 2330 3977 Ex
2366 3923 2450 3978 his
2471 3922 2653 3978 verbis
2681 3945 2699 3975 ι
2735 3922 3138 3978 Chartularium
3171 3938 3368 3979 novum
3401 3944 3417 3975 I

1833 4011 2184 4083 intelligimus
2210 4015 2481 4085 quoddam
2526 4015 2671 4070 aliud
2731 4014 2899 4071 fuisse
2939 4016 3231 4085 antiquius,
3280 4016 3427 4085 quod

1833 4103 1995 4159 etiam
2025 4103 2154 4159 olim
2188 4104 2367 4175 periit.
2399 4104 2707 4161 Secundum
2736 4105 2898 4174 hujus
2911 4105 3200 4160 voluminis
3224 4106 3429 4160 instru-

1834 4201 2075 4248 mentum
2127 4193 2311 4249 datum
2357 4203 2441 4250 est
2485 4209 2628 4249 anno
2672 4193 2829 4250 1506.
2880 4194 3084 4249 Deinde
3125 4201 3430 4265 sequuntur

1832 4285 1998 4339 multa
2036 4284 2139 4340 alia
2178 4282 2410 4343 diversis
2454 4285 2791 4356 temporibus
2840 4293 3115 4340 transacta
3167 4285 3236 4341 ab
3283 4300 3429 4339 anno

1833 4376 1971 4433 1207
1999 4378 2066 4433 ad
2098 4392 2298 4434 annum
2327 4377 2487 4443 1526,
2513 4392 2621 4431 uno
2643 4385 2870 4444 excepto
2919 4376 3046 4430 dato
3076 4390 3218 4430 anno
3268 4373 3427 4438 1551,

1833 4469 1928 4526 sed
1955 4470 2099 4541 quod
2125 4471 2178 4525 in
2212 4470 2342 4524 folio
2369 4478 2624 4538 separato
2670 4467 3018 4523 describitur.
3071 4467 3206 4524 Cum
3266 4469 3429 4538 igitur

1832 4564 2045 4629 charta,
2078 4578 2200 4633 quae.
2240 4564 2344 4617 hoc
2399 4562 2648 4617 volumen
2703 4561 2942 4626 inchoat,
2991 4560 3117 4615 data
3170 4562 3242 4616 sit
3284 4577 3429 4617 anno

1832 4658 2002 4722 1505;
2040 4656 2232 4712 charta
2260 4670 2388 4710 vero
2424 4654 2698 4710 recentior
2725 4652 2796 4709 sit
2833 4668 2976 4708 anno
3008 4654 3164 4718 1556,
3191 4654 3317 4710 hinc
3340 4670 3429 4711 re-

1832 4756 1918 4801 cte
1947 4746 2253 4816 colligimus
2285 4745 2427 4800 idem
2453 4744 2700 4800 volumen
2728 4743 2890 4800 fuisse
2916 4744 3275 4813 compositum
3326 4743 3430 4800 sub

1832 4837 2095 4909 regimine
2125 4844 2180 4892 et
2206 4851 2335 4892 cura
2379 4835 2639 4908 Aymonis
2688 4836 2889 4905 prioris
2939 4835 3289 4902 Carthusize,
3334 4835 3432 4906 qui

1833 4928 2135 5000 prmfuitab
2160 4943 2306 4984 anno
2338 4928 2474 4983 1515
2520 4928 2589 4983 ad
2640 4942 2842 4982 annum
2888 4927 3060 4992 1550;
3112 4935 3167 4982 et
3208 4926 3429 4997 quidem

1836 5027 1955 5089 post
2009 5018 2398 5089 deplorandum
2455 5018 2586 5074 illud
2639 5018 2979 5083 incendium,
3036 5019 3180 5088 quod
3234 5017 3430 5073 accidit

1837 5129 1981 5168 anno
2007 5113 2177 5181 1520;
2203 5113 2601 5184 cujusllammis
2617 5128 2739 5168 cum
2765 5112 2947 5167 forsan
2971 5112 3243 5182 antiquius
3269 5110 3429 5165 char-

1840 5203 2095 5259 tularium
2121 5202 2313 5259 fuisset
2340 5210 2742 5273 consumptum,
2769 5216 2967 5257 novum
2999 5200 3231 5256 describi
3270 5214 3433 5254 cura-

1840 5297 1914 5351 vit
1947 5296 2011 5349 R.
2054 5295 2114 5349 P.
2156 5296 2348 5368 Aymo.
2391 5295 2633 5352 Alterum
2661 5294 2934 5358 volumen,
2966 5294 3108 5363 quod
3151 5301 3269 5346 erat
3314 5301 3428 5348 ter-

1842 5392 1995 5457 tium,
2026 5392 2268 5462 pluribus
2300 5393 2464 5447 etiam
2498 5390 2760 5460 scriptum
2791 5398 2875 5443 est
2902 5387 3171 5449 manibus,
3196 5400 3429 5455 quarum

1843 5490 2021 5537 tamen
2052 5482 2197 5536 nulla
2227 5482 2438 5538 videtur
2460 5482 2733 5535 recentior
2757 5480 3076 5534 charactere
3110 5477 3311 5547 prioris
3336 5493 3434 5533 vo-

1844 5571 2091 5636 luminis;
2125 5570 2266 5625 unde
2291 5578 2347 5625 et
2383 5570 2707 5640 colligimus,
2742 5568 2869 5623 illud
2897 5564 3065 5620 fuisse
3114 5566 3432 5623 inchoatum

1844 5663 1943 5718 sub
1964 5664 2150 5719 eodem
2180 5663 2424 5733 Aymone
2458 5672 2513 5718 et
2538 5660 2912 5716 continuatum
2944 5659 3044 5713 sub
3069 5656 3184 5726 ejus
3210 5673 3434 5715 succes-

1844 5757 2057 5815 soribus
2085 5772 2254 5827 usque
2277 5758 2345 5811 ad
2370 5770 2571 5810 annum
2600 5753 2751 5819 1516,
2783 5768 2891 5823 quo
2920 5752 3104 5808 datum
3133 5752 3433 5807 estinstru-
