  <div class='ocr_page' id='page_1' title='image "/cluster/home/n/w/nwhite01/storage/ocr_20150623/152/hvd.32044015473804/111.png"; bbox 0 0 3896 6312; ppageno 0'>
   <div class='ocr_carea' id='block_1_1' title="bbox 413 324 511 380">
    <p class='ocr_par' dir='ltr' id='par_1_1' title="bbox 413 324 511 380">
     <span class='ocr_line' id='line_1_1' title="bbox 413 324 511 380; baseline -0.031 0"><span class='ocrx_word' id='word_1_1' title='bbox 413 324 511 380; x_wconf 76' lang='grc'><strong>211</strong></span> 
     </span>
    </p>
   </div>
   <div class='ocr_carea' id='block_1_2' title="bbox 1183 319 2850 390">
    <p class='ocr_par' dir='ltr' id='par_1_2' title="bbox 1183 319 2850 390">
     <span class='ocr_line' id='line_1_2' title="bbox 1183 319 2850 390; baseline 0.006 -14"><span class='ocrx_word' id='word_1_2' title='bbox 1183 319 1243 376; x_wconf 83' lang='lat' dir='ltr'><strong>S.</strong></span> <span class='ocrx_word' id='word_1_3' title='bbox 1287 321 1637 382; x_wconf 75' lang='lat' dir='ltr'><strong>BRUNONIS</strong></span> <span class='ocrx_word' id='word_1_4' title='bbox 1675 323 2321 387; x_wconf 74' lang='lat' dir='ltr'><strong>CARTHUSIANORUM</strong></span> <span class='ocrx_word' id='word_1_5' title='bbox 2359 325 2850 390; x_wconf 75' lang='lat' dir='ltr'><strong>INSTITUTORIS</strong></span> 
     </span>
    </p>
   </div>
   <div class='ocr_carea' id='block_1_3' title="bbox 3581 332 3680 390">
    <p class='ocr_par' dir='ltr' id='par_1_3' title="bbox 3581 332 3680 390">
     <span class='ocr_line' id='line_1_3' title="bbox 3581 332 3680 390; baseline 0.02 -3"><span class='ocrx_word' id='word_1_6' title='bbox 3581 332 3680 390; x_wconf 70' lang='grc'><strong>219</strong></span> 
     </span>
    </p>
   </div>
   <div class='ocr_carea' id='block_1_4' title="bbox 411 432 3670 521">
    <p class='ocr_par' dir='ltr' id='par_1_4' title="bbox 411 432 3670 521">
     <span class='ocr_line' id='line_1_4' title="bbox 411 432 3670 521; baseline 0.005 -32"><span class='ocrx_word' id='word_1_7' title='bbox 411 443 656 490; x_wconf 88' lang='lat' dir='ltr'><strong>mentum</strong></span> <span class='ocrx_word' id='word_1_8' title='bbox 709 434 983 492; x_wconf 71' lang='lat' dir='ltr'><strong>recentius</strong></span> <span class='ocrx_word' id='word_1_9' title='bbox 1036 432 1195 503; x_wconf 88' lang='lat' dir='ltr'><strong>hujus</strong></span> <span class='ocrx_word' id='word_1_10' title='bbox 1255 437 1586 501; x_wconf 86' lang='lat' dir='ltr'><strong>voluminis;</strong></span> <span class='ocrx_word' id='word_1_11' title='bbox 1642 441 1788 509; x_wconf 83' lang='lat' dir='ltr'><strong>quod</strong></span> <span class='ocrx_word' id='word_1_12' title='bbox 1844 442 2008 495; x_wconf 89' lang='lat' dir='ltr'><strong>etiam</strong></span> <span class='ocrx_word' id='word_1_13' title='bbox 2038 447 2084 504; x_wconf 81' lang='grc' dir='ltr'><strong>Λ</strong></span> <span class='ocrx_word' id='word_1_14' title='bbox 2113 453 2234 494; x_wconf 89' lang='lat' dir='ltr'><strong>esse</strong></span> <span class='ocrx_word' id='word_1_15' title='bbox 2262 439 2410 508; x_wconf 89' lang='lat' dir='ltr'><strong>illud,</strong></span> <span class='ocrx_word' id='word_1_16' title='bbox 2438 443 2602 512; x_wconf 85' lang='lat' dir='ltr'><strong>quod,</strong></span> <span class='ocrx_word' id='word_1_17' title='bbox 2640 453 2866 500; x_wconf 92' lang='lat' dir='ltr'><strong>curante</strong></span> <span class='ocrx_word' id='word_1_18' title='bbox 2895 443 3142 516; x_wconf 82' lang='lat' dir='ltr'><strong>Aymone</strong></span> <span class='ocrx_word' id='word_1_19' title='bbox 3166 445 3470 503; x_wconf 70' lang='lat' dir='ltr'><strong>Carthasim</strong></span> <span class='ocrx_word' id='word_1_20' title='bbox 3495 461 3670 521; x_wconf 67' lang='grc' dir='ltr'><strong>[λι-ποτα</strong></span> 
     </span>
    </p>
   </div>
   <div class='ocr_carea' id='block_1_5' title="bbox 411 526 2002 600">
    <p class='ocr_par' dir='ltr' id='par_1_5' title="bbox 411 526 2002 600">
     <span class='ocr_line' id='line_1_5' title="bbox 411 526 2002 600; baseline 0.001 -17"><span class='ocrx_word' id='word_1_21' title='bbox 411 526 740 598; x_wconf 87' lang='lat' dir='ltr'><strong>conjicimus</strong></span> <span class='ocrx_word' id='word_1_22' title='bbox 770 541 837 582; x_wconf 82' lang='lat' dir='ltr'><strong>ex</strong></span> <span class='ocrx_word' id='word_1_23' title='bbox 875 527 962 582; x_wconf 91' lang='lat' dir='ltr'><strong>his</strong></span> <span class='ocrx_word' id='word_1_24' title='bbox 983 526 1164 582; x_wconf 82' lang='lat' dir='ltr'><strong>verbis</strong></span> <span class='ocrx_word' id='word_1_25' title='bbox 1191 527 1257 582; x_wconf 88' lang='lat' dir='ltr'><strong>ad</strong></span> <span class='ocrx_word' id='word_1_26' title='bbox 1289 539 1453 599; x_wconf 89' lang='lat' dir='ltr'><strong>caput</strong></span> <span class='ocrx_word' id='word_1_27' title='bbox 1513 531 1709 585; x_wconf 88' lang='lat' dir='ltr'><strong>lrrdicis</strong></span> <span class='ocrx_word' id='word_1_28' title='bbox 1739 529 2002 600; x_wconf 89' lang='lat' dir='ltr'><strong>appositis</strong></span> 
     </span>
    </p>
   </div>
   <div class='ocr_carea' id='block_1_6' title="bbox 412 621 2001 692">
    <p class='ocr_par' dir='ltr' id='par_1_6' title="bbox 412 621 2001 692">
     <span class='ocr_line' id='line_1_6' title="bbox 412 621 2001 692; baseline 0.003 -18"><span class='ocrx_word' id='word_1_29' title='bbox 412 621 466 674; x_wconf 94' lang='lat' dir='ltr'><strong>in</strong></span> <span class='ocrx_word' id='word_1_30' title='bbox 497 621 643 678; x_wconf 89' lang='lat' dir='ltr'><strong>hunc</strong></span> <span class='ocrx_word' id='word_1_31' title='bbox 666 622 918 678; x_wconf 90' lang='lat' dir='ltr'><strong>modum:</strong></span> <span class='ocrx_word' id='word_1_32' title='bbox 976 621 1246 692; x_wconf 68' lang='lat' dir='ltr'><strong>«Ligetur</strong></span> <span class='ocrx_word' id='word_1_33' title='bbox 1290 623 1433 678; x_wconf 90' lang='lat' dir='ltr'><strong>istud</strong></span> <span class='ocrx_word' id='word_1_34' title='bbox 1492 623 1880 679; x_wconf 85' lang='lat' dir='ltr'><strong>chartulariurn</strong></span> <span class='ocrx_word' id='word_1_35' title='bbox 1934 637 2001 678; x_wconf 79' lang='lat' dir='ltr'><strong>ex</strong></span> 
     </span>
    </p>
   </div>
   <div class='ocr_carea' id='block_1_7' title="bbox 415 714 2001 785">
    <p class='ocr_par' dir='ltr' id='par_1_7' title="bbox 415 714 2001 785">
     <span class='ocr_line' id='line_1_7' title="bbox 415 714 2001 785; baseline 0.003 -20"><span class='ocrx_word' id='word_1_36' title='bbox 415 731 434 764; x_wconf 86' lang='lat' dir='ltr'><strong>r</strong></span> <span class='ocrx_word' id='word_1_37' title='bbox 473 714 685 784; x_wconf 72' lang='lat' dir='ltr'><strong>integro</strong></span> <span class='ocrx_word' id='word_1_38' title='bbox 712 729 836 771; x_wconf 92' lang='lat' dir='ltr'><strong>cum</strong></span> <span class='ocrx_word' id='word_1_39' title='bbox 859 715 1128 784; x_wconf 76' lang='lat' dir='ltr'><strong>postibus,</strong></span> <span class='ocrx_word' id='word_1_40' title='bbox 1154 716 1374 785; x_wconf 82' lang='lat' dir='ltr'><strong>quando</strong></span> <span class='ocrx_word' id='word_1_41' title='bbox 1391 715 1661 771; x_wconf 78' lang='lat' dir='ltr'><strong>videbitur</strong></span> <span class='ocrx_word' id='word_1_42' title='bbox 1700 728 1821 770; x_wconf 90' lang='lat' dir='ltr'><strong>esse</strong></span> <span class='ocrx_word' id='word_1_43' title='bbox 1867 715 2001 770; x_wconf 80' lang='lat' dir='ltr'><strong>satis</strong></span> 
     </span>
    </p>
   </div>
   <div class='ocr_carea' id='block_1_8' title="bbox 415 805 1994 877">
    <p class='ocr_par' dir='ltr' id='par_1_8' title="bbox 415 805 1994 877">
     <span class='ocr_line' id='line_1_8' title="bbox 415 805 1994 877; baseline 0.004 -24"><span class='ocrx_word' id='word_1_44' title='bbox 415 823 434 853; x_wconf 79' lang='grc' dir='ltr'>σ</span> <span class='ocrx_word' id='word_1_45' title='bbox 473 819 722 874; x_wconf 83' lang='lat' dir='ltr'><strong>gressum</strong></span> <span class='ocrx_word' id='word_1_46' title='bbox 744 814 799 861; x_wconf 91' lang='lat' dir='ltr'><strong>et</strong></span> <span class='ocrx_word' id='word_1_47' title='bbox 822 805 1124 876; x_wconf 85' lang='lat' dir='ltr'><strong>pcrfecmm</strong></span> <span class='ocrx_word' id='word_1_48' title='bbox 1148 822 1162 872; x_wconf 92' lang='lat'>;</span> <span class='ocrx_word' id='word_1_49' title='bbox 1187 816 1241 860; x_wconf 91' lang='lat' dir='ltr'><strong>et</strong></span> <span class='ocrx_word' id='word_1_50' title='bbox 1267 816 1452 877; x_wconf 90' lang='lat' dir='ltr'><strong>postea</strong></span> <span class='ocrx_word' id='word_1_51' title='bbox 1477 807 1768 876; x_wconf 82' lang='lat' dir='ltr'><strong>incipiatur</strong></span> <span class='ocrx_word' id='word_1_52' title='bbox 1796 807 1994 860; x_wconf 65' lang='lat' dir='ltr'><strong>aliud.»</strong></span> 
     </span>
    </p>
   </div>
   <div class='ocr_carea' id='block_1_9' title="bbox 411 894 2000 966">
    <p class='ocr_par' dir='ltr' id='par_1_9' title="bbox 411 894 2000 966">
     <span class='ocr_line' id='line_1_9' title="bbox 411 894 2000 966; baseline 0.004 -20"><span class='ocrx_word' id='word_1_53' title='bbox 411 895 617 950; x_wconf 85' lang='lat' dir='ltr'><strong>Deinde</strong></span> <span class='ocrx_word' id='word_1_54' title='bbox 643 905 948 966; x_wconf 90' lang='lat' dir='ltr'><strong>sequuntur</strong></span> <span class='ocrx_word' id='word_1_55' title='bbox 985 897 1144 952; x_wconf 67' lang='lat' dir='ltr'><strong>bulla:</strong></span> <span class='ocrx_word' id='word_1_56' title='bbox 1191 912 1524 953; x_wconf 88' lang='lat' dir='ltr'><strong>srrmrnorum</strong></span> <span class='ocrx_word' id='word_1_57' title='bbox 1577 894 1890 966; x_wconf 85' lang='lat' dir='ltr'><strong>pontificum</strong></span> <span class='ocrx_word' id='word_1_58' title='bbox 1932 896 2000 954; x_wconf 89' lang='lat' dir='ltr'><strong>ab</strong></span> 
     </span>
    </p>
   </div>
   <div class='ocr_carea' id='block_1_10' title="bbox 407 984 1999 1058">
    <p class='ocr_par' dir='ltr' id='par_1_10' title="bbox 407 984 1999 1058">
     <span class='ocr_line' id='line_1_10' title="bbox 407 984 1999 1058; baseline 0.004 -20"><span class='ocrx_word' id='word_1_59' title='bbox 407 984 721 1042; x_wconf 81' lang='lat' dir='ltr'><strong>Alexandro</strong></span> <span class='ocrx_word' id='word_1_60' title='bbox 749 987 814 1042; x_wconf 84' lang='lat' dir='ltr'><strong>IV</strong></span> <span class='ocrx_word' id='word_1_61' title='bbox 841 988 908 1042; x_wconf 89' lang='lat' dir='ltr'><strong>ad</strong></span> <span class='ocrx_word' id='word_1_62' title='bbox 947 986 1210 1043; x_wconf 87' lang='lat' dir='ltr'><strong>Joannem</strong></span> <span class='ocrx_word' id='word_1_63' title='bbox 1235 987 1384 1042; x_wconf 75' lang='lat' dir='ltr'><strong>XXII</strong></span> <span class='ocrx_word' id='word_1_64' title='bbox 1415 987 1697 1042; x_wconf 88' lang='lat' dir='ltr'><strong>inclusive.</strong></span> <span class='ocrx_word' id='word_1_65' title='bbox 1725 988 1999 1058; x_wconf 87' lang='lat' dir='ltr'><strong>Postquas</strong></span> 
     </span>
    </p>
   </div>
   <div class='ocr_carea' id='block_1_11' title="bbox 409 1073 1997 1148">
    <p class='ocr_par' dir='ltr' id='par_1_11' title="bbox 409 1073 1997 1148">
     <span class='ocr_line' id='line_1_11' title="bbox 409 1073 1997 1148; baseline 0.006 -24"><span class='ocrx_word' id='word_1_66' title='bbox 409 1073 519 1127; x_wconf 91' lang='lat' dir='ltr'><strong>alio</strong></span> <span class='ocrx_word' id='word_1_67' title='bbox 555 1075 872 1131; x_wconf 82' lang='lat' dir='ltr'><strong>charactere</strong></span> <span class='ocrx_word' id='word_1_68' title='bbox 900 1077 1281 1132; x_wconf 87' lang='lat' dir='ltr'><strong>describuntur</strong></span> <span class='ocrx_word' id='word_1_69' title='bbox 1311 1077 1672 1130; x_wconf 86' lang='lat' dir='ltr'><strong>instrumenta</strong></span> <span class='ocrx_word' id='word_1_70' title='bbox 1694 1118 1710 1141; x_wconf 91' lang='lat'><strong>,</strong></span> <span class='ocrx_word' id='word_1_71' title='bbox 1764 1091 1997 1148; x_wconf 91' lang='lat' dir='ltr'><strong>quorum</strong></span> 
     </span>
    </p>
   </div>
   <div class='ocr_carea' id='block_1_12' title="bbox 409 1166 1998 1244">
    <p class='ocr_par' dir='ltr' id='par_1_12' title="bbox 409 1166 1998 1244">
     <span class='ocr_line' id='line_1_12' title="bbox 409 1166 1998 1244; baseline 0.004 -25"><span class='ocrx_word' id='word_1_72' title='bbox 409 1166 642 1235; x_wconf 85' lang='lat' dir='ltr'><strong>primum</strong></span> <span class='ocrx_word' id='word_1_73' title='bbox 671 1171 854 1224; x_wconf 87' lang='lat' dir='ltr'><strong>datum</strong></span> <span class='ocrx_word' id='word_1_74' title='bbox 883 1181 966 1225; x_wconf 84' lang='lat' dir='ltr'><strong>est</strong></span> <span class='ocrx_word' id='word_1_75' title='bbox 992 1185 1133 1224; x_wconf 89' lang='lat' dir='ltr'><strong>anno</strong></span> <span class='ocrx_word' id='word_1_76' title='bbox 1177 1167 1335 1234; x_wconf 92' lang='lat' dir='ltr'><strong>I500,</strong></span> <span class='ocrx_word' id='word_1_77' title='bbox 1385 1168 1471 1222; x_wconf 90' lang='lat' dir='ltr'><strong>cui</strong></span> <span class='ocrx_word' id='word_1_78' title='bbox 1520 1169 1644 1224; x_wconf 87' lang='lat' dir='ltr'><strong>talis</strong></span> <span class='ocrx_word' id='word_1_79' title='bbox 1698 1169 1998 1244; x_wconf 67' lang='lat' dir='ltr'><strong>prae-figitur</strong></span> 
     </span>
    </p>
   </div>
   <div class='ocr_carea' id='block_1_13' title="bbox 408 1257 1998 1332">
    <p class='ocr_par' dir='ltr' id='par_1_13' title="bbox 408 1257 1998 1332">
     <span class='ocr_line' id='line_1_13' title="bbox 408 1257 1998 1332; baseline 0.007 -22"><span class='ocrx_word' id='word_1_80' title='bbox 408 1257 736 1331; x_wconf 84' lang='lat' dir='ltr'><strong>inscriptio:</strong></span> <span class='ocrx_word' id='word_1_81' title='bbox 794 1282 810 1314; x_wconf 86' lang='lat' dir='ltr'><strong>r</strong></span> <span class='ocrx_word' id='word_1_82' title='bbox 843 1262 975 1317; x_wconf 88' lang='lat' dir='ltr'><strong>Ilinc</strong></span> <span class='ocrx_word' id='word_1_83' title='bbox 1028 1259 1216 1332; x_wconf 84' lang='lat' dir='ltr'><strong>incipit</strong></span> <span class='ocrx_word' id='word_1_84' title='bbox 1252 1261 1658 1318; x_wconf 86' lang='lat' dir='ltr'><strong>Chartularium</strong></span> <span class='ocrx_word' id='word_1_85' title='bbox 1688 1279 1886 1320; x_wconf 86' lang='lat' dir='ltr'><strong>novum</strong></span> <span class='ocrx_word' id='word_1_86' title='bbox 1931 1265 1998 1321; x_wconf 88' lang='lat' dir='ltr'><strong>de</strong></span> 
     </span>
    </p>
   </div>
   <div class='ocr_carea' id='block_1_14' title="bbox 413 1349 884 1422">
    <p class='ocr_par' dir='ltr' id='par_1_14' title="bbox 413 1349 884 1422">
     <span class='ocr_line' id='line_1_14' title="bbox 413 1349 884 1422; baseline 0.013 -23"><span class='ocrx_word' id='word_1_87' title='bbox 413 1367 432 1399; x_wconf 84' lang='lat' dir='ltr'><strong>r</strong></span> <span class='ocrx_word' id='word_1_88' title='bbox 479 1349 826 1422; x_wconf 87' lang='lat' dir='ltr'><strong>Delphinatu.</strong></span> <span class='ocrx_word' id='word_1_89' title='bbox 865 1374 884 1405; x_wconf 71' lang='grc' dir='ltr'><strong>ι</strong></span> 
     </span>
    </p>
   </div>
   <div class='ocr_carea' id='block_1_15' title="bbox 475 1441 1996 1520">
    <p class='ocr_par' dir='ltr' id='par_1_15' title="bbox 475 1441 1996 1520">
     <span class='ocr_line' id='line_1_15' title="bbox 475 1441 1996 1520; baseline 0.006 -24"><span class='ocrx_word' id='word_1_90' title='bbox 475 1441 602 1497; x_wconf 78' lang='grc'><strong>552.</strong></span> <span class='ocrx_word' id='word_1_91' title='bbox 641 1463 663 1499; x_wconf 73' lang='grc' dir='ltr'><em>α</em></span> <span class='ocrx_word' id='word_1_92' title='bbox 691 1444 928 1516; x_wconf 83' lang='lat' dir='ltr'><strong>Denique</strong></span> <span class='ocrx_word' id='word_1_93' title='bbox 953 1445 1458 1514; x_wconf 88' lang='lat' dir='ltr'><strong>indiscrimtnatrm,</strong></span> <span class='ocrx_word' id='word_1_94' title='bbox 1487 1458 1546 1503; x_wconf 92' lang='lat' dir='ltr'><strong>at</strong></span> <span class='ocrx_word' id='word_1_95' title='bbox 1577 1450 1628 1504; x_wconf 93' lang='lat' dir='ltr'><strong>in</strong></span> <span class='ocrx_word' id='word_1_96' title='bbox 1651 1451 1820 1520; x_wconf 87' lang='lat' dir='ltr'><strong>priori</strong></span> <span class='ocrx_word' id='word_1_97' title='bbox 1851 1451 1996 1506; x_wconf 89' lang='lat' dir='ltr'><strong>volu-</strong></span> 
     </span>
    </p>
   </div>
   <div class='ocr_carea' id='block_1_16' title="bbox 404 1535 1993 1604">
    <p class='ocr_par' dir='ltr' id='par_1_16' title="bbox 404 1535 1993 1604">
     <span class='ocr_line' id='line_1_16' title="bbox 404 1535 1993 1604; baseline 0.004 -13"><span class='ocrx_word' id='word_1_98' title='bbox 404 1535 573 1604; x_wconf 89' lang='lat' dir='ltr'><strong>mine,</strong></span> <span class='ocrx_word' id='word_1_99' title='bbox 604 1537 916 1592; x_wconf 87' lang='lat' dir='ltr'><strong>inserantur</strong></span> <span class='ocrx_word' id='word_1_100' title='bbox 945 1537 1150 1593; x_wconf 72' lang='lat' dir='ltr'><strong>charta:</strong></span> <span class='ocrx_word' id='word_1_101' title='bbox 1170 1549 1226 1594; x_wconf 88' lang='lat' dir='ltr'><strong>et</strong></span> <span class='ocrx_word' id='word_1_102' title='bbox 1255 1540 1454 1596; x_wconf 68' lang='lat' dir='ltr'><strong>litterae</strong></span> <span class='ocrx_word' id='word_1_103' title='bbox 1494 1541 1562 1595; x_wconf 88' lang='lat' dir='ltr'><strong>ab</strong></span> <span class='ocrx_word' id='word_1_104' title='bbox 1589 1557 1733 1596; x_wconf 90' lang='lat' dir='ltr'><strong>anno</strong></span> <span class='ocrx_word' id='word_1_105' title='bbox 1758 1541 1896 1596; x_wconf 80' lang='grc'><strong>1215</strong></span> <span class='ocrx_word' id='word_1_106' title='bbox 1926 1541 1993 1597; x_wconf 90' lang='lat' dir='ltr'><strong>ad</strong></span> 
     </span>
    </p>
   </div>
   <div class='ocr_carea' id='block_1_17' title="bbox 402 1627 1992 1704">
    <p class='ocr_par' dir='ltr' id='par_1_17' title="bbox 402 1627 1992 1704">
     <span class='ocr_line' id='line_1_17' title="bbox 402 1627 1992 1704; baseline 0.006 -24"><span class='ocrx_word' id='word_1_107' title='bbox 402 1639 606 1681; x_wconf 74' lang='lat' dir='ltr'><strong>annum</strong></span> <span class='ocrx_word' id='word_1_108' title='bbox 635 1627 792 1681; x_wconf 70' lang='grc'><strong>1516.</strong></span> <span class='ocrx_word' id='word_1_109' title='bbox 822 1627 890 1682; x_wconf 85' lang='grc' dir='ltr'>Ει</span> <span class='ocrx_word' id='word_1_110' title='bbox 927 1629 981 1684; x_wconf 92' lang='lat' dir='ltr'><strong>in</strong></span> <span class='ocrx_word' id='word_1_111' title='bbox 1008 1629 1332 1701; x_wconf 87' lang='lat' dir='ltr'><strong>quibusdam</strong></span> <span class='ocrx_word' id='word_1_112' title='bbox 1367 1634 1724 1704; x_wconf 89' lang='lat' dir='ltr'><strong>transamptis</strong></span> <span class='ocrx_word' id='word_1_113' title='bbox 1745 1633 1992 1704; x_wconf 56' lang='lat' dir='ltr'><strong>quadam</strong></span> 
     </span>
    </p>
   </div>
   <div class='ocr_carea' id='block_1_18' title="bbox 401 1715 1992 1798">
    <p class='ocr_par' dir='ltr' id='par_1_18' title="bbox 401 1715 1992 1798">
     <span class='ocr_line' id='line_1_18' title="bbox 401 1715 1992 1798; baseline 0.008 -29"><span class='ocrx_word' id='word_1_114' title='bbox 401 1715 565 1770; x_wconf 84' lang='lat' dir='ltr'><strong>etiam</strong></span> <span class='ocrx_word' id='word_1_115' title='bbox 593 1716 952 1787; x_wconf 75' lang='lat' dir='ltr'><strong>antiquiores,</strong></span> <span class='ocrx_word' id='word_1_116' title='bbox 987 1731 1046 1775; x_wconf 91' lang='lat' dir='ltr'><strong>ut</strong></span> <span class='ocrx_word' id='word_1_117' title='bbox 1095 1731 1223 1776; x_wconf 91' lang='lat' dir='ltr'><strong>sunt</strong></span> <span class='ocrx_word' id='word_1_118' title='bbox 1271 1721 1468 1778; x_wconf 75' lang='lat' dir='ltr'><strong>littera:</strong></span> <span class='ocrx_word' id='word_1_119' title='bbox 1522 1725 1697 1780; x_wconf 83' lang='lat' dir='ltr'><strong>sancti</strong></span> <span class='ocrx_word' id='word_1_120' title='bbox 1754 1723 1992 1798; x_wconf 83' lang='lat' dir='ltr'><strong>IIugonis</strong></span> 
     </span>
    </p>
   </div>
   <div class='ocr_carea' id='block_1_19' title="bbox 2103 533 3676 608">
    <p class='ocr_par' dir='ltr' id='par_1_19' title="bbox 2103 533 3676 608">
     <span class='ocr_line' id='line_1_19' title="bbox 2103 533 3676 608; baseline 0.013 -30"><span class='ocrx_word' id='word_1_121' title='bbox 2103 539 2221 598; x_wconf 84' lang='lat' dir='ltr'><strong>post</strong></span> <span class='ocrx_word' id='word_1_122' title='bbox 2245 547 2446 587; x_wconf 89' lang='lat' dir='ltr'><strong>annum</strong></span> <span class='ocrx_word' id='word_1_123' title='bbox 2473 533 2608 588; x_wconf 86' lang='grc'>1520</span> <span class='ocrx_word' id='word_1_124' title='bbox 2637 533 2739 590; x_wconf 89' lang='lat' dir='ltr'><strong>fuit</strong></span> <span class='ocrx_word' id='word_1_125' title='bbox 2766 537 3156 608; x_wconf 86' lang='lat' dir='ltr'><strong>conscriptum,</strong></span> <span class='ocrx_word' id='word_1_126' title='bbox 3201 538 3296 593; x_wconf 88' lang='lat' dir='ltr'><strong>sed</strong></span> <span class='ocrx_word' id='word_1_127' title='bbox 3345 536 3501 594; x_wconf 78' lang='lat' dir='ltr'><strong>aliud</strong></span> <span class='ocrx_word' id='word_1_128' title='bbox 3543 543 3676 598; x_wconf 79' lang='lat' dir='ltr'><strong>anti-</strong></span> 
     </span>
    </p>
   </div>
   <div class='ocr_carea' id='block_1_20' title="bbox 2103 625 3676 702">
    <p class='ocr_par' dir='ltr' id='par_1_20' title="bbox 2103 625 3676 702">
     <span class='ocr_line' id='line_1_20' title="bbox 2103 625 3676 702; baseline 0.008 -25"><span class='ocrx_word' id='word_1_129' title='bbox 2103 625 2281 692; x_wconf 89' lang='lat' dir='ltr'><strong>quius,</strong></span> <span class='ocrx_word' id='word_1_130' title='bbox 2313 625 2456 695; x_wconf 86' lang='lat' dir='ltr'><strong>qnod</strong></span> <span class='ocrx_word' id='word_1_131' title='bbox 2477 625 2545 681; x_wconf 73' lang='grc' dir='ltr'><strong>ν.</strong></span> <span class='ocrx_word' id='word_1_132' title='bbox 2584 626 2648 682; x_wconf 89' lang='lat' dir='ltr'><strong>G.</strong></span> <span class='ocrx_word' id='word_1_133' title='bbox 2677 628 2786 698; x_wconf 87' lang='lat' dir='ltr'><strong>jam</strong></span> <span class='ocrx_word' id='word_1_134' title='bbox 2812 629 2935 685; x_wconf 90' lang='lat' dir='ltr'><strong>inde</strong></span> <span class='ocrx_word' id='word_1_135' title='bbox 2959 631 3028 688; x_wconf 88' lang='lat' dir='ltr'><strong>ab</strong></span> <span class='ocrx_word' id='word_1_136' title='bbox 3051 645 3195 686; x_wconf 88' lang='lat' dir='ltr'><strong>anno</strong></span> <span class='ocrx_word' id='word_1_137' title='bbox 3218 629 3356 690; x_wconf 78' lang='grc'>1120</span> <span class='ocrx_word' id='word_1_138' title='bbox 3385 639 3480 685; x_wconf 91' lang='lat' dir='ltr'><strong>aut</strong></span> <span class='ocrx_word' id='word_1_139' title='bbox 3501 632 3676 702; x_wconf 87' lang='lat' dir='ltr'><strong>etiarn,</strong></span> 
     </span>
    </p>
   </div>
   <div class='ocr_carea' id='block_1_21' title="bbox 2101 713 3678 794">
    <p class='ocr_par' dir='ltr' id='par_1_21' title="bbox 2101 713 3678 794">
     <span class='ocr_line' id='line_1_21' title="bbox 2101 713 3678 794; baseline 0.008 -26"><span class='ocrx_word' id='word_1_140' title='bbox 2101 713 2147 768; x_wconf 89' lang='lat' dir='ltr'><strong>si</strong></span> <span class='ocrx_word' id='word_1_141' title='bbox 2175 714 2329 780; x_wconf 87' lang='lat' dir='ltr'><strong>velis,</strong></span> <span class='ocrx_word' id='word_1_142' title='bbox 2359 715 2520 772; x_wconf 89' lang='lat' dir='ltr'><strong>citius</strong></span> <span class='ocrx_word' id='word_1_143' title='bbox 2547 717 2714 774; x_wconf 87' lang='lat' dir='ltr'><strong>frrerit</strong></span> <span class='ocrx_word' id='word_1_144' title='bbox 2735 719 3062 789; x_wconf 84' lang='lat' dir='ltr'><strong>confectura,</strong></span> <span class='ocrx_word' id='word_1_145' title='bbox 3115 721 3313 778; x_wconf 90' lang='lat' dir='ltr'><strong>hincue</strong></span> <span class='ocrx_word' id='word_1_146' title='bbox 3348 738 3678 794; x_wconf 85' lang='lat' dir='ltr'><strong>consequens</strong></span> 
     </span>
    </p>
   </div>
   <div class='ocr_carea' id='block_1_22' title="bbox 2100 805 3678 885">
    <p class='ocr_par' dir='ltr' id='par_1_22' title="bbox 2100 805 3678 885">
     <span class='ocr_line' id='line_1_22' title="bbox 2100 805 3678 885; baseline 0.01 -26"><span class='ocrx_word' id='word_1_147' title='bbox 2100 805 2227 872; x_wconf 88' lang='lat' dir='ltr'><strong>erit,</strong></span> <span class='ocrx_word' id='word_1_148' title='bbox 2256 816 2313 861; x_wconf 94' lang='lat' dir='ltr'><strong>ut</strong></span> <span class='ocrx_word' id='word_1_149' title='bbox 2348 807 2798 884; x_wconf 74' lang='lat' dir='ltr'><strong>chronographus</strong></span> <span class='ocrx_word' id='word_1_150' title='bbox 2819 827 3119 885; x_wconf 85' lang='lat' dir='ltr'><strong>anonymus</strong></span> <span class='ocrx_word' id='word_1_151' title='bbox 3146 814 3238 885; x_wconf 86' lang='lat' dir='ltr'><strong>qui</strong></span> <span class='ocrx_word' id='word_1_152' title='bbox 3269 815 3397 870; x_wconf 88' lang='lat' dir='ltr'><strong>illud</strong></span> <span class='ocrx_word' id='word_1_153' title='bbox 3425 815 3678 884; x_wconf 78' lang='lat' dir='ltr'><strong>laudavit,</strong></span> 
     </span>
    </p>
   </div>
   <div class='ocr_carea' id='block_1_23' title="bbox 2094 896 3678 977">
    <p class='ocr_par' dir='ltr' id='par_1_23' title="bbox 2094 896 3678 977">
     <span class='ocr_line' id='line_1_23' title="bbox 2094 896 3678 977; baseline 0.01 -27"><span class='ocrx_word' id='word_1_154' title='bbox 2094 896 2206 966; x_wconf 89' lang='lat' dir='ltr'><strong>jaru</strong></span> <span class='ocrx_word' id='word_1_155' title='bbox 2231 898 2355 954; x_wconf 90' lang='lat' dir='ltr'><strong>inde</strong></span> <span class='ocrx_word' id='word_1_156' title='bbox 2385 901 2453 954; x_wconf 90' lang='lat' dir='ltr'><strong>ab</strong></span> <span class='ocrx_word' id='word_1_157' title='bbox 2477 902 2666 956; x_wconf 85' lang='lat' dir='ltr'><strong>eodem</strong></span> <span class='ocrx_word' id='word_1_158' title='bbox 2692 903 2858 958; x_wconf 91' lang='lat' dir='ltr'><strong>etiarn</strong></span> <span class='ocrx_word' id='word_1_159' title='bbox 2889 920 3032 962; x_wconf 91' lang='lat' dir='ltr'><strong>anno</strong></span> <span class='ocrx_word' id='word_1_160' title='bbox 3075 913 3168 959; x_wconf 91' lang='lat' dir='ltr'><strong>aut</strong></span> <span class='ocrx_word' id='word_1_161' title='bbox 3217 905 3271 959; x_wconf 88' lang='lat' dir='ltr'><strong>in</strong></span> <span class='ocrx_word' id='word_1_162' title='bbox 3322 905 3462 961; x_wconf 88' lang='lat' dir='ltr'><strong>vivis</strong></span> <span class='ocrx_word' id='word_1_163' title='bbox 3506 905 3678 977; x_wconf 85' lang='lat' dir='ltr'><strong>fuerit,</strong></span> 
     </span>
    </p>
   </div>
   <div class='ocr_carea' id='block_1_24' title="bbox 2099 989 3680 1056">
    <p class='ocr_par' dir='ltr' id='par_1_24' title="bbox 2099 989 3680 1056">
     <span class='ocr_line' id='line_1_24' title="bbox 2099 989 3680 1056; baseline 0.008 -13"><span class='ocrx_word' id='word_1_164' title='bbox 2099 998 2195 1044; x_wconf 87' lang='lat' dir='ltr'><strong>aut</strong></span> <span class='ocrx_word' id='word_1_165' title='bbox 2249 989 2454 1046; x_wconf 89' lang='lat' dir='ltr'><strong>dictam</strong></span> <span class='ocrx_word' id='word_1_166' title='bbox 2501 991 2932 1050; x_wconf 82' lang='lat' dir='ltr'><strong>Iucubratiouem</strong></span> <span class='ocrx_word' id='word_1_167' title='bbox 2984 1012 3135 1051; x_wconf 91' lang='lat' dir='ltr'><strong>suam</strong></span> <span class='ocrx_word' id='word_1_168' title='bbox 3189 996 3507 1053; x_wconf 82' lang='lat' dir='ltr'><strong>adorrrarit?</strong></span> <span class='ocrx_word' id='word_1_169' title='bbox 3554 998 3680 1056; x_wconf 86' lang='lat' dir='ltr'><strong>Cum</strong></span> 
     </span>
    </p>
   </div>
   <div class='ocr_carea' id='block_1_25' title="bbox 2099 1077 3680 1156">
    <p class='ocr_par' dir='ltr' id='par_1_25' title="bbox 2099 1077 3680 1156">
     <span class='ocr_line' id='line_1_25' title="bbox 2099 1077 3680 1156; baseline 0.01 -24"><span class='ocrx_word' id='word_1_170' title='bbox 2099 1077 2504 1136; x_wconf 89' lang='lat' dir='ltr'><strong>Chartularium</strong></span> <span class='ocrx_word' id='word_1_171' title='bbox 2529 1081 2826 1153; x_wconf 85' lang='lat' dir='ltr'><strong>antiquius,</strong></span> <span class='ocrx_word' id='word_1_172' title='bbox 2867 1086 3009 1154; x_wconf 88' lang='lat' dir='ltr'><strong>quod</strong></span> <span class='ocrx_word' id='word_1_173' title='bbox 3057 1087 3367 1156; x_wconf 84' lang='lat' dir='ltr'><strong>porrtilicias</strong></span> <span class='ocrx_word' id='word_1_174' title='bbox 3403 1086 3608 1144; x_wconf 79' lang='lat' dir='ltr'><strong>Urbani</strong></span> <span class='ocrx_word' id='word_1_175' title='bbox 3642 1090 3680 1148; x_wconf 86' lang='lat' dir='ltr'><strong>ll</strong></span> 
     </span>
    </p>
   </div>
   <div class='ocr_carea' id='block_1_26' title="bbox 2099 1166 3682 1247">
    <p class='ocr_par' dir='ltr' id='par_1_26' title="bbox 2099 1166 3682 1247">
     <span class='ocr_line' id='line_1_26' title="bbox 2099 1166 3682 1247; baseline 0.008 -25"><span class='ocrx_word' id='word_1_176' title='bbox 2099 1166 2305 1224; x_wconf 84' lang='lat' dir='ltr'><strong>litteras</strong></span> <span class='ocrx_word' id='word_1_177' title='bbox 2331 1178 2384 1224; x_wconf 88' lang='lat' dir='ltr'><strong>et</strong></span> <span class='ocrx_word' id='word_1_178' title='bbox 2414 1168 2623 1241; x_wconf 82' lang='lat' dir='ltr'><strong>Signini</strong></span> <span class='ocrx_word' id='word_1_179' title='bbox 2661 1172 2877 1228; x_wconf 82' lang='lat' dir='ltr'><strong>abbatis</strong></span> <span class='ocrx_word' id='word_1_180' title='bbox 2900 1175 3321 1231; x_wconf 87' lang='lat' dir='ltr'><strong>instrumentum</strong></span> <span class='ocrx_word' id='word_1_181' title='bbox 3354 1176 3682 1247; x_wconf 83' lang='lat' dir='ltr'><strong>complecte-</strong></span> 
     </span>
    </p>
   </div>
   <div class='ocr_carea' id='block_1_27' title="bbox 2097 1262 3683 1337">
    <p class='ocr_par' dir='ltr' id='par_1_27' title="bbox 2097 1262 3683 1337">
     <span class='ocr_line' id='line_1_27' title="bbox 2097 1262 3683 1337; baseline 0.009 -21"><span class='ocrx_word' id='word_1_182' title='bbox 2097 1262 2282 1328; x_wconf 87' lang='lat' dir='ltr'><strong>batur,</strong></span> <span class='ocrx_word' id='word_1_183' title='bbox 2312 1278 2457 1318; x_wconf 90' lang='lat' dir='ltr'><strong>anuo</strong></span> <span class='ocrx_word' id='word_1_184' title='bbox 2479 1265 2695 1319; x_wconf 88' lang='lat' dir='ltr'><strong>demum</strong></span> <span class='ocrx_word' id='word_1_185' title='bbox 2726 1265 2882 1334; x_wconf 88' lang='grc'>1520,</span> <span class='ocrx_word' id='word_1_186' title='bbox 2915 1282 3023 1337; x_wconf 92' lang='lat' dir='ltr'><strong>quo</strong></span> <span class='ocrx_word' id='word_1_187' title='bbox 3052 1267 3356 1326; x_wconf 74' lang='lat' dir='ltr'><strong>Carthasim</strong></span> <span class='ocrx_word' id='word_1_188' title='bbox 3381 1270 3683 1330; x_wconf 85' lang='lat' dir='ltr'><strong>incendium</strong></span> 
     </span>
    </p>
   </div>
   <div class='ocr_carea' id='block_1_28' title="bbox 2097 1355 3682 1433">
    <p class='ocr_par' dir='ltr' id='par_1_28' title="bbox 2097 1355 3682 1433">
     <span class='ocr_line' id='line_1_28' title="bbox 2097 1355 3682 1433; baseline 0.008 -27"><span class='ocrx_word' id='word_1_189' title='bbox 2097 1355 2338 1423; x_wconf 89' lang='lat' dir='ltr'><strong>accidit,</strong></span> <span class='ocrx_word' id='word_1_190' title='bbox 2376 1355 2608 1412; x_wconf 81' lang='lat' dir='ltr'><strong>flammis</strong></span> <span class='ocrx_word' id='word_1_191' title='bbox 2643 1356 2807 1414; x_wconf 89' lang='lat' dir='ltr'><strong>fuerit</strong></span> <span class='ocrx_word' id='word_1_192' title='bbox 2848 1357 3099 1416; x_wconf 87' lang='lat' dir='ltr'><strong>fortassis</strong></span> <span class='ocrx_word' id='word_1_193' title='bbox 3140 1372 3570 1433; x_wconf 59' lang='lat' dir='ltr'><strong>consumptum,</strong></span> <span class='ocrx_word' id='word_1_194' title='bbox 3599 1374 3682 1419; x_wconf 89' lang='lat' dir='ltr'><strong>aut</strong></span> 
     </span>
    </p>
   </div>
   <div class='ocr_carea' id='block_1_29' title="bbox 2095 1446 3671 1523">
    <p class='ocr_par' dir='ltr' id='par_1_29' title="bbox 2095 1446 3671 1523">
     <span class='ocr_line' id='line_1_29' title="bbox 2095 1446 3671 1523; baseline 0.01 -24"><span class='ocrx_word' id='word_1_195' title='bbox 2095 1453 2246 1500; x_wconf 85' lang='lat' dir='ltr'><strong>certe</strong></span> <span class='ocrx_word' id='word_1_196' title='bbox 2282 1446 2441 1501; x_wconf 88' lang='lat' dir='ltr'><strong>citius</strong></span> <span class='ocrx_word' id='word_1_197' title='bbox 2465 1447 2692 1516; x_wconf 90' lang='lat' dir='ltr'><strong>periisse</strong></span> <span class='ocrx_word' id='word_1_198' title='bbox 2721 1464 2825 1506; x_wconf 90' lang='lat' dir='ltr'><strong>non</strong></span> <span class='ocrx_word' id='word_1_199' title='bbox 2872 1461 3106 1518; x_wconf 88' lang='lat' dir='ltr'><strong>constet,</strong></span> <span class='ocrx_word' id='word_1_200' title='bbox 3133 1461 3190 1506; x_wconf 93' lang='lat' dir='ltr'><strong>ut</strong></span> <span class='ocrx_word' id='word_1_201' title='bbox 3219 1453 3347 1523; x_wconf 77' lang='lat' dir='ltr'><strong>quid</strong></span> <span class='ocrx_word' id='word_1_202' title='bbox 3377 1453 3431 1508; x_wconf 88' lang='lat' dir='ltr'><strong>id</strong></span> <span class='ocrx_word' id='word_1_203' title='bbox 3463 1454 3671 1514; x_wconf 84' lang='lat' dir='ltr'><strong>chrono</strong></span> 
     </span>
    </p>
   </div>
   <div class='ocr_carea' id='block_1_30' title="bbox 2095 1537 3685 1612">
    <p class='ocr_par' dir='ltr' id='par_1_30' title="bbox 2095 1537 3685 1612">
     <span class='ocr_line' id='line_1_30' title="bbox 2095 1537 3685 1612; baseline 0.008 -23"><span class='ocrx_word' id='word_1_204' title='bbox 2095 1537 2334 1608; x_wconf 78' lang='lat' dir='ltr'><strong>graphus</strong></span> <span class='ocrx_word' id='word_1_205' title='bbox 2364 1553 2688 1612; x_wconf 84' lang='lat' dir='ltr'><strong>anonymus,</strong></span> <span class='ocrx_word' id='word_1_206' title='bbox 2719 1541 2932 1597; x_wconf 87' lang='lat' dir='ltr'><strong>etiarnsi</strong></span> <span class='ocrx_word' id='word_1_207' title='bbox 2956 1557 3100 1599; x_wconf 86' lang='lat' dir='ltr'><strong>anno</strong></span> <span class='ocrx_word' id='word_1_208' title='bbox 3139 1546 3355 1601; x_wconf 88' lang='lat' dir='ltr'><strong>rlernnrn</strong></span> <span class='ocrx_word' id='word_1_209' title='bbox 3419 1545 3559 1600; x_wconf 85' lang='grc'>1290</span> <span class='ocrx_word' id='word_1_210' title='bbox 3598 1559 3685 1602; x_wconf 90' lang='lat' dir='ltr'><strong>aut</strong></span> 
     </span>
    </p>
   </div>
   <div class='ocr_carea' id='block_1_31' title="bbox 2094 1627 3683 1702">
    <p class='ocr_par' dir='ltr' id='par_1_31' title="bbox 2094 1627 3683 1702">
     <span class='ocr_line' id='line_1_31' title="bbox 2094 1627 3683 1702; baseline 0.007 -22"><span class='ocrx_word' id='word_1_211' title='bbox 2094 1627 2258 1681; x_wconf 88' lang='lat' dir='ltr'><strong>etiam</strong></span> <span class='ocrx_word' id='word_1_212' title='bbox 2287 1628 2533 1683; x_wconf 85' lang='lat' dir='ltr'><strong>nonnihil</strong></span> <span class='ocrx_word' id='word_1_213' title='bbox 2560 1630 2736 1685; x_wconf 88' lang='lat' dir='ltr'><strong>serirrs</strong></span> <span class='ocrx_word' id='word_1_214' title='bbox 2767 1632 3049 1702; x_wconf 90' lang='lat' dir='ltr'><strong>scriptioni</strong></span> <span class='ocrx_word' id='word_1_215' title='bbox 3075 1650 3298 1690; x_wconf 75' lang='lat' dir='ltr'><strong>manuni</strong></span> <span class='ocrx_word' id='word_1_216' title='bbox 3325 1635 3683 1702; x_wconf 77' lang='lat' dir='ltr'><strong>admovisset,</strong></span> 
     </span>
    </p>
   </div>
   <div class='ocr_carea' id='block_1_32' title="bbox 2095 1713 3689 1792">
    <p class='ocr_par' dir='ltr' id='par_1_32' title="bbox 2095 1713 3689 1792">
     <span class='ocr_line' id='line_1_32' title="bbox 2095 1713 3689 1792; baseline 0.006 -25"><span class='ocrx_word' id='word_1_217' title='bbox 2095 1713 2318 1770; x_wconf 88' lang='lat' dir='ltr'><strong>laudare</strong></span> <span class='ocrx_word' id='word_1_218' title='bbox 2338 1731 2444 1770; x_wconf 91' lang='lat' dir='ltr'><strong>non</strong></span> <span class='ocrx_word' id='word_1_219' title='bbox 2477 1717 2756 1786; x_wconf 82' lang='lat' dir='ltr'><strong>potuerit?</strong></span> <span class='ocrx_word' id='word_1_220' title='bbox 2782 1716 2891 1774; x_wconf 81' lang='lat' dir='ltr'><strong>Nec</strong></span> <span class='ocrx_word' id='word_1_221' title='bbox 2938 1721 3235 1792; x_wconf 88' lang='lat' dir='ltr'><strong>quidquam</strong></span> <span class='ocrx_word' id='word_1_222' title='bbox 3271 1723 3339 1776; x_wconf 91' lang='lat' dir='ltr'><strong>ad</strong></span> <span class='ocrx_word' id='word_1_223' title='bbox 3378 1739 3494 1778; x_wconf 90' lang='lat' dir='ltr'><strong>rem</strong></span> <span class='ocrx_word' id='word_1_224' title='bbox 3546 1723 3689 1792; x_wconf 80' lang='lat' dir='ltr'><strong>facit,</strong></span> 
     </span>
    </p>
   </div>
   <div class='ocr_carea' id='block_1_33' title="bbox 399 1801 1997 1885">
    <p class='ocr_par' dir='ltr' id='par_1_33' title="bbox 399 1803 1991 1878">
     <span class='ocr_line' id='line_1_33' title="bbox 399 1803 1991 1878; baseline 0.008 -19"><span class='ocrx_word' id='word_1_225' title='bbox 399 1803 969 1878; x_wconf 86' lang='lat' dir='ltr'><strong>Gratianopolitaniet</strong></span> <span class='ocrx_word' id='word_1_226' title='bbox 1007 1810 1148 1866; x_wconf 74' lang='lat' dir='ltr'><strong>alim.</strong></span> <span class='ocrx_word' id='word_1_227' title='bbox 1203 1810 1308 1868; x_wconf 85' lang='lat' dir='ltr'><strong>Sed</strong></span> <span class='ocrx_word' id='word_1_228' title='bbox 1353 1812 1408 1868; x_wconf 93' lang='lat' dir='ltr'><strong>in</strong></span> <span class='ocrx_word' id='word_1_229' title='bbox 1468 1823 1664 1870; x_wconf 86' lang='lat' dir='ltr'><strong>neutro</strong></span> <span class='ocrx_word' id='word_1_230' title='bbox 1709 1816 1991 1872; x_wconf 89' lang='lat' dir='ltr'><strong>amborum</strong></span> 
     </span>
    </p>
   </div>
   <div class='ocr_carea' id='block_1_34' title="bbox 2100 1801 3690 1885">
    <p class='ocr_par' dir='ltr' id='par_1_34' title="bbox 2100 1805 3690 1885">
     <span class='ocr_line' id='line_1_34' title="bbox 2100 1805 3690 1885; baseline 0.008 -25"><span class='ocrx_word' id='word_1_231' title='bbox 2100 1807 2233 1876; x_wconf 87' lang='lat' dir='ltr'><strong>quorl</strong></span> <span class='ocrx_word' id='word_1_232' title='bbox 2259 1805 2650 1863; x_wconf 87' lang='lat' dir='ltr'><strong>Carthasianas</strong></span> <span class='ocrx_word' id='word_1_233' title='bbox 2676 1817 2864 1865; x_wconf 90' lang='lat' dir='ltr'><strong>noster</strong></span> <span class='ocrx_word' id='word_1_234' title='bbox 2888 1827 3192 1884; x_wconf 81' lang='lat' dir='ltr'><strong>anonymus</strong></span> <span class='ocrx_word' id='word_1_235' title='bbox 3249 1813 3357 1885; x_wconf 90' lang='lat' dir='ltr'><strong>(adi</strong></span> <span class='ocrx_word' id='word_1_236' title='bbox 3378 1813 3498 1883; x_wconf 84' lang='lat' dir='ltr'><strong>ejus</strong></span> <span class='ocrx_word' id='word_1_237' title='bbox 3531 1816 3690 1872; x_wconf 83' lang='lat' dir='ltr'><strong>verba</strong></span> 
     </span>
    </p>
   </div>
   <div class='ocr_carea' id='block_1_35' title="bbox 399 1893 2000 1970">
    <p class='ocr_par' dir='ltr' id='par_1_35' title="bbox 399 1893 2000 1970">
     <span class='ocr_line' id='line_1_35' title="bbox 399 1893 2000 1970; baseline 0.008 -23"><span class='ocrx_word' id='word_1_238' title='bbox 399 1893 734 1951; x_wconf 80' lang='lat' dir='ltr'><strong>voluminum</strong></span> <span class='ocrx_word' id='word_1_239' title='bbox 757 1899 1109 1970; x_wconf 88' lang='lat' dir='ltr'><strong>reperiuntur</strong></span> <span class='ocrx_word' id='word_1_240' title='bbox 1131 1900 1291 1955; x_wconf 66' lang='lat' dir='ltr'><strong>bullae</strong></span> <span class='ocrx_word' id='word_1_241' title='bbox 1314 1900 1517 1958; x_wconf 87' lang='lat' dir='ltr'><strong>Urbani</strong></span> <span class='ocrx_word' id='word_1_242' title='bbox 1541 1902 1582 1959; x_wconf 92' lang='lat' dir='ltr'><strong>ll</strong></span> <span class='ocrx_word' id='word_1_243' title='bbox 1603 1912 1656 1960; x_wconf 85' lang='lat' dir='ltr'><strong>et</strong></span> <span class='ocrx_word' id='word_1_244' title='bbox 1672 1905 2000 1960; x_wconf 83' lang='lat' dir='ltr'><strong>instrumen-</strong></span> 
     </span>
    </p>
   </div>
   <div class='ocr_carea' id='block_1_36' title="bbox 402 1985 1998 2064">
    <p class='ocr_par' dir='ltr' id='par_1_36' title="bbox 402 1985 1998 2064">
     <span class='ocr_line' id='line_1_36' title="bbox 402 1985 1998 2064; baseline 0.007 -26"><span class='ocrx_word' id='word_1_245' title='bbox 402 1992 515 2039; x_wconf 92' lang='lat' dir='ltr'><strong>tum</strong></span> <span class='ocrx_word' id='word_1_246' title='bbox 548 1985 758 2057; x_wconf 78' lang='lat' dir='ltr'><strong>Siguini</strong></span> <span class='ocrx_word' id='word_1_247' title='bbox 788 1989 1020 2043; x_wconf 87' lang='lat' dir='ltr'><strong>abbatis.</strong></span> <span class='ocrx_word' id='word_1_248' title='bbox 1055 1988 1171 2044; x_wconf 81' lang='lat' dir='ltr'><strong>Non</strong></span> <span class='ocrx_word' id='word_1_249' title='bbox 1209 2003 1292 2046; x_wconf 83' lang='lat' dir='ltr'><strong>est</strong></span> <span class='ocrx_word' id='word_1_250' title='bbox 1333 1993 1499 2061; x_wconf 81' lang='lat' dir='ltr'><strong>igitur</strong></span> <span class='ocrx_word' id='word_1_251' title='bbox 1524 1993 1767 2060; x_wconf 88' lang='lat' dir='ltr'><strong>dubium,</strong></span> <span class='ocrx_word' id='word_1_252' title='bbox 1791 1994 1920 2064; x_wconf 87' lang='lat' dir='ltr'><strong>quin</strong></span> <span class='ocrx_word' id='word_1_253' title='bbox 1943 2010 1998 2049; x_wconf 85' lang='lat' dir='ltr'><strong>et</strong></span> 
     </span>
    </p>
   </div>
   <div class='ocr_carea' id='block_1_37' title="bbox 398 2075 1999 2155">
    <p class='ocr_par' dir='ltr' id='par_1_37' title="bbox 398 2075 1999 2155">
     <span class='ocr_line' id='line_1_37' title="bbox 398 2075 1999 2155; baseline 0.007 -27"><span class='ocrx_word' id='word_1_254' title='bbox 398 2075 633 2146; x_wconf 87' lang='lat' dir='ltr'><strong>primum</strong></span> <span class='ocrx_word' id='word_1_255' title='bbox 688 2077 930 2146; x_wconf 81' lang='lat' dir='ltr'><strong>ejusdem</strong></span> <span class='ocrx_word' id='word_1_256' title='bbox 981 2077 1313 2137; x_wconf 78' lang='lat' dir='ltr'><strong>Chartulari‘i</strong></span> <span class='ocrx_word' id='word_1_257' title='bbox 1351 2083 1626 2148; x_wconf 77' lang='lat' dir='ltr'><strong>volumen,</strong></span> <span class='ocrx_word' id='word_1_258' title='bbox 1666 2085 1810 2155; x_wconf 89' lang='lat' dir='ltr'><strong>quod</strong></span> <span class='ocrx_word' id='word_1_259' title='bbox 1854 2099 1999 2142; x_wconf 86' lang='lat' dir='ltr'><strong>nunc</strong></span> 
     </span>
    </p>
   </div>
   <div class='ocr_carea' id='block_1_38' title="bbox 398 2164 1995 2248">
    <p class='ocr_par' dir='ltr' id='par_1_38' title="bbox 398 2164 1995 2248">
     <span class='ocr_line' id='line_1_38' title="bbox 398 2164 1995 2248; baseline 0.008 -30"><span class='ocrx_word' id='word_1_260' title='bbox 398 2164 742 2223; x_wconf 86' lang='lat' dir='ltr'><strong>desideratur</strong></span> <span class='ocrx_word' id='word_1_261' title='bbox 767 2209 782 2232; x_wconf 92' lang='lat'><strong>,</strong></span> <span class='ocrx_word' id='word_1_262' title='bbox 816 2181 1146 2240; x_wconf 80' lang='lat' dir='ltr'><strong>procurante</strong></span> <span class='ocrx_word' id='word_1_263' title='bbox 1172 2173 1360 2248; x_wconf 84' lang='lat' dir='ltr'><strong>eodem</strong></span> <span class='ocrx_word' id='word_1_264' title='bbox 1389 2173 1452 2228; x_wconf 79' lang='grc' dir='ltr'><strong>[ι.</strong></span> <span class='ocrx_word' id='word_1_265' title='bbox 1487 2173 1548 2228; x_wconf 79' lang='grc' dir='ltr'><strong>Ρ.</strong></span> <span class='ocrx_word' id='word_1_266' title='bbox 1582 2173 1846 2244; x_wconf 83' lang='lat' dir='ltr'><strong>Aymone,</strong></span> <span class='ocrx_word' id='word_1_267' title='bbox 1901 2176 1995 2230; x_wconf 87' lang='lat' dir='ltr'><strong>de-</strong></span> 
     </span>
    </p>
   </div>
   <div class='ocr_carea' id='block_1_39' title="bbox 399 2257 1993 2334">
    <p class='ocr_par' dir='ltr' id='par_1_39' title="bbox 399 2257 1993 2334">
     <span class='ocr_line' id='line_1_39' title="bbox 399 2257 1993 2334; baseline 0.006 -23"><span class='ocrx_word' id='word_1_268' title='bbox 399 2257 661 2328; x_wconf 82' lang='lat' dir='ltr'><strong>scriptum</strong></span> <span class='ocrx_word' id='word_1_269' title='bbox 695 2259 881 2327; x_wconf 85' lang='lat' dir='ltr'><strong>fuerit,</strong></span> <span class='ocrx_word' id='word_1_270' title='bbox 929 2263 982 2317; x_wconf 90' lang='lat' dir='ltr'><strong>in</strong></span> <span class='ocrx_word' id='word_1_271' title='bbox 1013 2278 1142 2334; x_wconf 90' lang='lat' dir='ltr'><strong>quo,</strong></span> <span class='ocrx_word' id='word_1_272' title='bbox 1173 2264 1217 2319; x_wconf 90' lang='lat' dir='ltr'><strong>si</strong></span> <span class='ocrx_word' id='word_1_273' title='bbox 1247 2265 1424 2320; x_wconf 89' lang='lat' dir='ltr'><strong>adhuc</strong></span> <span class='ocrx_word' id='word_1_274' title='bbox 1478 2274 1742 2331; x_wconf 77' lang='lat' dir='ltr'><strong>exstaret,</strong></span> <span class='ocrx_word' id='word_1_275' title='bbox 1807 2265 1993 2322; x_wconf 86' lang='lat' dir='ltr'><strong>forsan</strong></span> 
     </span>
    </p>
   </div>
   <div class='ocr_carea' id='block_1_40' title="bbox 399 2351 1992 2432">
    <p class='ocr_par' dir='ltr' id='par_1_40' title="bbox 399 2351 1992 2432">
     <span class='ocr_line' id='line_1_40' title="bbox 399 2351 1992 2432; baseline 0.006 -27"><span class='ocrx_word' id='word_1_276' title='bbox 399 2351 636 2420; x_wconf 62' lang='lat' dir='ltr'><strong>praefatae</strong></span> <span class='ocrx_word' id='word_1_277' title='bbox 659 2353 820 2410; x_wconf 69' lang='lat' dir='ltr'><strong>bullat:</strong></span> <span class='ocrx_word' id='word_1_278' title='bbox 840 2364 894 2410; x_wconf 90' lang='lat' dir='ltr'><strong>ct</strong></span> <span class='ocrx_word' id='word_1_279' title='bbox 917 2353 1126 2429; x_wconf 77' lang='lat' dir='ltr'><strong>Signini</strong></span> <span class='ocrx_word' id='word_1_280' title='bbox 1151 2358 1574 2414; x_wconf 87' lang='lat' dir='ltr'><strong>instrumentum</strong></span> <span class='ocrx_word' id='word_1_281' title='bbox 1601 2361 1992 2432; x_wconf 85' lang='lat' dir='ltr'><strong>reperirentur,</strong></span> 
     </span>
    </p>
   </div>
   <div class='ocr_carea' id='block_1_41' title="bbox 399 2445 1993 2519">
    <p class='ocr_par' dir='ltr' id='par_1_41' title="bbox 399 2445 1993 2519">
     <span class='ocr_line' id='line_1_41' title="bbox 399 2445 1993 2519; baseline 0.006 -20"><span class='ocrx_word' id='word_1_282' title='bbox 399 2445 543 2514; x_wconf 90' lang='lat' dir='ltr'><strong>quod</strong></span> <span class='ocrx_word' id='word_1_283' title='bbox 576 2454 753 2501; x_wconf 87' lang='lat' dir='ltr'><strong>tamen</strong></span> <span class='ocrx_word' id='word_1_284' title='bbox 782 2463 888 2502; x_wconf 89' lang='lat' dir='ltr'><strong>non</strong></span> <span class='ocrx_word' id='word_1_285' title='bbox 921 2458 1154 2504; x_wconf 84' lang='lat' dir='ltr'><strong>constat.</strong></span> <span class='ocrx_word' id='word_1_286' title='bbox 1181 2449 1287 2505; x_wconf 89' lang='lat' dir='ltr'><strong>Sed</strong></span> <span class='ocrx_word' id='word_1_287' title='bbox 1313 2450 1439 2506; x_wconf 88' lang='lat' dir='ltr'><strong>licet</strong></span> <span class='ocrx_word' id='word_1_288' title='bbox 1463 2449 1516 2506; x_wconf 88' lang='lat' dir='ltr'><strong>id</strong></span> <span class='ocrx_word' id='word_1_289' title='bbox 1549 2451 1832 2519; x_wconf 80' lang='lat' dir='ltr'><strong>daremus,</strong></span> <span class='ocrx_word' id='word_1_290' title='bbox 1885 2469 1993 2508; x_wconf 92' lang='lat' dir='ltr'><strong>non</strong></span> 
     </span>
    </p>
   </div>
   <div class='ocr_carea' id='block_1_42' title="bbox 399 2537 1996 2612">
    <p class='ocr_par' dir='ltr' id='par_1_42' title="bbox 399 2537 1996 2612">
     <span class='ocr_line' id='line_1_42' title="bbox 399 2537 1996 2612; baseline 0.007 -25"><span class='ocrx_word' id='word_1_291' title='bbox 399 2545 748 2604; x_wconf 78' lang='lat' dir='ltr'><strong>sequeretur,</strong></span> <span class='ocrx_word' id='word_1_292' title='bbox 803 2537 945 2594; x_wconf 86' lang='lat' dir='ltr'><strong>idern</strong></span> <span class='ocrx_word' id='word_1_293' title='bbox 1002 2554 1168 2605; x_wconf 88' lang='lat' dir='ltr'><strong>esse,</strong></span> <span class='ocrx_word' id='word_1_294' title='bbox 1212 2541 1278 2595; x_wconf 91' lang='lat' dir='ltr'><strong>de</strong></span> <span class='ocrx_word' id='word_1_295' title='bbox 1330 2556 1442 2612; x_wconf 91' lang='lat' dir='ltr'><strong>quo</strong></span> <span class='ocrx_word' id='word_1_296' title='bbox 1493 2540 1734 2612; x_wconf 87' lang='lat' dir='ltr'><strong>loquitur</strong></span> <span class='ocrx_word' id='word_1_297' title='bbox 1805 2551 1996 2598; x_wconf 89' lang='lat' dir='ltr'><strong>auctor</strong></span> 
     </span>
    </p>
   </div>
   <div class='ocr_carea' id='block_1_43' title="bbox 399 2627 1995 2702">
    <p class='ocr_par' dir='ltr' id='par_1_43' title="bbox 399 2627 1995 2702">
     <span class='ocr_line' id='line_1_43' title="bbox 399 2627 1995 2702; baseline 0.008 -26"><span class='ocrx_word' id='word_1_298' title='bbox 399 2633 592 2679; x_wconf 91' lang='lat' dir='ltr'><strong>uoster</strong></span> <span class='ocrx_word' id='word_1_299' title='bbox 618 2641 946 2697; x_wconf 83' lang='lat' dir='ltr'><strong>anonymus.</strong></span> <span class='ocrx_word' id='word_1_300' title='bbox 972 2627 1084 2683; x_wconf 92' lang='lat' dir='ltr'><strong>Imo</strong></span> <span class='ocrx_word' id='word_1_301' title='bbox 1113 2645 1180 2685; x_wconf 83' lang='lat' dir='ltr'><strong>ex</strong></span> <span class='ocrx_word' id='word_1_302' title='bbox 1211 2630 1420 2686; x_wconf 90' lang='lat' dir='ltr'><strong>duobus</strong></span> <span class='ocrx_word' id='word_1_303' title='bbox 1467 2635 1821 2702; x_wconf 86' lang='lat' dir='ltr'><strong>sequentibus</strong></span> <span class='ocrx_word' id='word_1_304' title='bbox 1845 2634 1995 2688; x_wconf 87' lang='lat' dir='ltr'><strong>volu-</strong></span> 
     </span>
    </p>
   </div>
   <div class='ocr_carea' id='block_1_44' title="bbox 400 2716 1995 2795">
    <p class='ocr_par' dir='ltr' id='par_1_44' title="bbox 400 2716 1995 2795">
     <span class='ocr_line' id='line_1_44' title="bbox 400 2716 1995 2795; baseline 0.009 -27"><span class='ocrx_word' id='word_1_305' title='bbox 400 2716 661 2784; x_wconf 88' lang='lat' dir='ltr'><strong>minibus,</strong></span> <span class='ocrx_word' id='word_1_306' title='bbox 686 2735 806 2790; x_wconf 79' lang='lat' dir='ltr'><strong>quae</strong></span> <span class='ocrx_word' id='word_1_307' title='bbox 828 2721 969 2775; x_wconf 90' lang='lat' dir='ltr'><strong>dicta</strong></span> <span class='ocrx_word' id='word_1_308' title='bbox 1001 2721 1167 2778; x_wconf 86' lang='lat' dir='ltr'><strong>fuisse</strong></span> <span class='ocrx_word' id='word_1_309' title='bbox 1197 2723 1629 2788; x_wconf 65' lang='lat' dir='ltr'><strong>aova,vidirnus,</strong></span> <span class='ocrx_word' id='word_1_310' title='bbox 1657 2741 1756 2780; x_wconf 86' lang='lat' dir='ltr'><strong>con</strong></span> <span class='ocrx_word' id='word_1_311' title='bbox 1781 2741 1995 2795; x_wconf 78' lang='lat' dir='ltr'><strong>.eqncus</strong></span> 
     </span>
    </p>
   </div>
   <div class='ocr_carea' id='block_1_45' title="bbox 399 2809 1996 2884">
    <p class='ocr_par' dir='ltr' id='par_1_45' title="bbox 399 2809 1996 2884">
     <span class='ocr_line' id='line_1_45' title="bbox 399 2809 1996 2884; baseline 0.008 -22"><span class='ocrx_word' id='word_1_312' title='bbox 399 2817 507 2874; x_wconf 88' lang='lat' dir='ltr'><strong>est,</strong></span> <span class='ocrx_word' id='word_1_313' title='bbox 533 2809 638 2867; x_wconf 88' lang='lat' dir='ltr'><strong>hoc</strong></span> <span class='ocrx_word' id='word_1_314' title='bbox 663 2827 884 2882; x_wconf 86' lang='lat' dir='ltr'><strong>quoque</strong></span> <span class='ocrx_word' id='word_1_315' title='bbox 903 2815 1137 2884; x_wconf 88' lang='lat' dir='ltr'><strong>primum</strong></span> <span class='ocrx_word' id='word_1_316' title='bbox 1166 2817 1418 2872; x_wconf 80' lang='lat' dir='ltr'><strong>volumen</strong></span> <span class='ocrx_word' id='word_1_317' title='bbox 1449 2833 1643 2874; x_wconf 89' lang='lat' dir='ltr'><strong>recens</strong></span> <span class='ocrx_word' id='word_1_318' title='bbox 1669 2818 1836 2874; x_wconf 88' lang='lat' dir='ltr'><strong>fuisse</strong></span> <span class='ocrx_word' id='word_1_319' title='bbox 1869 2829 1996 2874; x_wconf 91' lang='lat' dir='ltr'><strong>tunc</strong></span> 
     </span>
    </p>
   </div>
   <div class='ocr_carea' id='block_1_46' title="bbox 401 2904 1996 2982">
    <p class='ocr_par' dir='ltr' id='par_1_46' title="bbox 401 2904 1996 2982">
     <span class='ocr_line' id='line_1_46' title="bbox 401 2904 1996 2982; baseline 0.007 -26"><span class='ocrx_word' id='word_1_320' title='bbox 401 2904 686 2973; x_wconf 86' lang='lat' dir='ltr'><strong>temporis.</strong></span> <span class='ocrx_word' id='word_1_321' title='bbox 715 2905 792 2960; x_wconf 81' lang='lat' dir='ltr'><strong>Ac</strong></span> <span class='ocrx_word' id='word_1_322' title='bbox 815 2907 1044 2976; x_wconf 87' lang='lat' dir='ltr'><strong>proinde</strong></span> <span class='ocrx_word' id='word_1_323' title='bbox 1065 2909 1210 2962; x_wconf 85' lang='lat' dir='ltr'><strong>aliud</strong></span> <span class='ocrx_word' id='word_1_324' title='bbox 1232 2910 1398 2965; x_wconf 85' lang='lat' dir='ltr'><strong>fuisse</strong></span> <span class='ocrx_word' id='word_1_325' title='bbox 1449 2911 1517 2966; x_wconf 90' lang='lat' dir='ltr'><strong>ab</strong></span> <span class='ocrx_word' id='word_1_326' title='bbox 1545 2927 1610 2966; x_wconf 88' lang='lat' dir='ltr'><strong>eo</strong></span> <span class='ocrx_word' id='word_1_327' title='bbox 1656 2913 1798 2982; x_wconf 87' lang='lat' dir='ltr'><strong>quod</strong></span> <span class='ocrx_word' id='word_1_328' title='bbox 1849 2911 1996 2967; x_wconf 78' lang='lat' dir='ltr'><strong>[laru-</strong></span> 
     </span>
    </p>
   </div>
   <div class='ocr_carea' id='block_1_47' title="bbox 2101 1895 3686 1973">
    <p class='ocr_par' dir='ltr' id='par_1_47' title="bbox 2101 1895 3686 1973">
     <span class='ocr_line' id='line_1_47' title="bbox 2101 1895 3686 1973; baseline 0.008 -25"><span class='ocrx_word' id='word_1_329' title='bbox 2101 1895 2348 1966; x_wconf 82' lang='lat' dir='ltr'><strong>proxirne</strong></span> <span class='ocrx_word' id='word_1_330' title='bbox 2383 1897 2633 1968; x_wconf 84' lang='lat' dir='ltr'><strong>recitata)</strong></span> <span class='ocrx_word' id='word_1_331' title='bbox 2657 1898 2899 1970; x_wconf 80' lang='lat' dir='ltr'><strong>adjuugit</strong></span> <span class='ocrx_word' id='word_1_332' title='bbox 2923 1900 2988 1956; x_wconf 91' lang='lat' dir='ltr'><strong>de</strong></span> <span class='ocrx_word' id='word_1_333' title='bbox 3018 1899 3260 1969; x_wconf 63' lang='lat' dir='ltr'><strong>Bosone,</strong></span> <span class='ocrx_word' id='word_1_334' title='bbox 3308 1905 3402 1973; x_wconf 91' lang='lat' dir='ltr'><strong>qui</strong></span> <span class='ocrx_word' id='word_1_335' title='bbox 3424 1904 3496 1959; x_wconf 74' lang='lat' dir='ltr'><strong>ab</strong></span> <span class='ocrx_word' id='word_1_336' title='bbox 3543 1921 3686 1966; x_wconf 76' lang='lat' dir='ltr'><strong>anno</strong></span> 
     </span>
    </p>
   </div>
   <div class='ocr_carea' id='block_1_48' title="bbox 2099 1985 3692 2058">
    <p class='ocr_par' dir='ltr' id='par_1_48' title="bbox 2099 1985 3692 2058">
     <span class='ocr_line' id='line_1_48' title="bbox 2099 1985 3692 2058; baseline 0.008 -18"><span class='ocrx_word' id='word_1_337' title='bbox 2099 1985 2238 2040; x_wconf 74' lang='grc'>1272</span> <span class='ocrx_word' id='word_1_338' title='bbox 2274 2003 2442 2058; x_wconf 87' lang='lat' dir='ltr'><strong>usque</strong></span> <span class='ocrx_word' id='word_1_339' title='bbox 2466 1988 2532 2042; x_wconf 85' lang='lat' dir='ltr'><strong>ad</strong></span> <span class='ocrx_word' id='word_1_340' title='bbox 2559 2005 2764 2044; x_wconf 86' lang='lat' dir='ltr'><strong>annum</strong></span> <span class='ocrx_word' id='word_1_341' title='bbox 2818 1991 2957 2046; x_wconf 77' lang='lat' dir='ltr'><strong>I3I3</strong></span> <span class='ocrx_word' id='word_1_342' title='bbox 3010 1993 3260 2050; x_wconf 72' lang='lat' dir='ltr'><strong>domibus</strong></span> <span class='ocrx_word' id='word_1_343' title='bbox 3288 1994 3457 2050; x_wconf 80' lang='lat' dir='ltr'><strong>Vallis</strong></span> <span class='ocrx_word' id='word_1_344' title='bbox 3510 1995 3692 2052; x_wconf 84' lang='lat' dir='ltr'><strong>Sancti</strong></span> 
     </span>
    </p>
   </div>
   <div class='ocr_carea' id='block_1_49' title="bbox 2099 2075 3704 2152">
    <p class='ocr_par' dir='ltr' id='par_1_49' title="bbox 2099 2075 3704 2152">
     <span class='ocr_line' id='line_1_49' title="bbox 2099 2075 3704 2152; baseline 0.006 -22"><span class='ocrx_word' id='word_1_345' title='bbox 2099 2075 2338 2147; x_wconf 82' lang='lat' dir='ltr'><strong>Hngonis</strong></span> <span class='ocrx_word' id='word_1_346' title='bbox 2364 2088 2419 2134; x_wconf 92' lang='lat' dir='ltr'><strong>et</strong></span> <span class='ocrx_word' id='word_1_347' title='bbox 2443 2078 2665 2149; x_wconf 82' lang='lat' dir='ltr'><strong>Majoris</strong></span> <span class='ocrx_word' id='word_1_348' title='bbox 2689 2078 2994 2137; x_wconf 68' lang='lat' dir='ltr'><strong>Carthasim</strong></span> <span class='ocrx_word' id='word_1_349' title='bbox 3015 2081 3319 2152; x_wconf 64' lang='lat' dir='ltr'><strong>praefuerit.</strong></span> <span class='ocrx_word' id='word_1_350' title='bbox 3337 2083 3529 2138; x_wconf 80' lang='lat' dir='ltr'><strong>Fuerit</strong></span> <span class='ocrx_word' id='word_1_351' title='bbox 3552 2087 3704 2140; x_wconf 81' lang='lat' dir='ltr'><strong>enim</strong></span> 
     </span>
    </p>
   </div>
   <div class='ocr_carea' id='block_1_50' title="bbox 2101 2169 3694 2244">
    <p class='ocr_par' dir='ltr' id='par_1_50' title="bbox 2101 2169 3694 2244">
     <span class='ocr_line' id='line_1_50' title="bbox 2101 2169 3694 2244; baseline 0.004 -22"><span class='ocrx_word' id='word_1_352' title='bbox 2101 2169 2300 2238; x_wconf 88' lang='lat' dir='ltr'><strong>reipsa,</strong></span> <span class='ocrx_word' id='word_1_353' title='bbox 2331 2170 2557 2238; x_wconf 88' lang='lat' dir='ltr'><strong>quodin</strong></span> <span class='ocrx_word' id='word_1_354' title='bbox 2611 2185 2710 2224; x_wconf 91' lang='lat' dir='ltr'><strong>suo</strong></span> <span class='ocrx_word' id='word_1_355' title='bbox 2741 2169 2981 2242; x_wconf 88' lang='lat' dir='ltr'><strong>quinque</strong></span> <span class='ocrx_word' id='word_1_356' title='bbox 3035 2173 3334 2244; x_wconf 90' lang='lat' dir='ltr'><strong>prirnorarn</strong></span> <span class='ocrx_word' id='word_1_357' title='bbox 3390 2172 3694 2229; x_wconf 63' lang='lat' dir='ltr'><strong>Cartlrusia&#39;</strong></span> 
     </span>
    </p>
   </div>
   <div class='ocr_carea' id='block_1_51' title="bbox 2098 2257 3696 2333">
    <p class='ocr_par' dir='ltr' id='par_1_51' title="bbox 2098 2257 3696 2333">
     <span class='ocr_line' id='line_1_51' title="bbox 2098 2257 3696 2333; baseline 0.005 -21"><span class='ocrx_word' id='word_1_358' title='bbox 2098 2259 2337 2328; x_wconf 91' lang='lat' dir='ltr'><strong>priorum</strong></span> <span class='ocrx_word' id='word_1_359' title='bbox 2363 2257 2636 2314; x_wconf 90' lang='lat' dir='ltr'><strong>Chronico</strong></span> <span class='ocrx_word' id='word_1_360' title='bbox 2655 2270 2844 2316; x_wconf 89' lang='lat' dir='ltr'><strong>auctor</strong></span> <span class='ocrx_word' id='word_1_361' title='bbox 2865 2277 3169 2333; x_wconf 81' lang='lat' dir='ltr'><strong>anonymus</strong></span> <span class='ocrx_word' id='word_1_362' title='bbox 3214 2262 3419 2330; x_wconf 91' lang='lat' dir='ltr'><strong>larrdat,</strong></span> <span class='ocrx_word' id='word_1_363' title='bbox 3470 2264 3696 2320; x_wconf 64' lang='lat' dir='ltr'><strong>Chartnc</strong></span> 
     </span>
    </p>
   </div>
   <div class='ocr_carea' id='block_1_52' title="bbox 2097 2340 3680 2426">
    <p class='ocr_par' dir='ltr' id='par_1_52' title="bbox 2097 2340 3680 2426">
     <span class='ocr_line' id='line_1_52' title="bbox 2097 2340 3680 2426; baseline 0.006 -25"><span class='ocrx_word' id='word_1_364' title='bbox 2097 2340 2292 2403; x_wconf 77' lang='lat' dir='ltr'><strong>lar-ium</strong></span> <span class='ocrx_word' id='word_1_365' title='bbox 2317 2359 2443 2404; x_wconf 90' lang='lat' dir='ltr'><strong>ante</strong></span> <span class='ocrx_word' id='word_1_366' title='bbox 2469 2349 2696 2408; x_wconf 85' lang='lat' dir='ltr'><strong>Bosonis</strong></span> <span class='ocrx_word' id='word_1_367' title='bbox 2745 2361 2964 2408; x_wconf 73' lang='lat' dir='ltr'><strong>mtatem</strong></span> <span class='ocrx_word' id='word_1_368' title='bbox 3015 2355 3408 2426; x_wconf 87' lang='lat' dir='ltr'><strong>conscriptum,</strong></span> <span class='ocrx_word' id='word_1_369' title='bbox 3461 2355 3595 2410; x_wconf 87' lang='lat' dir='ltr'><strong>lriuc</strong></span> <span class='ocrx_word' id='word_1_370' title='bbox 3628 2366 3680 2410; x_wconf 87' lang='lat' dir='ltr'><strong>ta</strong></span> 
     </span>
    </p>
   </div>
   <div class='ocr_carea' id='block_1_53' title="bbox 2098 2443 3702 2517">
    <p class='ocr_par' dir='ltr' id='par_1_53' title="bbox 2098 2443 3702 2517">
     <span class='ocr_line' id='line_1_53' title="bbox 2098 2443 3702 2517; baseline 0.004 -23"><span class='ocrx_word' id='word_1_371' title='bbox 2098 2455 2221 2496; x_wconf 90' lang='lat' dir='ltr'><strong>men</strong></span> <span class='ocrx_word' id='word_1_372' title='bbox 2253 2443 2650 2498; x_wconf 87' lang='lat' dir='ltr'><strong>cousectariurn</strong></span> <span class='ocrx_word' id='word_1_373' title='bbox 2678 2443 2916 2500; x_wconf 88' lang='lat' dir='ltr'><strong>nondum</strong></span> <span class='ocrx_word' id='word_1_374' title='bbox 2943 2445 3068 2511; x_wconf 89' lang='lat' dir='ltr'><strong>erit,</strong></span> <span class='ocrx_word' id='word_1_375' title='bbox 3097 2456 3156 2500; x_wconf 91' lang='lat' dir='ltr'><strong>ut</strong></span> <span class='ocrx_word' id='word_1_376' title='bbox 3179 2456 3304 2501; x_wconf 90' lang='lat' dir='ltr'><strong>ante</strong></span> <span class='ocrx_word' id='word_1_377' title='bbox 3331 2448 3471 2501; x_wconf 90' lang='lat' dir='ltr'><strong>hanc</strong></span> <span class='ocrx_word' id='word_1_378' title='bbox 3493 2446 3702 2517; x_wconf 80' lang='lat' dir='ltr'><strong>pariter</strong></span> 
     </span>
    </p>
   </div>
   <div class='ocr_carea' id='block_1_54' title="bbox 2097 2533 3699 2607">
    <p class='ocr_par' dir='ltr' id='par_1_54' title="bbox 2097 2533 3699 2607">
     <span class='ocr_line' id='line_1_54' title="bbox 2097 2533 3699 2607; baseline 0.004 -23"><span class='ocrx_word' id='word_1_379' title='bbox 2097 2545 2190 2584; x_wconf 89' lang='lat' dir='ltr'><strong>seu</strong></span> <span class='ocrx_word' id='word_1_380' title='bbox 2215 2540 2342 2586; x_wconf 89' lang='lat' dir='ltr'><strong>ante</strong></span> <span class='ocrx_word' id='word_1_381' title='bbox 2373 2546 2573 2586; x_wconf 84' lang='lat' dir='ltr'><strong>annum</strong></span> <span class='ocrx_word' id='word_1_382' title='bbox 2609 2533 2748 2586; x_wconf 76' lang='grc'>1272</span> <span class='ocrx_word' id='word_1_383' title='bbox 2773 2549 3074 2607; x_wconf 88' lang='lat' dir='ltr'><strong>anonymus</strong></span> <span class='ocrx_word' id='word_1_384' title='bbox 3108 2534 3153 2590; x_wconf 85' lang='lat' dir='ltr'><strong>is</strong></span> <span class='ocrx_word' id='word_1_385' title='bbox 3172 2536 3405 2604; x_wconf 84' lang='lat' dir='ltr'><strong>scriptor</strong></span> <span class='ocrx_word' id='word_1_386' title='bbox 3425 2537 3699 2602; x_wconf 82' lang='lat' dir='ltr'><strong>floruerit,</strong></span> 
     </span>
    </p>
   </div>
   <div class='ocr_carea' id='block_1_55' title="bbox 2097 2623 3700 2695">
    <p class='ocr_par' dir='ltr' id='par_1_55' title="bbox 2097 2623 3700 2695">
     <span class='ocr_line' id='line_1_55' title="bbox 2097 2623 3700 2695; baseline 0.004 -19"><span class='ocrx_word' id='word_1_387' title='bbox 2097 2637 2358 2693; x_wconf 86' lang='lat' dir='ltr'><strong>suamque</strong></span> <span class='ocrx_word' id='word_1_388' title='bbox 2408 2623 2846 2679; x_wconf 87' lang='lat' dir='ltr'><strong>lucahrationem</strong></span> <span class='ocrx_word' id='word_1_389' title='bbox 2911 2626 3214 2681; x_wconf 86' lang='lat' dir='ltr'><strong>adornarit.</strong></span> <span class='ocrx_word' id='word_1_390' title='bbox 3253 2625 3454 2695; x_wconf 86' lang='lat' dir='ltr'><strong>Quidni</strong></span> <span class='ocrx_word' id='word_1_391' title='bbox 3511 2627 3700 2692; x_wconf 85' lang='lat' dir='ltr'><strong>enim,</strong></span> 
     </span>
    </p>
   </div>
   <div class='ocr_carea' id='block_1_56' title="bbox 2096 2713 3701 2788">
    <p class='ocr_par' dir='ltr' id='par_1_56' title="bbox 2096 2713 3701 2788">
     <span class='ocr_line' id='line_1_56' title="bbox 2096 2713 3701 2788; baseline 0.004 -21"><span class='ocrx_word' id='word_1_392' title='bbox 2096 2723 2156 2768; x_wconf 93' lang='lat' dir='ltr'><strong>at</strong></span> <span class='ocrx_word' id='word_1_393' title='bbox 2179 2720 2235 2766; x_wconf 90' lang='lat' dir='ltr'><strong>ut</strong></span> <span class='ocrx_word' id='word_1_394' title='bbox 2261 2713 2350 2768; x_wconf 86' lang='lat' dir='ltr'><strong>diu</strong></span> <span class='ocrx_word' id='word_1_395' title='bbox 2374 2715 2536 2768; x_wconf 89' lang='lat' dir='ltr'><strong>etiam</strong></span> <span class='ocrx_word' id='word_1_396' title='bbox 2562 2725 2684 2786; x_wconf 88' lang='lat' dir='ltr'><strong>post</strong></span> <span class='ocrx_word' id='word_1_397' title='bbox 2707 2717 2853 2770; x_wconf 89' lang='lat' dir='ltr'><strong>hunc</strong></span> <span class='ocrx_word' id='word_1_398' title='bbox 2875 2731 3076 2770; x_wconf 89' lang='lat' dir='ltr'><strong>annum</strong></span> <span class='ocrx_word' id='word_1_399' title='bbox 3101 2717 3432 2788; x_wconf 88' lang='lat' dir='ltr'><strong>scripsisset,</strong></span> <span class='ocrx_word' id='word_1_400' title='bbox 3457 2715 3701 2774; x_wconf 84' lang='lat' dir='ltr'><strong>Chartu~</strong></span> 
     </span>
    </p>
   </div>
   <div class='ocr_carea' id='block_1_57' title="bbox 2097 2805 3702 2880">
    <p class='ocr_par' dir='ltr' id='par_1_57' title="bbox 2097 2805 3702 2880">
     <span class='ocr_line' id='line_1_57' title="bbox 2097 2805 3702 2880; baseline 0.003 -20"><span class='ocrx_word' id='word_1_401' title='bbox 2097 2805 2289 2862; x_wconf 87' lang='lat' dir='ltr'><strong>Iariurn</strong></span> <span class='ocrx_word' id='word_1_402' title='bbox 2314 2807 2483 2863; x_wconf 87' lang='lat' dir='ltr'><strong>multo</strong></span> <span class='ocrx_word' id='word_1_403' title='bbox 2506 2818 2631 2864; x_wconf 91' lang='lat' dir='ltr'><strong>ante</strong></span> <span class='ocrx_word' id='word_1_404' title='bbox 2655 2809 2962 2865; x_wconf 90' lang='lat' dir='ltr'><strong>confectum</strong></span> <span class='ocrx_word' id='word_1_405' title='bbox 2995 2811 3272 2880; x_wconf 86' lang='lat' dir='ltr'><strong>ncquierit</strong></span> <span class='ocrx_word' id='word_1_406' title='bbox 3301 2810 3573 2865; x_wconf 85' lang='lat' dir='ltr'><strong>laudare?</strong></span> <span class='ocrx_word' id='word_1_407' title='bbox 3599 2809 3702 2865; x_wconf 80' lang='lat' dir='ltr'><strong>Ad-</strong></span> 
     </span>
    </p>
   </div>
   <div class='ocr_carea' id='block_1_58' title="bbox 2098 2899 3699 2972">
    <p class='ocr_par' dir='ltr' id='par_1_58' title="bbox 2098 2899 3699 2972">
     <span class='ocr_line' id='line_1_58' title="bbox 2098 2899 3699 2972; baseline 0.004 -19"><span class='ocrx_word' id='word_1_408' title='bbox 2098 2899 2212 2954; x_wconf 76' lang='lat' dir='ltr'><strong>hzec</strong></span> <span class='ocrx_word' id='word_1_409' title='bbox 2240 2914 2306 2955; x_wconf 81' lang='lat' dir='ltr'><strong>ex</strong></span> <span class='ocrx_word' id='word_1_410' title='bbox 2330 2914 2396 2956; x_wconf 89' lang='lat' dir='ltr'><strong>eo</strong></span> <span class='ocrx_word' id='word_1_411' title='bbox 2422 2901 2608 2967; x_wconf 89' lang='lat' dir='ltr'><strong>etiam,</strong></span> <span class='ocrx_word' id='word_1_412' title='bbox 2634 2901 2774 2972; x_wconf 90' lang='lat' dir='ltr'><strong>quod</strong></span> <span class='ocrx_word' id='word_1_413' title='bbox 2807 2900 2944 2958; x_wconf 89' lang='lat' dir='ltr'><strong>Boso</strong></span> <span class='ocrx_word' id='word_1_414' title='bbox 2965 2903 3291 2958; x_wconf 89' lang='lat' dir='ltr'><strong>concinnato</strong></span> <span class='ocrx_word' id='word_1_415' title='bbox 3321 2912 3418 2958; x_wconf 88' lang='lat' dir='ltr'><strong>aut</strong></span> <span class='ocrx_word' id='word_1_416' title='bbox 3446 2919 3477 2956; x_wconf 92' lang='lat' dir='ltr'><strong>a</strong></span> <span class='ocrx_word' id='word_1_417' title='bbox 3507 2918 3572 2959; x_wconf 88' lang='lat' dir='ltr'><strong>se</strong></span> <span class='ocrx_word' id='word_1_418' title='bbox 3603 2913 3699 2960; x_wconf 83' lang='lat' dir='ltr'><strong>aut</strong></span> 
     </span>
    </p>
   </div>
   <div class='ocr_carea' id='block_1_59' title="bbox 400 2988 3708 3065">
    <p class='ocr_par' dir='ltr' id='par_1_59' title="bbox 400 2988 3708 3065">
     <span class='ocr_line' id='line_1_59' title="bbox 400 2988 3708 3065; baseline 0.005 -16"><span class='ocrx_word' id='word_1_419' title='bbox 400 3009 545 3049; x_wconf 88' lang='lat' dir='ltr'><strong>mam</strong></span> <span class='ocrx_word' id='word_1_420' title='bbox 575 2995 809 3052; x_wconf 88' lang='lat' dir='ltr'><strong>incendii</strong></span> <span class='ocrx_word' id='word_1_421' title='bbox 834 2999 962 3053; x_wconf 85' lang='lat' dir='ltr'><strong>antri</strong></span> <span class='ocrx_word' id='word_1_422' title='bbox 1015 2999 1152 3054; x_wconf 75' lang='lat' dir='ltr'><strong>r520</strong></span> <span class='ocrx_word' id='word_1_423' title='bbox 1202 3001 1496 3058; x_wconf 75' lang='lat' dir='ltr'><strong>devorasse</strong></span> <span class='ocrx_word' id='word_1_424' title='bbox 1541 3005 1834 3060; x_wconf 87' lang='lat' dir='ltr'><strong>credimus.</strong></span> <span class='ocrx_word' id='word_1_425' title='bbox 1888 3005 1993 3060; x_wconf 87' lang='lat' dir='ltr'><strong>Sed</strong></span> <span class='ocrx_word' id='word_1_426' title='bbox 2088 2988 2244 3058; x_wconf 80' lang='lat' dir='ltr'><strong>iussu</strong></span> <span class='ocrx_word' id='word_1_427' title='bbox 2271 3006 2392 3057; x_wconf 72' lang='lat' dir='ltr'><strong>suo.</strong></span> <span class='ocrx_word' id='word_1_428' title='bbox 2423 2992 2514 3062; x_wconf 75' lang='lat' dir='ltr'><strong>qui</strong></span> <span class='ocrx_word' id='word_1_429' title='bbox 2562 2993 2636 3048; x_wconf 80' lang='lat' dir='ltr'><strong>De</strong></span> <span class='ocrx_word' id='word_1_430' title='bbox 2659 2992 2849 3065; x_wconf 76' lang='lat' dir='ltr'><strong>orsine</strong></span> <span class='ocrx_word' id='word_1_431' title='bbox 2894 3004 2950 3050; x_wconf 75' lang='lat' dir='ltr'><strong>el</strong></span> <span class='ocrx_word' id='word_1_432' title='bbox 2990 2994 3221 3049; x_wconf 73' lang='lat' dir='ltr'><strong>veritate</strong></span> <span class='ocrx_word' id='word_1_433' title='bbox 3265 2993 3528 3064; x_wconf 64' lang='lat' dir='ltr'><strong>perfecta:</strong></span> <span class='ocrx_word' id='word_1_434' title='bbox 3579 2994 3708 3052; x_wconf 78' lang='grc' dir='ltr'>τθιι·</span> 
     </span>
    </p>
   </div>
   <div class='ocr_carea' id='block_1_60' title="bbox 401 3086 1989 3153">
    <p class='ocr_par' dir='ltr' id='par_1_60' title="bbox 401 3086 1989 3153">
     <span class='ocr_line' id='line_1_60' title="bbox 401 3086 1989 3153; baseline 0.008 -13"><span class='ocrx_word' id='word_1_435' title='bbox 401 3086 518 3141; x_wconf 76' lang='lat' dir='ltr'><strong>hmc</strong></span> <span class='ocrx_word' id='word_1_436' title='bbox 541 3089 718 3142; x_wconf 91' lang='lat' dir='ltr'><strong>omnis</strong></span> <span class='ocrx_word' id='word_1_437' title='bbox 742 3089 1006 3145; x_wconf 88' lang='lat' dir='ltr'><strong>dubitatio</strong></span> <span class='ocrx_word' id='word_1_438' title='bbox 1031 3093 1294 3148; x_wconf 87' lang='lat' dir='ltr'><strong>adimitur</strong></span> <span class='ocrx_word' id='word_1_439' title='bbox 1312 3110 1380 3150; x_wconf 75' lang='lat' dir='ltr'><strong>ex</strong></span> <span class='ocrx_word' id='word_1_440' title='bbox 1417 3104 1650 3151; x_wconf 86' lang='lat' dir='ltr'><strong>tractatu</strong></span> <span class='ocrx_word' id='word_1_441' title='bbox 1700 3099 1762 3150; x_wconf 81' lang='lat' dir='ltr'><strong>lt.</strong></span> <span class='ocrx_word' id='word_1_442' title='bbox 1792 3097 1848 3150; x_wconf 87' lang='lat' dir='ltr'><strong>P.</strong></span> <span class='ocrx_word' id='word_1_443' title='bbox 1879 3098 1989 3153; x_wconf 80' lang='lat' dir='ltr'><strong>Bo-</strong></span> 
     </span>
    </p>
   </div>
   <div class='ocr_carea' id='block_1_61' title="bbox 399 3167 2046 3260">
    <p class='ocr_par' dir='ltr' id='par_1_61' title="bbox 399 3167 2046 3260">
     <span class='ocr_line' id='line_1_61' title="bbox 399 3167 2046 3260; baseline 0.01 -30"><span class='ocrx_word' id='word_1_444' title='bbox 399 3177 550 3233; x_wconf 86' lang='lat' dir='ltr'><strong>sonis</strong></span> <span class='ocrx_word' id='word_1_445' title='bbox 615 3179 690 3233; x_wconf 87' lang='lat' dir='ltr'><strong>De</strong></span> <span class='ocrx_word' id='word_1_446' title='bbox 755 3181 943 3251; x_wconf 77' lang='lat' dir='ltr'><strong>orgine</strong></span> <span class='ocrx_word' id='word_1_447' title='bbox 993 3191 1049 3237; x_wconf 88' lang='lat' dir='ltr'><strong>et</strong></span> <span class='ocrx_word' id='word_1_448' title='bbox 1097 3184 1325 3241; x_wconf 87' lang='lat' dir='ltr'><strong>veritate</strong></span> <span class='ocrx_word' id='word_1_449' title='bbox 1376 3187 1627 3256; x_wconf 80' lang='lat' dir='ltr'><strong>perfecta:</strong></span> <span class='ocrx_word' id='word_1_450' title='bbox 1679 3167 2046 3260; x_wconf 45' lang='lat' dir='ltr'><strong>religionis,‘</strong></span> 
     </span>
    </p>
   </div>
   <div class='ocr_carea' id='block_1_62' title="bbox 398 3267 2002 3348">
    <p class='ocr_par' dir='ltr' id='par_1_62' title="bbox 398 3267 2002 3348">
     <span class='ocr_line' id='line_1_62' title="bbox 398 3267 2002 3348; baseline 0.007 -24"><span class='ocrx_word' id='word_1_451' title='bbox 398 3267 455 3324; x_wconf 82' lang='lat' dir='ltr'><strong>in</strong></span> <span class='ocrx_word' id='word_1_452' title='bbox 479 3283 589 3339; x_wconf 91' lang='lat' dir='ltr'><strong>quo</strong></span> <span class='ocrx_word' id='word_1_453' title='bbox 611 3268 922 3326; x_wconf 88' lang='lat' dir='ltr'><strong>Clrronicon</strong></span> <span class='ocrx_word' id='word_1_454' title='bbox 961 3275 1133 3329; x_wconf 87' lang='lat' dir='ltr'><strong>nostri</strong></span> <span class='ocrx_word' id='word_1_455' title='bbox 1165 3277 1422 3348; x_wconf 84' lang='lat' dir='ltr'><strong>anouyrni</strong></span> <span class='ocrx_word' id='word_1_456' title='bbox 1452 3278 1518 3333; x_wconf 90' lang='lat' dir='ltr'><strong>de</strong></span> <span class='ocrx_word' id='word_1_457' title='bbox 1547 3280 1772 3334; x_wconf 80' lang='lat' dir='ltr'><strong>exordio</strong></span> <span class='ocrx_word' id='word_1_458' title='bbox 1793 3280 2002 3336; x_wconf 88' lang='lat' dir='ltr'><strong>ordinis</strong></span> 
     </span>
    </p>
   </div>
   <div class='ocr_carea' id='block_1_63' title="bbox 398 3357 1998 3438">
    <p class='ocr_par' dir='ltr' id='par_1_63' title="bbox 398 3357 1998 3438">
     <span class='ocr_line' id='line_1_63' title="bbox 398 3357 1998 3438; baseline 0.006 -22"><span class='ocrx_word' id='word_1_459' title='bbox 398 3357 807 3420; x_wconf 86' lang='lat' dir='ltr'><strong>Carthasiensis</strong></span> <span class='ocrx_word' id='word_1_460' title='bbox 843 3372 1012 3421; x_wconf 89' lang='lat' dir='ltr'><strong>totum</strong></span> <span class='ocrx_word' id='word_1_461' title='bbox 1043 3367 1324 3438; x_wconf 90' lang='lat' dir='ltr'><strong>reperitur</strong></span> <span class='ocrx_word' id='word_1_462' title='bbox 1353 3369 1639 3424; x_wconf 91' lang='lat' dir='ltr'><strong>insertum.</strong></span> <span class='ocrx_word' id='word_1_463' title='bbox 1687 3369 1824 3424; x_wconf 89' lang='lat' dir='ltr'><strong>Cum</strong></span> <span class='ocrx_word' id='word_1_464' title='bbox 1853 3372 1998 3426; x_wconf 91' lang='lat' dir='ltr'><strong>enim</strong></span> 
     </span>
    </p>
   </div>
   <div class='ocr_carea' id='block_1_64' title="bbox 397 3449 2004 3532">
    <p class='ocr_par' dir='ltr' id='par_1_64' title="bbox 397 3449 2004 3532">
     <span class='ocr_line' id='line_1_64' title="bbox 397 3449 2004 3532; baseline 0.008 -28"><span class='ocrx_word' id='word_1_465' title='bbox 397 3449 543 3506; x_wconf 83' lang='lat' dir='ltr'><strong>Boso</strong></span> <span class='ocrx_word' id='word_1_466' title='bbox 586 3453 865 3522; x_wconf 76' lang='lat' dir='ltr'><strong>prmfuerit</strong></span> <span class='ocrx_word' id='word_1_467' title='bbox 911 3456 1162 3514; x_wconf 89' lang='lat' dir='ltr'><strong>domibus</strong></span> <span class='ocrx_word' id='word_1_468' title='bbox 1211 3457 1367 3513; x_wconf 85' lang='lat' dir='ltr'><strong>vallis</strong></span> <span class='ocrx_word' id='word_1_469' title='bbox 1418 3458 1602 3515; x_wconf 87' lang='lat' dir='ltr'><strong>Sancti</strong></span> <span class='ocrx_word' id='word_1_470' title='bbox 1657 3459 1897 3532; x_wconf 82' lang='lat' dir='ltr'><strong>I&#39;Iugoni‘s</strong></span> <span class='ocrx_word' id='word_1_471' title='bbox 1947 3469 2004 3517; x_wconf 78' lang='lat' dir='ltr'><strong>et</strong></span> 
     </span>
    </p>
   </div>
   <div class='ocr_carea' id='block_1_65' title="bbox 401 3540 1998 3616">
    <p class='ocr_par' dir='ltr' id='par_1_65' title="bbox 401 3540 1998 3616">
     <span class='ocr_line' id='line_1_65' title="bbox 401 3540 1998 3616; baseline 0.007 -22"><span class='ocrx_word' id='word_1_472' title='bbox 401 3540 624 3611; x_wconf 80' lang='lat' dir='ltr'><strong>Majoris</strong></span> <span class='ocrx_word' id='word_1_473' title='bbox 663 3541 966 3600; x_wconf 72' lang='lat' dir='ltr'><strong>Carthasim</strong></span> <span class='ocrx_word' id='word_1_474' title='bbox 995 3546 1064 3601; x_wconf 90' lang='lat' dir='ltr'><strong>ab</strong></span> <span class='ocrx_word' id='word_1_475' title='bbox 1113 3562 1256 3602; x_wconf 90' lang='lat' dir='ltr'><strong>anno</strong></span> <span class='ocrx_word' id='word_1_476' title='bbox 1304 3548 1442 3602; x_wconf 88' lang='grc'>1272</span> <span class='ocrx_word' id='word_1_477' title='bbox 1470 3549 1538 3603; x_wconf 90' lang='lat' dir='ltr'><strong>ad</strong></span> <span class='ocrx_word' id='word_1_478' title='bbox 1587 3564 1786 3604; x_wconf 89' lang='lat' dir='ltr'><strong>annarn</strong></span> <span class='ocrx_word' id='word_1_479' title='bbox 1813 3551 1956 3605; x_wconf 80' lang='grc'><strong>1515</strong></span> <span class='ocrx_word' id='word_1_480' title='bbox 1983 3591 1998 3616; x_wconf 88' lang='grc'><em>,</em></span> 
     </span>
    </p>
   </div>
   <div class='ocr_carea' id='block_1_66' title="bbox 401 3632 2008 3716">
    <p class='ocr_par' dir='ltr' id='par_1_66' title="bbox 401 3632 2008 3716">
     <span class='ocr_line' id='line_1_66' title="bbox 401 3632 2008 3716; baseline 0.01 -33"><span class='ocrx_word' id='word_1_481' title='bbox 401 3647 515 3701; x_wconf 89' lang='lat' dir='ltr'><strong>quo</strong></span> <span class='ocrx_word' id='word_1_482' title='bbox 543 3632 804 3699; x_wconf 88' lang='lat' dir='ltr'><strong>decessit;</strong></span> <span class='ocrx_word' id='word_1_483' title='bbox 839 3635 962 3691; x_wconf 89' lang='lat' dir='ltr'><strong>inde</strong></span> <span class='ocrx_word' id='word_1_484' title='bbox 989 3636 1162 3707; x_wconf 89' lang='lat' dir='ltr'><strong>liquet</strong></span> <span class='ocrx_word' id='word_1_485' title='bbox 1199 3639 1616 3704; x_wconf 81' lang='lat' dir='ltr'><strong>clrartulariam,</strong></span> <span class='ocrx_word' id='word_1_486' title='bbox 1679 3641 1730 3694; x_wconf 93' lang='lat' dir='ltr'><strong>iu</strong></span> <span class='ocrx_word' id='word_1_487' title='bbox 1778 3643 2008 3716; x_wconf 84' lang='lat' dir='ltr'><strong>praefato</strong></span> 
     </span>
    </p>
   </div>
   <div class='ocr_carea' id='block_1_67' title="bbox 401 3724 2002 3802">
    <p class='ocr_par' dir='ltr' id='par_1_67' title="bbox 401 3724 2002 3802">
     <span class='ocr_line' id='line_1_67' title="bbox 401 3724 2002 3802; baseline 0.007 -23"><span class='ocrx_word' id='word_1_488' title='bbox 401 3724 673 3780; x_wconf 84' lang='lat' dir='ltr'><strong>Chronico</strong></span> <span class='ocrx_word' id='word_1_489' title='bbox 695 3726 941 3794; x_wconf 85' lang='lat' dir='ltr'><strong>citatum,</strong></span> <span class='ocrx_word' id='word_1_490' title='bbox 971 3739 1098 3784; x_wconf 91' lang='lat' dir='ltr'><strong>aute</strong></span> <span class='ocrx_word' id='word_1_491' title='bbox 1129 3728 1354 3786; x_wconf 87' lang='lat' dir='ltr'><strong>Bosonis</strong></span> <span class='ocrx_word' id='word_1_492' title='bbox 1384 3740 1627 3802; x_wconf 86' lang='lat' dir='ltr'><strong>tempora</strong></span> <span class='ocrx_word' id='word_1_493' title='bbox 1657 3731 1826 3790; x_wconf 89' lang='lat' dir='ltr'><strong>fuisse</strong></span> <span class='ocrx_word' id='word_1_494' title='bbox 1865 3749 2002 3790; x_wconf 77' lang='lat' dir='ltr'><strong>con—</strong></span> 
     </span>
    </p>
   </div>
   <div class='ocr_carea' id='block_1_68' title="bbox 403 3817 2002 3892">
    <p class='ocr_par' dir='ltr' id='par_1_68' title="bbox 403 3817 2002 3892">
     <span class='ocr_line' id='line_1_68' title="bbox 403 3817 2002 3892; baseline 0.008 -22"><span class='ocrx_word' id='word_1_495' title='bbox 403 3817 690 3885; x_wconf 85' lang='lat' dir='ltr'><strong>scriptum,</strong></span> <span class='ocrx_word' id='word_1_496' title='bbox 721 3833 784 3874; x_wconf 89' lang='lat' dir='ltr'><strong>ac</strong></span> <span class='ocrx_word' id='word_1_497' title='bbox 808 3830 1098 3891; x_wconf 84' lang='lat' dir='ltr'><strong>prepterea</strong></span> <span class='ocrx_word' id='word_1_498' title='bbox 1159 3823 1335 3892; x_wconf 87' lang='lat' dir='ltr'><strong>ipsum</strong></span> <span class='ocrx_word' id='word_1_499' title='bbox 1370 3834 1650 3880; x_wconf 88' lang='lat' dir='ltr'><strong>auctorem</strong></span> <span class='ocrx_word' id='word_1_500' title='bbox 1682 3827 1845 3883; x_wconf 88' lang='lat' dir='ltr'><strong>etiam</strong></span> <span class='ocrx_word' id='word_1_501' title='bbox 1875 3835 2002 3883; x_wconf 88' lang='lat' dir='ltr'><strong>ante</strong></span> 
     </span>
    </p>
   </div>
   <div class='ocr_carea' id='block_1_69' title="bbox 405 3910 2000 3990">
    <p class='ocr_par' dir='ltr' id='par_1_69' title="bbox 405 3910 2000 3990">
     <span class='ocr_line' id='line_1_69' title="bbox 405 3910 2000 3990; baseline 0.009 -28"><span class='ocrx_word' id='word_1_502' title='bbox 405 3925 606 3964; x_wconf 88' lang='lat' dir='ltr'><strong>annum</strong></span> <span class='ocrx_word' id='word_1_503' title='bbox 629 3910 776 3965; x_wconf 82' lang='grc'>1272</span> <span class='ocrx_word' id='word_1_504' title='bbox 794 3911 1062 3979; x_wconf 83' lang='lat' dir='ltr'><strong>ﬂoruisse,</strong></span> <span class='ocrx_word' id='word_1_505' title='bbox 1090 3914 1248 3984; x_wconf 87' lang='lat' dir='ltr'><strong>cujus</strong></span> <span class='ocrx_word' id='word_1_506' title='bbox 1283 3916 1404 3972; x_wconf 73' lang='lat' dir='ltr'><strong>vitte</strong></span> <span class='ocrx_word' id='word_1_507' title='bbox 1429 3924 1639 3987; x_wconf 89' lang='lat' dir='ltr'><strong>tempus</strong></span> <span class='ocrx_word' id='word_1_508' title='bbox 1662 3921 2000 3990; x_wconf 80' lang='lat' dir='ltr'><strong>assignantes</strong></span> 
     </span>
    </p>
   </div>
   <div class='ocr_carea' id='block_1_70' title="bbox 311 3999 2001 4082">
    <p class='ocr_par' dir='ltr' id='par_1_70' title="bbox 311 3999 2001 4082">
     <span class='ocr_line' id='line_1_70' title="bbox 311 3999 2001 4082; baseline 0.008 -27"><span class='ocrx_word' id='word_1_509' title='bbox 311 4061 319 4067; x_wconf 89' lang='lat'>_</span> <span class='ocrx_word' id='word_1_510' title='bbox 403 3999 550 4056; x_wconf 82' lang='lat' dir='ltr'><strong>circa</strong></span> <span class='ocrx_word' id='word_1_511' title='bbox 581 4016 781 4056; x_wconf 91' lang='lat' dir='ltr'><strong>annum</strong></span> <span class='ocrx_word' id='word_1_512' title='bbox 813 4003 972 4068; x_wconf 82' lang='grc'>1220,</span> <span class='ocrx_word' id='word_1_513' title='bbox 1007 4005 1213 4060; x_wconf 90' lang='lat' dir='ltr'><strong>nullum</strong></span> <span class='ocrx_word' id='word_1_514' title='bbox 1259 4006 1384 4062; x_wconf 85' lang='lat' dir='ltr'><strong>inde</strong></span> <span class='ocrx_word' id='word_1_515' title='bbox 1415 4023 1514 4065; x_wconf 88' lang='lat' dir='ltr'><strong>nos</strong></span> <span class='ocrx_word' id='word_1_516' title='bbox 1560 4009 1740 4066; x_wconf 84' lang='lat' dir='ltr'><strong>subire</strong></span> <span class='ocrx_word' id='word_1_517' title='bbox 1789 4011 2001 4082; x_wconf 83' lang='lat' dir='ltr'><strong>vitupe-</strong></span> 
     </span>
    </p>
   </div>
   <div class='ocr_carea' id='block_1_71' title="bbox 405 4091 2001 4170">
    <p class='ocr_par' dir='ltr' id='par_1_71' title="bbox 405 4091 2001 4170">
     <span class='ocr_line' id='line_1_71' title="bbox 405 4091 2001 4170; baseline 0.008 -26"><span class='ocrx_word' id='word_1_518' title='bbox 405 4091 542 4145; x_wconf 83' lang='lat' dir='ltr'><strong>rium</strong></span> <span class='ocrx_word' id='word_1_519' title='bbox 566 4103 842 4162; x_wconf 84' lang='lat' dir='ltr'><strong>putamus,</strong></span> <span class='ocrx_word' id='word_1_520' title='bbox 867 4111 992 4150; x_wconf 85' lang='lat' dir='ltr'><strong>Cum</strong></span> <span class='ocrx_word' id='word_1_521' title='bbox 1031 4097 1194 4151; x_wconf 88' lang='lat' dir='ltr'><strong>etiam</strong></span> <span class='ocrx_word' id='word_1_522' title='bbox 1227 4099 1462 4167; x_wconf 88' lang='lat' dir='ltr'><strong>poluerit</strong></span> <span class='ocrx_word' id='word_1_523' title='bbox 1498 4099 1704 4170; x_wconf 87' lang='lat' dir='ltr'><strong>aliquot</strong></span> <span class='ocrx_word' id='word_1_524' title='bbox 1744 4110 1870 4156; x_wconf 89' lang='lat' dir='ltr'><strong>ante</strong></span> <span class='ocrx_word' id='word_1_525' title='bbox 1902 4118 2001 4156; x_wconf 82' lang='lat' dir='ltr'><strong>an-</strong></span> 
     </span>
    </p>
   </div>
   <div class='ocr_carea' id='block_1_72' title="bbox 403 4185 1996 4252">
    <p class='ocr_par' dir='ltr' id='par_1_72' title="bbox 403 4185 1996 4252">
     <span class='ocr_line' id='line_1_72' title="bbox 403 4185 1996 4252; baseline 0.008 -14"><span class='ocrx_word' id='word_1_526' title='bbox 403 4199 503 4240; x_wconf 88' lang='lat' dir='ltr'><strong>nos</strong></span> <span class='ocrx_word' id='word_1_527' title='bbox 525 4185 748 4252; x_wconf 78' lang='lat' dir='ltr'><strong>vixisse,</strong></span> <span class='ocrx_word' id='word_1_528' title='bbox 795 4201 860 4242; x_wconf 91' lang='lat' dir='ltr'><strong>ac</strong></span> <span class='ocrx_word' id='word_1_529' title='bbox 891 4188 1055 4242; x_wconf 90' lang='lat' dir='ltr'><strong>etiam</strong></span> <span class='ocrx_word' id='word_1_530' title='bbox 1106 4190 1308 4244; x_wconf 82' lang='lat' dir='ltr'><strong>vidisse</strong></span> <span class='ocrx_word' id='word_1_531' title='bbox 1352 4192 1566 4248; x_wconf 85' lang='lat' dir='ltr'><strong>beatum</strong></span> <span class='ocrx_word' id='word_1_532' title='bbox 1610 4193 1758 4248; x_wconf 91' lang='lat' dir='ltr'><strong>illum</strong></span> <span class='ocrx_word' id='word_1_533' title='bbox 1811 4210 1996 4250; x_wconf 85' lang='lat' dir='ltr'><strong>seuera</strong></span> 
     </span>
    </p>
   </div>
   <div class='ocr_carea' id='block_1_73' title="bbox 402 4273 1994 4356">
    <p class='ocr_par' dir='ltr' id='par_1_73' title="bbox 402 4273 1994 4356">
     <span class='ocr_line' id='line_1_73' title="bbox 402 4273 1994 4356; baseline 0.008 -25"><span class='ocrx_word' id='word_1_534' title='bbox 402 4273 770 4346; x_wconf 82' lang='lat' dir='ltr'><strong>Jancelinum,</strong></span> <span class='ocrx_word' id='word_1_535' title='bbox 801 4280 1038 4349; x_wconf 92' lang='lat' dir='ltr'><strong>priorem</strong></span> <span class='ocrx_word' id='word_1_536' title='bbox 1062 4281 1390 4350; x_wconf 70' lang='lat' dir='ltr'><strong>Cartlrusire,</strong></span> <span class='ocrx_word' id='word_1_537' title='bbox 1420 4294 1473 4339; x_wconf 84' lang='lat' dir='ltr'><strong>et</strong></span> <span class='ocrx_word' id='word_1_538' title='bbox 1499 4285 1636 4341; x_wconf 87' lang='lat' dir='ltr'><strong>alios</strong></span> <span class='ocrx_word' id='word_1_539' title='bbox 1666 4285 1849 4356; x_wconf 90' lang='lat' dir='ltr'><strong>plures</strong></span> <span class='ocrx_word' id='word_1_540' title='bbox 1879 4304 1994 4344; x_wconf 87' lang='lat' dir='ltr'><strong>m0-</strong></span> 
     </span>
    </p>
   </div>
   <div class='ocr_carea' id='block_1_74' title="bbox 405 4369 1999 4444">
    <p class='ocr_par' dir='ltr' id='par_1_74' title="bbox 405 4369 1999 4444">
     <span class='ocr_line' id='line_1_74' title="bbox 405 4369 1999 4444; baseline 0.006 -20"><span class='ocrx_word' id='word_1_541' title='bbox 405 4371 632 4437; x_wconf 90' lang='lat' dir='ltr'><strong>uachos,</strong></span> <span class='ocrx_word' id='word_1_542' title='bbox 663 4369 962 4441; x_wconf 88' lang='lat' dir='ltr'><strong>discipulos</strong></span> <span class='ocrx_word' id='word_1_543' title='bbox 985 4371 1374 4444; x_wconf 88' lang='lat' dir='ltr'><strong>discipuloruur</strong></span> <span class='ocrx_word' id='word_1_544' title='bbox 1413 4377 1586 4432; x_wconf 89' lang='lat' dir='ltr'><strong>sauc&#39;i</strong></span> <span class='ocrx_word' id='word_1_545' title='bbox 1616 4377 1882 4434; x_wconf 82' lang='lat' dir='ltr'><strong>Ilrunonis</strong></span> <span class='ocrx_word' id='word_1_546' title='bbox 1903 4386 1999 4434; x_wconf 91' lang='lat' dir='ltr'><strong>aut</strong></span> 
     </span>
    </p>
   </div>
   <div class='ocr_carea' id='block_1_75' title="bbox 2097 3083 3715 3158">
    <p class='ocr_par' dir='ltr' id='par_1_75' title="bbox 2097 3083 3715 3158">
     <span class='ocr_line' id='line_1_75' title="bbox 2097 3083 3715 3158; baseline 0.004 -21"><span class='ocrx_word' id='word_1_547' title='bbox 2097 3083 2273 3154; x_wconf 77' lang='lat' dir='ltr'><strong>giouis</strong></span> <span class='ocrx_word' id='word_1_548' title='bbox 2339 3084 2704 3150; x_wconf 89' lang='lat' dir='ltr'><strong>inscribitur,</strong></span> <span class='ocrx_word' id='word_1_549' title='bbox 2781 3086 3034 3141; x_wconf 86' lang='lat' dir='ltr'><strong>tractatui</strong></span> <span class='ocrx_word' id='word_1_550' title='bbox 3096 3087 3395 3158; x_wconf 88' lang='lat' dir='ltr'><strong>primorum</strong></span> <span class='ocrx_word' id='word_1_551' title='bbox 3458 3090 3715 3158; x_wconf 83' lang='lat' dir='ltr'><strong>quinque</strong></span> 
     </span>
    </p>
   </div>
   <div class='ocr_carea' id='block_1_76' title="bbox 2103 3174 3714 3248">
    <p class='ocr_par' dir='ltr' id='par_1_76' title="bbox 2103 3174 3714 3248">
     <span class='ocr_line' id='line_1_76' title="bbox 2103 3174 3714 3248; baseline 0.004 -19"><span class='ocrx_word' id='word_1_552' title='bbox 2103 3174 2404 3230; x_wconf 75' lang='lat' dir='ltr'><strong>Carthasim</strong></span> <span class='ocrx_word' id='word_1_553' title='bbox 2425 3176 2668 3247; x_wconf 89' lang='lat' dir='ltr'><strong>priorum</strong></span> <span class='ocrx_word' id='word_1_554' title='bbox 2696 3175 3005 3233; x_wconf 88' lang='lat' dir='ltr'><strong>Chronicon</strong></span> <span class='ocrx_word' id='word_1_555' title='bbox 3059 3177 3328 3248; x_wconf 83' lang='lat' dir='ltr'><strong>integrum</strong></span> <span class='ocrx_word' id='word_1_556' title='bbox 3378 3177 3714 3248; x_wconf 84' lang='lat' dir='ltr'><strong>inseruerit,</strong></span> 
     </span>
    </p>
   </div>
   <div class='ocr_carea' id='block_1_77' title="bbox 2102 3269 3710 3343">
    <p class='ocr_par' dir='ltr' id='par_1_77' title="bbox 2102 3269 3710 3343">
     <span class='ocr_line' id='line_1_77' title="bbox 2102 3269 3710 3343; baseline -0.001 -15"><span class='ocrx_word' id='word_1_557' title='bbox 2102 3287 2443 3342; x_wconf 85' lang='lat' dir='ltr'><strong>consequens</strong></span> <span class='ocrx_word' id='word_1_558' title='bbox 2469 3272 2785 3342; x_wconf 89' lang='lat' dir='ltr'><strong>neutiquam</strong></span> <span class='ocrx_word' id='word_1_559' title='bbox 2814 3280 2918 3337; x_wconf 90' lang='lat' dir='ltr'><strong>est,</strong></span> <span class='ocrx_word' id='word_1_560' title='bbox 2949 3280 3008 3326; x_wconf 92' lang='lat' dir='ltr'><strong>ut</strong></span> <span class='ocrx_word' id='word_1_561' title='bbox 3055 3269 3217 3341; x_wconf 86' lang='lat' dir='ltr'><strong>hujus</strong></span> <span class='ocrx_word' id='word_1_562' title='bbox 3247 3279 3440 3328; x_wconf 88' lang='lat' dir='ltr'><strong>auctor</strong></span> <span class='ocrx_word' id='word_1_563' title='bbox 3491 3285 3710 3343; x_wconf 84' lang='lat' dir='ltr'><strong>anony-</strong></span> 
     </span>
    </p>
   </div>
   <div class='ocr_carea' id='block_1_78' title="bbox 2101 3359 3154 3420">
    <p class='ocr_par' dir='ltr' id='par_1_78' title="bbox 2101 3359 3154 3420">
     <span class='ocr_line' id='line_1_78' title="bbox 2101 3359 3154 3420; baseline -0.005 -1"><span class='ocrx_word' id='word_1_564' title='bbox 2101 3378 2222 3420; x_wconf 85' lang='lat' dir='ltr'><strong>mus</strong></span> <span class='ocrx_word' id='word_1_565' title='bbox 2248 3371 2374 3417; x_wconf 88' lang='lat' dir='ltr'><strong>ante</strong></span> <span class='ocrx_word' id='word_1_566' title='bbox 2402 3377 2604 3416; x_wconf 89' lang='lat' dir='ltr'><strong>anuurn</strong></span> <span class='ocrx_word' id='word_1_567' title='bbox 2638 3361 2776 3415; x_wconf 81' lang='grc'>1272</span> <span class='ocrx_word' id='word_1_568' title='bbox 2811 3359 2862 3416; x_wconf 79' lang='lat' dir='ltr'><strong>id</strong></span> <span class='ocrx_word' id='word_1_569' title='bbox 2893 3361 3154 3416; x_wconf 82' lang='lat' dir='ltr'><strong>exararit.</strong></span> 
     </span>
    </p>
   </div>
   <div class='ocr_carea' id='block_1_79' title="bbox 2172 3451 3720 3520">
    <p class='ocr_par' dir='ltr' id='par_1_79' title="bbox 2172 3451 3720 3520">
     <span class='ocr_line' id='line_1_79' title="bbox 2172 3451 3720 3520; baseline -0.001 -11"><span class='ocrx_word' id='word_1_570' title='bbox 2172 3454 2464 3510; x_wconf 66' lang='lat'><strong>554.8050</strong></span> <span class='ocrx_word' id='word_1_571' title='bbox 2503 3454 2669 3520; x_wconf 89' lang='lat' dir='ltr'><strong>enim,</strong></span> <span class='ocrx_word' id='word_1_572' title='bbox 2704 3462 2764 3508; x_wconf 89' lang='lat' dir='ltr'><strong>ut</strong></span> <span class='ocrx_word' id='word_1_573' title='bbox 2812 3461 3080 3510; x_wconf 87' lang='lat' dir='ltr'><strong>tractatus</strong></span> <span class='ocrx_word' id='word_1_574' title='bbox 3139 3451 3205 3509; x_wconf 89' lang='lat' dir='ltr'><strong>de</strong></span> <span class='ocrx_word' id='word_1_575' title='bbox 3262 3451 3320 3508; x_wconf 91' lang='lat' dir='ltr'><strong>S.</strong></span> <span class='ocrx_word' id='word_1_576' title='bbox 3385 3452 3720 3508; x_wconf 75' lang='lat' dir='ltr'><strong>Bruuonea</strong></span> 
     </span>
    </p>
   </div>
   <div class='ocr_carea' id='block_1_80' title="bbox 2102 3541 3711 3615">
    <p class='ocr_par' dir='ltr' id='par_1_80' title="bbox 2102 3541 3711 3615">
     <span class='ocr_line' id='line_1_80' title="bbox 2102 3541 3711 3615; baseline -0.002 -14"><span class='ocrx_word' id='word_1_577' title='bbox 2102 3545 2485 3602; x_wconf 83' lang='lat' dir='ltr'><strong>Carthasiauis</strong></span> <span class='ocrx_word' id='word_1_578' title='bbox 2529 3543 2804 3615; x_wconf 79' lang='lat' dir='ltr'><strong>hujatibus</strong></span> <span class='ocrx_word' id='word_1_579' title='bbox 2835 3559 3050 3600; x_wconf 88' lang='lat' dir='ltr'><strong>mecum</strong></span> <span class='ocrx_word' id='word_1_580' title='bbox 3083 3541 3473 3600; x_wconf 85' lang='lat' dir='ltr'><strong>communicati</strong></span> <span class='ocrx_word' id='word_1_581' title='bbox 3511 3551 3711 3598; x_wconf 73' lang='lat' dir='ltr'><strong>auctor</strong></span> 
     </span>
    </p>
   </div>
   <div class='ocr_carea' id='block_1_81' title="bbox 2102 3636 3715 3708">
    <p class='ocr_par' dir='ltr' id='par_1_81' title="bbox 2102 3636 3715 3708">
     <span class='ocr_line' id='line_1_81' title="bbox 2102 3636 3715 3708; baseline -0.001 -14"><span class='ocrx_word' id='word_1_582' title='bbox 2102 3639 2264 3694; x_wconf 86' lang='lat' dir='ltr'><strong>modo</strong></span> <span class='ocrx_word' id='word_1_583' title='bbox 2290 3639 2396 3693; x_wconf 92' lang='lat' dir='ltr'><strong>huc</strong></span> <span class='ocrx_word' id='word_1_584' title='bbox 2427 3637 2774 3708; x_wconf 85' lang='lat' dir='ltr'><strong>trauscriptis</strong></span> <span class='ocrx_word' id='word_1_585' title='bbox 2803 3636 2984 3694; x_wconf 89' lang='lat' dir='ltr'><strong>verbis</strong></span> <span class='ocrx_word' id='word_1_586' title='bbox 3009 3636 3186 3704; x_wconf 83' lang='lat' dir='ltr'><strong>docet,</strong></span> <span class='ocrx_word' id='word_1_587' title='bbox 3221 3637 3394 3692; x_wconf 84' lang='lat' dir='ltr'><strong>tribus</strong></span> <span class='ocrx_word' id='word_1_588' title='bbox 3430 3636 3715 3692; x_wconf 78' lang='lat' dir='ltr'><strong>duntaxat</strong></span> 
     </span>
    </p>
   </div>
   <div class='ocr_carea' id='block_1_82' title="bbox 2101 3727 3716 3802">
    <p class='ocr_par' dir='ltr' id='par_1_82' title="bbox 2101 3727 3716 3802">
     <span class='ocr_line' id='line_1_82' title="bbox 2101 3727 3716 3802; baseline -0.002 -14"><span class='ocrx_word' id='word_1_589' title='bbox 2101 3732 2258 3788; x_wconf 89' lang='lat' dir='ltr'><strong>annis</strong></span> <span class='ocrx_word' id='word_1_590' title='bbox 2287 3738 2412 3788; x_wconf 87' lang='lat' dir='ltr'><strong>ante</strong></span> <span class='ocrx_word' id='word_1_591' title='bbox 2438 3732 2647 3786; x_wconf 86' lang='lat' dir='ltr'><strong>obitum</strong></span> <span class='ocrx_word' id='word_1_592' title='bbox 2667 3745 2848 3796; x_wconf 89' lang='lat' dir='ltr'><strong>suum,</strong></span> <span class='ocrx_word' id='word_1_593' title='bbox 2879 3731 2972 3802; x_wconf 89' lang='lat' dir='ltr'><strong>qni</strong></span> <span class='ocrx_word' id='word_1_594' title='bbox 3010 3745 3156 3785; x_wconf 89' lang='lat' dir='ltr'><strong>anno</strong></span> <span class='ocrx_word' id='word_1_595' title='bbox 3188 3727 3328 3786; x_wconf 85' lang='grc'><strong>1515,</strong></span> <span class='ocrx_word' id='word_1_596' title='bbox 3345 3730 3563 3796; x_wconf 86' lang='lat' dir='ltr'><strong>evenit,</strong></span> <span class='ocrx_word' id='word_1_597' title='bbox 3594 3738 3716 3785; x_wconf 79' lang='lat' dir='ltr'><strong>tra-</strong></span> 
     </span>
    </p>
   </div>
   <div class='ocr_carea' id='block_1_83' title="bbox 2101 3819 3716 3892">
    <p class='ocr_par' dir='ltr' id='par_1_83' title="bbox 2101 3819 3716 3892">
     <span class='ocr_line' id='line_1_83' title="bbox 2101 3819 3716 3892; baseline -0.004 -13"><span class='ocrx_word' id='word_1_598' title='bbox 2101 3831 2303 3880; x_wconf 90' lang='lat' dir='ltr'><strong>ctatum</strong></span> <span class='ocrx_word' id='word_1_599' title='bbox 2333 3823 2584 3892; x_wconf 57' lang='lat' dir='ltr'><strong>proxime»</strong></span> <span class='ocrx_word' id='word_1_600' title='bbox 2605 3821 2881 3876; x_wconf 86' lang='lat' dir='ltr'><strong>laudatum</strong></span> <span class='ocrx_word' id='word_1_601' title='bbox 2915 3829 3011 3876; x_wconf 90' lang='lat' dir='ltr'><strong>aut</strong></span> <span class='ocrx_word' id='word_1_602' title='bbox 3051 3821 3280 3891; x_wconf 89' lang='lat' dir='ltr'><strong>ipsemet</strong></span> <span class='ocrx_word' id='word_1_603' title='bbox 3323 3819 3581 3890; x_wconf 84' lang='lat' dir='ltr'><strong>scripsit,</strong></span> <span class='ocrx_word' id='word_1_604' title='bbox 3613 3825 3716 3873; x_wconf 84' lang='lat' dir='ltr'><strong>aut</strong></span> 
     </span>
    </p>
   </div>
   <div class='ocr_carea' id='block_1_84' title="bbox 2101 3907 3718 3980">
    <p class='ocr_par' dir='ltr' id='par_1_84' title="bbox 2101 3907 3718 3980">
     <span class='ocr_line' id='line_1_84' title="bbox 2101 3907 3718 3980; baseline -0.004 -11"><span class='ocrx_word' id='word_1_605' title='bbox 2101 3913 2373 3970; x_wconf 86' lang='lat' dir='ltr'><strong>conscribi</strong></span> <span class='ocrx_word' id='word_1_606' title='bbox 2406 3912 2565 3975; x_wconf 83' lang='lat' dir='ltr'><strong>fecit;</strong></span> <span class='ocrx_word' id='word_1_607' title='bbox 2595 3911 2728 3966; x_wconf 88' lang='lat' dir='ltr'><strong>nihil</strong></span> <span class='ocrx_word' id='word_1_608' title='bbox 2754 3920 2937 3966; x_wconf 87' lang='lat' dir='ltr'><strong>autem</strong></span> <span class='ocrx_word' id='word_1_609' title='bbox 2996 3911 3218 3980; x_wconf 90' lang='lat' dir='ltr'><strong>impedit</strong></span> <span class='ocrx_word' id='word_1_610' title='bbox 3273 3925 3381 3980; x_wconf 93' lang='lat' dir='ltr'><strong>quo</strong></span> <span class='ocrx_word' id='word_1_611' title='bbox 3417 3910 3618 3964; x_wconf 87' lang='lat' dir='ltr'><strong>minus</strong></span> <span class='ocrx_word' id='word_1_612' title='bbox 3655 3907 3718 3964; x_wconf 86' lang='lat' dir='ltr'><strong>in</strong></span> 
     </span>
    </p>
   </div>
   <div class='ocr_carea' id='block_1_85' title="bbox 2100 3999 3719 4076">
    <p class='ocr_par' dir='ltr' id='par_1_85' title="bbox 2100 3999 3719 4076">
     <span class='ocr_line' id='line_1_85' title="bbox 2100 3999 3719 4076; baseline -0.003 -15"><span class='ocrx_word' id='word_1_613' title='bbox 2100 4007 2245 4061; x_wconf 87' lang='lat' dir='ltr'><strong>hunc</strong></span> <span class='ocrx_word' id='word_1_614' title='bbox 2273 4004 2512 4076; x_wconf 88' lang='lat' dir='ltr'><strong>quinque</strong></span> <span class='ocrx_word' id='word_1_615' title='bbox 2542 4003 2838 4074; x_wconf 88' lang='lat' dir='ltr'><strong>primorum</strong></span> <span class='ocrx_word' id='word_1_616' title='bbox 2898 4001 3198 4058; x_wconf 72' lang='lat' dir='ltr'><strong>Carthasim</strong></span> <span class='ocrx_word' id='word_1_617' title='bbox 3249 4000 3498 4070; x_wconf 90' lang='lat' dir='ltr'><strong>priorum</strong></span> <span class='ocrx_word' id='word_1_618' title='bbox 3536 3999 3719 4056; x_wconf 84' lang='lat' dir='ltr'><strong>Chro-</strong></span> 
     </span>
    </p>
   </div>
   <div class='ocr_carea' id='block_1_86' title="bbox 2101 4093 3720 4160">
    <p class='ocr_par' dir='ltr' id='par_1_86' title="bbox 2101 4093 3720 4160">
     <span class='ocr_line' id='line_1_86' title="bbox 2101 4093 3720 4160; baseline -0.002 -8"><span class='ocrx_word' id='word_1_619' title='bbox 2101 4097 2282 4160; x_wconf 88' lang='lat' dir='ltr'><strong>nicorr,</strong></span> <span class='ocrx_word' id='word_1_620' title='bbox 2317 4103 2374 4149; x_wconf 92' lang='lat' dir='ltr'><strong>ut</strong></span> <span class='ocrx_word' id='word_1_621' title='bbox 2400 4103 2457 4149; x_wconf 90' lang='lat' dir='ltr'><strong>ut</strong></span> <span class='ocrx_word' id='word_1_622' title='bbox 2488 4095 2538 4148; x_wconf 88' lang='lat' dir='ltr'><strong>id</strong></span> <span class='ocrx_word' id='word_1_623' title='bbox 2563 4102 2802 4149; x_wconf 88' lang='lat' dir='ltr'><strong>auctora</strong></span> <span class='ocrx_word' id='word_1_624' title='bbox 2833 4093 3020 4149; x_wconf 79' lang='lat' dir='ltr'><strong>decem</strong></span> <span class='ocrx_word' id='word_1_625' title='bbox 3067 4093 3336 4148; x_wconf 79' lang='lat' dir='ltr'><strong>duntaxat-</strong></span> <span class='ocrx_word' id='word_1_626' title='bbox 3377 4101 3475 4147; x_wconf 90' lang='lat' dir='ltr'><strong>aut</strong></span> <span class='ocrx_word' id='word_1_627' title='bbox 3537 4093 3720 4149; x_wconf 84' lang='lat' dir='ltr'><strong>etiam</strong></span> 
     </span>
    </p>
   </div>
   <div class='ocr_carea' id='block_1_87' title="bbox 2097 4183 3720 4256">
    <p class='ocr_par' dir='ltr' id='par_1_87' title="bbox 2097 4183 3720 4256">
     <span class='ocr_line' id='line_1_87' title="bbox 2097 4183 3720 4256; baseline 0.001 -17"><span class='ocrx_word' id='word_1_628' title='bbox 2097 4185 2448 4256; x_wconf 89' lang='lat' dir='ltr'><strong>paucioribus</strong></span> <span class='ocrx_word' id='word_1_629' title='bbox 2511 4183 2667 4240; x_wconf 84' lang='lat' dir='ltr'><strong>annis</strong></span> <span class='ocrx_word' id='word_1_630' title='bbox 2727 4185 3144 4251; x_wconf 88' lang='lat' dir='ltr'><strong>concinnasset,</strong></span> <span class='ocrx_word' id='word_1_631' title='bbox 3194 4184 3437 4254; x_wconf 81' lang='lat' dir='ltr'><strong>potuerit</strong></span> <span class='ocrx_word' id='word_1_632' title='bbox 3484 4184 3720 4240; x_wconf 84' lang='lat' dir='ltr'><strong>inferri.</strong></span> 
     </span>
    </p>
   </div>
   <div class='ocr_carea' id='block_1_88' title="bbox 2098 4272 3722 4346">
    <p class='ocr_par' dir='ltr' id='par_1_88' title="bbox 2098 4272 3722 4346">
     <span class='ocr_line' id='line_1_88' title="bbox 2098 4272 3722 4346; baseline 0.001 -17"><span class='ocrx_word' id='word_1_633' title='bbox 2098 4275 2289 4330; x_wconf 85' lang='lat' dir='ltr'><strong>Fuisse</strong></span> <span class='ocrx_word' id='word_1_634' title='bbox 2312 4277 2493 4346; x_wconf 90' lang='lat' dir='ltr'><strong>itaque</strong></span> <span class='ocrx_word' id='word_1_635' title='bbox 2522 4275 2662 4329; x_wconf 91' lang='lat' dir='ltr'><strong>hanc</strong></span> <span class='ocrx_word' id='word_1_636' title='bbox 2686 4273 3118 4330; x_wconf 88' lang='lat' dir='ltr'><strong>Iacubrationern</strong></span> <span class='ocrx_word' id='word_1_637' title='bbox 3143 4290 3287 4330; x_wconf 91' lang='lat' dir='ltr'><strong>anno</strong></span> <span class='ocrx_word' id='word_1_638' title='bbox 3314 4275 3551 4330; x_wconf 88' lang='lat' dir='ltr'><strong>circiter</strong></span> <span class='ocrx_word' id='word_1_639' title='bbox 3572 4272 3722 4330; x_wconf 74' lang='grc'>1220</span> 
     </span>
    </p>
   </div>
   <div class='ocr_carea' id='block_1_89' title="bbox 2099 4369 3721 4440">
    <p class='ocr_par' dir='ltr' id='par_1_89' title="bbox 2099 4369 3721 4440">
     <span class='ocr_line' id='line_1_89' title="bbox 2099 4369 3721 4440; baseline 0 -14"><span class='ocrx_word' id='word_1_640' title='bbox 2099 4383 2192 4427; x_wconf 90' lang='lat' dir='ltr'><strong>aut</strong></span> <span class='ocrx_word' id='word_1_641' title='bbox 2218 4371 2381 4428; x_wconf 91' lang='lat' dir='ltr'><strong>etiarn</strong></span> <span class='ocrx_word' id='word_1_642' title='bbox 2399 4371 2560 4426; x_wconf 89' lang='lat' dir='ltr'><strong>citius</strong></span> <span class='ocrx_word' id='word_1_643' title='bbox 2587 4370 2954 4436; x_wconf 78' lang='lat' dir='ltr'><strong>elaboratam,</strong></span> <span class='ocrx_word' id='word_1_644' title='bbox 2979 4369 3118 4424; x_wconf 84' lang='lat' dir='ltr'><strong>nihil</strong></span> <span class='ocrx_word' id='word_1_645' title='bbox 3137 4369 3297 4440; x_wconf 89' lang='lat' dir='ltr'><strong>plane</strong></span> <span class='ocrx_word' id='word_1_646' title='bbox 3318 4385 3381 4424; x_wconf 76' lang='lat' dir='ltr'><strong>ex</strong></span> <span class='ocrx_word' id='word_1_647' title='bbox 3409 4370 3721 4436; x_wconf 78' lang='lat' dir='ltr'><strong>erunibus,</strong></span> 
     </span>
    </p>
   </div>
   <div class='ocr_carea' id='block_1_90' title="bbox 403 4459 3721 4556">
    <p class='ocr_par' dir='ltr' id='par_1_90' title="bbox 403 4459 3721 4556">
     <span class='ocr_line' id='line_1_90' title="bbox 403 4459 3721 4556; baseline 0.007 -40"><span class='ocrx_word' id='word_1_648' title='bbox 403 4463 569 4516; x_wconf 88' lang='lat' dir='ltr'><strong>etiam</strong></span> <span class='ocrx_word' id='word_1_649' title='bbox 599 4462 872 4519; x_wconf 88' lang='lat' dir='ltr'><strong>sociorum</strong></span> <span class='ocrx_word' id='word_1_650' title='bbox 893 4465 1028 4535; x_wconf 86' lang='lat' dir='ltr'><strong>ejus.</strong></span> <span class='ocrx_word' id='word_1_651' title='bbox 1061 4484 1079 4516; x_wconf 71' lang='grc' dir='ltr'><strong>ι</strong></span> <span class='ocrx_word' id='word_1_652' title='bbox 1106 4465 1182 4521; x_wconf 87' lang='lat' dir='ltr'><strong>Ita</strong></span> <span class='ocrx_word' id='word_1_653' title='bbox 1213 4466 1610 4525; x_wconf 89' lang='lat' dir='ltr'><strong>Carthasianas</strong></span> <span class='ocrx_word' id='word_1_654' title='bbox 1661 4480 1844 4528; x_wconf 88' lang='lat' dir='ltr'><strong>noster</strong></span> <span class='ocrx_word' id='word_1_655' title='bbox 1897 4488 1995 4528; x_wconf 87' lang='lat' dir='ltr'><strong>an-</strong></span> <span class='ocrx_word' id='word_1_656' title='bbox 2023 4497 2074 4556; x_wconf 72' lang='grc' dir='ltr'>ι)</span> <span class='ocrx_word' id='word_1_657' title='bbox 2100 4477 2219 4532; x_wconf 72' lang='grc' dir='ltr'><strong>τιυω</strong></span> <span class='ocrx_word' id='word_1_658' title='bbox 2247 4463 2426 4518; x_wconf 63' lang='lat' dir='ltr'><strong>Verbis</strong></span> <span class='ocrx_word' id='word_1_659' title='bbox 2448 4461 2972 4556; x_wconf 62' lang='lat' dir='ltr'><strong>PrOXime_&quot;eCin5</strong></span> <span class='ocrx_word' id='word_1_660' title='bbox 2999 4461 3068 4515; x_wconf 67' lang='lat' dir='ltr'><strong>ab</strong></span> <span class='ocrx_word' id='word_1_661' title='bbox 3113 4460 3409 4556; x_wconf 48' lang='lat' dir='ltr'><strong>Annali“?</strong></span> <span class='ocrx_word' id='word_1_662' title='bbox 3429 4459 3721 4556; x_wconf 58' lang='lat' dir='ltr'><strong>Parthu-</strong></span> 
     </span>
    </p>
   </div>
   <div class='ocr_carea' id='block_1_91' title="bbox 405 4553 1993 4626">
    <p class='ocr_par' dir='ltr' id='par_1_91' title="bbox 405 4553 1993 4626">
     <span class='ocr_line' id='line_1_91' title="bbox 405 4553 1993 4626; baseline 0.006 -20"><span class='ocrx_word' id='word_1_663' title='bbox 405 4553 606 4607; x_wconf 89' lang='lat' dir='ltr'><strong>nalista</strong></span> <span class='ocrx_word' id='word_1_664' title='bbox 635 4567 964 4623; x_wconf 83' lang='lat' dir='ltr'><strong>anonymus,</strong></span> <span class='ocrx_word' id='word_1_665' title='bbox 1000 4553 1195 4626; x_wconf 86' lang='lat' dir='ltr'><strong>Operis</strong></span> <span class='ocrx_word' id='word_1_666' title='bbox 1243 4557 1327 4612; x_wconf 88' lang='lat' dir='ltr'><strong>sui</strong></span> <span class='ocrx_word' id='word_1_667' title='bbox 1365 4556 1481 4614; x_wconf 92' lang='lat' dir='ltr'><strong>loco</strong></span> <span class='ocrx_word' id='word_1_668' title='bbox 1513 4574 1619 4614; x_wconf 93' lang='lat' dir='ltr'><strong>nou</strong></span> <span class='ocrx_word' id='word_1_669' title='bbox 1673 4575 1782 4614; x_wconf 82' lang='lat' dir='ltr'><strong>uno</strong></span> <span class='ocrx_word' id='word_1_670' title='bbox 1829 4561 1993 4616; x_wconf 87' lang='lat' dir='ltr'><strong>etiam</strong></span> 
     </span>
    </p>
   </div>
   <div class='ocr_carea' id='block_1_92' title="bbox 405 4643 1995 4723">
    <p class='ocr_par' dir='ltr' id='par_1_92' title="bbox 405 4643 1995 4723">
     <span class='ocr_line' id='line_1_92' title="bbox 405 4643 1995 4723; baseline 0.007 -25"><span class='ocrx_word' id='word_1_671' title='bbox 405 4643 697 4710; x_wconf 89' lang='lat' dir='ltr'><strong>indicans,</strong></span> <span class='ocrx_word' id='word_1_672' title='bbox 749 4644 1220 4717; x_wconf 81' lang='lat' dir='ltr'><strong>chronographum</strong></span> <span class='ocrx_word' id='word_1_673' title='bbox 1270 4664 1622 4721; x_wconf 83' lang='lat' dir='ltr'><strong>anonymum,</strong></span> <span class='ocrx_word' id='word_1_674' title='bbox 1673 4667 1834 4722; x_wconf 86' lang='lat' dir='ltr'><strong>quem</strong></span> <span class='ocrx_word' id='word_1_675' title='bbox 1880 4653 1995 4723; x_wconf 86' lang='lat' dir='ltr'><strong>jam</strong></span> 
     </span>
    </p>
   </div>
   <div class='ocr_carea' id='block_1_93' title="bbox 405 4735 1994 4812">
    <p class='ocr_par' dir='ltr' id='par_1_93' title="bbox 405 4735 1994 4812">
     <span class='ocr_line' id='line_1_93' title="bbox 405 4735 1994 4812; baseline 0.006 -20"><span class='ocrx_word' id='word_1_676' title='bbox 405 4735 532 4792; x_wconf 87' lang='lat' dir='ltr'><strong>inde</strong></span> <span class='ocrx_word' id='word_1_677' title='bbox 563 4737 633 4792; x_wconf 93' lang='lat' dir='ltr'><strong>ab</strong></span> <span class='ocrx_word' id='word_1_678' title='bbox 661 4751 804 4790; x_wconf 88' lang='lat' dir='ltr'><strong>anno</strong></span> <span class='ocrx_word' id='word_1_679' title='bbox 831 4736 970 4792; x_wconf 89' lang='grc'>1220</span> <span class='ocrx_word' id='word_1_680' title='bbox 1005 4747 1098 4792; x_wconf 91' lang='lat' dir='ltr'><strong>aut</strong></span> <span class='ocrx_word' id='word_1_681' title='bbox 1135 4738 1299 4794; x_wconf 90' lang='lat' dir='ltr'><strong>etiam</strong></span> <span class='ocrx_word' id='word_1_682' title='bbox 1328 4740 1486 4797; x_wconf 90' lang='lat' dir='ltr'><strong>citius</strong></span> <span class='ocrx_word' id='word_1_683' title='bbox 1539 4742 1593 4795; x_wconf 93' lang='lat' dir='ltr'><strong>iu</strong></span> <span class='ocrx_word' id='word_1_684' title='bbox 1625 4743 1762 4798; x_wconf 90' lang='lat' dir='ltr'><strong>vivis</strong></span> <span class='ocrx_word' id='word_1_685' title='bbox 1806 4743 1994 4812; x_wconf 89' lang='lat' dir='ltr'><strong>fuisse,</strong></span> 
     </span>
    </p>
   </div>
   <div class='ocr_carea' id='block_1_94' title="bbox 410 4829 1996 4902">
    <p class='ocr_par' dir='ltr' id='par_1_94' title="bbox 410 4829 1996 4902">
     <span class='ocr_line' id='line_1_94' title="bbox 410 4829 1996 4902; baseline 0.006 -18"><span class='ocrx_word' id='word_1_686' title='bbox 410 4829 503 4885; x_wconf 91' lang='lat' dir='ltr'><strong>hic</strong></span> <span class='ocrx_word' id='word_1_687' title='bbox 531 4829 748 4897; x_wconf 86' lang='lat' dir='ltr'><strong>statuit,</strong></span> <span class='ocrx_word' id='word_1_688' title='bbox 781 4831 850 4886; x_wconf 89' lang='lat' dir='ltr'><strong>ab</strong></span> <span class='ocrx_word' id='word_1_689' title='bbox 876 4831 978 4886; x_wconf 93' lang='lat' dir='ltr'><strong>hoc</strong></span> <span class='ocrx_word' id='word_1_690' title='bbox 1001 4832 1120 4902; x_wconf 90' lang='lat' dir='ltr'><strong>ipso</strong></span> <span class='ocrx_word' id='word_1_691' title='bbox 1138 4833 1302 4887; x_wconf 88' lang='lat' dir='ltr'><strong>etiam</strong></span> <span class='ocrx_word' id='word_1_692' title='bbox 1333 4849 1477 4888; x_wconf 85' lang='lat' dir='ltr'><strong>anno</strong></span> <span class='ocrx_word' id='word_1_693' title='bbox 1522 4843 1618 4889; x_wconf 88' lang='lat' dir='ltr'><strong>aut</strong></span> <span class='ocrx_word' id='word_1_694' title='bbox 1649 4834 1812 4890; x_wconf 89' lang='lat' dir='ltr'><strong>citius</strong></span> <span class='ocrx_word' id='word_1_695' title='bbox 1841 4852 1996 4893; x_wconf 89' lang='lat' dir='ltr'><strong>suam</strong></span> 
     </span>
    </p>
   </div>
   <div class='ocr_carea' id='block_1_95' title="bbox 405 4922 1995 4998">
    <p class='ocr_par' dir='ltr' id='par_1_95' title="bbox 405 4922 1995 4998">
     <span class='ocr_line' id='line_1_95' title="bbox 405 4922 1995 4998; baseline 0.005 -22"><span class='ocrx_word' id='word_1_696' title='bbox 405 4922 474 4978; x_wconf 90' lang='lat' dir='ltr'><strong>de</strong></span> <span class='ocrx_word' id='word_1_697' title='bbox 503 4923 694 4993; x_wconf 89' lang='lat' dir='ltr'><strong>primis</strong></span> <span class='ocrx_word' id='word_1_698' title='bbox 715 4924 955 4995; x_wconf 88' lang='lat' dir='ltr'><strong>qrrinque</strong></span> <span class='ocrx_word' id='word_1_699' title='bbox 981 4925 1284 4980; x_wconf 71' lang='lat' dir='ltr'><strong>Carthasim</strong></span> <span class='ocrx_word' id='word_1_700' title='bbox 1327 4926 1603 4998; x_wconf 89' lang='lat' dir='ltr'><strong>prioribus</strong></span> <span class='ocrx_word' id='word_1_701' title='bbox 1655 4927 1995 4984; x_wconf 89' lang='lat' dir='ltr'><strong>lucubratio-</strong></span> 
     </span>
    </p>
   </div>
   <div class='ocr_carea' id='block_1_96' title="bbox 401 5011 1998 5089">
    <p class='ocr_par' dir='ltr' id='par_1_96' title="bbox 401 5011 1998 5089">
     <span class='ocr_line' id='line_1_96' title="bbox 401 5011 1998 5089; baseline 0.006 -24"><span class='ocrx_word' id='word_1_702' title='bbox 401 5027 525 5066; x_wconf 89' lang='lat' dir='ltr'><strong>ueru</strong></span> <span class='ocrx_word' id='word_1_703' title='bbox 550 5011 878 5069; x_wconf 80' lang='lat' dir='ltr'><strong>elaborasse.</strong></span> <span class='ocrx_word' id='word_1_704' title='bbox 932 5013 1127 5070; x_wconf 85' lang='lat' dir='ltr'><strong>Verum</strong></span> <span class='ocrx_word' id='word_1_705' title='bbox 1162 5016 1213 5070; x_wconf 92' lang='lat' dir='ltr'><strong>in</strong></span> <span class='ocrx_word' id='word_1_706' title='bbox 1248 5025 1359 5071; x_wconf 90' lang='lat' dir='ltr'><strong>toto</strong></span> <span class='ocrx_word' id='word_1_707' title='bbox 1387 5015 1504 5085; x_wconf 85' lang='lat' dir='ltr'><strong>ejus</strong></span> <span class='ocrx_word' id='word_1_708' title='bbox 1548 5017 1653 5073; x_wconf 94' lang='lat' dir='ltr'><strong>huc</strong></span> <span class='ocrx_word' id='word_1_709' title='bbox 1677 5017 1792 5089; x_wconf 83' lang='lat' dir='ltr'><strong>jam</strong></span> <span class='ocrx_word' id='word_1_710' title='bbox 1819 5029 1998 5075; x_wconf 87' lang='lat' dir='ltr'><strong>trans-</strong></span> 
     </span>
    </p>
   </div>
   <div class='ocr_carea' id='block_1_97' title="bbox 401 5101 1997 5176">
    <p class='ocr_par' dir='ltr' id='par_1_97' title="bbox 401 5101 1997 5176">
     <span class='ocr_line' id='line_1_97' title="bbox 401 5101 1997 5176; baseline 0.004 -20"><span class='ocrx_word' id='word_1_711' title='bbox 401 5101 580 5171; x_wconf 88' lang='lat' dir='ltr'><strong>cripto</strong></span> <span class='ocrx_word' id='word_1_712' title='bbox 618 5103 902 5159; x_wconf 90' lang='lat' dir='ltr'><strong>ratiocinio</strong></span> <span class='ocrx_word' id='word_1_713' title='bbox 947 5105 1326 5160; x_wconf 87' lang='lat' dir='ltr'><strong>uihilonruino</strong></span> <span class='ocrx_word' id='word_1_714' title='bbox 1353 5107 1633 5171; x_wconf 89' lang='lat' dir='ltr'><strong>occurrit,</strong></span> <span class='ocrx_word' id='word_1_715' title='bbox 1679 5107 1821 5176; x_wconf 89' lang='lat' dir='ltr'><strong>quod</strong></span> <span class='ocrx_word' id='word_1_716' title='bbox 1848 5108 1997 5163; x_wconf 78' lang='lat' dir='ltr'><strong>evin-</strong></span> 
     </span>
    </p>
   </div>
   <div class='ocr_carea' id='block_1_98' title="bbox 402 5195 1992 5270">
    <p class='ocr_par' dir='ltr' id='par_1_98' title="bbox 402 5195 1992 5270">
     <span class='ocr_line' id='line_1_98' title="bbox 402 5195 1992 5270; baseline 0.004 -22"><span class='ocrx_word' id='word_1_717' title='bbox 402 5203 516 5261; x_wconf 87' lang='lat' dir='ltr'><strong>cat,</strong></span> <span class='ocrx_word' id='word_1_718' title='bbox 542 5195 1016 5268; x_wconf 81' lang='lat' dir='ltr'><strong>chronographum</strong></span> <span class='ocrx_word' id='word_1_719' title='bbox 1043 5198 1192 5252; x_wconf 90' lang='lat' dir='ltr'><strong>illum</strong></span> <span class='ocrx_word' id='word_1_720' title='bbox 1220 5214 1550 5270; x_wconf 85' lang='lat' dir='ltr'><strong>anonymum</strong></span> <span class='ocrx_word' id='word_1_721' title='bbox 1575 5213 1670 5255; x_wconf 89' lang='lat' dir='ltr'><strong>seu</strong></span> <span class='ocrx_word' id='word_1_722' title='bbox 1693 5199 1992 5270; x_wconf 85' lang='lat' dir='ltr'><strong>primorum</strong></span> 
     </span>
    </p>
   </div>
   <div class='ocr_carea' id='block_1_99' title="bbox 401 5287 2000 5363">
    <p class='ocr_par' dir='ltr' id='par_1_99' title="bbox 401 5287 2000 5363">
     <span class='ocr_line' id='line_1_99' title="bbox 401 5287 2000 5363; baseline 0.003 -19"><span class='ocrx_word' id='word_1_723' title='bbox 401 5287 642 5361; x_wconf 87' lang='lat' dir='ltr'><strong>quinque</strong></span> <span class='ocrx_word' id='word_1_724' title='bbox 667 5289 972 5347; x_wconf 73' lang='lat' dir='ltr'><strong>Carthasim</strong></span> <span class='ocrx_word' id='word_1_725' title='bbox 1001 5293 1243 5363; x_wconf 90' lang='lat' dir='ltr'><strong>priorum</strong></span> <span class='ocrx_word' id='word_1_726' title='bbox 1271 5291 1524 5347; x_wconf 90' lang='lat' dir='ltr'><strong>Chronici</strong></span> <span class='ocrx_word' id='word_1_727' title='bbox 1559 5301 1834 5348; x_wconf 89' lang='lat' dir='ltr'><strong>auctorem</strong></span> <span class='ocrx_word' id='word_1_728' title='bbox 1857 5308 2000 5348; x_wconf 90' lang='lat' dir='ltr'><strong>anno</strong></span> 
     </span>
    </p>
   </div>
   <div class='ocr_carea' id='block_1_100' title="bbox 402 5381 1996 5454">
    <p class='ocr_par' dir='ltr' id='par_1_100' title="bbox 402 5381 1996 5454">
     <span class='ocr_line' id='line_1_100' title="bbox 402 5381 1996 5454; baseline 0.004 -21"><span class='ocrx_word' id='word_1_729' title='bbox 402 5381 500 5437; x_wconf 92' lang='lat' dir='ltr'><strong>illo</strong></span> <span class='ocrx_word' id='word_1_730' title='bbox 525 5382 670 5437; x_wconf 90' lang='lat' dir='ltr'><strong>inter</strong></span> <span class='ocrx_word' id='word_1_731' title='bbox 696 5383 846 5439; x_wconf 88' lang='lat' dir='ltr'><strong>vivos</strong></span> <span class='ocrx_word' id='word_1_732' title='bbox 869 5383 982 5454; x_wconf 87' lang='lat' dir='ltr'><strong>jam</strong></span> <span class='ocrx_word' id='word_1_733' title='bbox 1016 5383 1213 5454; x_wconf 79' lang='lat' dir='ltr'><strong>egisse,</strong></span> <span class='ocrx_word' id='word_1_734' title='bbox 1249 5391 1363 5447; x_wconf 89' lang='lat' dir='ltr'><strong>aut,</strong></span> <span class='ocrx_word' id='word_1_735' title='bbox 1397 5383 1441 5438; x_wconf 91' lang='lat' dir='ltr'><strong>si</strong></span> <span class='ocrx_word' id='word_1_736' title='bbox 1481 5382 1534 5438; x_wconf 90' lang='lat' dir='ltr'><strong>id</strong></span> <span class='ocrx_word' id='word_1_737' title='bbox 1585 5382 1657 5437; x_wconf 91' lang='lat' dir='ltr'><strong>ita</strong></span> <span class='ocrx_word' id='word_1_738' title='bbox 1703 5383 1996 5452; x_wconf 87' lang='lat' dir='ltr'><strong>habuerit,</strong></span> 
     </span>
    </p>
   </div>
   <div class='ocr_carea' id='block_1_101' title="bbox 399 5469 1292 5528">
    <p class='ocr_par' dir='ltr' id='par_1_101' title="bbox 399 5469 1292 5528">
     <span class='ocr_line' id='line_1_101' title="bbox 399 5469 1292 5528; baseline 0.001 -4"><span class='ocrx_word' id='word_1_739' title='bbox 399 5469 709 5528; x_wconf 80' lang='lat' dir='ltr'><strong>Chronicon</strong></span> <span class='ocrx_word' id='word_1_740' title='bbox 740 5487 896 5528; x_wconf 89' lang='lat' dir='ltr'><strong>suum</strong></span> <span class='ocrx_word' id='word_1_741' title='bbox 921 5474 1292 5528; x_wconf 88' lang='lat' dir='ltr'><strong>concinnasse.</strong></span> 
     </span>
    </p>
   </div>
   <div class='ocr_carea' id='block_1_102' title="bbox 475 5563 1997 5636">
    <p class='ocr_par' dir='ltr' id='par_1_102' title="bbox 475 5563 1997 5636">
     <span class='ocr_line' id='line_1_102' title="bbox 475 5563 1997 5636; baseline 0.004 -18"><span class='ocrx_word' id='word_1_742' title='bbox 475 5564 602 5618; x_wconf 78' lang='lat'><strong>555.</strong></span> <span class='ocrx_word' id='word_1_743' title='bbox 641 5565 749 5620; x_wconf 89' lang='lat' dir='ltr'><strong>Fac</strong></span> <span class='ocrx_word' id='word_1_744' title='bbox 779 5565 924 5620; x_wconf 90' lang='lat' dir='ltr'><strong>eni&#39;m</strong></span> <span class='ocrx_word' id='word_1_745' title='bbox 945 5563 1375 5632; x_wconf 77' lang='lat' dir='ltr'><strong>Chartnlarium,</strong></span> <span class='ocrx_word' id='word_1_746' title='bbox 1407 5565 1560 5636; x_wconf 87' lang='lat' dir='ltr'><strong>cujus</strong></span> <span class='ocrx_word' id='word_1_747' title='bbox 1582 5563 1634 5619; x_wconf 92' lang='lat' dir='ltr'><strong>in</strong></span> <span class='ocrx_word' id='word_1_748' title='bbox 1662 5564 1786 5631; x_wconf 89' lang='lat' dir='ltr'><strong>hoc,</strong></span> <span class='ocrx_word' id='word_1_749' title='bbox 1833 5566 1997 5624; x_wconf 89' lang='lat' dir='ltr'><strong>velati</strong></span> 
     </span>
    </p>
   </div>
   <div class='ocr_carea' id='block_1_103' title="bbox 403 5654 1997 5726">
    <p class='ocr_par' dir='ltr' id='par_1_103' title="bbox 403 5654 1997 5726">
     <span class='ocr_line' id='line_1_103' title="bbox 403 5654 1997 5726; baseline 0.003 -17"><span class='ocrx_word' id='word_1_750' title='bbox 403 5654 710 5726; x_wconf 82' lang='lat' dir='ltr'><strong>pontificias</strong></span> <span class='ocrx_word' id='word_1_751' title='bbox 741 5655 946 5710; x_wconf 85' lang='lat' dir='ltr'><strong>Urbani</strong></span> <span class='ocrx_word' id='word_1_752' title='bbox 975 5655 1017 5710; x_wconf 93' lang='lat' dir='ltr'><strong>ll</strong></span> <span class='ocrx_word' id='word_1_753' title='bbox 1059 5655 1274 5710; x_wconf 89' lang='lat' dir='ltr'><strong>litteras</strong></span> <span class='ocrx_word' id='word_1_754' title='bbox 1302 5664 1359 5710; x_wconf 85' lang='lat' dir='ltr'><strong>et</strong></span> <span class='ocrx_word' id='word_1_755' title='bbox 1394 5654 1606 5726; x_wconf 73' lang='lat' dir='ltr'><strong>Signini</strong></span> <span class='ocrx_word' id='word_1_756' title='bbox 1654 5654 1867 5713; x_wconf 89' lang='lat' dir='ltr'><strong>abbatis</strong></span> <span class='ocrx_word' id='word_1_757' title='bbox 1912 5658 1997 5713; x_wconf 88' lang='lat' dir='ltr'><strong>in-</strong></span> 
     </span>
    </p>
   </div>
   <div class='ocr_carea' id='block_1_104' title="bbox 397 5741 1994 5820">
    <p class='ocr_par' dir='ltr' id='par_1_104' title="bbox 397 5741 1994 5820">
     <span class='ocr_line' id='line_1_104' title="bbox 397 5741 1994 5820; baseline 0.003 -19"><span class='ocrx_word' id='word_1_758' title='bbox 397 5744 857 5820; x_wconf 76' lang='lat' dir='ltr'><strong>strumentumin</strong></span> <span class='ocrx_word' id='word_1_759' title='bbox 887 5747 1063 5816; x_wconf 88' lang='lat' dir='ltr'><strong>capite</strong></span> <span class='ocrx_word' id='word_1_760' title='bbox 1107 5741 1483 5817; x_wconf 65' lang='lat' dir='ltr'><strong>praeferentis,</strong></span> <span class='ocrx_word' id='word_1_761' title='bbox 1537 5746 1828 5820; x_wconf 84' lang='lat' dir='ltr'><strong>meminit,</strong></span> <span class='ocrx_word' id='word_1_762' title='bbox 1889 5764 1994 5807; x_wconf 91' lang='lat' dir='ltr'><strong>non</strong></span> 
     </span>
    </p>
   </div>
   <div class='ocr_carea' id='block_1_105' title="bbox 2099 4551 3718 4624">
    <p class='ocr_par' dir='ltr' id='par_1_105' title="bbox 2099 4551 3718 4624">
     <span class='ocr_line' id='line_1_105' title="bbox 2099 4551 3718 4624; baseline -0.002 -15"><span class='ocrx_word' id='word_1_763' title='bbox 2099 4553 2359 4609; x_wconf 79' lang='lat' dir='ltr'><strong>sicnsiuru</strong></span> <span class='ocrx_word' id='word_1_764' title='bbox 2388 4553 2508 4607; x_wconf 87' lang='lat' dir='ltr'><strong>libri</strong></span> <span class='ocrx_word' id='word_1_765' title='bbox 2541 4552 2720 4622; x_wconf 87' lang='lat' dir='ltr'><strong>quarti</strong></span> <span class='ocrx_word' id='word_1_766' title='bbox 2747 4560 2970 4607; x_wconf 90' lang='lat' dir='ltr'><strong>auctore</strong></span> <span class='ocrx_word' id='word_1_767' title='bbox 3019 4565 3290 4624; x_wconf 85' lang='lat' dir='ltr'><strong>anonymo</strong></span> <span class='ocrx_word' id='word_1_768' title='bbox 3336 4551 3718 4607; x_wconf 83' lang='lat' dir='ltr'><strong>adducuntur</strong></span> 
     </span>
    </p>
   </div>
   <div class='ocr_carea' id='block_1_106' title="bbox 2099 4643 3728 4714">
    <p class='ocr_par' dir='ltr' id='par_1_106' title="bbox 2099 4643 3728 4714">
     <span class='ocr_line' id='line_1_106' title="bbox 2099 4643 3728 4714; baseline -0.002 -11"><span class='ocrx_word' id='word_1_769' title='bbox 2099 4645 2152 4703; x_wconf 90' lang='lat' dir='ltr'><strong>in</strong></span> <span class='ocrx_word' id='word_1_770' title='bbox 2171 4646 2428 4712; x_wconf 88' lang='lat' dir='ltr'><strong>mediam,</strong></span> <span class='ocrx_word' id='word_1_771' title='bbox 2455 4646 2678 4701; x_wconf 85' lang='lat' dir='ltr'><strong>evincit.</strong></span> <span class='ocrx_word' id='word_1_772' title='bbox 2718 4645 2832 4700; x_wconf 91' lang='lat' dir='ltr'><strong>Imo</strong></span> <span class='ocrx_word' id='word_1_773' title='bbox 2868 4659 2996 4699; x_wconf 83' lang='lat' dir='ltr'><strong>vero</strong></span> <span class='ocrx_word' id='word_1_774' title='bbox 3032 4659 3099 4699; x_wconf 92' lang='lat' dir='ltr'><strong>ne</strong></span> <span class='ocrx_word' id='word_1_775' title='bbox 3140 4644 3359 4714; x_wconf 90' lang='lat' dir='ltr'><strong>quidem</strong></span> <span class='ocrx_word' id='word_1_776' title='bbox 3413 4659 3490 4700; x_wconf 78' lang='lat' dir='ltr'><strong>ex</strong></span> <span class='ocrx_word' id='word_1_777' title='bbox 3562 4643 3728 4700; x_wconf 75' lang='lat' dir='ltr'><strong>hisce</strong></span> 
     </span>
    </p>
   </div>
   <div class='ocr_carea' id='block_1_107' title="bbox 2101 4734 3727 4807">
    <p class='ocr_par' dir='ltr' id='par_1_107' title="bbox 2101 4734 3727 4807">
     <span class='ocr_line' id='line_1_107' title="bbox 2101 4734 3727 4807; baseline -0.001 -14"><span class='ocrx_word' id='word_1_778' title='bbox 2101 4737 2209 4794; x_wconf 89' lang='lat' dir='ltr'><strong>ullo</strong></span> <span class='ocrx_word' id='word_1_779' title='bbox 2238 4737 2397 4794; x_wconf 84' lang='lat' dir='ltr'><strong>modo</strong></span> <span class='ocrx_word' id='word_1_780' title='bbox 2425 4737 2590 4794; x_wconf 88' lang='lat' dir='ltr'><strong>etiam</strong></span> <span class='ocrx_word' id='word_1_781' title='bbox 2626 4736 2999 4807; x_wconf 84' lang='lat' dir='ltr'><strong>consequitur,</strong></span> <span class='ocrx_word' id='word_1_782' title='bbox 3025 4744 3085 4790; x_wconf 91' lang='lat' dir='ltr'><strong>at</strong></span> <span class='ocrx_word' id='word_1_783' title='bbox 3115 4734 3528 4792; x_wconf 87' lang='lat' dir='ltr'><strong>lucubrationis</strong></span> <span class='ocrx_word' id='word_1_784' title='bbox 3562 4734 3727 4806; x_wconf 83' lang='lat' dir='ltr'><strong>ejus-</strong></span> 
     </span>
    </p>
   </div>
   <div class='ocr_carea' id='block_1_108' title="bbox 2100 4823 3732 4899">
    <p class='ocr_par' dir='ltr' id='par_1_108' title="bbox 2100 4823 3732 4899">
     <span class='ocr_line' id='line_1_108' title="bbox 2100 4823 3732 4899; baseline -0.004 -13"><span class='ocrx_word' id='word_1_785' title='bbox 2100 4831 2220 4886; x_wconf 90' lang='lat' dir='ltr'><strong>dem</strong></span> <span class='ocrx_word' id='word_1_786' title='bbox 2247 4837 2437 4884; x_wconf 91' lang='lat' dir='ltr'><strong>auctor</strong></span> <span class='ocrx_word' id='word_1_787' title='bbox 2453 4843 2752 4899; x_wconf 79' lang='lat' dir='ltr'><strong>anonymus</strong></span> <span class='ocrx_word' id='word_1_788' title='bbox 2771 4825 2887 4895; x_wconf 79' lang='lat' dir='ltr'><strong>jam</strong></span> <span class='ocrx_word' id='word_1_789' title='bbox 2919 4826 3043 4881; x_wconf 90' lang='lat' dir='ltr'><strong>inde</strong></span> <span class='ocrx_word' id='word_1_790' title='bbox 3067 4825 3136 4881; x_wconf 91' lang='lat' dir='ltr'><strong>ab</strong></span> <span class='ocrx_word' id='word_1_791' title='bbox 3159 4824 3351 4880; x_wconf 88' lang='lat' dir='ltr'><strong>eodem</strong></span> <span class='ocrx_word' id='word_1_792' title='bbox 3376 4823 3543 4881; x_wconf 90' lang='lat' dir='ltr'><strong>dicto</strong></span> <span class='ocrx_word' id='word_1_793' title='bbox 3569 4837 3732 4880; x_wconf 86' lang='lat' dir='ltr'><strong>anno</strong></span> 
     </span>
    </p>
   </div>
   <div class='ocr_carea' id='block_1_109' title="bbox 2100 4913 3728 4988">
    <p class='ocr_par' dir='ltr' id='par_1_109' title="bbox 2100 4913 3728 4988">
     <span class='ocr_line' id='line_1_109' title="bbox 2100 4913 3728 4988; baseline -0.002 -13"><span class='ocrx_word' id='word_1_794' title='bbox 2100 4920 2239 4976; x_wconf 79' lang='grc'>1220</span> <span class='ocrx_word' id='word_1_795' title='bbox 2269 4929 2363 4974; x_wconf 92' lang='lat' dir='ltr'><strong>aut</strong></span> <span class='ocrx_word' id='word_1_796' title='bbox 2392 4920 2556 4975; x_wconf 88' lang='lat' dir='ltr'><strong>etiarn</strong></span> <span class='ocrx_word' id='word_1_797' title='bbox 2580 4918 2740 4973; x_wconf 88' lang='lat' dir='ltr'><strong>citius</strong></span> <span class='ocrx_word' id='word_1_798' title='bbox 2771 4917 2914 4971; x_wconf 85' lang='lat' dir='ltr'><strong>inter</strong></span> <span class='ocrx_word' id='word_1_799' title='bbox 2943 4916 3094 4971; x_wconf 88' lang='lat' dir='ltr'><strong>vivos</strong></span> <span class='ocrx_word' id='word_1_800' title='bbox 3116 4930 3278 4988; x_wconf 82' lang='lat' dir='ltr'><strong>agere</strong></span> <span class='ocrx_word' id='word_1_801' title='bbox 3297 4913 3413 4984; x_wconf 88' lang='lat' dir='ltr'><strong>jam</strong></span> <span class='ocrx_word' id='word_1_802' title='bbox 3437 4916 3728 4987; x_wconf 61' lang='lat' dir='ltr'><strong>coeperit.</strong></span> 
     </span>
    </p>
   </div>
   <div class='ocr_carea' id='block_1_110' title="bbox 2099 5007 3732 5082">
    <p class='ocr_par' dir='ltr' id='par_1_110' title="bbox 2099 5007 3732 5082">
     <span class='ocr_line' id='line_1_110' title="bbox 2099 5007 3732 5082; baseline -0.003 -15"><span class='ocrx_word' id='word_1_803' title='bbox 2099 5013 2318 5068; x_wconf 81' lang='lat' dir='ltr'><strong>Atvero</strong></span> <span class='ocrx_word' id='word_1_804' title='bbox 2341 5027 2640 5082; x_wconf 90' lang='lat' dir='ltr'><strong>anonymus</strong></span> <span class='ocrx_word' id='word_1_805' title='bbox 2673 5019 2936 5065; x_wconf 90' lang='lat' dir='ltr'><strong>tractatus</strong></span> <span class='ocrx_word' id='word_1_806' title='bbox 2960 5009 3026 5064; x_wconf 90' lang='lat' dir='ltr'><strong>de</strong></span> <span class='ocrx_word' id='word_1_807' title='bbox 3071 5007 3130 5064; x_wconf 91' lang='lat' dir='ltr'><strong>S.</strong></span> <span class='ocrx_word' id='word_1_808' title='bbox 3183 5007 3440 5063; x_wconf 84' lang='lat' dir='ltr'><strong>Brunone</strong></span> <span class='ocrx_word' id='word_1_809' title='bbox 3493 5023 3531 5062; x_wconf 83' lang='lat' dir='ltr'><strong>a</strong></span> <span class='ocrx_word' id='word_1_810' title='bbox 3583 5007 3732 5064; x_wconf 79' lang='lat' dir='ltr'><strong>Car-</strong></span> 
     </span>
    </p>
   </div>
   <div class='ocr_carea' id='block_1_111' title="bbox 2104 5099 3733 5174">
    <p class='ocr_par' dir='ltr' id='par_1_111' title="bbox 2104 5099 3733 5174">
     <span class='ocr_line' id='line_1_111' title="bbox 2104 5099 3733 5174; baseline -0.002 -16"><span class='ocrx_word' id='word_1_811' title='bbox 2104 5104 2368 5158; x_wconf 84' lang='lat' dir='ltr'><strong>thusianis</strong></span> <span class='ocrx_word' id='word_1_812' title='bbox 2391 5103 2662 5174; x_wconf 82' lang='lat' dir='ltr'><strong>lnq‘atibus</strong></span> <span class='ocrx_word' id='word_1_813' title='bbox 2675 5117 2886 5157; x_wconf 88' lang='lat' dir='ltr'><strong>mecura</strong></span> <span class='ocrx_word' id='word_1_814' title='bbox 2909 5099 3295 5155; x_wconf 88' lang='lat' dir='ltr'><strong>communicati</strong></span> <span class='ocrx_word' id='word_1_815' title='bbox 3312 5107 3550 5167; x_wconf 89' lang='lat' dir='ltr'><strong>auctor,</strong></span> <span class='ocrx_word' id='word_1_816' title='bbox 3569 5099 3733 5155; x_wconf 81' lang='lat' dir='ltr'><strong>viam</strong></span> 
     </span>
    </p>
   </div>
   <div class='ocr_carea' id='block_1_112' title="bbox 2101 5187 3737 5264">
    <p class='ocr_par' dir='ltr' id='par_1_112' title="bbox 2101 5187 3737 5264">
     <span class='ocr_line' id='line_1_112' title="bbox 2101 5187 3737 5264; baseline -0.002 -16"><span class='ocrx_word' id='word_1_817' title='bbox 2101 5192 2261 5248; x_wconf 86' lang='lat' dir='ltr'><strong>aliam</strong></span> <span class='ocrx_word' id='word_1_818' title='bbox 2301 5193 2622 5264; x_wconf 83' lang='lat' dir='ltr'><strong>ingreditur,</strong></span> <span class='ocrx_word' id='word_1_819' title='bbox 2655 5207 2762 5262; x_wconf 89' lang='lat' dir='ltr'><strong>quo</strong></span> <span class='ocrx_word' id='word_1_820' title='bbox 2784 5189 3069 5262; x_wconf 86' lang='lat' dir='ltr'><strong>probatum</strong></span> <span class='ocrx_word' id='word_1_821' title='bbox 3111 5189 3224 5256; x_wconf 87' lang='lat' dir='ltr'><strong>det,</strong></span> <span class='ocrx_word' id='word_1_822' title='bbox 3269 5187 3544 5244; x_wconf 88' lang='lat' dir='ltr'><strong>eumdem</strong></span> <span class='ocrx_word' id='word_1_823' title='bbox 3618 5189 3737 5260; x_wconf 72' lang='lat' dir='ltr'><strong>pri~</strong></span> 
     </span>
    </p>
   </div>
   <div class='ocr_carea' id='block_1_113' title="bbox 2101 5279 3736 5354">
    <p class='ocr_par' dir='ltr' id='par_1_113' title="bbox 2101 5279 3736 5354">
     <span class='ocr_line' id='line_1_113' title="bbox 2101 5279 3736 5354; baseline -0.002 -14"><span class='ocrx_word' id='word_1_824' title='bbox 2101 5299 2311 5340; x_wconf 87' lang='lat' dir='ltr'><strong>morum</strong></span> <span class='ocrx_word' id='word_1_825' title='bbox 2333 5283 2571 5354; x_wconf 86' lang='lat' dir='ltr'><strong>quinque</strong></span> <span class='ocrx_word' id='word_1_826' title='bbox 2594 5281 2896 5338; x_wconf 73' lang='lat' dir='ltr'><strong>Carthasim</strong></span> <span class='ocrx_word' id='word_1_827' title='bbox 2927 5281 3169 5350; x_wconf 90' lang='lat' dir='ltr'><strong>priorum</strong></span> <span class='ocrx_word' id='word_1_828' title='bbox 3197 5279 3458 5335; x_wconf 87' lang='lat' dir='ltr'><strong>Cbrorrici</strong></span> <span class='ocrx_word' id='word_1_829' title='bbox 3515 5289 3736 5337; x_wconf 86' lang='lat' dir='ltr'><strong>auclo-</strong></span> 
     </span>
    </p>
   </div>
   <div class='ocr_carea' id='block_1_114' title="bbox 2103 5371 3736 5446">
    <p class='ocr_par' dir='ltr' id='par_1_114' title="bbox 2103 5371 3736 5446">
     <span class='ocr_line' id='line_1_114' title="bbox 2103 5371 3736 5446; baseline -0.002 -14"><span class='ocrx_word' id='word_1_830' title='bbox 2103 5391 2217 5432; x_wconf 90' lang='lat' dir='ltr'><strong>rem</strong></span> <span class='ocrx_word' id='word_1_831' title='bbox 2243 5391 2570 5446; x_wconf 88' lang='lat' dir='ltr'><strong>anonynrum</strong></span> <span class='ocrx_word' id='word_1_832' title='bbox 2603 5375 2669 5430; x_wconf 91' lang='lat' dir='ltr'><strong>ab</strong></span> <span class='ocrx_word' id='word_1_833' title='bbox 2705 5388 2849 5429; x_wconf 89' lang='lat' dir='ltr'><strong>anno</strong></span> <span class='ocrx_word' id='word_1_834' title='bbox 2870 5373 3092 5429; x_wconf 89' lang='lat' dir='ltr'><strong>circiter</strong></span> <span class='ocrx_word' id='word_1_835' title='bbox 3137 5371 3279 5427; x_wconf 84' lang='grc'>1220</span> <span class='ocrx_word' id='word_1_836' title='bbox 3307 5371 3556 5439; x_wconf 78' lang='lat' dir='ltr'><strong>vixisse,</strong></span> <span class='ocrx_word' id='word_1_837' title='bbox 3613 5373 3736 5430; x_wconf 88' lang='lat' dir='ltr'><strong>imo</strong></span> 
     </span>
    </p>
   </div>
   <div class='ocr_carea' id='block_1_115' title="bbox 2097 5464 3734 5540">
    <p class='ocr_par' dir='ltr' id='par_1_115' title="bbox 2097 5464 3734 5540">
     <span class='ocr_line' id='line_1_115' title="bbox 2097 5464 3734 5540; baseline -0.001 -17"><span class='ocrx_word' id='word_1_838' title='bbox 2097 5469 2210 5540; x_wconf 86' lang='lat' dir='ltr'><strong>jam</strong></span> <span class='ocrx_word' id='word_1_839' title='bbox 2242 5477 2355 5522; x_wconf 91' lang='lat' dir='ltr'><strong>tum</strong></span> <span class='ocrx_word' id='word_1_840' title='bbox 2385 5466 2804 5523; x_wconf 85' lang='lat' dir='ltr'><strong>Carthasianum</strong></span> <span class='ocrx_word' id='word_1_841' title='bbox 2828 5465 2996 5520; x_wconf 88' lang='lat' dir='ltr'><strong>fuisse</strong></span> <span class='ocrx_word' id='word_1_842' title='bbox 3018 5464 3321 5535; x_wconf 87' lang='lat' dir='ltr'><strong>professum</strong></span> <span class='ocrx_word' id='word_1_843' title='bbox 3342 5505 3360 5531; x_wconf 92' lang='lat'><strong>,</strong></span> <span class='ocrx_word' id='word_1_844' title='bbox 3407 5478 3488 5520; x_wconf 86' lang='lat' dir='ltr'><strong>ac</strong></span> <span class='ocrx_word' id='word_1_845' title='bbox 3524 5464 3734 5536; x_wconf 86' lang='lat' dir='ltr'><strong>proin,</strong></span> 
     </span>
    </p>
   </div>
   <div class='ocr_carea' id='block_1_116' title="bbox 2101 5555 3740 5644">
    <p class='ocr_par' dir='ltr' id='par_1_116' title="bbox 2101 5555 3740 5644">
     <span class='ocr_line' id='line_1_116' title="bbox 2101 5555 3740 5644; baseline -0.001 -31"><span class='ocrx_word' id='word_1_846' title='bbox 2101 5575 2222 5633; x_wconf 84' lang='lat' dir='ltr'><strong>quae</strong></span> <span class='ocrx_word' id='word_1_847' title='bbox 2247 5560 2314 5616; x_wconf 90' lang='lat' dir='ltr'><strong>de</strong></span> <span class='ocrx_word' id='word_1_848' title='bbox 2346 5559 2650 5630; x_wconf 79' lang='lat' dir='ltr'><strong>prodigiosa</strong></span> <span class='ocrx_word' id='word_1_849' title='bbox 2675 5557 2915 5612; x_wconf 91' lang='lat' dir='ltr'><strong>doctoris</strong></span> <span class='ocrx_word' id='word_1_850' title='bbox 2937 5555 3268 5618; x_wconf 85' lang='lat' dir='ltr'><strong>Parisiensis</strong></span> <span class='ocrx_word' id='word_1_851' title='bbox 3308 5556 3582 5644; x_wconf 27' lang='lat' dir='ltr'><strong>anas‘tasi</strong></span> <span class='ocrx_word' id='word_1_852' title='bbox 3611 5573 3740 5612; x_wconf 84' lang='lat' dir='ltr'><strong>me-</strong></span> 
     </span>
    </p>
   </div>
   <div class='ocr_carea' id='block_1_117' title="bbox 2101 5645 3736 5722">
    <p class='ocr_par' dir='ltr' id='par_1_117' title="bbox 2101 5645 3736 5722">
     <span class='ocr_line' id='line_1_117' title="bbox 2101 5645 3736 5722; baseline -0.002 -15"><span class='ocrx_word' id='word_1_853' title='bbox 2101 5651 2514 5722; x_wconf 66' lang='lat' dir='ltr'><strong>morireprodit,</strong></span> <span class='ocrx_word' id='word_1_854' title='bbox 2559 5664 2589 5705; x_wconf 86' lang='lat' dir='ltr'><strong>e</strong></span> <span class='ocrx_word' id='word_1_855' title='bbox 2619 5649 2678 5705; x_wconf 92' lang='lat' dir='ltr'><strong>S.</strong></span> <span class='ocrx_word' id='word_1_856' title='bbox 2729 5648 2998 5704; x_wconf 85' lang='lat' dir='ltr'><strong>Branonis</strong></span> <span class='ocrx_word' id='word_1_857' title='bbox 3042 5645 3315 5705; x_wconf 84' lang='lat' dir='ltr'><strong>sociorum</strong></span> <span class='ocrx_word' id='word_1_858' title='bbox 3365 5645 3736 5718; x_wconf 78' lang='lat' dir='ltr'><strong>discipulis,</strong></span> 
     </span>
    </p>
   </div>
   <div class='ocr_carea' id='block_1_118' title="bbox 2104 5739 3742 5815">
    <p class='ocr_par' dir='ltr' id='par_1_118' title="bbox 2104 5739 3742 5815">
     <span class='ocr_line' id='line_1_118' title="bbox 2104 5739 3742 5815; baseline -0.001 -16"><span class='ocrx_word' id='word_1_859' title='bbox 2104 5745 2292 5802; x_wconf 88' lang='lat' dir='ltr'><strong>aliisve</strong></span> <span class='ocrx_word' id='word_1_860' title='bbox 2335 5743 2527 5803; x_wconf 82' lang='lat' dir='ltr'><strong>saltem</strong></span> <span class='ocrx_word' id='word_1_861' title='bbox 2555 5743 2647 5815; x_wconf 88' lang='lat' dir='ltr'><strong>qui</strong></span> <span class='ocrx_word' id='word_1_862' title='bbox 2673 5757 2786 5801; x_wconf 90' lang='lat' dir='ltr'><strong>rem</strong></span> <span class='ocrx_word' id='word_1_863' title='bbox 2809 5756 2876 5800; x_wconf 80' lang='lat' dir='ltr'><strong>ex</strong></span> <span class='ocrx_word' id='word_1_864' title='bbox 2907 5741 3056 5799; x_wconf 89' lang='lat' dir='ltr'><strong>hisce</strong></span> <span class='ocrx_word' id='word_1_865' title='bbox 3107 5739 3432 5806; x_wconf 79' lang='lat' dir='ltr'><strong>andlissent.</strong></span> <span class='ocrx_word' id='word_1_866' title='bbox 3503 5739 3742 5800; x_wconf 68' lang='lat' dir='ltr'><strong>intelli~</strong></span> 
     </span>
    </p>
   </div>
  </div>
