3896 6312
174 292 243 349 913
1622 277 1826 333 ACTA.

3249 288 3365 344 2H

174 416 260 478 εει-ε
284 392 485 467 potuisse
514 399 615 447 aut
640 392 813 448 etiam
845 390 1015 461 reipsa
1038 387 1388 445 intellexisse.
1417 388 1503 442 Ait
1528 402 1676 460 ergo,
1710 395 1756 445 A
1786 391 2020 444 maxime
2042 388 2111 445 ob
2141 390 2446 448 universale
2469 392 2796 461 scriptorum
2838 397 3078 451 omnium
3109 399 3361 470 antiquo-

172 499 388 574 primorum
413 486 660 557 quinque
711 486 1010 542 Carthusiae
1067 485 1307 555 priorum
1350 482 1678 549 Chronicon,

175 607 246 647 non
267 582 439 656 quidem
464 578 580 648 jam
617 580 747 635 inde
775 580 843 634 ab
870 594 1010 634 anno
1046 577 1206 644 1220,
1254 575 1350 631 sed
1378 575 1569 631 saltem
1615 574 1684 628 ab

172 695 272 737 anno
290 675 479 731 circiter
502 672 649 727 ’1210
682 672 853 729 fuisse
877 680 1181 738 exaratum,
1237 685 1299 725 ac
1328 669 1481 739 proin
1524 667 1683 737 hujus

173 780 379 828 auctorem
395 763 503 831 jam
542 764 672 818 inde
717 764 788 818 ab
836 778 976 817 anno
1018 760 1156 816 1220
1197 775 1304 815 non
1340 767 1547 813 tantum
1604 757 1685 810 vi-

168 867 284 924 xisse,
308 858 383 914 sed
403 869 453 911 et
472 854 893 925 Carthusianum
920 855 1080 908 fuisse
1104 854 1436 924 professum.
1478 850 1682 907 Verum

167 967 268 1008 anne
290 963 378 1003 rem
405 954 697 1014 utcumque
725 945 961 1000 evincit?
1007 942 1259 999 Cbronici
1314 941 1456 996 illius
1497 953 1683 994 exem-

166 1043 265 1115 plar,
304 1038 426 1109 quod
475 1038 529 1092 in
583 1036 914 1092 bibliotheca
972 1035 1288 1092 Colbertina
1332 1040 1679 1097 asservatur,

166 1132 401 1202 Stephanus
422 1128 673 1184 Baluzius
696 1128 920 1199 epistola
950 1128 1017 1183 ad
1046 1127 1437 1185 Carthusianos
1461 1126 1585 1181 data
1612 1125 1680 1180 ab

165 1224 279 1281 annis
311 1220 703 1292 quadringentis
750 1220 1169 1291 quinquaginta,
1215 1234 1279 1274 ac
1327 1218 1507 1289 proin,
1560 1232 1681 1272 cum

164 1319 244 1372 hac
267 1317 435 1368 saecqu
460 1312 763 1381 praeterito,
795 1310 861 1365 ad
887 1311 1049 1365 ﬁnem
1097 1309 1212 1365 fere
1247 1309 1357 1380 jam
1406 1315 1680 1376 provecto,

162 1406 311 1474 scripta
329 1401 407 1466 sit,
431 1416 585 1457 anno.
610 1401 835 1456 circiter
866 1400 1005 1456 12.10
1044 1401 1308 1471 scriptum
1341 1399 1575 1455 edocuit.
1605 1396 1682 1451 lta

159 1503 359 1563 quantum
380 1491 443 1543 ad
466 1490 851 1557 substantiam,
901 1505 1063 1560 quem
1119 1488 1367 1560 proxime
1416 1487 1679 1550 laudavit,

161 1584 446 1642 tractatusde
468 1584 526 1639 S.
582 1583 841 1638 Brunone
894 1598 923 1636 a
980 1581 1358 1638 Carthusianis
1407 1578 1682 1651 bujatibus

156 1694 315 1734 mecum
340 1675 715 1731 communicati
746 1683 938 1729 auctor
967 1688 1289 1744 anonymus.

205 1768 302 1822 553.
318 1765 501 1820 Verum
517 1765 659 1819 unde
673 1764 802 1820 illud
816 1764 1069 1819 Chronici
1083 1738 1209 1819 dicti
1233 1762 1507 1831 exemplar
1521 1769 1684 1816 tantae
1713 1738 1758 1796 Β

153 1857 428 1927 antiquitatis
446 1870 566 1911 esse
586 1856 812 1911 rescivit
840 1855 1128 1911 Baluzius?
1156 1855 1211 1910 ld
1234 1868 1366 1910 sane
1389 1854 1471 1909 vir
1497 1854 1575 1909 cla
1586 1856 1687 1908 ris-

153 1954 299 2017 simus,
323 1956 372 2002 ut
398 1948 498 2002 sibi
528 1949 634 2003 hac
667 1948 721 2003 in
754 1964 812 2004 re
841 1948 999 2003 fidem
1025 1947 1249 2013 faceret,
1275 1945 1551 2001 debuisset
1594 1944 1688 1999 ad-

148 2042 343 2110 iungere.
387 2037 530 2094 Reor
572 2054 699 2109 ego,
748 2038 909 2095 unice
961 2038 1112 2094 illum
1161 2053 1193 2093 e
1236 2037 1684 2103 characteribus,

151 2136 302 2204 quibus
334 2134 465 2188 idem
488 2132 751 2189 Cbronici
775 2132 1053 2203 exemplar
1081 2130 1343 2201 scriptum
1376 2138 1540 2194 esset,
1568 2134 1688 2183 tan-

150 2236 231 2281 tam
262 2226 408 2291 illius,
434 2234 697 2298 quantam
726 2226 945 2291 asserit,
976 2223 1354 2293 antiquitatem
1381 2222 1683 2291 collegisse.

152 2315 304 2372 Venim
338 2317 431 2372 etsi
455 2316 737 2387 quideme
764 2314 1200 2379 characteribus,
1240 2313 1439 2383 quibus
1465 2312 1687 2381 antiqua

148 2420 438 2463 monumenta
497 2417 724 2462 exarata
778 2415 925 2471 sunt,
966 2405 1221 2461 sreculum
1278 2402 1686 2474 propemodum,

147 2514 228 2567 quo
244 2507 439 2552 exarata
468 2506 619 2558 sunt.
672 2495 1023 2552 determinari
1048 2503 1339 2562 utcumque
1358 2500 1546 2560 queat,
1566 2491 1688 2560 quis

146 2599 288 2644 tamen
310 2590 425 2644 inde
472 2590 642 2645 etiam
674 2604 877 2643 annum
930 2586 1172 2654 circiter,
1220 2600 1329 2655 quo
1374 2584 1585 2639 cxarari
1624 2597 1688 2638 ea

145 2682 413 2751 contigerit.
446 2692 532 2735 sat
556 2689 714 2735 certo
736 2677 1100 2735 determinet?
1155 2675 1560 2744 Qualccumque
1589 2673 1688 2742 igi-

144 2782 213 2825 tur
238 2772 380 2828 fuerit
406 2774 473 2828 de
503 2784 772 2843 tempore,
797 2788 928 2843 quo,
960 2770 1103 2840 quod
1134 2769 1187 2823 in
1210 2767 1540 2824 bibliotheca
1564 2765 1690 2823 Col-

144 2866 316 2919 bcrtina
370 2874 708 2931 asservatur,
757 2862 1055 2934 primorum
1096 2861 1336 2932 quinque
1390 2858 1715 2914 Carthasim

141 2959 338 3027 priorum
362 2957 611 3013 chronici
637 2956 916 3028 exemplar
964 2955 1227 3025 scriptum
1286 2953 1378 3020 sit,
1431 2951 1690 3021 Stephani

141 3049 605 3118 Baluziijudicium,
637 3048 858 3105 dubium
889 3047 1020 3103 mihi
1047 3062 1201 3118 aeque
1248 3061 1312 3102 ac
1334 3054 1461 3101 ante
1484 3052 1688 3109 manet,
1716 3087 1761 3149 Β

143 3157 194 3195 au
218 3142 511 3199 Chronicon
555 3141 685 3197 illud
715 3140 938 3212 triginta
982 3150 1076 3196 aut
1119 3138 1286 3195 etiam
1327 3136 1689 3209 quadraginta

140 3233 263 3287 annis
286 3232 477 3298 serius,
509 3248 674 3301 quam
712 3230 800 3285 hic
842 3236 1066 3297 statuat,
1117 3228 1382 3299 scriptum
1435 3243 1543 3282 non
1596 3227 1686 3282 sit.

138 3318 224 3376 Nec
248 3322 458 3377 dubium
494 3322 625 3377 illud
653 3320 785 3376 mihi
815 3320 1027 3388 adimit,
1065 3319 1253 3390 quod,
1277 3329 1337 3373 ut
1372 3317 1690 3374 Carthusia-

137 3414 467 3482 nusproxime
494 3414 584 3469 lnc
608 3413 861 3467 laudatus
905 3410 1322 3467 Lucubrationis
1372 3425 1484 3465 suae
1535 3424 1688 3465 num.

136 3502 190 3556 2i
218 3505 382 3573 docet,
422 3491 649 3576 Majoris
677 3502 979 3560 Carthusiae
1011 3502 1420 3563 chartularium,
1469 3501 1611 3572 quod
1638 3501 1691 3554 in

131 3597 383 3665 Chronico,
407 3600 477 3655 de
506 3614 613 3669 quo
632 3599 742 3666 hic,
775 3598 1046 3663 laudatur,
1102 3611 1245 3651 anno
1301 3595 1518 3650 circiter
1556 3592 1695 3648 1210

134 3691 478 3747 verosimiliter
509 3691 678 3746 fuerit
714 3689 1046 3745 confectum.
1102 3686 1169 3743 Ut
1199 3687 1328 3758 quid
1356 3687 1500 3741 enim
1533 3686 1635 3741 hoc
1664 3698 1694 3737 a

129 3779 350 3838 Chronici
371 3794 628 3849 auctore,
664 3782 752 3838 diu
805 3782 1072 3836 duntaxat
1119 3790 1260 3851 post,
1314 3779 1423 3833 imo
1480 3777 1695 3847 triginta

133 3886 208 3927 aut
231 3877 590 3947 quadraginta
621 3875 787 3930 etiam
814 3874 974 3931 annis
1001 3870 1180 3929 serius
1233 3872 1528 3936 scribente,
1583 3871 1698 3926 lau-

126 3965 222 4019 dari
254 3983 352 4021 non
378 3967 660 4038 potuerit?
694 3965 812 4021 Jam
856 3981 1007 4032 vero,
1053 3981 1176 4021 cum
1221 3966 1336 4022 hrec
1391 3962 1573 4019 omnia
1625 3963 1697 4017 ita

130 4058 354 4125 habeant,
387 4059 736 4127 dubiumque
760 4057 985 4128 proinde
1012 4057 1109 4123 sit,
1134 4072 1201 4111 an
1237 4069 1540 4125 anonymus
1587 4054 1699 4123 pri-

122 4158 306 4201 tuorum
328 4150 580 4219 quinque
602 4148 906 4205 Carthusiae
929 4148 1172 4218 priorum
1218 4146 1476 4202 Cbronici
1511 4153 1701 4201 auctor

128 4249 214 4289 non
242 4249 363 4295 tunc
392 4243 665 4312 primum,
690 4255 813 4295 cum
833 4240 946 4311 jam
994 4255 1103 4294 uno
1147 4239 1388 4295 alterove
1438 4237 1701 4294 deeennio

121 4330 347 4386 saeculum
378 4332 664 4388 decimum
704 4331 921 4386 tertium
973 4330 1209 4386 medium
1258 4338 1402 4385 esset
1435 4328 1698 4399 elapsum,

1786 496 1905 536 rum
1929 482 1995 537 de
2016 482 2117 537 hoc
2144 481 2438 549 silentium,
2462 497 2601 552 quos
2647 482 2809 550 inter,
2836 493 2895 539 ut
2917 483 3030 553 jam
3060 502 3222 556 supra
3260 491 3361 544 do-

1783 573 1892 641 cui,
1924 574 2165 629 nonnulli
2191 573 2572 629 verosimiliter
2599 583 2727 630 sunt
2751 574 2843 645 qui
2868 574 3019 644 illud,
3075 578 3119 633 si
3142 578 3361 645 fuisset,

1783 662 1993 728 scituri,
2024 662 2327 733 scitumque
2374 665 2850 720 commemoraturi
2893 666 3135 723 fuissent.
3184 670 3364 739 Atque

1784 753 1857 808 ita
1886 770 2017 809 sane
2047 754 2099 809 in
2130 756 2406 826 opinione,
2462 771 2567 826 qua
2619 758 2917 827 primorum
2947 759 3185 829 quinque
3224 759 3366 815 Car~

1786 846 1976 901 thusire
2007 847 2243 917 priurum
2262 848 2622 919 cbronologus
2652 850 2764 920 jam
2790 850 2913 906 inde
2939 852 3005 907 ab
3034 868 3175 906 anno
3203 851 3367 908 circi-

1787 946 1869 993 ter
1900 938 2038 992 1220
2062 953 2165 992 non
2193 938 2415 1006 vixisse,
2451 939 2647 994 nedum
2695 940 3113 997 Cartlmsianum
3162 943 3361 1015 egisse,

1784 1030 2059 1097 statuitur,
2091 1046 2179 1085 res
2203 1045 2324 1085 sese
2353 1031 2533 1084 habet.
2570 1030 2680 1086 Nec
2717 1031 2875 1086 aliter
2911 1032 3074 1088 etiam
3117 1049 3236 1089 sese
3267 1036 3364 1089 lia-

1783 1106 2366 1191 berct,,etsieumjam
2394 1132 2505 1176 tum
2555 1122 2608 1175 in
2639 1124 2775 1177 vivis
2827 1125 3003 1194 egisse
3048 1124 3365 1180 Carthusia-

1785 1230 2021 1284 numque
2058 1214 2223 1271 fuisse
2248 1216 2553 1285 professum
2575 1257 2590 1281 ,
2636 1217 2898 1286 tantisper
2929 1218 3200 1276 daremus.
3251 1218 3366 1275 Etsi

1783 1305 1926 1360 enim
1955 1303 2126 1372 illum,
2158 1306 2199 1360 si
2221 1305 2334 1376 jam
2358 1306 2481 1362 inde
2508 1308 2575 1361 ab
2606 1321 2750 1362 anno
2793 1309 3013 1364 circiter
3063 1311 3199 1365 122i)
3226 1309 3363 1366 Car-

1785 1395 2070 1451 tliusianus
2116 1397 2406 1465 exstiterit,
2453 1396 2675 1454 feralem
2723 1400 2791 1455 de
2839 1401 3061 1456 doctore
3110 1402 3367 1458 damnato

1784 1488 2154 1543 narrationem
2186 1503 2217 1543 e
2246 1490 2519 1545 sociorum
2548 1491 2605 1545 S.
2644 1491 2914 1548 Brunonis
2942 1493 3242 1563 discipulis,
3273 1503 3371 1551 aut

1784 1589 1933 1635 certe
1955 1594 2017 1634 ex
2046 1580 2130 1646 iis,
2166 1581 2363 1650 quibus
2407 1581 2462 1636 hi
2514 1582 2659 1636 illam
2699 1584 3017 1653 retulerant,
3072 1585 3369 1657 intelligere

1782 1671 2044 1741 potuisse,
2086 1671 2197 1726 bini
2226 1672 2520 1742 scriptores
2552 1675 2805 1744 anonymi
2856 1675 3036 1731 verbis
3088 1676 3200 1731 suis
3241 1691 3370 1745 pro-

1788 1762 1932 1818 xime
1954 1763 2199 1817 recitatis
2224 1771 2372 1819 recte
2390 1763 2641 1829 doceant,
2676 1763 2726 1817 id
2750 1774 2927 1819 tamen
2947 1767 3120 1834 reipsa
3146 1764 3367 1833 factum,

1789 1854 2100 1924 neutiquam
2131 1854 2383 1924 probant.
2434 1854 2568 1908 Rem
2606 1854 2823 1924 quidem
2865 1857 3041 1926 potius
3079 1872 3144 1911 ex
3195 1857 3369 1925 hisce,

1787 1960 1949 2014 quam
1972 1960 2040 1999 ex
2090 1945 2300 2001 incerto
2340 1945 2573 2001 credula:
2613 1945 2785 2017 plebis
2836 1961 3057 2001 rumore
3115 1946 3374 2003 didicisse

1790 2036 2064 2091 laudatum
2090 2037 2481 2109 chronologum
2507 2037 2925 2093 existimandum
2964 2037 3232 2106 indicant;
3264 2048 3371 2107 ast,

1788 2139 2146 2200 praeterquam
2176 2129 2317 2199 quod
2352 2145 2452 2185 nec
2480 2128 2533 2186 id
2556 2129 2660 2185 ulla
2681 2128 2889 2184 ratione
2914 2130 3198 2201 probatum
3220 2131 3371 2198 dent,

1790 2220 2127 2275 contrarium
2152 2219 2577 2275 existimandum
2604 2219 2837 2286 videtur,
2900 2228 3012 2275 tum
3040 2220 3205 2290 quod,
3232 2222 3375 2277 unde

1789 2311 2157 2367 narrationem
2183 2328 2335 2367 suam
2364 2312 2627 2379 hauserit,
2654 2327 2758 2367 non
2780 2312 2979 2380 edicat,
3002 2311 3161 2381 idque
3184 2311 3377 2368 nihilo-

1788 2405 1989 2474 minus,
2015 2405 2060 2461 si
2090 2419 2120 2461 e
2147 2405 2376 2477 probato
2406 2406 2541 2461 adeo
2573 2406 2722 2461 fonte
2744 2419 2866 2460 eam
2896 2404 3187 2471 hausisset,
3221 2420 3378 2462 vero-

1791 2496 2064 2565 similiter,
2092 2505 2151 2550 ut
2179 2512 2329 2551 num.
2362 2496 2467 2553 529
2487 2494 2598 2566 jam
2632 2496 2814 2565 docui,
2862 2495 3056 2551 fuisset
3111 2495 3375 2564 facturus,

1794 2598 1903 2644 tum
1943 2589 2087 2658 quod
2136 2589 2440 2660 prodigium
2496 2588 2802 2645 Parisiense
2851 2597 3173 2644 narraturus
3209 2588 3377 2656 dicat,

1799 2700 1816 2734 ι
1842 2681 1968 2737 Tale
1998 2682 2068 2737 ibi
2117 2681 2364 2755 (Parisiis
2389 2683 2605 2754 nempe)
2662 2682 2965 2754 prodigium
2995 2681 3193 2738 dicitur
3232 2682 3380 2737 acci-

1792 2777 1955 2843 disse,
1996 2797 2013 2827 ι
2057 2777 2241 2847 sicque
2269 2777 2595 2848 ambigentis
2619 2778 2798 2847 potius
2820 2792 2982 2847 quam
3008 2777 3380 2833 asscverantis

1793 2868 1843 2923 in
1864 2865 2080 2921 modum
2106 2866 2171 2920 de
2195 2866 2463 2921 horrenda
2492 2866 2716 2921 historia
2748 2866 3019 2936 loquatur,
3064 2869 3129 2923 de
3155 2882 3262 2937 qua
3291 2876 3376 2922 ta—

1793 2975 1938 3027 men,
1963 2960 2006 3015 si
2037 2959 2083 3014 ei
2116 2959 2198 3013 vel
2224 2975 2253 3012 a
2276 2958 2547 3013 sociorum
2576 2957 2633 3014 S.
2664 2957 2934 3015 Bruuonis
2956 2960 3252 3030 discipulis,
3293 2958 3381 3015 vel

1794 3052 1861 3106 ab
1892 3051 1977 3117 iis,
2008 3050 2099 3121 qui
2127 3065 2246 3104 eam
2273 3064 2339 3103 ex
2371 3048 2521 3105 hisce
2552 3049 2914 3115 audivissent,
2962 3050 3154 3106 fuisset
3183 3049 3379 3115 relata,

1794 3144 2136 3199 dubitaturus
2166 3141 2551 3197 verosimiliter
2576 3158 2681 3195 non
2706 3141 2919 3196 fuisset.

1860 3236 1985 3291 537.
2082 3235 2166 3290 Ad
2222 3234 2336 3289 haec
2387 3248 2691 3306 anonymus
2765 3233 3005 3304 quinque
3080 3234 3383 3305 primorum

1792 3326 2097 3384 Carthusiae
2146 3328 2387 3398 priorum
2443 3325 2827 3396 chronologus,
2854 3334 2914 3381 ut
2939 3325 3124 3396 utjam
3157 3326 3281 3384 inde
3311 3325 3383 3383 ab

1793 3433 1936 3474 anno
1966 3418 2186 3475 circiter
2236 3415 2375 3471 1220
2425 3415 2625 3472 vixisse
2669 3426 2964 3483 statuatur,
3020 3416 3382 3487 quadraginta

1794 3512 2049 3583 equidem
2099 3519 2152 3566 et
2176 3518 2395 3567 centum
2430 3511 2656 3567 circiter
2692 3511 2852 3566 annis
2896 3526 2925 3565 a
2957 3509 3204 3581 prodigio
3228 3509 3382 3565 Pari-

1796 3602 1963 3658 siensi
1991 3601 2263 3668 abfuerit;
2305 3602 2406 3657 etsi
2462 3611 2645 3657 autem
2671 3599 2899 3656 subinde
2920 3601 3137 3671 quidem
3160 3602 3369 3658 contini

1797 3703 1907 3766 gat,
1942 3702 2018 3759 ut,
2052 3709 2172 3764 quae
2194 3708 2223 3746 a
2256 3691 2613 3763 scriptoribus
2635 3708 2740 3745 non
2758 3692 3082 3762 synchronis
3105 3692 3383 3746 memoria:

1798 3784 2125 3856 produntur,
2152 3798 2280 3837 vera
2320 3782 2388 3837 ad
2416 3783 2579 3838 hosce
2606 3782 2896 3838 traditione
2927 3784 3241 3853 pervenisse
3266 3782 3381 3837 sint

1800 3875 2092 3940 credenda,
2147 3874 2198 3929 id
2245 3882 2428 3929 tamen
2487 3873 2665 3929 locum
2741 3874 2831 3928 vix
2884 3873 3130 3930 obtinere
3182 3884 3381 3946 potes',

1799 3968 2037 4039 quando,
2076 3967 2152 4022 uti
2185 3967 2273 4023 hic
2303 3968 2382 4033 lit,
2414 3981 2533 4036 qua:
2563 3975 2877 4033 narrantur,
2913 3976 3038 4022 sunt
3070 3966 3380 4038 liujnsmodi

1801 4067 1861 4115 ut
1906 4059 1951 4115 si
1997 4059 2374 4128 contigissent,
2402 4074 2431 4112 a
2464 4058 2822 4130 scriptoribus
2847 4059 3008 4113 etiam
3058 4058 3385 4129 synthrouis

1800 4147 2183 4205 verosimiliter
2209 4156 2643 4203 commemorata
2698 4146 2949 4211 fuissent,
2982 4163 3081 4201 nec
3105 4157 3282 4202 tamen
3314 4147 3384 4199 ab

1802 4243 1993 4297 horum
2044 4239 2151 4297 ullo
2198 4250 2621 4298 commemorata
2650 4240 3020 4295 inveniuntur.
3079 4236 3187 4293 Nec
3226 4238 3386 4307 quid-

1803 4350 1966 4407 quam
2022 4337 2090 4389 ad
2117 4348 2230 4389 rem
2259 4334 2410 4399 facit,
2440 4336 2581 4403 quod
2610 4333 2675 4388 de
2706 4332 2960 4387 Ecclesia:
2998 4329 3386 4386 traditionibus

121 4416 289 4477 ﬂorere
310 4423 632 4495 incoeperil,
657 4421 879 4477 dubium
902 4421 1107 4491 parile!“
1127 4420 1221 4487 sil.
1252 4435 1472 4475 necesse
1496 4426 1601 4484 est.
1630 4432 1697 4472 an
1731 4434 1777 4495 D
1804 4426 1953 4483 addit
1991 4426 2283 4481 Tractatus
2335 4440 2366 4480 a
2420 4423 2796 4480 Carthusianis
2846 4421 3121 4493 hnjatibus
3172 4436 3386 4476 mecum

120 4509 392 4576 primorum
418 4512 482 4570 S.
512 4514 784 4570 Brunonis
806 4513 1077 4568 sociorum
1101 4511 1414 4582 discipulos,
1437 4509 1702 4579 aliosque.

119 4601 193 4669 qui
221 4603 383 4659 hosce
433 4606 495 4659 in
557 4604 936 4661 Carthusiensi
984 4603 1237 4658 instituto
1285 4602 1535 4673 proxime
1580 4610 1706 4657 sunt

116 4696 278 4760 secuti,
301 4699 503 4755 videre
535 4699 813 4768 potuerit,
864 4696 1180 4767 discereque
1233 4712 1301 4750 ex
1352 4696 1439 4762 iis,
1464 4710 1603 4765 qum,
1646 4703 1707 4750 ut

119 4792 461 4846 communiter
497 4791 769 4854 creditur,
799 4789 1009 4860 primus
1036 4788 1280 4845 omnium
1303 4789 1369 4844 de
1395 4787 1703 4859 prodigiosa

118 4877 337 4937 doctoris
376 4883 731 4938 Parisiensis
767 4882 1008 4938 anastasi
1040 4881 1237 4935 litteris
1266 4880 1561 4935 mandavit.

172 4970 287 5027 556.
317 4976 515 5044 Atque
539 4974 669 5029 hinc
695 4987 865 5043 porro
888 4972 999 5042 jam
1025 4970 1107 5039 ﬁt,
1130 4979 1191 5026 ut
1219 4970 1593 5043 ambigendum
1613 4970 1704 5038 sit,

122 5074 298 5119 verane
329 5065 663 5129 traditione,
689 5078 784 5118 seu
817 5077 886 5116 an
943 5062 1011 5116 ab
1059 5061 1294 5131 ipsemet
1354 5061 1412 5115 S.
1456 5061 1707 5118 Brunoue

117 5149 316 5222 ejusque
339 5155 554 5223 primis
575 5154 761 5217 sociis,
788 5152 863 5207 rei
887 5163 1052 5222 gesta:
1078 5152 1403 5223 synchrouis
1422 5193 1437 5218 ,
1467 5167 1565 5208 seu
1586 5138 1706 5209 viva

117 5252 227 5299 voce
244 5259 339 5300 seu
371 5244 491 5299 alio
526 5244 722 5313 quovis
754 5244 914 5298 modo
939 5243 1103 5298 fuerit
1144 5242 1330 5298 feralis
1378 5243 1444 5299 de
1481 5245 1708 5299 doctore

118 5329 356 5389 damnato
382 5335 643 5389 narratio
671 5332 739 5387 ad
770 5340 1019 5404 posteros
1047 5333 1390 5400 transmissa,
1448 5347 1478 5387 a
1511 5334 1709 5403 quibus

117 5420 289 5480 deinde
309 5425 379 5480 ad
414 5425 701 5495 sequioris
728 5426 908 5480 astatis
953 5423 1345 5479 Carthusianos
1398 5439 1461 5480 ac
1490 5423 1709 5478 tandem

117 5514 171 5565 ad
198 5530 570 5588 anonymum,
593 5517 687 5586 qui
710 5532 831 5572 eam
856 5517 1066 5586 primus
1086 5514 1328 5569 omnium
1356 5514 1553 5569 litteris
1577 5530 1710 5569 con-

118 5605 350 5678 signavit,
390 5611 740 5681 pervenerit.
768 5608 921 5678 Quod
943 5623 1066 5665 cum
1089 5608 1164 5663 ita
1185 5608 1279 5673 sit,
1329 5616 1514 5662 manet
1559 5606 1711 5662 Pari~

120 5714 283 5757 stense
314 5704 641 5777 prodigium
666 5720 765 5776 pro
814 5719 1007 5776 parum
1058 5703 1335 5760 verisimili
1383 5701 1717 5769 habendum,

1805 4518 2188 4576 communicati
2232 4525 2451 4581 auctor;
2485 4531 2607 4571 cum
2629 4514 2795 4580 enim,
2846 4528 2966 4583 quae
3004 4512 3384 4568 traditionibus
3438 4542 3469 4583 ί

1805 4611 2114 4683 hujusmodi
2140 4618 2365 4681 accepta
2393 4609 2566 4677 fuere,
2597 4608 2688 4662 diu
2717 4607 2906 4671 fuisse,
2935 4606 3043 4662 into
3070 4621 3164 4677 per
3192 4620 3383 4672 unum,
3442 4578 3459 4617 ³

1807 4703 1938 4769 duo,
1971 4703 2073 4756 tria
2098 4708 2191 4755 aut
2216 4702 2379 4756 etiam
2405 4700 2558 4772 plura
2584 4697 2775 4754 szecula
2810 4699 2863 4754 in
2889 4697 3129 4754 Ecclesia
3152 4696 3384 4763 credita,

1807 4795 1951 4850 culta
1988 4802 2043 4848 et
2088 4794 2377 4849 observata
2403 4794 2567 4855 dicat,
2597 4792 2661 4847 de
2692 4791 3074 4847 traditionibus
3113 4789 3309 4846 divinis
3331 4798 3389 4845 et

1808 4883 2118 4953 apostolicis
2135 4882 2356 4939 indubie
2387 4882 2656 4953 loquitur;
2683 4900 2701 4932 ι
2724 4880 3179 4948 quemadmodum
3202 4888 3387 4935 autem

1810 4973 1947 5029 nihil
1971 4971 2158 5044 (verba
2182 4982 2309 5028 sunt
2332 4971 2688 5042 Papebrochii
2714 4971 2883 5026 nostri
2918 4970 2971 5025 in
3014 4971 3127 5026 suis
3185 4968 3252 5023 ad
3278 4968 3386 5023 Ex-

1806 5065 2128 5121 bihitioncm
2185 5079 2434 5119 errorum
2496 5061 2960 5131 Responsionihus
3011 5057 3243 5115 articulo
3296 5056 3384 5121 19,

1810 5173 1956 5214 num.
1994 5158 2069 5228 χι)
2100 5171 2197 5227 pro
2225 5155 2409 5210 divina
2453 5162 2509 5210 et
2550 5152 2845 5223 apostolica
2878 5151 3167 5205 traditione
3190 5147 3388 5215 recipi-

1812 5258 1922 5314 tur,
1945 5251 2086 5319 quod
2110 5265 2179 5303 ex
2203 5250 2408 5303 sanctis
2428 5246 2684 5301 Patribus
2712 5261 2819 5299 non
2848 5244 3116 5313 probatur
3146 5242 3386 5308 ipsorum

1810 5351 1971 5396 :Btate
2036 5340 2204 5394 fuisse
2256 5339 2602 5393 observatum
2666 5336 2718 5390 in
2780 5333 3021 5389 Ecclesia
3070 5327 3384 5395 universali,

1814 5441 2075 5500 tanquam
2131 5429 2199 5483 ab
2241 5429 2395 5484 initio
2424 5428 2501 5483 sic
2526 5427 2818 5491 traditmn;
2861 5426 2931 5479 ita
2963 5437 3061 5477 nec
3096 5421 3384 5485 humanas,

1812 5529 2111 5594 prmtcnsas
2152 5528 2207 5573 ut
2235 5519 2390 5583 tales,
2419 5517 2717 5588 prudenter
2748 5513 3105 5575 admittimus,
3133 5523 3254 5580 quae
3302 5509 3386 5564 vel

1813 5628 1935 5667 cum
1984 5610 2319 5666 certioribus
2356 5606 2772 5663 auctoritatibus
2801 5612 3065 5673 pugnant,
3087 5600 3168 5655 vel
3196 5595 3388 5670 nequi:

1817 5703 2034 5757 vissent
2084 5702 2151 5757 ab
2207 5699 2605 5769 antiquioribus
2625 5710 2730 5751 non
2758 5693 2951 5764 attingi
2978 5691 3290 5766 aliquando,
3340 5689 3390 5750 si
