3814 6306
517 310 650 367 ,215
1314 306 1374 362 S.
1414 304 1763 364 BRUNONIS
1801 305 2446 366 CAR'I‘llU‘SMNORUM
2487 309 2972 368 INSTITUTUKIS
3649 315 3728 370 Elii

547 462 694 505 veras
717 445 916 502 forent.
961 462 979 496 ι
1011 444 1084 498 At
1113 459 1262 509 vero,
1290 444 1525 512 inquies,
1549 445 1692 500 unde
1722 459 1854 512 ergo
1887 444 1952 500 de
1977 442 2130 498 Pari-
2161 419 2206 480 Α
2237 419 2484 486 horrere,
2518 437 2625 492 (1υο
2658 428 2883 477 “mnus
2926 424 3108 477 Βωηο
3131 421 3328 476 diem“
3353 435 3570 477 eremum
3607 439 3729 494 Pent"

551 537 720 596 siensi
750 536 1012 608 prodigio,
1059 535 1104 590 si
1133 535 1428 592 traditione
1472 551 1597 592 vera
1627 544 1908 606 acceptum
1934 535 1986 589 id
2021 551 2128 591 non

553 631 646 694 sit,
675 637 829 684 ortus
873 639 994 681 esse
1017 632 1196 695 potest
1227 626 1493 692 incertus,
1523 635 1583 681 ut
1605 626 1719 681 vult
1742 625 2035 691 Launoius,
2077 627 2132 680 in

552 719 1044 779 Carthasiauorum
1081 717 1341 775 claustris
1371 719 1589 774 rumor?
1612 718 1822 774 llludne
1857 717 1910 772 hi
1945 717 2129 774 forsan

551 811 961 871 conﬁnxerint?
987 811 1062 865 Ita
1095 809 1210 866 fere
1232 811 1395 867 eti-am
1433 811 1539 867 bini
1563 811 2135 884 Carthusianianony-

554 905 629 959 mi
652 917 815 973 supra
846 901 1068 955 laudati.
1101 900 1327 967 Verum,
1355 902 1456 958 etsi
1486 901 1538 956 id
1595 915 1898 972 anonymus
1928 900 2132 969 primo-

556 1009 678 1049 rum
723 993 966 1063 quinque
994 990 1298 1047 Carthusiae
1326 993 1573 1062 priorum
1617 992 1982 1062 chronologns
2001 1005 2134 1049 vera

555 1082 846 1138 traditione
872 1097 977 1136 non
1006 1081 1262 1137 didicisse
1281 1091 1926 1152 statuatur,consequens
1949 1091 2131 1136 tamen

553 1170 682 1228 hinc
736 1186 846 1226 non
913 1171 1009 1234 sit.
1047 1180 1104 1225 ut
1141 1171 1196 1226 id
1224 1171 1304 1226 vel
1332 1186 1398 1227 ex
1447 1172 1660 1227 incerto
1721 1185 1938 1227 rumore
1971 1169 2054 1226 vel
2097 1184 2128 1225 e

553 1263 1046 1320 Carthusianorum
1088 1265 1436 1334 antiquorum
1501 1263 1777 1334 figmentis
1838 1263 2128 1334 acceperit.

551 1357 695 1425 Quid
728 1357 774 1413 si
800 1357 944 1413 enim
963 1355 1242 1412 horrenda
1269 1357 1512 1413 damnati
1537 1356 1768 1412 historia
1796 1370 1904 1411 non
1957 1354 2133 1426 publi-

554 1461 642 1514 ce,
674 1446 770 1504 sed
818 1447 963 1502 intra
999 1446 1242 1516 privatas
1273 1446 1510 1502 defuncti
1535 1446 1681 1502 aedes
1713 1460 1900 1502 coram
1945 1446 2134 1516 paucis

554 1538 839 1606 acciderit,
900 1539 1272 1610 temporisque
1318 1538 1515 1594 deinde
1565 1539 1720 1609 lapsu
1751 1539 1804 1594 in
1837 1537 2132 1608 adjunctis,

554 1626 705 1683 nullo
725 1626 853 1683 licet
881 1628 1279 1682 interveniente
1310 1626 1596 1698 figmento,
1647 1626 1812 1684 fuerit
1841 1627 2140 1698 corrupta?

551 1716 697 1772 Fieri
724 1732 854 1774 sane
881 1718 937 1774 id
983 1717 1250 1788 potuisse,
1273 1733 1338 1774 ex
1372 1717 1514 1772 infra
1566 1716 1820 1774 dicendis
1857 1725 2132 1788 patescat,

552 1808 633 1865 uti
654 1819 711 1864 et
740 1810 952 1876 modus,
984 1824 1092 1880 quo
1121 1807 1320 1865 factum
1346 1825 1470 1864 esse
1506 1818 1689 1880 queat.

555 1920 764 1992 §XXL
809 1921 930 1992 Alia
977 1921 1218 1990 qutedam
1251 1921 1504 1991 facientia
1550 1937 1646 1990 pro
1698 1919 1984 1992 prodigio,
2035 1936 2142 1992 quo

624 1992 812 2046 doctor
833 1991 1179 2057 Parisiensis,
1232 1990 1344 2046 sese
1375 1990 1706 2055 damnatum,
1735 1990 1968 2044 adstanti
1996 1991 2138 2043 mul-

2235 520 2419 568 αδδεδ.
2439 533 2458 564 s

2303 598 2460 656 Orbis
2485 618 2818 657 amarescens
2841 602 3123 657 claudessit
3161 603 3386 672 pondere
3415 603 3593 666 mortis,

2305 689 2374 745 Et
2404 693 2566 746 trahit
2599 693 2667 747 ad
2690 694 2911 764 speciem
2952 693 3197 747 humante
3227 708 3318 762 per
3337 693 3476 746 devia
3501 694 3650 746 sortis.

2307 781 2498 852 Mergit
2525 793 2572 838 et
2604 783 2796 838 exsilio
2819 783 3149 854 propriorum
3169 798 3381 854 qua-que
3416 782 3684 838 tabescens:

2305 873 2456 929 Unde
2483 876 2727 929 tumescis
2753 877 2907 928 homo
2930 875 3090 928 miser
3121 876 3218 928 hac
3241 885 3390 928 trtate
3432 889 3660 929 senescens

2301 963 2476 1020 Fonte
2505 965 2838 1036 Carybdineo
2875 967 3125 1035 mergeris
3164 966 3232 1018 ad
3258 962 3437 1016 ultima
3466 964 3605 1033 ﬁnis;

2303 1057 2379 1114 Ac
2408 1059 2539 1113 cinis
2565 1060 2618 1112 iu
2640 1060 2840 1112 cineres
2861 1057 3078 1112 solveris
3106 1068 3158 1110 ut
3203 1055 3383 1110 umbra
3417 1054 3635 1111 lucernis.

2305 1147 2402 1204 Est
2427 1149 2579 1204 labor
2605 1149 2720 1219 ejus
2745 1163 2918 1213 amor,
2948 1157 2995 1202 et
3025 1143 3401 1201 inextricabilis
3427 1161 3576 1208 error,

2306 1238 2526 1308 Defectu
2551 1239 2706 1308 cujus
2729 1239 2963 1292 animam
2989 1235 3560 1305 complectiturhorror,

2305 1326 2592 1399 Postquam
2619 1329 2818 1382 nudata
2841 1327 3002 1397 fuerit
3035 1327 3100 1380 de
3124 1341 3332 1380 carcere
3364 1324 3528 1378 carnis

2313 1418 2408 1476 Vel
2435 1419 2652 1475 Satanae
2677 1420 2897 1474 ducibus
2926 1419 3029 1472 huc
3053 1420 3399 1486 circumsepta
3423 1416 3632 1470 cateruis.

2307 1508 2461 1576 Quod
2489 1521 2722 1565 metuens
2754 1509 3022 1564 animosus
3043 1509 3098 1562 in
3119 1509 3218 1562 hoc
3243 1507 3531 1562 discrimine
3547 1505 3694 1560 Bruno

2304 1602 2528 1659 Servitia
2549 1611 2786 1674 penetrat
2815 1616 3050 1655 eremum
3075 1599 3379 1654 certaminis
3401 1614 3518 1664 uno,

2311 1692 2525 1765 Linquit
2548 1709 2670 1762 opes
2697 1692 2986 1762 mundique
3009 1691 3191 1757 decus,
3216 1706 3281 1744 ne
3300 1687 3464 1761 gloria
3490 1704 3622 1744 uana

2169 1765 2219 1825 B-
2311 1784 2441 1840 Fiat—
2472 1785 2526 1838 in
2551 1785 2850 1850 interitum,
2875 1791 2984 1839 etc.

2310 1877 2438 1936 560.
2476 1895 2497 1928 ι
2527 1877 2716 1932 Simile
2743 1876 2871 1946 quid
2897 1873 3171 1947 primaria:
3191 1871 3445 1930 Ecclesiae
3488 1866 3748 1927 Parisiensis

2242 1971 2492 2029 canonici.
2517 1970 2695 2026 amico
2720 1968 2962 2024 Brunoni
2983 1975 3340 2039 parentantes
3369 1963 3558 2038 (Titqu
3597 1975 3748 2029 nempe

626 2062 844 2115 titudini
887 2061 1144 2131 publicee
1189 2062 1384 2132 feretro
1446 2062 1804 2132 denuntiarit.
1869 2062 2139 2132 rationum
2242 2062 2386 2118 inter
2410 2060 2748 2116 recudendos
2777 2057 2905 2130 £09)
2933 2056 3229 2114 succinuut
3262 2072 3280 2110 :
3318 2074 3338 2108 ι
3453 2073 3474 2116 ρ

627 2141 887 2185 montenta
915 2132 1236 2200 afferuntur,
1269 2144 1315 2186 et
1355 2149 1423 2186 an
1452 2148 1516 2186 ea:
1545 2131 1627 2186 itis
1652 2133 1864 2186 tandem
1894 2131 2028 2186 illud
2057 2148 2142 2187 t'c-
2211 2188 2218 2192 _

625 2217 687 2255 ro
701 2200 871 2257 simile
894 2213 1172 2272 utcumque
1201 2218 1302 2256 non
1331 2204 1446 2274 fiat,
1477 2205 1839 2263 ementiuntur,

617 2313 770 2383 Quod
799 2330 829 2370 e
891 2314 1062 2370 titulis
1114 2315 1456 2383 funebribus,
1501 2318 1657 2387 queis
1684 2317 1888 2374 Sancto
1944 2325 2139 2372 nostro

561 2405 816 2461 Ecclesiae
850 2405 1290 2476 monasteriaque
1323 2407 1534 2462 diversa
1565 2415 1941 2478 parentarunt,
2012 2423 2142 2463 non-

560 2495 716 2562 nulli,
739 2511 861 2551 cum
886 2510 916 2552 e
945 2495 1250 2552 divinorum
1267 2496 1923 2570 judicioruminfernique
1949 2498 2142 2554 timore

558 2589 616 2645 in
647 2603 889 2644 eremum
917 2589 1232 2655 secessisse,
1263 2589 1406 2644 haud
1437 2589 1671 2646 obscure
1703 2589 1964 2656 indicent,
1989 2591 2138 2656 hinc,

557 2679 617 2738 in
649 2681 754 2737 illis
805 2679 873 2736 ad
909 2681 1214 2738 luctuosam
1265 2683 1506 2739 damnati
1564 2683 1805 2740 doctoris
1854 2683 2140 2739 historiam

565 2773 753 2840 alludi,
781 2788 1082 2844 anonymus
1114 2773 1403 2829 Tractatus
1445 2774 1513 2830 de
1543 2771 1602 2830 S.
1636 2774 1888 2832 Brunone
1941 2790 1971 2829 a
2003 2774 2140 2831 Car-

567 2864 836 2918 thusianis
899 2863 1174 2933 hujatibus
1228 2879 1440 2920 mecum
1492 2867 1882 2921 communicati
1950 2877 2143 2922 auctor

563 2955 812 3024 coniicit;
845 2956 988 3028 quod
1015 2959 1059 3012 si
1092 2967 1274 3012 autem
1303 2957 1370 3012 ad
1399 2956 1623 3012 feralem
1657 2968 1910 3014 eventum
1953 2959 2136 3029 reipsa

561 3050 617 3104 in
648 3048 808 3105 dictis
852 3048 1048 3104 Titulis
1093 3048 1386 3113 alludatur,
1445 3063 1785 3119 consequens
1811 3058 1918 3114 est,
1948 3057 2008 3104 ut
2053 3050 2142 3104 hic

563 3157 670 3196 non
707 3149 911 3195 tantum
939 3141 1222 3206 acciderit,
1254 3155 1442 3196 verum
1474 3141 1639 3196 etiam
1663 3149 1724 3195 ut
1745 3141 1956 3211 publice
1996 3142 2138 3196 acci-
2170 3109 2214 3170 δ

563 3233 726 3298 derit,
759 3242 945 3305 utpote
966 3249 1125 3304 quem
1149 3233 1384 3303 alioquin
1407 3234 1653 3289 ecclesia:
1676 3234 2143 3304 monasteriaque,

566 3340 798 3394 quorum
859 3325 893 3378 ii
938 3334 1082 3387 sunt,
1125 3335 1467 3394 perspectum
1519 3327 1662 3380 haud
1693 3327 2030 3382 habuissent.
2061 3327 2136 3382 Ne

567 3415 697 3483 quid
758 3416 959 3484 itaque,
1013 3416 1155 3486 quod
1205 3416 1449 3485 prodigio
1503 3416 1796 3472 Parisiensi
1856 3427 2148 3488 utcumque

569 3507 754 3561 lavere
802 3507 1000 3562 “videri
1053 3515 1251 3578 potest,
1311 3507 1718 3562 inobservalum
1782 3518 2098 3578 prmtercant
2130 3553 2144 3575 ,

543 3597 782 3652 'laudati
825 3599 1063 3653 auctoris
1112 3597 1367 3666 anonvmi
1423 3599 1608 3668 verba,
1639 3609 1994 3654 men'oratam
2022 3615 2151 3655 con-

563 3690 830 3760 jecturam
861 3689 1306 3760 complectentia,
1331 3704 1432 3744 una
1465 3706 1587 3744 cum
1633 3690 1804 3747 titulis
1831 3691 2155 3750 funebribus.

570 3780 768 3852 quibus
801 3781 937 3836 hanc
975 3781 1064 3836 ille
1087 3781 1438 3850 superstruit,
1465 3781 1570 3838 huc
1603 3783 1929 3851 transcribo,
1954 3785 2157 3842 deinde

570 3873 762 3938 etiam,
788 3887 908 3942 qua:
950 3887 1069 3928 mea
1105 3871 1210 3928 hac
1242 3873 1308 3926 de
1339 3886 1398 3927 re
1419 3873 1488 3927 sit
1518 3873 1722 3942 opinio,
1777 3873 2146 3944 adjuncturus.

573 3965 666 4020 Sic
691 3966 888 4020 habent
926 3983 939 4020 :
977 3983 996 4018 ε
1028 3965 1222 4020 Veram
1254 3963 1396 4019 illius
1421 3963 1503 4036 (S.
1554 3964 1826 4021 Brunonis
1877 3966 2152 4039 videlicet)

573 4070 818 4111 secessus
845 4075 864 4108 ι
893 4056 944 4110 in
971 4068 1213 4111 eremum
1249 4075 1265 4106 ι
1300 4069 1520 4109 causam
1553 4054 1680 4108 nulli
1707 4055 1778 4109 ita
1801 4056 2043 4125 apprime
2065 4073 2152 4113 co-

2315 2151 2361 2207 0
2391 2168 2481 2207 vos
2513 2151 2795 2216 mundani,
2816 2149 2906 2221 qui
2934 2163 2989 2202 re
3009 2147 3253 2218 gaudetis
3278 2146 3445 2211 inani,

2317 2243 2565 2315 Spernite
2596 2241 2864 2297 culturam
2895 2239 3070 2295 carnis
3095 2239 3272 2294 subito
3302 2238 3592 2308 perituram.

2313 2337 2517 2408 Corpus
2547 2337 2684 2390 enim
2712 2343 2917 2390 vastum
2948 2333 3092 2388 uaria
3111 2330 3428 2402 pinguedine
3449 2337 3637 2398 pastum

2316 2427 2434 2494 Quo
2455 2425 2620 2496 magis
2657 2422 2922 2493 impletur,
2952 2421 3197 2492 putidum
3224 2420 3392 2490 magis
3413 2417 3646 2488 efficietur.

2315 2518 2426 2573 Cur
2450 2519 2810 2588 impinguatur
2838 2530 2982 2579 caro,
3021 2529 3126 2582 qua
3153 2513 3346 2567 vermis
3383 2506 3624 2566 satiatur!

2318 2610 2428 2666 Cur
2444 2610 2576 2664 adeo
2609 2609 2850 2673 cupimus
2874 2606 3032 2672 bona,
3071 2619 3190 2676 qua:
3252 2603 3469 2657 retinere
3511 2593 3757 2668 nequimus!

2316 2703 2460 2770 Quos
2482 2700 2618 2755 male
2639 2698 2838 2754 seducit
2866 2697 3123 2763 mundus,
3147 2711 3242 2766 per
3266 2695 3414 2750 devia
3438 2694 3590 2758 ducit,

2315 2793 2387 2850 Et
2421 2803 2701 2849 sectatores
2736 2790 2910 2846 carnis
2940 2789 3079 2860 fallit
3116 2805 3212 2859 per
3235 2788 3476 2851 honores,

2314 2884 2627 2956 Blandaque
2651 2883 2946 2954 praetendit,
2982 2881 3108 2935 dum
3141 2879 3291 2934 nobis
3323 2879 3451 2932 retia
3479 2873 3642 2931 tendit.

2320 2976 2414 3033 Est
2427 2988 2474 3030 et
2508 2977 2561 3030 in
2576 2977 2673 3030 hoc
2687 2974 2882 3028 mundo
2905 2972 3189 3028 mundanis
3219 2970 3536 3036 sollicitudo,

2317 3073 2584 3144 Poenaque
2598 3071 2840 3125 lucratur
2867 3085 3071 3136 poenam
3095 3085 3114 3133 ;
3146 3083 3274 3121 caro
3300 3067 3377 3121 bis
3407 3064 3662 3120 cruciatur.

2321 3166 2426 3233 Qui
2449 3165 2596 3219 lucra
2627 3173 2911 3228 sectantur,
2951 3161 3124 3214 subita
3159 3175 3284 3214 nece
3310 3157 3681 3228 prmeipitantur,

2321 3259 2386 3313 Et
2413 3259 2631 3313 subeunt
2684 3265 2895 3308 antrum
2926 3269 3108 3308 carnes
3153 3253 3444 3322 anima'que
3491 3243 3756 3301 barathrum.

2321 3351 2451 3406 Hac
2482 3350 2610 3406 satis
2641 3357 2836 3402 attente
2856 3355 3186 3417 pertractans
3219 3342 3402 3398 Brimo
3431 3347 3634 3410 repente,

2320 3443 2422 3499 Ille
2453 3443 2827 3512 magistrorum
2855 3437 3035 3502 decus,
3069 3435 3384 3506 informatio
3426 3444 3630 3492 morum,

2320 3509 2610 3604 Remigium
2637 3509 2804 3584 turba:
2839 3526 3104 3582 Remensis
3133 3527 3317 3595 major
3338 3526 3393 3578 in
3427 3524 3544 3577 urbe

2324 3625 2584 3682 Mundam
2603 3622 2856 3692 despexit,
2889 3620 2988 3675 iter
3010 3618 3080 3672 ad
3105 3617 3341 3672 coelestia
3371 3615 3533 3686 ﬂexit,

2332 3716 2535 3771 Vilibus
2568 3715 2783 3770 indutus
2806 3711 2998 3784 pannis
3028 3720 3097 3775 te,
3129 3708 3362 3776 Christe,
3392 3718 3606 3767 secutus,

2328 3811 2468 3865 Huic
2492 3809 2654 3880 igitur
2692 3805 2807 3861 cteli
2826 3813 3062 3876 pateant,
3101 3799 3404 3872 populoque
3431 3793 3584 3866 ﬁdeli,

2324 3905 2455 3960 Cum
2479 3917 2580 3973 quo
2608 3900 2821 3955 laetatur
2844 3899 3048 3961 Bruno,
3079 3910 3286 3959 semper
3301 3892 3544 3947 sociatur.

2325 3992 2452 4050 561.
2487 3971 2507 4044 i
2537 3989 2788 4045 Monachi
2834 3999 3056 4057 quoque
3089 3983 3276 4040 Sancti
3306 3977 3550 4038 Germani
3578 3971 3765 4044 ejusdem

2253 4085 2408 4142 urbis
2433 4079 2780 4154 (Parisiensis
2819 4075 3030 4147 nempe)
3057 4083 3330 4131 testantur
3357 4074 3432 4146 (in
3462 4065 3625 4124 Titulo
3649 4060 3766 4154 fune-

2256 4179 2339 4234 bri
2363 4150 2621 4232 nimirum
2648 4171 2742 4243 26)
2785 4170 3097 4225 Brunonem
3147 4168 3329 4222 ultimi
3363 4163 3544 4237 judicii
3570 4150 3767 4214 recorda-

2258 4273 2404 4328 tione
2425 4264 2876 4340 perterrefactum
2903 4262 3070 4317 fuisse
3105 4279 3116 4314 :
3157 4279 3175 4312 ι

2335 4361 2598 4417 Mentibus
2634 4357 2687 4412 in
2718 4357 2911 4410 nostris
2934 4355 3138 4408 deberet
3163 4367 3369 4423 semper
3405 4345 3574 4404 haberi
3667 4429 3676 4432 _
3745 4421 3754 4432 ο

2187 4455 2233 4515 1)
2329 4455 2467 4518 Luat,
2497 4452 2549 4506 in
2577 4466 2683 4520 qua
2712 4447 2913 4516 reprobi
2951 4445 3090 4500 mala
3120 4444 3328 4508 tollent,
3368 4457 3455 4498 seu
3483 4440 3603 4493 bona
3653 4429 3769 4518 justi-

2331 4543 2484 4600 Hanc
2507 4541 2678 4596 timuit
2704 4538 2902 4603 Bruno,
2927 4535 3125 4606 sophia:
3161 4536 3252 4605 qui
3283 4548 3436 4588 verus
3465 4534 3667 4614 amator.
3715 4603 3723 4614 .

2257 4637 2337 4692 Ex
2385 4635 2473 4690 his
2522 4640 2579 4688 et
2627 4628 2950 4700 quibusdam
3007 4626 3129 4681 aliis
3157 4625 3348 4689 titulis,
3375 4623 3465 4693 qui
3497 4612 3671 4674 similia
3715 4612 3774 4704 itt-

2259 4729 2459 4794 dicant,
2497 4739 2604 4780 non
2628 4721 2860 4778 absurde
2895 4719 3207 4790 conjectare
3230 4728 3530 4786 possumus,
3560 4707 3774 4800 Brunonts

2258 4818 2462 4874 amicos
2503 4815 2556 4870 in
2613 4814 2695 4869 eis
2724 4810 2988 4882 implicite
3019 4809 3271 4866 allusisse
3328 4803 3548 4862 redivivi
3583 4799 3775 4854 hominui

2260 4905 2574 4981 spectaculo
2600 4921 2616 4971 ;
2648 4903 2768 4959 illos
2793 4917 2926 4957 vero
2950 4916 3056 4956 non
3079 4900 3224 4957 clare
3253 4899 3534 4954 historiam
3551 4888 3775 4981 designas-

2261 5016 2343 5067 se,
2383 5014 2450 5054 ne
2477 4995 2678 5050 famam
2709 4994 2854 5049 illius
2883 4992 3110 5062 ejusque
3151 4988 3656 5060 consanguineorum
3685 4985 3774 5067 tto-

2261 5063 2376 5144 lare
2404 5087 2739 5142 viderentur.
2791 5083 3052 5138 Fatemur
3074 5082 3265 5138 eadem
3313 5081 3383 5134 de
3411 5074 3632 5146 quolibet
3670 5063 3775 5118 alio.

2263 5177 2462 5233 mundo
2485 5175 2845 5241 valedicente,
2871 5173 3025 5243 cujus
3057 5168 3429 5227 conversionis
3451 5176 3601 5220 causa
3659 5153 3775 5208 latet.

2261 5271 2366 5326 dici
2427 5284 2608 5340 posse,
2665 5267 2761 5322 sed
2812 5280 2936 5321 cum
2981 5264 3122 5335 apud
3177 5275 3368 5316 omnes
3417 5247 3776 5340 Carthasicnsﬁ5

2259 5337 2476 5432 semper
2505 5369 2679 5416 ratum
2717 5357 2906 5423 fuerit,
2939 5355 3249 5412 Brunonem
3279 5367 3346 5408 ex
3379 5343 3634 5406 horrendo
3655 5337 3776 5392 dant-

2259 5455 2372 5510 nati
2401 5453 2644 5525 inagistri
2668 5451 2875 5523 judicio
2905 5449 3284 5506 tremefactum
3335 5443 3532 5500 mundo
3555 5438 3775 5532 abre-nuti—

2248 5546 2452 5612 tiasse,
2479 5520 2682 5617 giravis'
2716 5546 2841 5600 inde
2895 5543 3206 5615 conjectura
3248 5539 3478 5601 elicitur,
3510 5532 3635 5588 idem
3661 5520 3776 5614 judi-

2263 5637 2405 5692 cium
2442 5616 2500 5692 in
2560 5634 2942 5705 praedictorum
3000 5632 3278 5687 titulorum
3330 5625 3505 5683 verbis
3536 5616 3776 5705 contine":

2267 5726 2376 5785 Cur
2403 5725 2546 5783 enim
2565 5703 2736 5782 amici
2787 5725 2836 5782 ei
2863 5723 3164 5789 chariores,
3195 5722 3282 5794 qui
3313 5718 3509 5792 optime
3561 5703 3776 5766 callele

572 4160 838 4215 gnoscere
867 4151 1177 4216 potuerunt,
1211 4159 1372 4214 quam
1402 4142 1677 4210 Ecclesiae,
1710 4145 1762 4198 in
1788 4161 1893 4214 qua
1920 4145 2154 4203 Sanctus

573 4239 699 4295 olim
757 4248 947 4311 egerat
993 4238 1338 4304 canonicum,
1393 4236 1606 4292 Sancta:
1652 4237 1835 4293 Marias
1871 4237 2154 4297 Bernensis

574 4333 843 4398 canonici,
875 4333 968 4404 qui
1002 4347 1124 4387 eam
1172 4345 1270 4387 suo
1315 4329 1529 4395 Titulo,
1568 4330 1659 4402 qui
1721 4331 1862 4386 inter
1918 4331 2155 4391 edendos

574 4424 750 4479 locum
773 4424 842 4479 54
869 4432 1035 4491 tenet,
1065 4423 1144 4479 sic
1168 4422 1445 4478 insinuant
1478 4441 1492 4478 :

645 4535 854 4590 Iudicis
876 4553 1094 4592 examen
1117 4537 1318 4591 venturi
1334 4534 1518 4590 Bruno
1543 4551 1838 4606 pavescens,

651 4625 952 4680 Mundanas
981 4625 1281 4690 contempsit
1307 4641 1445 4696 opes,
1479 4641 1808 4697 eremumque
1832 4623 2045 4695 petivit;

652 4718 821 4789 Atque
851 4719 1032 4773 suavis
1050 4719 1121 4772 ibi
1165 4719 1367 4788 fructus
1391 4720 1562 4774 emisit
1592 4719 1794 4787 odoris,

651 4811 734 4864 Ad
758 4809 1020 4865 Christum
1047 4825 1321 4874 reuocans,
1352 4825 1479 4875 quos
1512 4809 1680 4880 gloria
1703 4825 1836 4864 vana
1860 4808 2070 4879 fefellit.

652 4899 778 4957 559.
825 4919 843 4952 ι
899 4898 1217 4969 Badulphus
1240 4898 1443 4954 Viridis
1467 4901 1835 4970 praepositum
1897 4901 2157 4972 dignitate

581 4996 636 5052 in
663 5009 728 5048 ea
773 4992 1125 5048 ecclesiatum
1157 4992 1448 5062 gaudebat,
1480 4992 1573 5062 qui
1603 4991 1788 5048 forsan
1817 4992 1980 5063 hujus
2013 4993 2152 5049 tituli

579 5093 770 5140 auctor
823 5082 892 5140 ad
923 5081 1317 5150 invitationem,
1366 5098 1469 5156 qua
1498 5082 1657 5154 paulo
1680 5093 1804 5138 ante
1827 5085 2158 5155 per-episto-

577 5176 688 5232 lam
717 5177 784 5233 ad
811 5177 1169 5233 monasticum
1199 5177 1440 5232 habitum
1481 5191 1549 5232 ex
1580 5185 1703 5231 voto
1757 5177 2094 5234 induendum
2123 5195 2153 5234 a

574 5269 832 5325 Brunone
855 5269 1112 5326 incitatus
1151 5269 1348 5335 fuerat,
1391 5268 1557 5324 tacite
1590 5267 1779 5322 alludit
1807 5267 1892 5323 his
1924 5269 2107 5325 verbis
2140 5287 2154 5325 :

583 5382 604 5416 ο
647 5362 728 5419 Ad
757 5361 1036 5419 Christum
1072 5377 1334 5418 revocans
1360 5377 1496 5431 quos
1524 5360 1691 5432 gloria
1724 5376 1861 5415 vana
1887 5359 2097 5417 fefellit.
2134 5382 2151 5414 ι

577 5455 832 5510 Ecclesia:
861 5454 1124 5510 Remensi
1145 5453 1507 5524 adstipulatur
1537 5452 1884 5523 particular-is
1929 5453 2158 5510 ecclesia

580 5543 639 5599 S.
671 5544 1051 5601 Bartholomzei
1104 5546 1158 5600 in
1187 5554 1370 5600 monte
1397 5545 1492 5610 Or,
1529 5559 1636 5599 non
1660 5543 1817 5615 longe
1871 5545 1940 5600 ab
1968 5545 2158 5600 eadem

579 5635 715 5688 urbe
739 5635 952 5704 dissita,
1000 5637 1153 5706 cujus
1185 5635 1442 5706 elogium,
1473 5635 1614 5690 inter
1645 5633 1854 5690 Titulos
1898 5633 2159 5690 funebres

577 5722 815 5780 edendos
867 5728 1055 5782 ordine
1102 5726 1190 5794 63',
1237 5737 1404 5783 toturn
1433 5735 1516 5783 est
1565 5726 1628 5782 de
1658 5727 1846 5782 mortis
1869 5735 1922 5783 et
1953 5726 2153 5782 inferni
