3814 6306
119 299 207 360 217
904 345 906 348 ,
1610 279 1698 339 AC

1800 320 1811 338 -
2445 263 2498 318 ³³³
3241 283 3349 344 ξω

118 428 334 492 quamam
364 411 512 466 illius
534 405 899 465 conversionis
923 417 1084 460 causa
1133 401 1315 467 luerit,
1366 413 1472 453 non
1497 399 1656 452 aliam
1687 400 1735 457 Α
1760 398 1936 464 batur,
1965 401 2179 469 opinor,
2208 399 2578 464 crediderunt,
2602 399 2698 454 sed
2723 384 2933 468 decepti
2971 401 3123 452 tuere
3151 397 3218 453 ab
3291 397 3361 454 iis

120 486 288 580 praeter
314 501 532 562 mortis,
551 496 738 570 judicii
766 504 821 550 et
844 491 1038 549 inferni
1063 492 1312 546 timorem
1335 486 1671 543 attulerunt?

118 601 208 657 Cur
231 595 355 652 nihil
385 595 451 648 de
513 591 782 646 Manassae
834 582 1129 644 Sinioniaci
1181 581 1624 638 accusationibus
1655 619 1671 644 ,

118 688 316 756 autejus
329 687 607 758 perversis
630 681 871 738 moribus
885 679 1270 741 meminerunt,
1294 675 1337 730 si
1366 673 1675 728 Brunonem

118 783 161 838 in
186 791 414 836 eremum
475 772 830 845 impulerunt,
879 767 1246 824 utLaunoius
1301 781 1366 820 ex
1411 761 1676 819 Guiberto

119 867 398 926 necessario
450 863 718 932 consequi
753 860 905 916 vult?
965 879 984 912 ι
1042 858 1118 912 lta
1149 859 1412 912 hactenus
1441 852 1554 920 ille,
1585 849 1677 920 qui

122 975 222 1018 cont
246 957 502 1019 fateatur,
529 969 883 1025 quaecumque
911 951 962 1005 iu
993 947 1189 1004 Titulis
1215 945 1532 1002 funebribus
1569 942 1678 997 huc

115 1053 205 1120 jam
244 1048 591 1117 transcriptis
643 1045 873 1114 aliisque
919 1041 1290 1106 continentur,
1328 1051 1452 1093 esse
1495 1034 1680 1105 hujus-

122 1119 263 1206 rnodi,
295 1149 352 1196 ut
381 1139 451 1194 dc
480 1137 728 1210 quolibet
763 1136 891 1201 alio,
941 1133 1032 1204 qui
1072 1131 1272 1186 mundo
1322 1119 1678 1191 valediccrct,

120 1235 297 1307 possint
323 1231 701 1304 pronuntiari,
726 1229 971 1286 formatae
993 1243 1024 1282 a
1050 1242 1109 1282 se
1131 1241 1199 1282 ex
1224 1225 1375 1280 hisce
1403 1223 1681 1291 conjectu-

121 1340 180 1382 re
201 1323 416 1380 multum
444 1322 668 1378 roboris
688 1337 795 1378 non
827 1320 1027 1387 inesse,
1063 1317 1206 1373 haud
1234 1315 1466 1371 obscure
1487 1328 1686 1384 agnos-

124 1420 214 1485 cit';
241 1434 342 1490 qua
389 1431 532 1473 sane
574 1417 628 1472 in
677 1430 738 1472 re
793 1411 1199 1472 assentiendum
1244 1410 1294 1466 ei
1348 1410 1439 1466 hic
1469 1416 1574 1475 est,
1603 1406 1682 1461 uti

122 1512 450 1570 consideranti
500 1509 732 1582 patebit.
773 1508 854 1562 Ad
898 1505 1002 1562 alia
1051 1503 1235 1570 modo,
1268 1517 1388 1574 qua:
1415 1517 1514 1572 pro
1559 1515 1684 1572 pro-

125 1607 298 1676 digiosa
321 1604 581 1661 doctoris
608 1601 850 1659 anastasi
877 1599 1058 1656 facere
1083 1609 1378 1667 utcumque
1407 1592 1684 1660 videntur,

124 1699 526 1773 progrediamur.

179 1792 291 1848 ὅθί.
318 1790 619 1845 δευεεωυε
647 1787 700 1842 in
732 1783 1058 1842 didascalica
1087 1795 1184 1838 sua
1213 1776 1491 1849 Epistula,
1516 1789 1682 1844 supra

124 1884 220 1957 plus
244 1882 406 1938 semel
425 1882 551 1953 jam
580 1879 822 1944 laudata,
856 1892 978 1947 qua:
997 1889 1143 1931 anno
1172 1871 1312 1928 1645
1335 1871 1476 1942 typis
1526 1866 1686 1923 Colo-

127 1955 370 2031 niesibus
402 1972 460 2026 in
487 1971 672 2026 lucem
703 1967 924 2040 prodiit,
973 1964 1026 2020 in
1086 1960 1408 2019 Parisiensis
1456 1955 1685 2031 prodigii

127 2062 392 2118 subsidium
449 2060 628 2114 etiam
661 2065 822 2114 vocat
847 2055 1112 2126 imagines
1163 2060 1219 2109 et
1239 2049 1509 2106 celebrem
1554 2047 1687 2103 Car-

129 2154 288 2208 thusia:
339 2149 680 2206 Parisieusis
756 2147 1046 2217 picturam,
1099 2140 1415 2199 horribilem
1447 2138 1686 2195 damnati

127 2242 328 2297 doctoris
356 2238 660 2296 historiam
702 2235 1089 2305 exprimentes.
1129 2231 1206 2288 Ac
1249 2230 1426 2303 primo
1468 2226 1687 2299 quidem

129 2332 178 2386 de
197 2331 292 2386 hoc
313 2335 656 2402 argumento
679 2341 800 2396 pag.
823 2323 893 2377 2:).
919 2323 997 2378 sic
1031 2321 1223 2376 scribit
1253 2337 1265 2372 :
1294 2336 1314 2372 ι
1343 2317 1692 2374 Accedebant

129 2421 281 2490 ﬁgura:
312 2431 368 2476 et
421 2417 723 2488 imagines,
766 2413 963 2485 quibus
992 2413 1262 2466 funestum
1297 2409 1429 2465 illud
1476 2417 1688 2478 specta-

131 2513 278 2567 culum
345 2507 877 2581 repra-santabatur.
934 2503 1026 2558 Παλ
1086 2515 1360 2572 expressae
1427 2508 1583 2555 erant
1635 2497 1688 2552 in

129 2618 374 2658 sacrarum
427 2595 996 2670 precatiuncularum,
1048 2609 1182 2662 quas
1211 2591 1384 2646 lloras
1415 2589 1688 2654 vocitant,

131 2691 369 2757 libellulis,
419 2691 539 2745 imo
600 2687 766 2741 etiam
806 2685 857 2740 iu
911 2682 1206 2738 Breviariis
1251 2679 1482 2749 aliquot,
1526 2688 1693 2750 atque

135 2785 405 2840 llissalihus
461 2798 580 2839 non
632 2779 794 2834 modo
853 2775 1012 2845 hujus
1063 2774 1413 2847 (Parisiensis
1474 2772 1692 2844 nempe)

133 2879 367 2947 ditecesis,
396 2877 494 2934 sed
524 2874 760 2930 aliarum
785 2888 998 2943 quoque
1021 2870 1423 2926 nenuullarum.
1448 2865 1692 2921 Acdeiu-

133 2971 184 3025 de
204 2972 376 3025 eadem
403 2984 542 3041 pag.
571 2965 646 3022 ‘22
673 2967 752 3021 sic
781 2965 944 3020 habet
989 2980 1002 3016 :
1057 2963 1283 3032 Insuper
1304 2958 1694 3016 ostendebatur

135 3063 260 3116 nobis
284 3061 520 3116 celebris
550 3059 638 3112 illa
656 3057 1031 3129 pictura,qua:
1052 3054 1105 3108 in
1137 3050 1691 3108 inonasteriiPatrum

135 3153 600 3207 Carthusianorum
653 3144 1208 3218 hujus(Parisiensis)
1261 3143 1409 3198 urbis
1455 3141 1695 3198 claustro

138 3241 358 3298 Ecc'esiaz
404 3238 798 3314 propinquiori
842 3237 1140 3291 etiamnum
1171 3234 1437 3300 cernitur,
1489 3231 1691 3286 seriem

139 3336 418 3405 exprimens
473 3333 608 3386 vitae
668 3329 854 3384 miseri
903 3327 1064 3396 hujus
1114 3323 1353 3381 hominis
1401 3332 1458 3380 et
1500 3321 1698 3378 funesti

138 3441 364 3482 excessus
425 3423 835 3492 horrendaeque
867 3421 1010 3477 illius
1062 3416 1450 3483 damnationis,
1477 3415 1545 3470 ab
1584 3415 1700 3486 ipso

140 3520 319 3590 publice
342 3521 394 3574 in
419 3516 661 3574 ecclesia
705 3522 828 3584 post
851 3521 1079 3568 mortem
1116 3509 1425 3574 declaratur,
1455 3517 1512 3562 et
1559 3505 1701 3574 ejec-

145 3613 276 3667 tionis
311 3610 426 3680 ejus
456 3607 753 3665 cadaveris
790 3607 844 3660 in
868 3604 1154 3674 profanum
1181 3602 1362 3658 locum
1385 3597 1701 3655 horribilem

142 3707 531 3777 catastmpben.
607 3722 626 3756 ι
678 3701 806 3757 llaec
845 3700 965 3767 ille;
1025 3713 1214 3754 verum
1267 3697 1335 3752 ad
1401 3695 1702 3767 posteriora

143 3796 382 3854 Lauricius
411 3799 468 3853 in
515 3810 609 3852 sua
640 3795 706 3851 de
733 3809 860 3849 vera
893 3807 1056 3848 causa
1087 3805 1338 3847 secessus
1372 3790 1430 3844 S.
1489 3789 1702 3844 Bruno-

145 3892 211 3945 uis
235 3893 282 3947 iu
308 3906 562 3948 eremum
616 3886 1008 3944 Dissertatioue
1046 3885 1120 3938 ita
1150 3882 1483 3954 respondet:
1523 3897 1541 3931 ι
1579 3879 1723 3941 Haec,

148 3987 326 4056 pictura
354 3987 496 4043 nihil
529 3985 650 4057 plus
678 3984 840 4038 habet
867 3979 1230 4044 auctoritatis,
1270 3992 1432 4048 quam
1466 3974 1590 4030 libri
1639 3989 1706 4029 ex

148 4077 312 4148 quibus
338 4079 613 4149 originem
643 4073 827 4128 trahit.
863 4072 1210 4141 Dcsiguatum
1265 4075 1585 4139 argumento
1611 4081 1708 4122 suo

150 4183 332 4240 tempus
383 4185 502 4227 non
555 4165 793 4230 excedit,
829 4164 921 4218 sed
955 4162 1112 4229 longo
1143 4169 1266 4231 post
1317 4155 1602 4213 intervallo
1625 4171 1710 4212 se—

150 4253 326 4333 quitur.
359 4264 443 4318 Ad
485 4274 690 4315 annum
730 4257 928 4328 quippe
981 4255 1118 4310 1582’.
1165 4252 1432 4308 delineata
1484 4259 1586 4316 est,
1651 4257 1710 4304 ut

151 4356 382 4426 scriptum
450 4365 628 4423 nuper
682 4349 965 4404 videbatur
1030 4361 1192 4416 supra
1239 4351 1485 4414 portam,
1545 4357 1648 4411 qua
1681 4354 1712 4395 e

1776 489 1868 560 qui
1915 489 2196 562 pingendae
2240 489 2318 545 rei
2364 489 2513 545 falsae
2535 497 2917 560 argumentum
2971 489 3276 553 dederunt;
3331 507 3351 543 ›

1777 583 1845 640 ad
1897 581 2076 654 priora
2109 589 2293 636 autem
2344 581 2417 636 ita
2471 581 2729 651 reponit:
2767 598 2786 632 ι
2842 578 3090 634 Vidimus
3141 592 3359 648 quoque

1778 674 1977 730 multos
1998 673 2264 744 ejusmodi
2293 672 2484 738 libros,
2509 671 2565 727 in
2589 671 2784 742 quibus
2809 669 2944 726 nihil
2985 669 3093 723 tale
3142 683 3362 739 compa-

1779 765 1954 821 rebat.
2004 763 2115 821 Cur
2165 773 2346 819 autem
2421 763 2473 818 in
2547 761 2868 832 quihusdam
2923 760 3247 816 Parisiensis
3304 767 3362 814 et

1779 855 2008 911 aliarum
2031 855 2335 910 dimeeseon
2363 853 2516 909 libris
2541 852 2625 908 hac
2655 853 2837 924 figurae
2863 860 2918 906 et
2945 851 3208 921 imagines
3235 850 3364 920 pin-

1781 953 2052 1018 gereutur,
2113 944 2166 998 in
2199 943 2320 999 aliis
2377 958 2483 998 non
2539 942 2912 1014 pingerentur,
2971 939 3225 1007 eonjiciet
3260 936 3357 1008 qui

1781 1033 2028 1089 voluerit.
2078 1031 2190 1088 Nos
2243 1043 2424 1087 tamen
2455 1032 2667 1088 auctori
2722 1029 3021 1104 (Saussaaio
3081 1024 3358 1098 videlicet)

1782 1123 1944 1178 fidem
1967 1122 2250 1178 habemus.
2280 1122 2389 1178 Sed
2417 1123 2500 1180 liae
2546 1122 2731 1194 figura:
2755 1131 2812 1178 et
2863 1120 3123 1192 imagines
3161 1117 3360 1173 nullius

1783 1221 1908 1268 sunt
1936 1212 2354 1279 momenti,eum
2384 1211 2451 1267 iis
2471 1221 2678 1267 tantum
2707 1211 3000 1266 fulciantur
3023 1209 3358 1274 auctoribus,

1782 1319 1920 1374 quos
1949 1301 2256 1372 rejecimus.
2292 1302 2398 1358 Eas
2423 1316 2553 1358 vero
2592 1301 2880 1373 imagines,
2921 1316 3042 1370 quin
3093 1299 3362 1354 Brunonis

1786 1407 2028 1468 tempore
2071 1394 2298 1466 depicta:
2349 1402 2552 1456 essent,
2611 1401 2865 1462 tanquam
2920 1389 3170 1448 veritatis
3197 1396 3362 1444 testes

1786 1488 2262 1561 amplecteremur.
2300 1506 2319 1540 ι
2350 1485 2426 1540 lta
2454 1483 2756 1554 Launoiusj;
2785 1492 2840 1540 et
2861 1497 2990 1538 sane
3022 1481 3362 1538 rectissime:

1793 1582 1920 1637 tEx
1976 1579 2206 1653 picturis
2253 1577 2398 1634 enim
2449 1586 2504 1633 et
2531 1576 2873 1648 imaginibus,
2923 1575 3000 1629 uti
3052 1572 3255 1630 deinde
3309 1575 3363 1626 in

1790 1674 2197 1730 Dissertationis
2252 1687 2364 1728 sua:
2414 1685 2534 1742 cap.
2585 1668 2995 1726 5conclusioue
3048 1665 3232 1732 tradit,
3256 1677 3366 1719 non

1787 1779 1915 1825 ante
1965 1767 2200 1824 solidum
2227 1773 2608 1835 argumentum
2651 1762 2773 1819 duci
2821 1768 3023 1832 potest,
3056 1772 3216 1828 quam
3259 1770 3372 1826 quo

1787 1874 2060 1932 expressa:
2110 1858 2336 1925 fuerint,
2365 1865 2573 1912 certum
2611 1864 2822 1926 tempus
2851 1852 3172 1915 definiatur;
3226 1846 3372 1904 ratio

1787 1925 1975 2008 autem
2019 1959 2106 2007 est
2139 1991 2152 2016 ,
2197 1950 2323 2022 quia
2357 1990 2372 2015 ,
2424 1956 2483 2004 ut
2537 1925 2737 2004 ibidem
2795 1945 2962 2002 etiam
3013 1943 3206 2009 addit,
3255 1939 3372 2010 pic-
3413 1925 3419 1932 ’

1793 2056 1939 2103 tores
2005 2043 2072 2099 ad
2135 2041 2415 2113 exemplar
2488 2055 2707 2105 rerum,
2769 2052 2892 2109 quae
2959 2049 3060 2092 suo
3129 2042 3374 2103 tempore

1789 2138 2089 2196 creduntur
2139 2135 2328 2204 vulgo,
2390 2133 2474 2190 vel
2544 2140 2840 2205 geruntur,
2910 2129 3178 2200 imagines
3247 2141 3376 2182 suas

1793 2231 2085 2290 ell'ormare
2152 2228 2369 2295 solent,
2427 2227 2500 2282 ita
2537 2235 2620 2291 ut,
2667 2225 2712 2280 si
2765 2223 3032 2293 fingamus
3084 2218 3376 2288 imaginem

1791 2337 1914 2395 qua:
1957 2331 2177 2378 centum
2223 2330 2320 2374 aut
2370 2318 2632 2374 ducentos
2683 2314 2883 2370 abhinc
2937 2327 3111 2367 annos
3161 2308 3378 2378 depicta

1793 2418 1888 2482 sit,
1919 2414 2320 2472 consectarium
2369 2412 2609 2466 futurum
2662 2408 2756 2472 sit,
2803 2420 2939 2472 rem,
2992 2419 3113 2475 qua:
3165 2417 3230 2456 ea
3283 2414 3381 2455 ex-

1796 2509 2030 2571 hibetur,
2061 2508 2133 2560 ita
2165 2513 2290 2558 tunc
2317 2500 2577 2558 creditam
2606 2498 2786 2569 vulgo,
2818 2495 2902 2551 vel
2932 2504 3140 2565 gestant
3169 2508 3308 2547 esse.
3344 2509 3366 2543 ι

1796 2601 1934 2656 llinc
1959 2595 2253 2652 Parisieusi
2283 2591 2529 2664 prodigio
2560 2589 2719 2645 fidem
2749 2586 3046 2644 conciliare
3075 2589 3378 2653 nequeunt,

1795 2693 1993 2765 quibus
2018 2691 2070 2747 id
2094 2688 2438 2760 exprimitur,
2466 2701 2561 2740 seu
2586 2683 2847 2754 imagines
2871 2689 2924 2735 et
2947 2679 3170 2749 picturae
3193 2672 3381 2733 sarculi

1795 2785 1976 2858 quarti
2031 2781 2248 2846 decimi,
2301 2795 2452 2834 num.
2497 2777 2604 2832 29.0
2644 2776 2732 2830 hic
2772 2781 3105 2832 memoratae,
3151 2784 3244 2824 seu
3293 2777 3377 2822 Ia-

1798 2877 1971 2944 hellze,
2013 2875 2233 2932 Ordinis
2261 2869 2665 2928 Carthusiensis
2695 2865 2914 2922 statutis
2941 2873 2996 2917 et
3032 2859 3356 2918 consuetudt‘

1796 2969 1955 3024 nibus
1991 2981 2134 3022 anno
2161 2964 2296 3020 l510
2323 2963 2548 3017 Basileze
2577 2958 2795 3015 excusis
2824 2955 3085 3028 pra-lixae;
3119 2952 3208 3006 hic
3235 2949 3380 3006 enim

1797 3066 2120 3130 argumento
2163 3055 2428 3110 duntaxat
2483 3057 2633 3116 sunt,
2667 3047 2890 3105 feralem
2937 3042 3222 3099 historiam
3269 3048 3379 3092 tum

1799 3147 1996 3206 szcculo
2040 3154 2232 3216 quarto
2282 3144 2526 3208 decimo,
2577 3150 2689 3194 tum
2740 3153 2884 3192 anno
2935 3134 3072 3188 1510
3119 3131 3381 3188 creditam

1800 3242 1995 3307 fuisse;
2048 3239 2190 3294 unde
2235 3236 2456 3292 minime
2503 3230 2857 3302 consequitur
2925 3235 2985 3282 ut
3035 3225 3211 3279 locum
3265 3221 3382 3276 haec

1802 3348 2057 3404 umquam
2085 3339 2234 3388 certo
2265 3327 2535 3384 habuerit.
2568 3324 2675 3380 Sed
2704 3324 2818 3379 haec
2837 3319 2904 3376 de
2940 3317 3169 3391 picturis
3194 3313 3387 3385 imagi-

1803 3427 2092 3494 nibusque,
2167 3422 2471 3476 luetuosmu
2535 3425 2789 3473 eventum
2845 3408 3385 3484 repraesentantibus,

1804 3519 1946 3574 dicta
1971 3516 2259 3571 sulliciaut.

1873 3609 1998 3666 564.
2039 3609 2322 3664 Saussaeus
2356 3604 2411 3660 in
2442 3601 2717 3660 horribilis
2745 3599 2987 3655 historiae
3010 3593 3388 3666 probationem

1805 3703 1993 3758 eadem
2022 3701 2216 3756 iterum
2249 3713 2372 3769 pag.
2403 3696 2472 3751 2?.
2502 3694 2750 3766 Epistolas
2785 3707 2896 3747 sua:
2920 3685 3262 3745 didascaliere
3287 3685 3387 3750 ait,

1806 3795 2004 3853 factam
2050 3793 2195 3848 illam
2237 3791 2339 3847 sibi
2382 3806 2448 3846 ex
2492 3805 2558 3845 eo
2605 3784 3046 3858 probabiliorem,
3095 3779 3260 3850 quod,
3309 3777 3390 3832 uti

1808 3887 2169 3950 intellexerat,
2219 3884 2276 3938 in
2324 3881 2618 3938 Parisiensi
2679 3879 2746 3934 de
2795 3874 3074 3932 Defunctis
3121 3870 3306 3927 Ollicio
3359 3888 3392 3925 e

1807 3980 2066 4036 Lectione
2094 3984 2285 4048 quarta
2316 3973 2448 4029 illud
2491 3973 2652 4044 hujus
2687 3969 2992 4034 exordium,
3038 3984 3059 4019 ι
3106 3963 3396 4034 Responde

1809 4072 1963 4136 mihi,
2005 4091 2022 4122 ι
2068 4068 2260 4123 fuisset
2307 4064 2597 4136 aliquando
2641 4063 2895 4124 deletum,
2939 4077 2960 4112 ε
3009 4057 3152 4128 quod
3191 4055 3395 4110 clerico

1812 4163 1865 4218 in
1895 4159 2080 4218 Ollicio
2123 4156 2330 4214 funeris
2370 4155 2486 4211 hinc
2518 4155 2682 4209 verba
2719 4152 2786 4207 de
2817 4163 2970 4206 more
3009 4143 3393 4217 pronuncianti

1814 4252 2151 4324 responderit
2171 4251 2336 4308 miser
2361 4248 2452 4304 ille
2478 4245 2768 4303 defunctus
2794 4261 2806 4300 :
2846 4262 2864 4294 ι
2891 4241 3046 4298 Justo
3073 4238 3166 4292 Dei
3186 4233 3399 4305 judicio

1820 4363 1838 4398 ι
1882 4353 2168 4398 accusatus
2222 4354 2364 4404 sum,
2421 4336 2616 4392 deinde
2657 4334 2932 4403 judicatus
2979 4344 3120 4389 sum,
3174 4328 3394 4380 demum

153 4447 335 4502 minore
385 4445 499 4499 itur
527 4441 595 4498 ad
649 4438 824 4510 majus
852 4439 1149 4493 claustrum
1181 4452 1193 4490 :
1225 4449 1418 4504 nuper,
1466 4433 1709 4504 inquam,
1747 4443 1790 4498 υ
1822 4454 1842 4489 ι
1889 4451 2018 4492 vero
2047 4436 2352 4490 damnatus.
2399 4451 2418 4482 ι
2463 4429 2661 4484 Verum
2696 4425 2882 4482 Sancti
2930 4421 3103 4480 nostri
3134 4428 3297 4475 relate
3344 4418 3401 4473 in

154 4552 271 4603 cum,
300 4545 552 4593 vertente
605 4530 872 4602 superiori
917 4544 1059 4584 anno
1093 4528 1305 4598 pictura
1365 4525 1452 4580 illa
1483 4523 1714 4579 celebris

156 4630 322 4698 partim
369 4627 548 4684 deleta
600 4625 695 4690 sit,
726 4622 867 4694 parti
893 4620 1068 4686 novis,
1090 4635 1212 4690 qua:
1238 4615 1520 4688 parietinis
1537 4614 1714 4669 adlice-

157 4730 278 4786 rent,
331 4719 845 4778 substructionibus,
903 4714 1079 4785 iisque
1135 4727 1256 4766 cum
1295 4709 1540 4780 lapideis,
1601 4717 1713 4763 tum

158 4815 324 4886 ligneis
349 4815 615 4872 arcuatim
647 4809 925 4881 dispositis
953 4807 1276 4864 occultetur.

213 4907 326 4961 563.
357 4926 374 4958 ι
415 4903 620 4960 Deinde
674 4907 949 4957 recentem
998 4897 1167 4952 fuisse
1205 4891 1741 4965 figuram-omnino-

163 5001 440 5056 testabatur
477 4999 651 5054 forma
701 4971 986 5067 pilci,.quo
1033 4999 1207 5047 tectus
1229 4988 1412 5043 Bruno
1443 4987 1720 5041 auditores

167 5107 277 5148 suos
302 5093 429 5148 hinc
454 5091 580 5148 inde
611 5088 858 5144 docebat.
885 5085 1000 5142 l-loc
1027 5082 1173 5139 enim
1201 5081 1398 5151 capitis
1414 5080 1721 5150 operimen-

167 5192 280 5252 tum,
308 5185 452 5257 quod
497 5184 551 5239 iu
586 5180 861 5236 veteribus
907 5176 1202 5234 academiae
1255 5174 1407 5230 libris
1455 5172 1719 5228 birretum

167 5279 438 5332 rotundum
499 5283 554 5331 et
605 5271 904 5328 vocabatur
953 5277 1168 5335 eterat,
1232 5267 1301 5324 ad
1349 5281 1550 5320 annum
1586 5263 1724 5318 1520

171 5365 305 5422 aliter
363 5363 660 5423 deforniari
709 5363 894 5434 empit,
940 5370 995 5417 ct
1027 5361 1080 5415 in
1138 5367 1422 5414 cornutum
1455 5355 1722 5426 quadrum

175 5460 424 5526 desinere;
491 5455 793 5529 cuiusmodi
875 5462 994 5508 erat
1059 5451 1235 5520 pileus
1295 5466 1390 5506 seu
1457 5449 1722 5503 birretuin

176 5552 448 5622 magisterii
474 5552 700 5622 insigne.
727 5563 856 5622 quo,
881 5557 939 5602 tit
969 5547 1229 5620 diximus,
1260 5543 1529 5600 Brunoais
1559 5551 1726 5614 caput

184 5647 461 5715 legebatur.
511 5647 776 5704 Caeterum
830 5644 922 5714 qui
955 5642 1130 5714 pinxit
1173 5641 1497 5712 prodigium,
1531 5648 1586 5696 et
1633 5640 1724 5709 qui

185 5733 356 5794 fratres
373 5739 515 5811 pingi
560 5746 842 5806 curarunt,
875 5734 1005 5791 illud
1031 5735 1103 5790 ita
1134 5733 1401 5804 evenisse,
1432 5742 1489 5788 ut
1541 5733 1726 5805 pinge-

1815 4529 2109 4587 Parisiensi
2137 4529 2202 4584 de
2228 4525 2506 4582 Defunctis
2536 4519 2722 4579 Ollieio
2754 4515 3136 4574 verosimiliter
3167 4511 3252 4569 vel
3279 4509 3400 4567 nul-

1817 4627 1894 4683 las
1932 4626 2099 4682 fuisse
2134 4621 2419 4678 Lectiones
2462 4618 2743 4684 recitatas,
2784 4614 2868 4670 vel
2905 4614 3092 4676 hasce,
3132 4625 3162 4666 e
3200 4609 3401 4678 quibus

1817 4717 2041 4791 proinde
2071 4715 2245 4785 aliqua
2279 4711 2461 4768 abhis
2503 4710 2702 4773 verbis,
2757 4728 2775 4762 ι
2833 4705 3120 4776 Responde
3167 4701 3326 4768 mihi,
3376 4718 3395 4750 ι

1819 4811 2133 4882 incepisset,
2172 4825 2201 4865 e
2239 4808 2376 4863 libro
2409 4804 2510 4862 Joh
2540 4819 2644 4860 non
2688 4803 2858 4857 fuisse
2888 4801 3256 4869 depromptas,
3285 4793 3404 4862 jam

1820 4915 1985 4974 supra
2027 4900 2259 4958 ostendi.
2303 4896 2424 4954 Jam
2470 4911 2623 4959 vero,
2665 4909 2788 4949 cum
2833 4891 2887 4946 id
2937 4890 3009 4944 ita
3051 4889 3139 4952 sit,
3181 4886 3407 4942 dubium

1822 5013 1952 5056 sane
1981 4995 2266 5050 admodum
2297 5003 2398 5056 est,
2429 5005 2495 5046 ne
2523 4987 2756 5058 amplius
2783 4983 2910 5055 quid
2945 4983 3144 5044 dicam,
3175 4994 3243 5032 an
3272 4990 3406 5030 vera

1824 5089 2187 5163 prmdicarint,
2224 5086 2314 5156 qui
2352 5084 2420 5140 ob
2449 5095 2694 5147 causam,
2728 5077 2974 5148 proxime
3002 5071 3246 5127 recitatis
3274 5081 3394 5122 ver-

1824 5186 1908 5242 bis
1940 5194 2276 5253 expressam,
2315 5175 2479 5230 verba
2519 5172 2632 5236 illa,
2685 5189 2702 5220 ‹
2755 5165 3042 5237 Responde
3085 5159 3239 5224 mihi,
3281 5175 3301 5209 ι
3339 5151 3408 5213 in

1824 5274 2117 5332 Parisiensi
2165 5271 2232 5325 de
2285 5265 2563 5324 Defunctis
2606 5261 2796 5318 Ollicio
2836 5274 2866 5314 e
2913 5253 3171 5310 Lectione
3212 5256 3410 5318 quarta

1829 5367 1992 5422 fuisse
2005 5360 2293 5432 aliquando
2309 5363 2600 5426 expuncta,
2624 5351 2876 5406 Saussmo
2902 5343 3222 5400 retulerunt.
3248 5335 3406 5398 Vide.

1827 5472 1948 5525 quae
1995 5455 2100 5510 huc
2137 5447 2438 5522 spectantia
2482 5445 2537 5499 in
2578 5458 2674 5498 sua
2704 5441 2769 5496 de
2801 5452 2930 5494 vera
2967 5447 3133 5489 causa
3162 5441 3412 5484 secessus

1829 5545 1890 5601 S.
1950 5519 2216 5598 Brunonis
2263 5541 2316 5596 in
2369 5550 2612 5594 eremum
2659 5527 3056 5588 Dissertatione
3103 5519 3412 5594 suppeditat

1829 5637 2122 5701 Launoius,
2151 5633 2238 5688 eui
2267 5633 2368 5686 hac
2399 5630 2450 5684 in
2479 5636 2632 5700 parte
2671 5643 2700 5680 a
2743 5621 2956 5678 nemine
2983 5614 3282 5674 contradici
3324 5615 3411 5667 iu-

1829 5729 2008 5788 venio.
2041 5727 2118 5785 En
2152 5725 2294 5783 aliud
2327 5723 2523 5789 adhuc,
2552 5735 2656 5789 quo
2695 5733 2793 5787 pro
2833 5710 3125 5770 Parisiensi
3165 5705 3412 5779 prodigio
