3896 6312
391 256 495 312 219
638 210 651 221 ’
1198 208 1648 303 s.‘bnuno.\'ts
1687 242 2324 303 CARTllUSlANORUM
2362 240 2849 300 lNSTITUTORlS
3556 245 3659 303 220

696 344 766 351 .-
779 344 979 351 ...ορ-Μγ

391 343 1128 436 λό’]υεῖϊσηῖᾶιιξῖιιῖιιιιῖήι.
1158 363 1212 417 ln
1240 362 1556 431 Parisiensi,
1594 365 1967 427 aiunt,‘eccte—
2000 365 2045 420 Δ
2072 375 2170 431 pro
2203 359 2462 431 prodigio
2489 357 2782 414 Parisiensi
2814 369 2953 414 mata
2984 358 3090 415 ﬁde
3116 347 3210 415 aut
3235 359 3429 417 saltem
3465 362 3657 417 immes

391 456 472 513 sia
519 457 878 512 sanctissimae
922 455 1014 510 Dei
1057 454 1321 510 Genitrici
1367 453 1565 520 dicata,
1612 452 1967 523 capem'est,

390 562 516 619 qua:
562 548 812 602 Damnati
854 548 1061 617 capella
1125 546 1343 614 dicitur,
1378 549 1546 603 hocce
1594 547 1729 601 adeo
1775 560 1970 601 nomen

393 655 424 693 a
466 639 724 693 damnato
761 654 855 693 sca
884 637 1148 693 canonico
1178 652 1272 693 seu
1317 638 1560 703 doctore,
1592 637 1681 707 qui
1720 638 1773 691 in
1826 636 1971 692 dicta

392 728 623 784 ecclesia
652 727 800 797 justo
829 730 922 785 Dei
962 730 1168 801 judicio
1209 745 1269 787 se
1306 741 1642 794 accusatam,
1671 730 1972 802 judicatum

395 833 459 873 ac
506 820 722 874 tandem
765 820 927 875 etiam
969 819 1305 885 damnatum,
1353 819 1566 890 publice
1595 835 1778 874 coram
1816 821 1975 876 innu-

396 925 625 966 numera
659 911 1045 983 propemodum
1072 911 1251 982 populi
1300 912 1641 966 multitudine
1672 912 1978 983 procl'azaa-

396 1000 492 1065 rit,
532 1004 677 1057 haud
723 1004 883 1059 dubie
924 1004 1140 1058 sortita.
1182 1003 1381 1058 Verum
1421 1002 1806 1066 Parisiensem,
1855 1018 1975 1072 qnze

398 1093 561 1146 modo
588 1104 789 1157 exstat,
828 1095 883 1149 S.
919 1097 1101 1151 Mariae
1126 1096 1409 1151 ecclesiam
1445 1096 1679 1149 nondum
1715 1094 1882 1149 fuisse
1910 1094 1969 1150 S.

396 1175 664 1237 Brunonis
689 1193 845 1239 mtate
872 1196 1224 1251 exs‘ractam,
1263 1187 1419 1241 docet
1462 1201 1560 1241 nos
1598 1185 1869 1241 liobertus
1910 1185 1977 1241 de

399 1269 579 1327 Monte
624 1274 676 1328 in
728 1274 992 1348 Sigeberti
1033 1279 1345 1349 Appendice
1383 1279 1449 1333 ad
1492 1293 1692 1333 annum
1738 1278 1869 1332 H77
1898 1278 1977 1331 sic

398 1366 643 1422 scribens
675 1387 687 1422 :
723 1387 745 1421 ι
775 1368 1066 1426 Mauricius
1091 1372 1376 1442 episcopus
1402 1370 1718 1426 l’arisiensis
1738 1368 1851 1439 jam
1885 1369 1976 1423 diu

398 1464 503 1520 est,
533 1457 672 1524 quod
707 1459 931 1513 multum
964 1460 1171 1516 laborat
1208 1470 1261 1515 et
1292 1460 1504 1529 prolicit
1537 1459 1588 1514 in
1617 1459 1977 1514 aediﬁcatione

399 1546 641 1602 ecclesiae
677 1551 948 1617 praulictze
987 1551 1356 1621 (Pnrisieasis)
1395 1550 1652 1613 civitatis,
1694 1550 1848 1622 cujus
1883 1563 1979 1604 ca-

400 1645 496 1705 put
536 1636 646 1705 jam
694 1638 993 1709 perfectum
1049 1650 1153 1709 est,
1206 1650 1432 1712 excepto
1486 1639 1675 1712 majori
1727 1637 1974 1695 tectorio.

2066 454 2194 518 .rito,
2226 467 2331 508 non
2362 467 2519 507 secus
2555 467 2617 507 ac
2662 450 2919 506 nonnulla
2963 450 3090 517 alia,
3136 451 3225 508 hic
3267 450 3498 521 proinde
3551 468 3657 507 non

2073 546 2445 611 memoranda,
2467 561 2498 599 a
2520 544 2819 616 Polycarpo
2842 544 2905 599 de
2932 544 2982 597 la
3018 542 3253 607 Riviere,
3280 542 3503 619 Ordinis
3528 542 3657 598 Car-

2075 638 2370 694 tlmsiensis
2394 637 2637 701 alumno,
2662 635 2904 706 allegari,
2937 632 3292 705 Papebrochii
3325 632 3499 687 nostri
3535 646 3655 687 ver-

2073 729 2176 796 bis,
2232 745 2381 784 num.
2430 728 2533 784 l96
2578 728 2685 783 hac
2732 725 3095 796 transcriptis,
3143 739 3466 796 persuasum
3525 723 3656 778 mihi

2075 819 2350 875 haberem.
2382 819 2580 874 Verum
2617 833 2747 873 cum
2769 818 2927 871 modo
2959 814 3284 885 intelligam,
3324 813 3440 868 ﬁeri
3476 827 3656 883 posse,

2077 923 2134 965 ut
2158 910 2282 965 bina
2312 909 2400 964 illa
2430 916 2779 962 monumenta
2811 923 2839 961 a
2872 906 3098 977 praelato
3130 905 3397 975 scriptore
3423 903 3661 960 Cartim-

2077 1002 2231 1057 siano
2279 1000 2332 1054 in
2386 997 2581 1068 Opere,
2635 996 2779 1068 quod
2824 996 3081 1067 Angelica
3127 994 3461 1057 inscribitur,
3491 993 3661 1066 quod-

2077 1108 2183 1164 quc
2224 1107 2365 1146 anno
2396 1090 2533 1145 169.6
2572 1090 2715 1161 typis
2759 1089 3212 1160 Lugdunensibus
3245 1087 3296 1142 in
3330 1086 3506 1142 lucem
3536 1101 3660 1157 pro-

2077 1186 2195 1249 diit,
2244 1199 2344 1238 nec
2396 1182 2533 1236 mala
2589 1182 2712 1248 ﬁgle,
2768 1197 2868 1236 nec
2912 1181 3076 1237 etiam
3110 1179 3384 1234 immerito
3426 1178 3659 1245 laudari,

2078 1273 2322 1328 adducta:
2352 1287 2381 1325 a
2410 1271 2705 1341 Theophila
2731 1270 3033 1343 Raynaado
3061 1270 3113 1323 in
3146 1267 3378 1324 Hercule
3405 1267 3661 1323 Commo-

2079 1363 2240 1418 diano
2260 1363 2503 1418 rationes
2529 1377 2635 1419 non
2664 1360 2886 1415 memini
2915 1360 3196 1424 suadeant,
3226 1357 3375 1413 labet
3400 1368 3455 1413 et
3476 1357 3660 1424 hasce,

2080 1464 2370 1525 antequam
2433 1454 2662 1525 prodigii
2716 1452 3042 1507 Parisiensis
3105 1449 3433 1507 diScussioni
3498 1451 3660 1504 linem

2080 1549 2373 1619 imponam,
2403 1546 2589 1603 lectori
2613 1547 2682 1601 ob
2717 1545 2903 1600 oculos
2926 1559 3152 1616 ponere,
3180 1542 3473 1613 simulque,
3508 1538 3664 1611 cujus

2081 1638 2189 1693 sint
2237 1638 2532 1708 ponderis,
2590 1637 2927 1692 examinare.
2979 1634 3312 1706 Raynaudas
3368 1635 3555 1704 itaque
3611 1633 3673 1687 in

400 1726 551 1794 Quod
579 1744 714 1799 opus
755 1732 800 1785 si
841 1730 1140 1801 perfectam
1178 1732 1362 1801 fuerit,
1398 1749 1504 1788 non
1536 1734 1641 1788 erit
1670 1748 1806 1804 opus
1838 1731 1977 1787 citra
2013 1715 2054 1773 Β
2083 1730 2352 1800 Opuscaio
2404 1730 2519 1794 cit.,
2570 1730 2709 1783 serie
2742 1728 2798 1794 2,
2843 1727 3074 1797 quaesito
3117 1726 3171 1790 5,
3219 1735 3279 1781 ut
3329 1724 3667 1780 laudationis

401 1828 633 1886 montes,
667 1822 753 1876 cui
785 1833 972 1892 aperte
1002 1825 1197 1880 debeat
1225 1826 1555 1896 comparari.
1601 1847 1620 1879 ι

469 1910 577 1965 565
637 1913 708 1967 At
763 1930 914 1979 vero,
982 1917 1153 1981 aiunt,
1212 1933 1277 1973 eo
1334 1918 1473 1983 loco,
1529 1933 1635 1987 quo
1688 1917 1981 1973 Mauricius

399 2000 684 2071 episcopus
709 2003 1070 2061 Parisiensem
1095 2007 1152 2062 S.
1178 2008 1361 2063 Maria:
1383 2009 1666 2064 ecclesiam
1690 2009 1980 2075 exstruxit,

402 2092 507 2146 alia
539 2104 665 2151 ante
707 2098 915 2152 exstitit
955 2099 1209 2167 ecclesia,
1244 2101 1479 2157 damnati
1528 2100 1789 2171 eapcllam
1835 2117 1983 2155 com-

400 2183 579 2255 plexa,
614 2188 836 2259 haecque
876 2192 928 2246 in
965 2207 1113 2249 novo
1133 2192 1361 2248 mdilicio
1391 2191 1492 2247 l‘ait
1529 2202 1740 2249 retenta
1777 2202 1829 2249 et
1856 2208 1985 2249 con-

403 2291 639 2334 servata.
676 2299 697 2334 ι
735 2281 977 2351 Scilicet,
1016 2304 1034 2336 ι
1071 2286 1145 2340 ait
1176 2286 1291 2341 loco
1315 2286 1559 2356 proxime
1582 2286 1747 2340 citato
1778 2287 1986 2341 ironice

402 2366 701 2439 Launoius,
744 2393 762 2426 ι
801 2376 867 2429 ad
898 2378 1216 2433 memoriam
1265 2379 1341 2432 rei
1382 2386 1544 2432 tanta:
1574 2379 1983 2447 sempiternam,

406 2470 467 2515 at
499 2477 691 2517 nomen
722 2463 882 2530 illius,
911 2465 994 2520 cui
1021 2465 1308 2536 sepultura:
1339 2468 1509 2521 honos
1544 2467 1844 2537 denegatus
1870 2465 1988 2521 lue-

404 2564 511 2619 rat,
542 2554 764 2610 basilica
799 2556 886 2612 tali
915 2558 1379 2614 cohonestaretur.
1418 2557 1650 2614 Tantum
1694 2561 1871 2623 abest,
1909 2567 1986 2627 ut,

405 2658 567 2715 quem
604 2646 926 2702 Parisiensis
961 2648 1139 2703 clerus
1167 2648 1502 2704 Morbouiam
1539 2650 1689 2705 abire
1725 2650 1987 2717 jusscrat,

406 2749 664 2810 perpetua
695 2740 1069 2796 iaobscararet
1098 2742 1316 2797 oblivio.
1344 2741 1401 2797 ln
1434 2742 1554 2807 has,
1595 2742 1764 2798 velint
1796 2742 1988 2808 nolint,

407 2830 802 2899 compellantur
828 2833 1124 2903 angustias,
1166 2834 1257 2903 qui
1293 2849 1484 2889 verum
1528 2850 1556 2889 a
1591 2834 1726 2889 falso
1759 2850 1864 2889 non
1905 2850 1994 2889 se-

407 2931 657 2975 cernunt.
697 2942 716 2976 ι
748 2923 824 2978 lta
864 2924 971 2988 ille,
1008 2926 1204 2980 iterum
1238 2926 1493 2981 nimirum
1538 2927 1792 2989 innuens,
1831 2926 1882 2981 in
1914 2925 1994 2980 fa-

408 3008 549 3065 bulis
587 3011 805 3067 indabie
850 3014 1153 3069 habendam
1196 3014 1503 3071 luctuosam
1535 3016 1775 3072 damnati
1825 3017 1992 3071 histo-

411 3100 569 3154 riam.
617 3099 681 3156 Et
715 3117 844 3159 vero
871 3103 1005 3170 haec,
1041 3112 1103 3160 ut
1135 3105 1249 3173 jam
1283 3122 1447 3176 supra
1476 3106 1660 3174 docui,
1704 3106 1818 3161 etsi-
1842 3115 1993 3163 certo

411 3188 592 3245 fabula
640 3208 734 3248 seu
787 3206 1153 3252 commentum
1202 3214 1308 3253 non
1357 3199 1447 3265 sit,
1501 3215 1693 3269 parum
1743 3200 1993 3270 equidem

412 3282 738 3338 vcrosimilis
770 3298 1016 3357 apparet,
1051 3304 1150 3344 nec
1182 3290 1478 3360 quidquam
1516 3292 1565 3346 ei
1602 3292 1995 3345 verosimilitu-

414 3372 556 3429 diuis
600 3384 778 3443 potest
798 3378 1092 3448 adjangere
1122 3380 1350 3451 capella,
1400 3397 1520 3451 qua:
1569 3382 1999 3437 Damnativoca-

417 3472 522 3518 tur.
548 3463 687 3533 Quid
731 3467 775 3522 si
800 3470 945 3526 enim
989 3470 1103 3526 haec
1149 3472 1221 3526 ita
1256 3487 1286 3525 a
1318 3471 1535 3542 populo,
1569 3472 1795 3527 feralem
1828 3472 1999 3529 histo~

417 3552 574 3619 riam,
626 3563 682 3609 ut
708 3565 764 3609 at
793 3573 1089 3627 numquam
1143 3557 1367 3625 factam,
1423 3561 1475 3617 in
1533 3560 1756 3630 pra’l‘ata
1814 3569 1995 3617 tamen

416 3642 644 3698 ecclesia
677 3646 962 3713 accidisse,
1001 3663 1097 3717 per
1131 3663 1373 3705 errorem
1415 3650 1787 3716 existimante,
1835 3649 2005 3706 fuerit

417 3737 647 3791 vocata?
675 3736 811 3805 Quid
845 3740 889 3795 si
914 3755 945 3793 a
973 3741 1238 3807 damnati,
1271 3757 1378 3796 non
1406 3742 1645 3812 quidem,
1675 3744 1764 3812 qai
1798 3744 1998 3799 ibidem

415 3823 819 3885 damnationem
851 3844 1003 3885 suam
1041 3831 1254 3901 publice
1293 3833 1604 3897 declarant,
1649 3835 1744 3888 sed
1776 3834 2000 3889 alterius

417 3919 832 3990 cujuscumque,
875 3921 1110 3991 imagine
1137 3938 1232 3977 seu
1268 3923 1462 3992 ﬁgura,
1491 3924 1691 3979 ibidem
1725 3933 2000 3993 exstante,

418 4014 907 4069 nomenclationem
958 4014 1105 4070 illam
1152 4016 1505 4086 acquisierit?
1550 4018 1688 4087 Quid
1739 4019 1783 4074 si
1832 4019 2000 4075 etiam

419 4104 545 4161 hinc
575 4104 725 4176 lapsu
759 4106 1018 4174 temporis
1042 4106 1241 4165 factum
1277 4109 1368 4173 sit,
1400 4118 1457 4164 at
1486 4125 1712 4167 erronea
1742 4111 1810 4167 de
1834 4125 2003 4167 cauo-

421 4198 545 4252 nico
588 4213 684 4252 seu
726 4197 970 4266 doctore,
1008 4202 1123 4271 qui,
1161 4215 1281 4257 sese
1318 4202 1658 4270 damnatum,
1709 4205 1763 4259 in
1808 4205 2002 4260 eadem

420 4286 563 4343 dicta
606 4286 836 4343 ecclesia
878 4290 1096 4360 publice
1144 4292 1515 4362 proclamarit,
1559 4295 1699 4364 apud
1745 4295 2001 4366 populum

2082 1822 2385 1880 Carthasim
2435 1821 2706 1883 chartam,
2758 1820 2811 1874 in
2860 1835 2966 1890 qua
3014 1818 3315 1887 prodigium
3359 1815 3678 1871 Parisiense

2083 1924 2437 1977 mea'ioretur,
2479 1910 2621 1964 mala
2669 1909 2844 1964 lide‘a
2892 1908 3191 1983 Polycarpo
3244 1907 3311 1963 de
3356 1906 3405 1961 la
3452 1903 3679 1960 Riviere

2087 2020 2192 2060 non
2225 2004 2389 2059 fuisse
2422 2004 2668 2068 citatam,
2704 2002 2977 2068 ostendat,
2998 2001 3076 2055 sic
3103 1999 3332 2054 scribit:
3372 2015 3389 2049 ι
3422 1995 3675 2067 Optimus

2085 2104 2138 2149 et
2170 2093 2607 2164 religiosissimus
2631 2102 2805 2161 pater,
2827 2090 3013 2145 Justus
3042 2086 3557 2151 Perrotl’arisinus,
3582 2084 3680 2156 qui

2086 2185 2244 2255 paulo
2267 2194 2391 2239 ante
2410 2199 2476 2239 ex
2499 2183 2801 2238 Carthasiae
2816 2183 2997 2237 scriba
3020 2189 3243 2235 evectus
3272 2179 3324 2234 in
3348 2177 3697 2234 Generalem.

2087 2278 2322 2331 excessit
2350 2291 2379 2330 e
2410 2276 2517 2330 vita
2546 2275 2907 2339 sanctissime,
2941 2274 3110 2327 visam
3144 2288 3171 2325 a
3212 2288 3269 2327 se
3296 2286 3417 2327 eam
3452 2270 3674 2343 (fanda-

2092 2370 2250 2424 tionis
2271 2369 2475 2423 scilicet
2498 2368 2817 2439 Carthasize)
2842 2369 3105 2436 chartam,
3130 2386 3229 2425 nec
3253 2368 3454 2424 recenti
3482 2382 3697 2435 manu,.

2091 2461 2186 2515 sed
2217 2459 2589 2529 antiquissima
2617 2471 2915 2527 exaratam,
2946 2461 3184 2516 doctoris
3214 2458 3453 2514 damnati
3488 2458 3672 2529 prodi-

2093 2554 2237 2624 gium
2276 2551 2328 2607 in
2368 2549 2491 2606 libri
2522 2552 2703 2621 capite
2739 2552 3131 2620 continentem,
3164 2551 3533 2607 conﬁrmavit.
3572 2548 3682 2605 Nec

2092 2659 2193 2716 ego
2232 2645 2283 2698 id
2320 2643 2467 2699 solas
2505 2657 2712 2711 assero,
2754 2642 2842 2711 qui
2892 2641 3005 2711 ejus
3050 2641 3295 2699 Nestoris
3339 2639 3591 2710 alloquiis
3628 2639 3684 2695 et

2094 2736 2490 2803 benevolentia,
2521 2752 2643 2792 cum
2680 2752 2765 2791 me
2791 2736 2842 2790 in
2865 2735 3212 2792 Cartliusiam
3246 2735 3480 2803 benigne
3508 2734 3681 2789 δάιος

2095 2839 2293 2897 casset,
2336 2827 2656 2884 honestatus
2699 2842 2841 2895 sum,
2892 2828 2988 2883 sed
3030 2828 3264 2898 idipsum
3312 2826 3379 2881 ab
3422 2840 3521 2880 ore
3567 2824 3710 2893 ejus~

2096 2931 2396 2993 acceptum,
2429 2937 2534 2977 non
2566 2922 2754 2989 semel,
2786 2921 2882 2976 sed
2911 2922 3113 2990 saepius
3139 2921 3379 2974 dommts
3403 2918 3708 2989 Chrysan»

2040 3064 2062 3083 η
2099 3017 2223 3070 thus
2258 3014 2538 3081 Paulinus,
2580 3014 2729 3085 prior
2754 3012 2922 3069 Vallis
2950 3011 3352 3069 Benedictionis
3387 3009 3711 3066 secundum»

2096 3108 2449 3173 Avenionem,
2480 3108 2563 3160 vir
2598 3121 2695 3161 suo
2729 3105 2926 3161 merito
2955 3113 3011 3160 et
3039 3103 3380 3175 antiquitatis
3412 3117 3692 3173 praeroga-

2101 3201 2204 3255 tiva
2234 3200 2377 3255 inter
2405 3200 2693 3270 primarios
2715 3198 3014 3255 Carthasim
3045 3197 3265 3256 Ordinis
3294 3207 3478 3269 patres
3508 3213 3703 3253 anna»

2100 3291 2390 3346 merandas
2437 3298 2686 3358 testatur,
2735 3299 2793 3345 et
2837 3299 3170 3346 attestantur
3217 3291 3542 3361 superstites
3595 3288 3703 3346 alii.

2098 3383 2233 3437 bene
2270 3381 2445 3448 multi,
2485 3389 2543 3437 ut
2580 3397 2685 3438 non
2718 3382 2890 3453 possit
2920 3398 3062 3451 esse,
3097 3381 3201 3437 nisi
3230 3396 3297 3438 ex
3329 3396 3481 3436 mera
3526 3379 3711 3437 οὺῐίινι

2101 3472 2359 3539 natione,
2393 3473 2674 3528 dubitandi
2702 3473 2873 3529 locus.
2927 3492 2944 3527 ι

2172 3563 2299 3618 567.
2341 3562 2465 3618 llaec
2489 3562 2605 3629 ille;
2635 3579 2667 3620 e
2692 3564 2889 3633 quibus
2915 3578 3069 3630 sane,
3096 3561 3431 3619 {inundationis
3456 3561 3696 3618 Cartha.

2102 3657 2195 3712 sia:
2235 3655 2489 3711 Chartam
2535 3672 2565 3710 a
2606 3655 2909 3728 Polycarpo
2955 3655 3094 3711 mala
3141 3655 3248 3712 (ide
3295 3669 3394 3727 pro
3440 3654 3707 3726 prodigio-

2102 3749 2396 3806 Parisiensi
2430 3763 2537 3804 non
2568 3748 2735 3804 fuisse
2764 3749 3064 3816 laudatam,
3093 3748 3241 3803 mihi
3266 3756 3351 3803 sat
3381 3746 3711 3804 verosimiih'

2104 3853 2346 3913 apparet.
2378 3844 2580 3898 Verum
2605 3844 2733 3914 quid
2761 3844 2807 3898 si
2840 3851 2950 3897 tam
2975 3843 3063 3898 hic
3094 3842 3349 3913 scriptor,
3382 3856 3545 3912 quam
3582 3840 3701 3896 lauc

2107 3935 2264 3994 latus
2287 3952 2315 3991 a
2348 3936 2647 4010 Raynaudo
2674 3936 2861 3993 Justus
2896 3936 3089 3992 Perrot
3117 3937 3170 3992 in
3202 3936 3400 3992 Charta
3432 3935 3519 3990 illa
3551 3950 3698 4004 esse,

2105 4029 2248 4098 quod
2274 4043 2401 4084 vere
2431 4029 2483 4083 in
2513 4042 2577 4083 ea
2609 4043 2713 4083 non
2742 4036 2883 4096 erat,
2915 4043 3013 4098 per
3040 4042 3284 4083 errorem
3321 4026 3701 4082 existimarit?

2056 4166 2057 4169 η
2109 4119 2211 4188 Qui
2261 4118 2461 4175 factum
2499 4119 2550 4174 id
2596 4134 2719 4177 esse
2763 4128 2949 4190 queat,
2995 4136 3088 4175 seu
3131 4120 3315 4191 potius
3357 4117 3560 4174 factum
3599 4117 3705 4187 sit,

2106 4212 2303 4269 docent
2343 4228 2442 4268 nos
2490 4214 2607 4268 hmc
2642 4213 2992 4269 Cartlmsiani
3044 4212 3215 4268 nostri
3248 4212 3504 4285 anonymi
3536 4227 3696 4269 nam.

2105 4305 2212 4363 206
2239 4307 2346 4362 huc
2389 4307 2715 4376 transcripta
2747 4305 2910 4361 verba
2945 4322 2959 4360 :
2997 4322 3016 4356 ι
3062 4303 3207 4360 later
3243 4319 3381 4374 quos
3409 4302 3603 4374 (libros
3629 4303 3704 4358 ali

422 4378 711 4434 invalucrit
737 4380 955 4452 opinio?
982 4381 1126 4438 Utut
1149 4399 1236 4439 res
1263 4385 1482 4452 habeat,
1514 4404 1617 4442 non
1651 4404 1757 4442 una
1784 4402 1916 4444 sane
1940 4388 2005 4444 de
2039 4414 2083 4469 ο
2109 4401 2343 4471 Aymaro
2383 4396 2602 4465 Savelli,
2645 4397 2950 4453 Carthasiae
2995 4396 3219 4466 Majoris
3262 4393 3529 4467 professo,
3571 4410 3705 4450 cono

421 4486 588 4526 causa
611 4482 729 4528 orta
755 4489 876 4529 esse
902 4485 1081 4546 potest
1107 4476 1198 4531 illa
1225 4476 1446 4547 capella:
1475 4477 1802 4535 Parisiensis
1831 4479 2007 4535 eccle-

422 4565 517 4619 sia:
545 4566 931 4633 nomenclatio,
970 4584 1035 4623 ac
1072 4570 1226 4639 proin
1254 4587 1322 4626 ex
1355 4572 1457 4628 hac
1486 4588 1586 4643 pro
1615 4573 1864 4628 luctuosa
1913 4574 2011 4629 do-

421 4656 593 4712 ctm'is
639 4656 881 4715 damnati
935 4662 1164 4716 historia
1216 4663 1397 4720 valide
1446 4665 1596 4736 argui
1647 4680 1753 4720 non
1808 4673 2009 4734 potest.

425 4750 602 4821 Atque
633 4752 748 4807 hmc
778 4764 905 4808 sunt
937 4756 1209 4811 rationum
1243 4766 1518 4813 momenta
1561 4759 1856 4829 praecipua,
1888 4772 2009 4828 qua;

427 4858 526 4913 pro
557 4843 847 4900 Parisiensi
873 4846 1117 4919 prodigio
1136 4857 1397 4919 praetcrea
1424 4850 1626 4916 inveni,
1657 4865 1887 4921 quasque
1914 4864 2012 4920 pro

426 4935 529 4993 hoc
560 4937 889 4994 adstruendo
919 4949 1010 4994 aut
1033 4941 1185 5000 nihil.
1217 4951 1310 4997 aut
1339 4953 1486 4997 certe
1507 4958 1697 5011 parum
1719 4942 2011 4997 admodum

427 5025 653 5091 faciant,
703 5029 782 5083 uti
834 5044 902 5085 ex
947 5031 1058 5099 jam
1116 5032 1275 5088 dictis
1322 5032 1497 5104 palam
1548 5040 1650 5089 est.
1702 5032 1842 5095 Alia,
1890 5046 2012 5101 quae

428 5116 656 5181 minoris
697 5120 891 5185 adhuc,
936 5136 1098 5191 quam
1152 5123 1290 5188 lucc,
1345 5121 1554 5177 roboris
1604 5130 1753 5185 sunt,
1794 5120 2011 5186 omitto,

429 5225 498 5265 ne
556 5226 668 5266 rem
724 5212 879 5282 plane
937 5215 1183 5271 inutilem
1242 5218 1496 5286 praestem
1558 5229 1624 5270 ac
1683 5228 2015 5285 supervacuo

432 5317 611 5357 neam.

503 5395 629 5450 366.
669 5396 844 5467 Atque
868 5397 995 5454 hinc
1014 5399 1179 5453 etiam
1204 5398 1446 5468 signatas
1470 5412 1611 5452 anno
1646 5396 1781 5453 1084
1817 5394 2012 5451 fanda-

435 5486 598 5541 tionis
636 5486 939 5545 Carthasim
979 5488 1190 5545 tabulas
1240 5499 1636 5560 exaratumque
1680 5502 1824 5543 anno
1877 5486 2015 5542 Ηὶὸ

432 5577 981 5637 Oraudimontensem
1012 5582 1252 5637 codicem
1290 5598 1391 5639 nec
1427 5582 1533 5649 hic,
1560 5597 1661 5638 nec
1686 5598 1846 5654 supra
1876 5596 2017 5638 com-

436 5683 760 5744 memorare,
797 5676 951 5731 initio
978 5682 1297 5745 statueram,
1333 5676 1474 5749 quod
1509 5686 1560 5732 et
1592 5677 1756 5747 hunc,
1788 5688 1842 5733 et
1876 5675 2015 5745 illas,

2112 4489 2367 4563 scriptos)
2396 4504 2536 4545 unus
2572 4491 2750 4545 adhuc
2778 4496 2957 4545 exstat
2987 4490 3226 4560 scriptas
3261 4501 3405 4543 anno
3441 4485 3606 4554 “55,
3645 4488 3702 4543 in

2111 4599 2218 4653 quo
2240 4583 2355 4637 hmo
2379 4591 2560 4636 nostra
2584 4581 2681 4650 (De
2705 4580 2961 4636 damnato
2982 4579 3226 4652 doctore)
3250 4578 3477 4634 historia
3507 4578 3703 4635 iisdem

2110 4687 2336 4744 prorsus
2386 4670 2587 4738 verbis,
2639 4670 2835 4741 quibus
2882 4672 3111 4726 habetur
3168 4670 3225 4726 in
3280 4669 3453 4725 veteri
3509 4678 3703 4724 nostro

2112 4772 2334 4819 auctore
2361 4776 2653 4833 anonymo,
2685 4761 3012 4832 exprimitur
3051 4774 3175 4816 cum
3210 4759 3303 4815 tali
3348 4759 3703 4831 inscriptione

2112 4857 2179 4911 ad
2212 4856 2447 4911 frontem
2483 4872 2497 4909 :
2534 4872 2553 4907 ι
2594 4853 2877 4921 Quomodo
2905 4853 3053 4911 Ordo
3079 4850 3488 4912 Carthasiensis
3515 4851 3707 4908 habuit

2118 4965 2138 5000 ι
2182 4949 2465 5018 originem.
2516 4964 2535 4999 ι
2582 4946 2890 5016 Statimque
2922 4955 3041 5016 post
3070 4953 3379 4999 enarratam
3415 4942 3702 4998 historiam

2113 5050 2417 5110 sequantur
2445 5040 2641 5094 littera:
2686 5039 3018 5095 l'undationis
3047 5038 3353 5094 Carthasim
3380 5037 3517 5091 anni
3544 5034 3702 5091 {083.

2115 5130 2267 5186 Uade
2308 5140 2584 5201 putamus,
2621 5141 2806 5185 natum
2844 5145 3086 5185 errorem
3126 5129 3187 5183 Ι).
3228 5126 3514 5200 Polycarpi
3560 5127 3628 5181 de
3660 5125 3705 5180 la

2116 5221 2354 5288 Riviere,
2384 5222 2526 5275 inter
2550 5231 2819 5287 auctores,
2850 5221 2939 5289 qui
2975 5218 3285 5287 hajasmodi
3323 5215 3553 5288 prodigii
3591 5228 3704 5270 me-

2117 5315 2411 5380 minerunt,
2442 5312 2661 5368 easdem
2691 5311 2904 5367 litteras
2929 5311 3281 5378 recenseatis,
3315 5318 3505 5364 contra
3539 5320 3701 5378 quem

2116 5413 2424 5476 propterea,
2454 5403 2599 5458 velut
2631 5403 2788 5458 malae
2827 5403 2881 5456 in
2919 5403 3209 5458 scribendo
3242 5402 3366 5456 lidci
3405 5400 3702 5462 hominem,

2118 5495 2396 5551 Launoius
2423 5494 2585 5565 paulo
2617 5496 2800 5551 acrius
2836 5495 3019 5550 invehi
3063 5495 3209 5548 visus
3235 5501 3339 5549 est.
3383 5511 3403 5546 ι
3438 5488 3705 5560 Quidquid

2123 5587 2285 5660 igitur
2309 5586 2375 5642 de
2403 5586 2604 5642 Charta
2640 5584 2978 5641 laudationis
3007 5583 3338 5652 Carthasim,
3372 5584 3426 5639 in
3456 5597 3562 5654 qua
3587 5595 3709 5653 pro-

2121 5679 2252 5753 digii
2317 5676 2644 5737 Parisiensis
2700 5678 3035 5736 mentionem
3088 5676 3398 5742 invenerit,
3453 5672 3707 5731 Perrona
