3814 6306
38 258 107 313 22f
1521 254 1721 314 ACTA.

2428 215 2549 293 διδ

3165 258 3269 315 2‘23

40 368 387 429 Carthusiensis
416 368 650 426 Ordinis
673 368 964 426 Generalis
1002 367 1312 436 aﬂirmarit,
1345 367 1401 424 id
1429 382 1585 424 vero-
1614 372 1662 431 Α
1691 371 1808 439 pios
1866 367 2113 424 homines
2166 376 2546 425 creouutatcm
2596 378 2843 427 ootinere
2896 381 3139 440 possunt.
3198 374 3270 429 De

39 463 261 518 simillime
308 459 583 515 duntaxat
603 474 699 530 per
723 474 969 515 errorem
995 473 1062 514 eo
1090 461 1271 526 modo,
1302 473 1461 529 quem
1495 458 1587 514 hic

40 554 377 611 Carthusianus
430 561 626 609 noster
656 567 965 623 anonymus
999 552 1243 621 exponit,
1283 551 1582 606 admissum

39 644 285 707 a‘Irmarit,
326 650 388 695 ut
431 641 686 711 proinde,
714 643 819 697 etsi
854 641 1078 711 quidem
1107 640 1250 696 forte
1296 656 1405 696 non
1443 640 1583 695 mala

43 738 131 799 ﬁde,
165 748 439 802 perperam
490 742 671 787 tamen
721 748 815 787 seu
866 732 1139 788 immerito
1186 748 1285 802 pro
1335 732 1583 788 luctuosa

45 826 216 878 historia
249 831 664 875 monumentum
706 820 858 886 illud,
910 832 1096 892 utpote
1141 822 1304 892 hujus
1351 822 1582 876 mentio-

44 930 130 969 nem
154 928 244 967 non
270 910 506 976 faciens,
530 911 777 982 allegarit
802 912 1152 983 Polycarpus,
1183 914 1261 968 uti
1296 914 1385 970 hic
1416 914 1581 968 etiam

45 1006 218 1073 ingenue
259 1002 517 1070 agnoscit
574 1001 967 1058 Carthusianus
1021 1012 1208 1059 uoster
1253 1020 1580 1075 anonymus.

48 1096 230 1160 beeest,
264 1109 363 1148 cur
407 1093 507 1148 hic
546 1110 670 1149 cum
707 1094 1007 1167 Rayuaudo
1045 1112 1301 1167 reponas,
1332 1098 1583 1154 chartam

48 1184 315 1241 iurationis
341 1184 660 1240 Carthusia:
700 1202 730 1239 a
767 1187 959 1241 charta
989 1187 1296 1243 donationis
1339 1190 1582 1259 ejusdem

51 1279 429 1345 essedirersam,
477 1278 823 1350 prodigiique
858 1296 963 1334 non
1008 1281 1061 1334 in
1107 1281 1230 1347 hac,
1261 1297 1382 1351 qua:
1421 1284 1581 1337 modo

51 1374 177 1427 adhuc
200 1380 389 1437 exstat,
430 1372 533 1426 sed
565 1373 619 1427 in
650 1372 761 1439 illa,
797 1387 918 1442 qum
945 1374 1249 1429 Carthusite
1278 1375 1580 1447 conﬂagra-

51 1468 150 1521 tione
201 1465 441 1535 perierit,
470 1465 844 1520 'mentionem
894 1465 1095 1522 factam
1163 1466 1354 1524 fuisse.
1406 1469 1579 1523 Char-

50 1569 120 1610 tam
152 1557 277 1611 enim
323 1555 713 1623 fundationis,
770 1571 890 1633 quae
938 1572 967 1611 a
1023 1558 1216 1612 charta
1270 1558 1578 1615 donationis

48 1645 275 1701 Carthasim
313 1655 464 1701 esset
499 1647 744 1712 diversa,
793 1646 1082 1716 aliquando
1125 1648 1421 1715 exstitisse,
1474 1664 1576 1704 nec

1686 460 1884 531 quibus
1911 458 2146 514 Joannes
2171 458 2405 525 Gerson,
2436 459 2520 514 vir
2539 473 2696 530 atque
2717 459 2840 528 pius
2867 474 2931 513 ae
2956 460 3166 526 doctus,
3192 464 3272 519 sic

1685 549 1926 619 loquitur
1991 550 2045 604 in
2083 548 2459 605 Declaratione
2504 546 2793 603 veritatem
2832 564 2952 618 qum
2988 550 3271 607 credentur

1685 652 1810 699 sunt
1857 644 1925 697 de
1972 644 2297 700 necessitate
2343 643 2535 700 salutis
2583 661 2598 697 :
2655 663 2674 696 ι
2732 643 2959 699 Demum
3010 645 3063 699 in
3117 656 3273 703 sexto

1689 751 1709 786 ι
1751 735 1941 805 gradu,
1992 737 2084 805 qui
2124 744 2351 806 quartus
2390 744 2475 791 est
2522 736 2680 791 modo
2723 735 2885 796 dicto,
2938 737 3274 795 collocantur

1691 845 1709 878 ι
1754 827 2011 882 veritates
2040 827 2162 892 illm,
2185 842 2304 897 quae
2327 828 2700 882 tantummodo
2723 827 3009 882 faciuntad
3030 830 3272 884 nutrien-

1689 935 1708 968 ι
1756 917 1878 971 dam
1900 917 1983 971 vel
2010 918 2299 974 fovendam
2329 919 2635 974 devotionis
2656 918 2963 988 religiosam
2995 920 3272 990 pietatem,

1689 1026 1709 1060 ι
1757 1024 1875 1077 quae
1923 1009 2096 1079 magis
2153 1010 2483 1065 inducuntur
2529 1011 2596 1065 ad
2649 1010 3093 1067 intlammandum
3143 1011 3274 1068 affe-

1690 1116 1708 1150 ι
1750 1108 1918 1165 ctum,
1947 1115 2111 1169 quam
2143 1100 2208 1154 ad
2236 1101 2612 1156 instruendum
2644 1100 2994 1168 intellectura,
3034 1103 3122 1158 ubi
3156 1105 3271 1173 pie-

1691 1209 1709 1243 ι
1758 1198 1840 1245 tas
1871 1191 2061 1246 devota
2091 1192 2263 1262 magis
2288 1193 2568 1263 aspicitur,
2604 1208 2765 1261 quam
2816 1194 3017 1248 veritas
3038 1205 3208 1260 certa,
3247 1214 3268 1249 ι

1682 1292 1788 1339 etc.
1847 1282 1940 1337 llis
1995 1282 2255 1339 Gersonis
2326 1284 2508 1339 verbis
2576 1298 2680 1338 non
2750 1284 3129 1350 labefactatur,
3174 1301 3276 1341 nec

1683 1373 1942 1429 falsitatis
1975 1375 2287 1438 damnatur,
2322 1384 2413 1429 aut
2437 1375 2683 1446 arguitur
2711 1385 2895 1430 nostra
2924 1376 2991 1430 de
3015 1377 3276 1432 damnato

1682 1466 1903 1522 homine
1940 1468 2203 1523 narratio.
2251 1467 2364 1522 lino
2408 1467 2532 1537 quis
2571 1483 2678 1521 non
2724 1468 2921 1533 videat,
2956 1483 3075 1522 eam
3106 1470 3274 1538 aptis-

1682 1557 1819 1611 sime
1846 1571 2002 1626 posse
2023 1557 2281 1614 collocari
2315 1560 2457 1613 inter
2492 1578 2509 1609 ι
2549 1558 2807 1613 veritates
2837 1558 2973 1623 illas,
3004 1574 3125 1628 quae
3157 1569 3276 1614 tan.

1687 1665 1707 1699 ι
1756 1648 2031 1703 tummodo
2081 1648 2287 1703 faciunt
2336 1650 2404 1703 ad
2452 1650 2797 1704 nutriendam
2850 1650 2933 1704 vel
2988 1650 3274 1705 fovendam

50 1737 287 1792 rerosiinile
320 1747 582 1810 apparet,
626 1753 725 1794 nec
763 1738 869 1795 ullo
897 1747 1220 1812 argumento
1246 1749 1423 1811 potest
1450 1756 1576 1812 pro-
1610 1717 1652 1777 Β
1688 1759 1706 1793 ι
1758 1740 2062 1795 devotionis
2091 1741 2402 1811 religiosam
2436 1742 2729 1811 pietatem?
2778 1761 2797 1794 ι
2837 1741 2905 1795 Ει
2952 1741 3078 1797 licet
3109 1742 3161 1795 in
3192 1742 3276 1797 eis

51 1828 147 1883 latri.

93 1919 183 1974 568.
214 1919 358 1987 Quod
382 1920 507 1992 jam
543 1923 612 1976 ad
658 1920 897 1976 codicem
929 1920 1501 1989 Grandimontenscm,
1543 1939 1575 1978 a

51 2012 273 2085 Polycarpo
309 2029 409 2084 pro
461 2015 777 2085 prodigiosa
819 2014 1059 2069 doctoris
1090 2015 1333 2069 anastasi
1377 2015 1583 2086 pariter

52 2106 274 2172 laudatum,
297 2106 567 2175 pertinet,
587 2105 749 2160 fidem
775 2105 993 2174 quidem
1019 2104 1274 2171 Launoii,
1305 2106 1422 2175 qui,
1450 2121 1574 2175 qua:

51 2197 84 2253 in
105 2199 250 2255 rodice
276 2199 366 2254 illo
397 2216 503 2254 seu
536 2200 809 2256 Chronico
839 2200 905 2255 de
927 2200 1171 2272 prodigio
1193 2202 1399 2273 scripta
1433 2202 1581 2258 inve-

53 2291 223 2354 niuntur,
252 2292 579 2357 recentiori,
620 2292 729 2346 imo
769 2290 1145 2346 recentissima
1184 2307 1347 2346 manu
1379 2292 1581 2363 scripta

52 2396 131 2435 esse
146 2385 478 2449 asseveravit,
498 2385 718 2439 elevare
750 2392 977 2439 conatur
1003 2383 1364 2455 liaynaudns;
1390 2400 1581 2441 verum

56 2473 243 2540 laonoio,
278 2476 327 2531 id
357 2488 484 2547 post
524 2478 824 2547 inspectum
862 2478 1088 2533 suismet
1122 2477 1296 2534 oculis
1328 2479 1576 2534 codicem

54 2566 263 2629 asserenti,
307 2566 472 2622 fidem
514 2567 873 2622 adhibendam
913 2577 1065 2637 puto,
1109 2576 1222 2621 tum
1262 2567 1426 2637 quod,
1462 2583 1582 2639 quae

58 2655 304 2727 ltaynaudus
350 2658 606 2725 adducit,
659 2659 838 2730 magni
893 2659 1104 2714 roboris
1152 2675 1256 2715 non
1289 2661 1418 2723 sint,
1467 2669 1579 2714 tum

58 2750 150 2813 quod
175 2749 471 2805 Columbius
519 2751 573 2805 in
618 2766 715 2805 sua
762 2751 828 2805 de
868 2748 1356 2806 Carthusianorum
1406 2751 1579 2805 initiis

61 2840 370 2899 Dasertatione
394 2843 907 2900 Grandimontense
938 2844 1245 2898 Chronicon
1274 2859 1370 2913 pro
1402 2844 1583 2913 prodi.

61 2932 157 2999 post
190 2933 411 2989 doctoris
463 2932 714 2987 anastasi
766 2947 873 2987 non
923 2931 1126 2995 laudet,
1168 2932 1400 3003 quique,
1456 2948 1581 2987 cum

64 3024 163 3090 illud,
199 3026 247 3082 ni
290 3043 413 3082 vera
462 3028 822 3098 praedicasset
873 3025 1169 3089 Launoius,
1223 3028 1367 3082 haud
1418 3028 1580 3082 dubie

63 3114 194 3171 luisset
218 3118 547 3185 laudatur-us,
596 3118 794 3173 malam
816 3117 1105 3190 Polycarpi
1136 3118 1189 3173 in
1229 3131 1581 3176 monumento

67 3207 125 3261 illo
151 3209 337 3267 citando
373 3211 544 3267 ﬁdem
584 3211 749 3266 tacite
773 3211 1039 3281 agnoscit,
1083 3211 1161 3265 uti
1192 3210 1307 3279 jam
1337 3222 1464 3281 tute
1496 3228 1582 3267 me

70 3300 187 3355 verbis
231 3318 369 3358 num.
431 3304 542 3361 196
595 3304 700 3358 huc
760 3302 1101 3372 transcriptis
1180 3302 1583 3373 Papebrochius

71 3401 193 3447 noster
222 3396 546 3451 observavit.
579 3393 825 3462 Accedit,
858 3395 926 3450 de
954 3393 1237 3465 Polycarpi
1262 3396 1314 3449 in
1345 3396 1584 3451 citandis

70 3488 356 3543 monumentis
390 3485 644 3557 pluribus
673 3486 793 3542 aliis
839 3486 983 3540 mala
1035 3485 1139 3541 fide
1189 3495 1467 3554 constare,
1525 3497 1584 3543 ut

71 3574 124 3628 rel
149 3576 264 3642 hinc,
300 3579 467 3635 fuisse
504 3594 631 3633 eum
661 3587 717 3635 et
747 3578 801 3635 in
836 3578 1073 3634 citandis
1098 3578 1581 3637 Grandimontensi

70 3665 262 3725 Chronico
293 3673 430 3728 mala
472 3673 585 3727 ﬁde
631 3687 811 3739 usum,
844 3670 1315 3728 verosimillimurn
1363 3672 1580 3727 evadat.

71 3754 147 3811 lam
176 3775 282 3816 vero
314 3779 434 3818 cum
468 3781 585 3829 res,
625 3773 685 3819 ut
717 3764 832 3834 jam
864 3764 1091 3831 dictum,
1126 3764 1208 3818 'de
1240 3764 1345 3819 hoc
1392 3779 1583 3818 monu-

72 3860 194 3907 mento
209 3856 445 3911 etcharta
471 3855 1129 3913 fundationisCat-thnsiaa
1150 3856 1371 3922 habeat,
1394 3854 1585 3926 nequit

72 3940 182 3995 etiam
203 3946 274 4000 vel
297 3965 358 4002 ex
389 3950 497 4005 hac
547 3948 632 4003 vel
677 3963 745 4004 ex
791 3947 885 4003 illo
929 3948 1233 4018 prodigium
1273 3947 1582 4003 Parisiense

79 4041 223 4088 t‘El‘ltlltl
250 4038 391 4094 edici.
425 4041 617 4111 Neque
646 4054 794 4105 vero,
834 4038 978 4107 quod
1015 4039 1292 4095 coronidis
1318 4041 1584 4110 quodam-

75 4121 180 4173 modo
216 4125 322 4182 loco
370 4128 461 4186 hic
536 4131 716 4186 adhuc
782 4129 1041 4185 adnotare
1105 4129 1273 4195 lubet,
1346 4131 1581 4199 ipsemet

77 4210 382 4277 Carthusianus
442 4222 740 4277 Annalium
798 4221 1019 4276 Ordinis
1073 4222 1157 4277 sui
1221 4222 1344 4279 libri
1398 4221 1578 4293 quarti

78 4300 272 4365 hactenus
326 4328 429 4369 non
484 4314 685 4383 vulgati
736 4322 927 4369 auctor
986 4312 1213 4369 feralem
1266 4314 1575 4381 historiam,

1609 3062 1653 3122 Ο
1687 3027 1941 3082 deramen
1978 3027 2162 3082 statim
2209 3026 2409 3095 adjecit
2459 3028 2646 3082 dicens

1688 1850 1706 1884 ι
1751 1831 1932 1886 Pietas
1987 1831 2181 1887 devota
2232 1832 2406 1902 magis
2466 1832 2791 1903 aspiciatur,
2849 1848 3012 1902 quam
3072 1832 3277 1888 veritas

1688 1942 1707 1975 ι
1741 1932 1913 1991 certa,
1941 1923 2331 1978 mihiloutinus
2368 1941 2385 1975 ι
2421 1924 2691 1979 Veritates
2717 1939 2811 1979 eas
2847 1941 2866 1975 ι
2896 1922 3127 1994 appellat
3152 1922 3277 1993 piis-

1684 2016 1856 2074 simus
1884 2017 2096 2083 doctor,
2144 2025 2199 2071 et
2237 2018 2289 2071 in
2330 2025 2485 2072 sexto
2527 2015 2697 2087 gradu
2743 2035 2763 2068 ι
2816 2016 3113 2073 Veritatum
3158 2030 3273 2071 cre-

1689 2127 1708 2161 ι
1737 2109 2036 2164 deudarum
2074 2128 2094 2161 ι
2147 2108 2392 2164 collocat.
2449 2108 2587 2177 Quid
2620 2107 3031 2164 convenientius
3083 2106 3277 2162 contir-

1684 2200 1899 2255 naudae
1939 2201 2392 2271 stabiliendteque
2430 2200 2646 2255 veritati
2700 2208 2901 2254 nostrae
2943 2198 3277 2255 narrationis

1683 2292 1787 2347 dici
1832 2293 2085 2363 poterat?
2145 2292 2317 2360 Quam
2358 2293 2624 2363 ,quotidie
2671 2293 2984 2363 experimur
3041 2290 3270 2348 multum

1689 2400 1709 2435 ι
1753 2385 1959 2440 Facere
2005 2385 2073 2439 ad
2117 2386 2459 2439 nutriendam
2511 2385 2594 2440 vel
2643 2384 2930 2441 fovendam
2972 2383 3278 2439 devotionis

1688 2493 1708 2527 r
1757 2476 2062 2546 religiosam
2094 2477 2389 2546 pietatem,
2420 2497 2439 2529 ι
2483 2493 2608 2532 cum
2653 2476 2805 2532 multi
2849 2486 2903 2531 et
2947 2496 2965 2529 ι
3014 2477 3268 2531 devotam

1688 2586 1707 2619 ι
1758 2569 2013 2637 pietatem
2052 2579 2107 2624 ct
2150 2569 2439 2625 veritatem
2486 2569 2542 2625 in
2585 2584 2648 2624 ea
2695 2568 2938 2640 aspicere
2985 2583 3093 2624 non
3138 2580 3272 2622 con-

1691 2675 1709 2708 ι
1750 2667 2016 2713 temnunt.
2042 2678 2061 2711 ι

1753 2751 1878 2806 570.
1921 2770 1937 2802 ι
1966 2751 2218 2806 Attamen
2248 2751 2455 2808 Gerson
2483 2766 2589 2805 non
2617 2749 2796 2805 minus
2826 2748 3079 2820 prudens,
3115 2761 3277 2818 quam

1690 2843 1996 2912 religiosus,
2030 2858 2098 2897 ue
2139 2862 2157 2894 ι
2208 2845 2493 2898 veritatem
2541 2862 2559 2895 ι
2608 2843 2708 2897 sub
2751 2842 2933 2911 specie
2984 2858 3001 2891 ι
3057 2837 3278 2910 pietatis

1693 2952 1711 2986 ι
1745 2936 1952 2990 devotae
1976 2955 1995 2988 ι
2017 2936 2292 3006 negligere
2315 2936 2610 3000 videretur,
2640 2932 2934 3003 praecitatis
2958 2931 3137 2987 verbis
3157 2946 3276 2987 mo.

2690 3043 2703 3078 :
2745 3044 2764 3076 ι
2818 3024 2916 3080 Ubi
2966 3024 3068 3079 hoc
3108 3038 3277 3079 unum

1691 3137 1709 3170 ι
1754 3120 2075 3189 reprobatur
2107 3159 2122 3184 ,
2181 3119 2226 3174 si
2284 3120 2500 3175 adesset
2577 3117 2895 3174 asscrtionis
2954 3116 3277 3183 temeritas,

1690 3229 1707 3263 ι
1755 3211 2071 3283 priusquam
2105 3210 2472 3267 elucidaretur
2498 3211 2606 3266 alio
2640 3209 2797 3265 modo
2828 3223 2924 3278 per
2951 3206 3272 3271 Ecclesiam,

1690 3320 1709 3352 ι
1755 3300 1839 3357 vel
1886 3302 2152 3357 rationem
2198 3311 2401 3356 certam
2451 3302 2565 3371 ipsa
2598 3302 2800 3356 veritas
2850 3323 2868 3352 υ
2914 3298 2971 3355 Si
3021 3297 3277 3355 videlicet

1687 3402 1888 3449 temere
1937 3408 2027 3449 res
2073 3392 2256 3463 aliqua
2302 3404 2672 3455 assereretnr,
2722 3394 2787 3447 de
2837 3393 2990 3461 cujus
3038 3390 3271 3448 veritate

1687 3488 1866 3543 taliter
1894 3487 2254 3553 dubitaretur,
2297 3496 2352 3541 et
2392 3496 2538 3541 esset
2587 3487 2722 3541 adeo
2768 3486 2956 3550 dubia,
2999 3494 3058 3539 ut
3103 3503 3122 3537 ι
3171 3483 3275 3540 Per

1690 3599 1709 3634 r
1756 3581 2055 3637 Ecclesiam
2110 3579 2192 3635 vel
2240 3580 2503 3634 rationem
2554 3588 2759 3633 certam
2819 3597 2838 3629 ι
2888 3578 3085 3633 merito
3130 3584 3277 3633 esset

1684 3672 2023 3728 elucidanda.
2053 3670 2216 3742 Atqui
2247 3670 2390 3725 nulla
2421 3670 2509 3725 hic
2539 3669 2691 3724 adest
2717 3669 2769 3723 in
2794 3677 3003 3724 asserta
3036 3668 3101 3723 de
3123 3668 3281 3739 dam:

1682 3771 1813 3821 nato
1858 3764 2078 3820 homine
2131 3763 2361 3819 veritate
2419 3778 2438 3812 ι
2492 3759 2824 3815 Assertionis
2885 3758 3186 3823 temeritas,
3248 3777 3269 3810 ι

1684 3868 1860 3924 neque
1888 3853 2052 3909 ullam
2100 3854 2153 3908 in
2201 3869 2266 3909 eo
2308 3867 2430 3908 esse
2471 3850 2833 3907 temeritatem
2886 3849 2999 3920 ipse
3039 3848 3273 3915 Gersoa,

1682 3947 1932 4013 credidit,
1977 3945 2195 4017 quando
2240 3953 2447 4015 postea,
2503 3961 2521 3993 ι
2567 3942 2633 3997 de
2680 3940 2949 4011 plurimis,
2990 3959 3010 3993 ι
3057 3950 3117 3995 ιιι
3158 3939 3275 4009 ipse

1683 4036 1947 4108 loquitur,
1998 4056 2016 4089 ι
2055 4036 2364 4105 exemplum
2406 4035 2507 4089 hoc
2542 4047 2710 4086 unum
2752 4040 2808 4087 ct
2836 4030 3051 4087 celebre
3089 4048 3109 4082 ο
3143 4042 3275 4100 pro-

1684 4130 1863 4200 posuit
1891 4129 1958 4183 ad
2004 4127 2378 4199 inspirandum
2421 4141 2440 4177 t
2478 4123 2795 4180 exercitatis
2823 4140 2841 4173 ι
2879 4122 3127 4175 timorem
3160 4119 3270 4174 Do-

1682 4222 1838 4287 mini,
1876 4231 1929 4277 et
1964 4239 1981 4272 ι
2026 4221 2094 4276 ad
2138 4218 2482 4273 nutriendam
2516 4214 2601 4271 vel
2642 4213 2928 4269 fovendam
2966 4210 3271 4266 devotionis

1690 4331 1707 4366 ι
1753 4312 2057 4382 religiosam
2099 4310 2378 4379 pietatem.
2426 4324 2445 4359 ι
2478 4304 2589 4359 Nec
2630 4319 2765 4374 opus
2823 4301 2925 4355 fuit
2961 4310 3019 4355 ut
3048 4299 3134 4353 illa
3174 4315 3272 4370 per

78 4392 105 4443 si
136 4396 302 4463 publice
349 4404 612 4461 accidisse
656 4413 946 4470 statuatur,
1013 4417 1110 4473 pro
1159 4404 1382 4459 omnino
1427 4413 1577 4459 certa
1612 4418 1656 4471 ι)
1687 4424 1705 4456 ι
1753 4402 2047 4458 Ecclesium
2095 4400 2176 4455 vel
2228 4400 2495 4453 rationem
2540 4404 2748 4451 certam
2794 4391 3181 4455 elucidaretur,
3243 4409 3262 4445 ι

79 4481 222 4544 lubuit.

122 4575 213 4636 369.
246 4581 312 4638 fta
337 4588 479 4641 enim
518 4586 913 4643 lucubrationis
941 4603 1053 4643 sua:
1085 4604 1235 4642 num.
1267 4588 1368 4643 127
1402 4588 1577 4659 loqui-

82 4672 166 4725 tur:
194 4689 210 4724 ι
241 4674 338 4731 Cur
380 4678 566 4750 igitur.
591 4716 607 4734 .
634 4717 650 4733 .
697 4693 964 4751 anonymo
1011 4689 1201 4737 nostro
1253 4682 1576 4753 (primorum

84 4760 248 4832 quinque
290 4769 508 4837 scilicet,
560 4770 652 4841 qui
702 4770 1005 4827 luctuosum
1049 4780 1307 4827 eventum
1358 4774 1577 4842 publice

84 4855 267 4916 accidisse
301 4866 501 4930 scribit,
558 4864 864 4922 Carthusia:
898 4865 1141 4935 priorum
1185 4866 1437 4921 Cbronici
1482 4882 1578 4920 au-

87 4948 187 5015 ctori)
220 4951 334 5010 ﬁdes
370 4958 676 5031 derogetur,
721 4972 831 5013 non
878 4956 1119 5023 videtur;
1178 4976 1211 5031 ιν
1248 4972 1312 5012 ac
1358 4957 1571 5023 deinde,

88 5032 190 5089 nullis
205 5055 397 5108 prorsus
418 5048 537 5103 aliis
562 5048 743 5103 verbis
773 5046 1128 5117 interpositis,
1156 5063 1306 5102 num.
1328 5048 1575 5117 proxime

92 5136 164 5195 εει.
193 5135 429 5211 Sttbjuugit
473 5162 489 5199 :
549 5161 569 5196 ι
618 5142 808 5199 Fidem
847 5142 1080 5199 dicimus
1125 5152 1180 5199 et
1230 5144 1573 5214 exposcimus

92 5229 157 5273 non
177 5224 394 5301 divinam,
422 5236 513 5292 sed
543 5236 857 5301 humanam,
887 5236 1001 5293 sive
1028 5237 1209 5308 potius
1246 5237 1367 5292 fidei
1397 5236 1573 5308 pieta-

97 5312 177 5367 ιεω.
210 5316 433 5383 Fateatur
476 5329 619 5385 enim
646 5370 660 5391 ,
712 5327 875 5398 hujus
928 5329 1225 5398 spectaculi
1285 5330 1572 5386 veritatem

98 5414 272 5467 n(messe
297 5416 354 5471 de
391 5419 517 5486 ﬁde;
561 5428 886 5490 quapropter
918 5420 1033 5475 sive
1074 5420 1417 5485 admittatur,
1457 5420 1573 5477 sive

99 5500 182 5557 ‘00,
222 5501 331 5558 nihil
381 5509 556 5565 re'ert.
614 5509 994 5565 Verumtamen
1047 5526 1156 5565 nou
1212 5521 1486 5581 putamus,
1539 5525 1569 5564 a

102 5584 261 5645 (ominis
295 5595 559 5655 lectoribus
595 5599 643 5655 ei
695 5615 855 5669 posse
895 5601 1151 5673 denegari
1199 5600 1375 5657 locum
1427 5601 1571 5656 inter

106 5675 280 5739 veritates
304 5686 424 5758 illas,
448 5707 563 5763 quae
596 5692 711 5749 sine
746 5690 870 5749 fidei
900 5692 1129 5767 laesione
1161 5694 1393 5767 aliquam
1429 5694 1569 5765 apud

1684 4510 1801 4566 qua:
1828 4494 1959 4550 satis
2008 4501 2124 4546 erat
2155 4490 2352 4553 lucida,
2386 4501 2660 4558 quamque
2707 4492 2993 4555 propterea
3044 4501 3063 4535 ι
3117 4483 3271 4539 celes

1686 4605 1704 4638 ι
1754 4586 1907 4641 brem
1961 4602 1981 4634 ι
2035 4582 2252 4637 vocavit
2295 4578 2528 4646 Gersou,
2576 4587 2762 4648 utpote
2810 4575 2880 4631 ab
2926 4574 3270 4631 institutione

1680 4673 1898 4731 Ordinis
1928 4672 2171 4744 (dubium
2201 4669 2488 4727 admodum
2527 4682 2594 4724 ex
2634 4681 2798 4738 supra
2827 4666 2986 4722 dictis
3022 4664 3124 4722 hoc
3161 4667 3268 4737 est)

1679 4767 1887 4836 absque
1916 4762 2346 4819 contradictione
2390 4766 2607 4830 recepta
2653 4768 2709 4814 et
2734 4754 3058 4828 approbata.
3089 4755 3266 4822 Quam

1682 4865 1759 4913 tot
1782 4862 2033 4910 auctores
2062 4852 2420 4917 asseruerint,
2453 4850 2628 4905 nullus
2653 4847 2948 4912 damnarit,
2974 4847 3059 4901 cui
3086 4847 3269 4903 hacte-

1677 4965 1781 5004 nus
1809 4948 2096 5003 universus
2132 4943 2360 5016 populus
2389 4941 2739 4999 Christianus
2763 4954 2928 4994 aures
2957 4953 3269 4995 accommo-

1678 5041 1846 5107 darit;
1876 5053 2040 5110 quam
2067 5038 2354 5093 universus
2388 5034 2535 5093 Ordo
2565 5032 2995 5097 Carthusiensis,
3026 5030 3127 5085 etsi
3159 5045 3267 5084 non

1676 5131 1779 5187 nisi
1811 5129 1968 5185 valde
1998 5136 2208 5184 remote
2238 5132 2445 5197 spectet
2483 5124 2551 5181 ad
2590 5124 2803 5180 laudem
2837 5122 2979 5194 ejus,
3022 5134 3119 5191 per
3147 5134 3269 5174 sex-

1677 5230 1864 5278 centos
1888 5236 2059 5277 annos
2087 5219 2332 5291 (dubium
2356 5217 2555 5272 iterum
2583 5216 2739 5272 valde
2763 5216 2867 5271 hoc
2891 5221 2977 5269 est
3003 5227 3073 5267 ex
3101 5224 3267 5279 supra
3338 5254 3339 5257 η

1676 5313 1859 5385 dictis)
1892 5316 1960 5370 ad
1986 5315 2131 5369 hanc
2160 5326 2332 5381 usque
2363 5312 2505 5369 diem
2541 5320 2877 5373 constanter,
2910 5317 3269 5377 perseveran-

1678 5418 1761 5467 ter
1785 5418 1841 5465 et
1866 5408 2196 5464 unanimiter
2222 5415 2427 5463 certam
2454 5414 2510 5462 et
2533 5422 2713 5462 veram
2738 5415 2858 5461 esse
2882 5398 3182 5456 crediderit
3206 5407 3262 5455 et

1676 5502 1882 5568 credat,
1914 5501 2031 5557 solo
2061 5515 2169 5556 uno
2214 5514 2334 5555 eam
2366 5499 2717 5571 impugnante
2746 5491 3010 5549 Launoio.
3042 5489 3139 5547 Cui
3171 5490 3269 5547 de-

1676 5594 1843 5666 nique
1896 5593 2092 5649 summi
2138 5593 2422 5664 pontifices
2491 5586 2807 5653 annuerint,
2862 5593 2918 5641 et
2965 5582 3263 5656 Gregorius
3318 5622 3323 5627 ν

1690 5685 1779 5745 XV
1829 5697 1886 5746 et
1922 5685 2170 5745 Urbanus
2213 5685 2323 5743 Vill
2371 5688 2510 5742 hanc
2558 5693 2748 5756 aperte
2791 5682 2846 5741 in
2899 5678 3086 5740 Oﬁcio
3136 5693 3264 5740 δειλ-
3358 5696 3363 5703 τ
