3814 6306
437 229 544 285 2Ξ5

1164 212 1275 291 δέ
1314 234 1665 296 BltUNONlS
1702 242 2343 304 canrnusunonuu
2386 250 2868 308 INSTITUTORIS

3630 249 3814 306 21‘

435 350 511 405 ειί
564 350 833 405 Βτυηοηίε
879 351 1179 421 διδροεῑιαιη
1232 354 1606 421 θβντουπῖηῐν
1652 353 1781 410 licet
1835 363 2023 425 postea
2051 366 2100 426 Α
2128 357 2525 416 Carthasianus
2556 369 2742 417 noster
2767 332 3425 435 anonvmus,Parisiensi
3471 362 3814 433 prodigio:

436 457 610 498 sacra:
659 441 882 497 Rituum
938 442 1355 513 Cougregationi
1409 444 1582 499 visum
1640 443 1849 512 fuerit,
1902 462 2025 503 eam

439 552 565 591 cum
624 534 965 605 professione
1018 534 1190 600 fidei,
1263 552 1292 590 a
1354 548 1546 592 saneto
1594 536 1850 592 Brunone
1908 538 2027 593 ani-

439 640 581 683 mam
623 624 840 680 etllante
887 624 1056 691 edita,
1098 640 1128 680 e
1166 625 1491 683 lectionibus
1522 626 1786 682 Breviarii
1816 628 2025 683 rescin-

437 717 586 779 dere,
613 729 718 769 non
746 714 909 769 aliam
939 715 1007 770 ob
1037 731 1281 782 causam,
1314 733 1477 789 quam
1512 718 1658 789 quod
1696 732 1765 773 ex
1792 726 2026 790 utraque

440 806 600 862 facta:
638 805 872 862 fuissent
916 806 1142 863 nimium
1187 808 1558 880 longiusculte,
1608 818 1668 866 ut
1712 821 1902 882 postea
1940 826 2027 867 sa-

439 897 763 968 pientissimi
804 913 1063 957 censores
1104 915 1324 957 causam
1363 902 1679 959 rescisionis
1714 903 2027 960 suscitanti-

438 988 540 1044 bus
576 988 949 1048 declararunt.

506 1079 635 1133 571.
675 1097 693 1130 t
734 1079 801 1135 Et
825 1096 1035 1147 revera,
1066 1082 1112 1137 si
1135 1091 1392 1153 tanquam
1419 1084 1665 1141 fabulosa
1696 1101 1728 1142 e
1752 1087 2027 1144 Breviario

439 1181 570 1233 tunc
613 1172 827 1229 sublata
877 1173 1093 1241 fuisset,
1136 1191 1234 1231 cur
1288 1189 1479 1246 poStea
1532 1178 1653 1234 aliis
1700 1179 2025 1249 Breviariis,

434 1264 592 1320 annis
632 1264 774 1321 1648
802 1273 857 1320 et
895 1265 1030 1319 165?.
1058 1281 1249 1323 recens
1276 1268 1438 1324 editis
1459 1308 1474 1334 ,
1509 1269 1757 1325 restituta
1797 1270 2028 1328 fuisset?

435 1352 547 1410 Cur
604 1354 847 1425 quotidie
899 1355 1154 1413 doctores
1209 1358 1489 1429 ltegendas
1540 1369 1851 1418 sanctorum
1913 1364 2028 1420 suis

437 1445 819 1516 chirographis
872 1447 1270 1514 combrobant,
1321 1450 1374 1503 in
1434 1450 1632 1518 quibus
1679 1452 1804 1507 Vita
1854 1454 2029 1511 sancti

438 1535 709 1591 Brunonis
737 1550 858 1591 cum
888 1534 1132 1605 ejusdem
1163 1540 1457 1606 spectaculi
1488 1541 1804 1598 narratione
1824 1543 2031 1601 descri-

439 1628 620 1684 bitur?
645 1627 702 1684 ld
745 1640 896 1685 certe
938 1628 1005 1683 ab
1032 1628 1112 1685 eis
1152 1629 1231 1685 sic
1258 1630 1439 1702 agitur
1469 1639 1524 1686 ct
1552 1648 1581 1685 a
1617 1647 1773 1689 sacra
1807 1634 2027 1690 Rituum

437 1720 874 1792 Congregatione
904 1723 1122 1790 sinitur,
1156 1724 1283 1795 quia
1324 1724 1459 1779 nihil
1490 1724 1544 1780 in
1583 1726 1684 1782 hac
1714 1728 2031 1785 narratione

439 1814 561 1870 lidei
612 1816 948 1870 contrarium
995 1817 1442 1889 deprehenditur.
1491 1816 1656 1874 Juxta
1703 1820 1847 1889 quod
1888 1820 2030 1875 idem

439 1905 707 1977 magister
736 1906 943 1961 Gerson
977 1907 1093 1963 loco
1129 1910 1296 1965 citato
1330 1911 1574 1977 censuit,
1606 1909 1761 1968 Vitas
1798 1912 2031 1969 Sancto-

440 1998 859 2057 rum,contineri
908 2001 1007 2056 sub
1037 2011 1193 2056 sexto
1240 2003 1412 2070 gradu
1456 2003 1747 2058 veritalum
1798 2003 2030 2060 creden-

438 2090 657 2145 (larum.
713 2107 733 2143 ι
786 2091 1047 2162 Respicit,
1088 2092 1287 2163 inquit,
1340 2094 1443 2150 iste
1489 2097 1691 2165 gradus
1749 2094 2033 2167 Legendus

444 2200 464 2233 ι
503 2191 557 2237 et
597 2182 863 2253 miracula
909 2183 1258 2251 Sanctorum,
1294 2184 1446 2242 Vitas
1491 2186 1749 2252 Patrum,
1792 2189 2033 2246 visiones

443 2296 463 2329 ‹
498 2275 815 2331 devotarum
864 2293 1217 2348 personarum
1239 2320 1251 2341 ,
1288 2279 1638 2335 recitationes
1666 2289 1719 2335 et
1747 2281 2032 2349 opiniones

448 2386 472 2420 4
507 2382 785 2424 sacrorum
827 2371 1141 2435 doctorum,
1172 2386 1293 2441 qua!
1318 2370 1501 2425 omnia
1530 2371 1757 2442 suscipit
1788 2371 2032 2428 Ecclesia

443 2478 463 2509 ς
500 2467 556 2514 et
598 2460 703 2531 legi
736 2460 1036 2530 permittit,
1087 2477 1192 2517 non
1241 2463 1384 2532 quod
1443 2463 1768 2519 determinet
1807 2464 1932 2518 talia
1965 2466 2031 2521 de

445 2568 465 2601 ι
502 2552 831 2607 necessitate
860 2553 1054 2608 salutis
1080 2569 1201 2610 esse
1228 2555 1533 2621 credenda,
1568 2556 1661 2610 sed
1697 2555 1827 2625 quia
1869 2557 2034 2627 profi-

448 2664 464 2694 ι
503 2645 653 2699 ciunt
677 2645 745 2699 ad
774 2647 1195 2701 commovendos
1224 2646 1450 2703 allectus
1478 2648 1595 2717 pios
1624 2647 1861 2703 tidelium
1894 2659 1949 2704 et
1978 2652 2030 2705 in

447 2756 465 2788 ε
504 2737 960 2792 tedilicationibus
1007 2739 1279 2808 ipsorum,
1310 2739 1435 2793 dum
1477 2739 1531 2793 in
1570 2739 1766 2795 talibus
1803 2741 1936 2797 nihil
1964 2742 2033 2797 de

449 2827 827 2885 tcertitndine
880 2827 1051 2881 scitur
1103 2842 1226 2881 esse
1280 2827 1509 2893 falsum,
1563 2830 1815 2899 quamvis
1864 2832 2031 2887 etiam

448 2940 464 2968 ι
504 2919 778 2973 nesciatur
812 2917 941 2972 illud
968 2918 1430 2973 eertitudinaliter
1462 2935 1584 2975 esse
1613 2937 1821 2977 verum.
1853 2942 1872 2976 ι
1908 2923 2033 2979 llmc

442 3008 686 3074 Gerson,
719 3008 809 3079 qui
860 3023 982 3063 cum
1015 3010 1267 3079 superius
1300 3010 1529 3066 dixisset
1566 3012 1619 3066 in
1647 3028 1878 3083 genere,
1916 3033 1934 3066 ι
1976 3015 2029 3069 in

452 3120 469 3151 ‹
509 3110 663 3155 sexto
689 3101 861 3172 gradu
901 3100 1250 3157 collocandus
1284 3117 1406 3157 esse
1446 3103 1706 3160 veritates
1736 3104 1883 3170 illas,
1915 3121 2036 3175 quae

451 3211 469 3243 ‹
513 3198 891 3248 tantummodo
928 3192 1134 3247 faciunt
1164 3193 1231 3248 ad
1261 3195 1605 3249 nutriendum
1662 3206 1717 3250 et
1745 3195 2034 3253 fovendam

449 3304 469 3335 ι
508 3284 811 3340 devotionis
857 3281 1170 3355 religiosam
1213 3285 1504 3355 pietatem,
1545 3307 1562 3339 ι
1608 3288 1728 3351 hic,
1785 3304 2034 3359 quaenam

447 3374 739 3430 sintillaain
765 3375 968 3445 specie,
988 3375 1252 3438 declarat,
1273 3396 1291 3429 ‹
1316 3376 1579 3449 Legenda.-
1603 3398 1619 3430 ι
1648 3378 1878 3444 scilicet,
1901 3390 2033 3446 etc.,

447 3472 500 3517 et
525 3462 779 3519 Miracula
805 3464 1149 3532 Sanctorum,
1176 3464 1310 3520 Vitae
1334 3468 1577 3533 Patrum,
1609 3466 1876 3533 Visiones,
1906 3477 2038 3539 etc.,

452 3571 573 3625 qum
596 3557 776 3611 omnia
811 3558 952 3614 inter
978 3561 1235 3615 veritates
1265 3560 1605 3616 collocantur
1629 3570 1683 3615 ct
1713 3576 1810 3630 pro
1842 3561 2041 3618 talibus

441 3659 940 3741 recognoscuntur,
973 3662 1027 3704 et
1057 3661 1351 3707 censentur
1390 3653 1458 3707 ab
1496 3651 1773 3717 Ecclesia,
1800 3668 1921 3723 quae
1950 3653 2042 3709 illa

454 3738 558 3811 1(ιεί
605 3741 899 3809 permittit,
934 3744 1208 3798 neminem
1259 3753 1441 3799 tamen
1484 3759 1686 3816 cogens
1716 3745 1780 3799 ad
1813 3762 1873 3801 ea
1917 3760 2043 3801 cre-

456 3832 652 3898 denda,
676 3832 813 3887 sicut
854 3836 1001 3905 cogit
1030 3834 1096 3889 ad
1120 3835 1316 3899 Biblia,
1345 3836 1441 3891 sed
1471 3835 1574 3907 legi
1604 3838 1903 3907 permittit,
1938 3853 2043 3894 non

457 3924 834 3994 prohibendo,
878 3943 1009 3991 nec,
1044 3939 1103 3981 ut
1140 3928 1434 3982 credantur
1480 3944 1602 3984 esse
1646 3945 1805 3994 vera,
1850 3930 2045 3999 prteci-

457 4015 672 4083 piendo.
727 4017 795 4071 Ει
839 4019 1057 4087 quidem
1109 4019 1374 4088 permittit
1423 4018 1559 4091 legi,
1598 4038 1615 4071 ι
1663 4017 1833 4085 Quia,
1877 4030 1935 4074 ut
1970 4022 2047 4075 ait

456 4107 691 4175 Gerson,
738 4109 1029 4179 proficiunt
1081 4112 1147 4165 ad
1189 4112 1486 4167 movendos
1515 4112 1740 4167 allectus
1771 4114 1887 4181 pios
1919 4112 2048 4168 tide-

455 4198 588 4254 litun
624 4209 683 4255 et
722 4202 774 4255 in
798 4201 1249 4258 aedificationibus
1285 4204 1547 4273 ipsorum.
1585 4222 1605 4255 ι
1643 4222 1662 4255 ι
1706 4205 1771 4259 Et
1795 4206 1898 4259 hoc
1923 4220 2046 4259 cum

456 4312 481 4349 »ι
522 4293 612 4347 tali
641 4294 982 4360 conditione,
1013 4298 1139 4350 dum
1169 4296 1224 4350 in
1252 4297 1452 4352 talibus
1480 4295 1611 4352 nihil
1636 4298 1701 4352 de
1723 4298 2048 4353 certitudine

2128 451 2219 508 vix
2246 452 2540 524 quidquam
2570 454 2838 526 amplius,
2880 470 3045 525 quam
3077 472 3176 512 nos
3222 456 3272 511 ei
3316 456 3743 510 attribuamus
3780 492 3814 515 ,

2127 543 2407 613 postulans
2426 545 2671 601 attribui.
2696 546 2941 601 Postulat
2959 548 3102 602 enim
3136 547 3419 611 duntaxat,
3448 546 3505 601 id
3534 561 3765 615 repon
3782 544 3814 597 ἰ

2128 635 2273 691 inter
2299 636 2585 704 veritates,
2618 653 2741 708 quae
2766 638 2913 693 dubii
2942 638 3281 693 solummodo
3311 638 3554 693 nominis
3582 636 3814 690 veri-

2130 734 2270 783 tates
2300 734 2456 792 sunt,
2497 742 2726 799 qumque
2772 729 2932 784 unice
2975 729 3141 784 rebus
3185 743 3279 784 seu
3323 728 3814 784 assertionibus

2128 819 2492 885 conveniunt,
2525 834 2627 876 nec
2653 830 2805 876 certo
2834 821 2979 876 veris
2998 859 3014 882 ,
3040 834 3143 875 nec
3171 820 3338 874 etiam
3365 828 3526 874 certo
3551 815 3814 871 falsis-

2126 910 2304 981 Atque
2333 910 2436 966 hac
2460 910 2752 982 quidemjin
2778 926 2836 967 re
2856 911 3279 967 Cartltusianum
3304 919 3555 965 nostrum
3592 907 3814 963 inter

2128 1013 2184 1057 et
2211 1019 2310 1059 nos
2340 1005 2586 1074 apprime
2615 1004 2871 1059 convenit
2890 1045 2904 1069 ,
2935 1013 3124 1074 utpote
3154 1003 3245 1073 qui
3287 1002 3497 1074 pariter
3535 998 3814 1071 prodi—

2129 1094 2334 1165 giosum
2362 1094 2505 1149 illam
2532 1095 2812 1150 historiam
2840 1110 2942 1150 nec
2971 1106 3124 1150 certo
3150 1109 3366 1159 veram,
3396 1108 3499 1150 nec
3519 1092 3735 1147 etiam
3772 1131 3803 1155 ,

2129 1194 2319 1241 contra
2362 1200 2429 1241 ac
2469 1201 2537 1243 ex
2575 1185 2741 1241 dictis
2783 1184 3062 1240 Launoius
3110 1183 3274 1251 facit,
3321 1194 3475 1240 certo
3531 1181 3809 1236 falsam

2130 1277 2449 1331 asserimus.
2490 1276 2690 1334 Verum
2736 1277 2789 1332 id
2831 1277 2998 1332 etiarn
3050 1290 3153 1332 nos
3198 1274 3343 1330 inter
3369 1284 3425 1329 et
3466 1271 3814 1328 eumdem.

2130 1364 2550 1423 Carthesianum
2581 1375 2827 1422 nostrum
2857 1366 3192 1423 discriminis
3232 1365 3550 1431 intercedit,
3586 1362 3814 1433 quod

2131 1456 2220 1512 hic
2262 1457 2451 1529 utique
2490 1458 2797 1515 luctuosum
2825 1470 3113 1527 eventum,
3144 1466 3332 1529 utpote
3366 1474 3531 1527 quem
3574 1466 3657 1512 et
3694 1455 3814 1511 ab-

2130 1548 2371 1605 Ecclesia
2392 1551 2558 1623 (quod
2587 1560 2766 1607 tamen
2796 1566 2955 1608 secus
2982 1551 3168 1623 habet)
3184 1549 3805 1618 'verumjudicari,et

2132 1638 2201 1694 ab
2222 1641 2475 1698 universo
2507 1643 2697 1699 ordine
2717 1643 3090 1700 Carthusiensi
3114 1656 3211 1714 per
3229 1652 3522 1699 sexcentos
3557 1655 3807 1697 annos

2067 1715 2108 1770 Β
2136 1733 2203 1788 ad
2226 1748 2380 1788 suam
2410 1748 2582 1804 usque
2610 1742 2826 1790 aetatem
2856 1743 3193 1800 constanter,
3224 1743 3680 1805 perseveranter
3710 1740 3801 1787 et

2135 1827 2469 1882 unanimiter
2495 1834 2703 1882 certum
2733 1835 2787 1882 et
2816 1842 3004 1882 verum
3030 1828 3296 1883 creditum
3322 1826 3565 1881 allirmat
3586 1866 3609 1892 ,
3653 1841 3803 1896 pro

2134 1918 2429 1974 verositnili
2476 1928 2534 1974 ut
2575 1918 2859 1973 minimum
2908 1917 3103 1973 debeat
3137 1918 3368 1985 habere,
3412 1931 3518 1972 nos
3546 1924 3814 1971 autem.

2133 2010 2381 2065 eumdem
2404 2024 2502 2078 pro
2532 2025 2723 2080 parum
2751 2008 3071 2077 verosimili,
3107 2024 3178 2063 ne
3204 2009 3407 2075 dicam,
3439 2023 3546 2079 pro
3575 2021 3814 2061 vero—-

2133 2100 2382 2156 similiter
2404 2100 2563 2165 falso,
2588 2101 2907 2168 habeamus,
2937 2101 2982 2155 si
3016 2115 3212 2170 nempe
3234 2100 3443 2170 publice
3473 2101 3523 2154 is
3544 2114 3793 2154 coram

2134 2190 2347 2247 infinita
2398 2190 2788 2261 propemodum
2827 2189 3014 2259 populi
3059 2190 3405 2244 multitudine
3448 2188 3793 2251 evenerit,

2132 2291 2287 2352 prout
2315 2282 2560 2337 evenisse
2590 2280 2800 2344 statuit,
2827 2296 2987 2350 quam
3011 2280 3118 2336 huc
3144 2296 3317 2351 usque
3341 2281 3787 2348 discussimus,

2132 2372 2334 2443 opinio.
2353 2372 2619 2427 Caeterum
2642 2370 2909 2437 Ecclesia,
2925 2372 3070 2441 quod
3091 2381 3277 2427 contra
3301 2370 3791 2427 Carthusianum

2134 2479 2380 2519 nosmun
2424 2478 2755 2535 anonymum
2795 2461 2935 2518 bene
2965 2463 3298 2529 notandum,
3336 2462 3529 2527 Vitas,
3565 2463 3783 2517 Mira-

2134 2552 2784 2620 cula,etc.,Sanctorum,
2807 2552 2934 2608 dum
2961 2567 3025 2607 ea
3049 2552 3148 2625 legi
3168 2552 3458 2623 permittit,
3486 2554 3603 2610 hoc
3632 2554 3795 2623 ipso

2133 2658 2262 2699 vera
2296 2658 2402 2697 non
2434 2641 2662 2711 judicat.
2698 2640 3079 2711 EXpendamus
3116 2642 3299 2707 modo,
3339 2642 3467 2712 quid
3505 2642 3579 2697 de
3630 2642 3787 2698 luc-

2135 2743 2288 2789 tuosa
2314 2733 2542 2790 historia
2570 2734 2898 2789 censendum
2928 2734 2999 2789 sit
3027 2734 3080 2789 in
3109 2734 3361 2805 Opinione
3388 2750 3624 2799 eorum,
3653 2734 3781 2805 qui

2134 2843 2254 2882 earn
2294 2829 2434 2883 intra
2467 2827 2713 2896 privatos
2749 2827 2943 2882 domus
2972 2825 3214 2881 defuncti
3256 2827 3516 2896 parietes,
3547 2828 3791 2896 paucis

2135 2922 2401 2975 duntaxat
2449 2917 2609 2987 hujus
2651 2917 2875 2982 amicis,
2918 2918 3127 2987 hosque
3174 2918 3316 2973 inter
3374 2916 3431 2971 S.
3480 2916 3789 2972 Brunone

2140 3015 2368 3084 ejusque
2396 3012 2602 3083 aliquot
2625 3010 2787 3066 sociis
2812 2996 3190 3079 praesentibus,
3218 3024 3315 3064 nec
3344 3008 3516 3063 tribus
3538 3007 3787 3063 diebus

2142 3105 2390 3169 diversis,
2423 3106 2515 3160 sed
2544 3119 2649 3159 uno
2683 3104 2982 3172 eodemque
3008 3101 3255 3156 evenisse
3279 3107 3551 3154 statuunt.

2140 3197 2169 3269 ᾗ
2192 3196 2368 3273 XXIL
2383 3194 2595 3264 Opinio,
2613 3210 2729 3263 qute
2750 3192 2987 3246 damnati
3008 3190 3304 3260 prodigium
3325 3191 3462 3243 intra
3482 3188 3779 3256 privatas

2210 3287 2447 3355 defuncti
2473 3285 2611 3340 (cdes
2638 3299 2817 3337 coram
2842 3282 3025 3351 paucis
3053 3280 3282 3336 evenisse
3303 3278 3510 3343 statuit,
3533 3293 3779 3347 prapo-

2212 3381 2377 3445 m'tur,
2404 3388 2474 3444 et,
2506 3394 2574 3431 an
2613 3376 2749 3431 velut
2791 3377 2965 3444 inepta
2993 3376 3295 3445 novitcrque
3324 3370 3551 3438 conﬁcta
3578 3384 3787 3441 repu-

2211 3469 2408 3523 dianda
2432 3484 2532 3521 non
2553 3467 2641 3531 sit,
2665 3465 3023 3519 examinatur.

2215 3560 2286 3616 Ca
2298 3558 2615 3613 rthusianus
2642 3564 2829 3611 noster
2856 3566 3181 3625 anonymus,
3203 3550 3293 3621 qui
3317 3547 3559 3605 doctoris
3580 3547 3785 3604 dam-

2145 3652 2257 3711 nati
2290 3650 2628 3723 prodigium,
2671 3649 2715 3704 si
2760 3646 2975 3718 publice
3014 3644 3221 3701 factum
3258 3642 3603 3706 adstruatur,
3656 3657 3787 3711 pro

2144 3755 2293 3800 certo
2321 3739 2516 3809 exjam
2540 3753 2682 3794 nunc
2709 3737 2867 3792 dictis
2897 3750 3004 3790 non
3035 3733 3219 3799 habet,
3243 3730 3458 3786 veritati
3488 3729 3545 3785 id
3573 3730 3784 3785 indu-

2144 3834 2232 3892 hie
2262 3846 2592 3895 consonum,
2638 3829 2716 3895 si,
2760 3843 2867 3882 non
2904 3825 3147 3896 publice,
3188 3825 3284 3879 sed
3313 3824 3454 3877 intra
3491 3822 3789 3891 privatas

2145 3923 2386 3982 defuncti
2413 3923 2558 3977 mdes
2584 3934 2770 3975 coram
2795 3919 2985 3989 paucis
3013 3918 3279 3972 duntaxat
3329 3914 3597 3969 accidisse
3644 3926 3787 3970 sta-

2148 4024 2353 4082 tuatur,
2376 4013 2697 4068 existimare
2725 4012 2968 4076 videtur;
3004 4009 3057 4063 in
3085 4008 3190 4063 hoc
3219 4017 3401 4063 autem
3432 4020 3564 4062 casu
3594 4005 3785 4062 fera-

2148 4108 2252 4163 lem
2298 4105 2615 4170 historiam,
2666 4104 2836 4158 variis
2884 4101 3193 4170 adiunctis,
3240 4114 3361 4171 qua:
3408 4097 3555 4168 apud
3606 4100 3788 4156 alios

2148 4198 2441 4267 scriptores
2470 4195 2839 4265 reperiuntur,
2865 4191 3135 4261 hujusquc
3164 4207 3230 4247 ex
3250 4191 3365 4262 jam
3396 4187 3559 4245 dictis
3588 4205 3787 4247 vero.

2150 4290 2491 4346 similitudini
2522 4289 2813 4360 plurimum
2842 4286 3114 4351 ofﬁciunt,
3146 4285 3364 4340 omissis
3390 4299 3454 4340 ac
3480 4288 3783 4351 resectis,

463 4405 483 4437 ι
520 4387 693 4443 scitur
715 4404 835 4444 esse
869 4388 1094 4454 falsum,
1138 4391 1389 4459 quamvis
1432 4390 1598 4445 etiam
1644 4391 1883 4447 nescitur
1914 4391 2043 4447 illud
2072 4409 2122 4468 ο
2152 4385 2222 4440 ita
2250 4382 2600 4454 concipienda
2625 4380 2878 4450 proponit
2904 4397 2918 4434 :
2946 4398 2963 4430 ε
2997 4379 3152 4433 Anno
3180 4377 3316 4444 1082
3335 4377 3554 4446 quidam
3582 4376 3789 4434 homo

466 4496 486 4529 ι
521 4479 991 4535 certidudiualiter
1018 4497 1138 4536 esse
1171 4498 1382 4537 verum.
1422 4501 1445 4535 ι

530 4569 654 4623 572.
699 4590 715 4623 ι
762 4572 914 4627 Vitas
939 4574 1101 4642 igitur
1124 4582 1178 4628 et
1204 4573 1469 4629 miracula
1512 4585 1849 4641 sanctorum,
1884 4576 2049 4631 visio—

462 4683 667 4739 nosque
693 4680 749 4723 et
778 4669 1044 4724 miracula
1077 4670 1560 4740 hujusmodijuxta
1593 4670 1813 4727 eﬂ‘atum
1845 4672 2049 4727 domini

463 4760 723 4815 Gcrsonis
766 4759 1036 4831 permittit
1080 4760 1322 4816 Ecclesia
1368 4762 1469 4834 legi
1506 4770 1562 4816 et
1606 4762 1751 4816 inter
1794 4762 2051 4818 veritates

466 4852 693 4923 reponit,
723 4852 774 4907 id
803 4861 906 4917 est,
932 4868 1059 4907 vera
1088 4866 1208 4908 esse
1227 4851 1438 4921 iudicat
1461 4863 1515 4909 et
1540 4870 1644 4909 non
1674 4854 1830 4921 falsa,
1862 4870 2054 4925 qnam-

465 4947 546 4999 vis
597 4962 616 4995 ι
668 4959 776 4998 non
818 4944 1177 5009 determinet,
1226 4944 1353 4999 talia
1399 4947 1465 5001 de
1496 4946 1821 5000 necessitate
1862 4945 2054 5000 salutis

471 5057 489 5089 ι
526 5053 648 5094 esse
677 5038 972 5102 credenda,
1007 5038 1133 5093 dum
1164 5038 1216 5093 in
1252 5036 1448 5094 talibus
1475 5037 1608 5093 nihil
1634 5040 1700 5093 de
1725 5039 2054 5094 certitudine

473 5152 491 5184 ι
533 5133 708 5187 scitur
758 5146 881 5187 esse
931 5131 1149 5185 falsum.
1200 5149 1218 5182 ι
1271 5131 1383 5186 lloc
1438 5140 1617 5186 autem
1674 5132 1740 5185 de
1798 5131 2054 5187 damnato

466 5222 691 5277 homine
720 5221 1045 5277 miraculum
1074 5221 1189 5278 sive
1216 5236 1303 5277 res
1344 5223 1609 5278 mirabilis
1643 5224 1709 5277 ad
1742 5222 2054 5293 Legendam

472 5314 643 5369 sancti
667 5313 941 5369 Brunonis
975 5320 1215 5383 spectat,
1242 5323 1299 5369 et
1329 5313 1543 5373 nihilin
1578 5328 1644 5369 co
1678 5331 1696 5364 ‹
1732 5312 1806 5368 De
1835 5313 2057 5368 certitu-

477 5424 495 5456 ‹
532 5405 658 5460 dine
685 5404 859 5460 Scitur
886 5419 1007 5460 esse
1042 5404 1270 5470 falsum,
1305 5404 1556 5475 quamvis
1583 5404 1748 5459 etiam
1784 5403 2060 5459 nesciatur

474 5517 498 5550 ι
537 5498 665 5552 illud
697 5499 1151 5555 certitudinaliter
1182 5510 1305 5559 esse
1334 5512 1547 5552 verum.
1582 5496 1724 5566 Ergo
1755 5493 1912 5563 juxta
1946 5510 2061 5549 ma-

476 5590 631 5662 gistri
685 5590 947 5647 Gersonis
996 5591 1270 5662 regulam,
1328 5590 1396 5642 ab
1457 5587 1700 5644 Ecclesia
1755 5597 2059 5656 receptam,

482 5704 501 5735 ι
539 5684 681 5739 inter
728 5684 991 5740 veritates
1039 5691 1123 5740 est
1172 5682 1565 5754 reponendum.
1603 5700 1622 5733 ι
1682 5679 1756 5734 lla
1802 5680 2063 5736 hactenus

2151 4475 2376 4531 scientia
2425 4480 2479 4530 et
2525 4472 2649 4527 vita:
2682 4470 2985 4541 probitate,
3026 4476 3083 4521 ut
3122 4484 3187 4523 ex
3236 4466 3449 4521 indiciis
3493 4471 3787 4526 externis

2152 4568 2482 4642 apparebat,
2514 4564 2858 4645 spectabilis,
2885 4562 3110 4618 Parisiis
3139 4560 3428 4616 defunctus
3458 4569 3581 4624 est,
3624 4568 3783 4631 qui,

2153 4678 2276 4718 cum
2307 4660 2476 4725 domi,
2503 4659 2676 4713 donec
2707 4656 2772 4710 ad
2805 4654 3093 4710 ecclesiam
3118 4651 3423 4719 efferretur,
3452 4651 3520 4705 ab
3546 4655 3784 4710 amicis

2154 4767 2343 4823 preces
2389 4764 2488 4821 pro
2534 4764 2645 4804 sua:
2692 4747 2888 4802 animae
2934 4742 3223 4813 refrigerio
3271 4742 3685 4806 funderentur,
3752 4762 3785 4801 e

2156 4843 2360 4899 feretro
2389 4850 2552 4910 caput
2582 4838 2855 4903 attollens,
2881 4851 3012 4891 voce
3044 4833 3272 4890 terribili
3315 4843 3397 4889 ter
3423 4833 3674 4903 repetita
3716 4853 3782 4891 se

2151 4934 2299 5005 justo
2329 4933 2420 4988 Dei
2446 4930 2655 5001 judicio
2701 4936 3016 4984 accusatum
3037 4969 3050 4990 ,
3091 4926 3395 4995 judicatutn
3424 4938 3486 4977 ac
3524 4927 3781 4982 tandem

2156 5028 2577 5086 condemnatum
2608 5023 2921 5079 declaravit.
2965 5020 3083 5088 Quo
3107 5019 3292 5073 audito
3322 5022 3783 5089 perterrelactus

2158 5136 2223 5176 ac
2247 5126 2604 5187 compunctus
2628 5115 2887 5185 magister
2910 5112 3088 5165 Bruno
3114 5120 3242 5165 tunc
3268 5121 3529 5178 praesens,
3559 5108 3781 5177 adjun-

2161 5214 2267 5270 ctis
2312 5211 2413 5266 sibi
2451 5208 2642 5272 sociis,
2687 5220 2916 5276 quorum
2957 5203 3176 5273 quidam
3234 5201 3410 5257 eidem
3460 5198 3778 5255 adfuerant

2161 5302 2490 5377 spectaculo,
2508 5300 2690 5357 saeculi
2709 5301 2888 5372 fugam
2909 5297 3011 5368 piis
3026 5296 3137 5351 suis
3151 5290 3626 5349 adhortationibus
3644 5308 3726 5362 pc
3736 5310 3779 5347 r.

2161 5398 2397 5455 suadens
2424 5398 2476 5451 in
2509 5396 2780 5451 desertum
2811 5391 3111 5448 Carthusize
3139 5386 3348 5459 aufugit
3368 5400 3509 5440 anno
3543 5384 3726 5440 {084.
3752 5406 3770 5438 ι

2163 5492 2241 5547 lta
2272 5489 2361 5545 ille
2385 5530 2398 5555 ,
2429 5502 2552 5543 mox
2583 5486 2746 5540 etiam
2790 5484 3064 5538 subdens:
3102 5498 3120 5532 t
3159 5479 3238 5533 lle
3276 5478 3354 5534 sic
3375 5475 3774 5542 considerata,

2167 5598 2272 5639 non
2303 5590 2387 5638 est
2412 5596 2542 5636 sane
2572 5578 2715 5649 quod
2738 5576 2860 5647 quis
2908 5575 3137 5630 miretur
3164 5571 3436 5626 silentium
3464 5576 3771 5625 auctorum

2167 5686 2506 5737 coaevorum,
2559 5670 2652 5739 qui
2708 5666 2867 5739 hujus
2919 5664 3163 5721 historiae
3211 5678 3315 5718 non
3367 5657 3751 5716 meminerunt
