3814 6306
50 362 114 420 ἥδ
490 378 496 382 .
1482 339 1682 397 ACTA.

3106 342 3213 397 2‘20

47 474 167 537 Neque
197 462 339 519 etiam
367 457 518 514 nobis
543 454 861 527 exprobrari
890 462 1102 527 potest,
1135 451 1289 523 quasi
1332 465 1531 506 novam
1563 457 1610 510 Α
1640 447 1879 503 tamiliae.
1933 446 2039 505 Sed
2071 448 2292 518 insuper
2332 457 2459 505 tunc
2492 451 2748 519 temporis
2779 449 2965 506 aberat
2994 452 3221 513 facultas

47 563 150 632 huius
167 553 361 628 prodigii
389 552 753 606 narrationem
781 548 1287 610 comminiseamur,
1316 559 1441 598 cum
1475 543 1528 597 in

46 668 84 705 ea
117 645 218 703 nihil
259 642 617 713 proferamus,
656 640 797 708 quod
851 654 957 693 non
1011 638 1153 707 apud
1204 635 1531 690 vetustiores

46 749 219 797 auctores
243 736 487 805 scriptum
518 732 844 801 reperiatur.
878 730 1079 786 Omnes
1108 727 1378 798 siquidem
1404 741 1531 780 con-

46 832 211 889 veniunt,
240 827 396 880 virum
425 824 665 887 doctum,
687 837 810 877 cum
842 820 895 875 in
924 820 1160 889 speciem
1191 818 1278 888 pie
1307 817 1532 871 vixisset

48 921 280 982 ctobiisset,
306 918 353 971 in
386 915 586 970 feretro
613 914 844 985 positum
871 922 953 968 ter
973 920 1135 981 caput
1165 909 1454 965 sustulisse
1479 917 1535 962 et

46 1013 311 1083 stupentibus,
335 1009 421 1077 qui
452 1008 701 1072 aderant,
727 1006 869 1060 trina
889 1003 1279 1059 vociferatione
1302 1018 1359 1057 se
1383 1002 1534 1055 dam-

48 1116 169 1160 natum
192 1101 531 1156 renuntiasse.

87 1196 171 1249 374.
202 1213 216 1245 t
249 1192 465 1259 Quidam
490 1189 755 1250 referunt,
786 1186 892 1242 tale
916 1185 1283 1257 spectaculum
1322 1198 1427 1238 non
1479 1183 1532 1237 in

50 1286 234 1350 Ecclesia,
270 1283 357 1338 sed
398 1284 452 1336 in
486 1282 611 1337 aula
640 1283 833 1337 domus
859 1280 1100 1349 ejusdem
1140 1278 1377 1333 defuncti
1410 1292 1537 1333 eve-

50 1382 154 1430 uisse.
190 1374 390 1441 Quidam
429 1389 539 1427 non
577 1370 747 1426 tribus
788 1372 1010 1435 diebus,
1054 1370 1146 1424 sed
1185 1369 1375 1424 eadem
1415 1368 1532 1434 die,

50 1468 253 1533 metuque
279 1464 615 1518 recitationis
639 1461 810 1518 Ofﬁcii
847 1471 1088 1531 tempore
1121 1460 1317 1514 trinam
1340 1473 1533 1513 vocem

50 1555 210 1610 raliisse.
246 1553 340 1606 Alii
379 1560 633 1615 narrant,
664 1551 890 1616 amicos,
926 1566 1030 1605 nou
1059 1564 1191 1605 vero
1231 1548 1537 1604 multitudi-

51 1663 124 1699 arta
145 1647 407 1708 hominum,
448 1653 752 1715 praesentes
796 1643 994 1707 fuisse,
1026 1643 1168 1698 inter
1208 1657 1344 1713 quos
1380 1650 1538 1697 erant

48 1737 160 1792 ano
177 1746 219 1793 et
236 1738 442 1809 quidam
469 1754 542 1793 ex
570 1738 756 1803 sociis,
780 1738 870 1807 qui
894 1753 1017 1793 eum
1042 1753 1107 1793 eo
1131 1747 1318 1809 postea
1341 1738 1537 1793 szcculo

46 1833 209 1885 nuntium
230 1833 563 1887 remiserunt.
595 1852 613 1884 ι
640 1832 764 1887 “me
787 1831 1183 1887 Caraliusianus
1207 1838 1538 1886 uosterauo-
1573 1804 1613 1862 Β

44 1940 196 1993 tomus;
219 1926 260 1981 ei
287 1934 463 1980 autem
512 1925 612 1980 hac
640 1926 691 1979 in
729 1942 788 1979 re
818 1925 931 1993 jam
961 1924 1247 1993 prie-iverat
1276 1924 1535 1979 Innocen-

48 2017 114 2066 tius
136 2013 187 2067 Le
205 2013 394 2070 Messen
427 2030 600 2085 supra
632 2015 902 2080 laudatus,
935 2015 987 2068 in
1009 2014 1219 2068 ordinis
1244 2013 1325 2067 sui
1346 2014 1527 2067 Anna-

49 2102 126 2156 lium
149 2103 255 2158 libro
284 2119 323 2168 t,
364 2119 493 2173 cap.
528 2105 582 2171 1,
615 2120 762 2159 num.
810 2107 843 2159 5
878 2113 932 2159 et
972 2119 1088 2174 seq.
1138 2104 1218 2158 sic
1248 2104 1531 2160 scribens:

50 2212 63 2239 ι
83 2193 186 2248 Circa
210 2195 475 2250 historiam
513 2195 663 2250 illam
690 2196 953 2260 doctoris,
986 2203 1045 2248 ut
1074 2194 1368 2265 vulgariter
1396 2196 1535 2250 dici-

48 2294 113 2344 tur,
134 2286 325 2340 damnati
369 2303 482 2341 non
535 2286 759 2342 modicae
805 2288 946 2341 inter
976 2286 1198 2341 criticos
1239 2299 1375 2342 ortae
1409 2296 1537 2342 sunt

48 2376 316 2441 temeritates,
365 2379 496 2433 aliis
544 2379 922 2443 verissimam,
975 2393 1095 2434 esse
1146 2380 1534 2445 asserentibus,

46 2466 121 2518 aliis
146 2465 232 2523 fere
272 2471 407 2525 inter
455 2469 636 2525 aniles
677 2470 887 2525 fabulas
942 2470 1088 2524 illam
1139 2469 1536 2533 referentibus;

46 2556 120 2609 aliis
135 2572 230 2610 vero
264 2558 588 2626 dicentibus,
632 2559 923 2625 historiam
956 2574 1139 2613 veram
1170 2560 1388 2628 quidem
1417 2575 1538 2616 esse

50 2648 80 2698 in
116 2650 395 2715 substantia,
451 2654 557 2706 sed
614 2651 781 2707 variis
835 2652 1267 2707 circumstantiis
1321 2662 1537 2707 auctam

49 2738 301 2813 fuissequae
341 2743 545 2798 fabulis
574 2759 679 2798 non
715 2753 841 2799 sunt
877 2744 1178 2799 absimiles.
1221 2743 1368 2798 Inter
1401 2759 1539 2813 quas

47 2831 201 2883 unum:
240 2834 518 2903 reponitur
564 2835 707 2889 trina
753 2834 843 2888 illa
891 2834 959 2889 ad
998 2842 1108 2889 tres
1150 2834 1267 2889 dies
1295 2833 1540 2891 diversos

50 2924 197 2977 remissa
216 2924 524 2981 deliberatio
550 2926 698 2981 circa
721 2936 920 2981 statum
947 2924 1212 2991 defuncti,
1246 2942 1346 2996 per
1372 2927 1538 2981 cada-

50 3016 138 3069 teris
166 3019 399 3073 exanimis
443 3034 548 3073 ora
587 3018 876 3074 clamantis
915 3018 1371 3090 dignosccndum,
1412 3019 1537 3074 dum

52 3105 190 3162 interim
209 3109 324 3164 hora
352 3126 598 3183 congrua
626 3119 998 3182 repeterentur
1020 3111 1362 3168 caeremoniae
1382 3111 1540 3169 fune-

53 3196 152 3261 nhs,
168 3213 432 3272 precesque
454 3218 560 3273 pro
580 3201 852 3257 defunctis
881 3205 949 3257 ab
982 3200 1225 3257 Ecclesia
1250 3202 1540 3269 institutte,

53 3298 83 3341 et
112 3291 166 3343 sic
197 3308 389 3348 nimore
427 3309 488 3351 se
527 3308 629 3363 per
675 3302 842 3348 totam
891 3293 1170 3348 civitatem
1219 3302 1538 3365 spargente,

55 3380 203 3451 quisque
220 3383 369 3440 libere
389 3393 581 3456 posset
604 3384 670 3440 ad
691 3384 1059 3455 spectaculum
1093 3383 1225 3440 illud
1252 3384 1543 3440 videndum

54 3474 271 3541 convenire,
297 3491 360 3532 ac
378 3477 424 3532 si
451 3493 524 3533 ex
566 3478 817 3533 condicto
844 3492 940 3548 per
977 3485 1088 3534 tres
1112 3476 1232 3532 illos
1254 3476 1545 3533 distinctos

53 3562 257 3629 clamores.
294 3569 418 3625 dum
456 3569 653 3626 eadem
706 3570 872 3624 verba
917 3588 937 3620 ‹
998 3568 1285 3639 Responde
1338 3568 1472 3624 milii
1521 3585 1540 3622 ι

53 3665 346 3727 repeterentur,
368 3660 687 3726 redeuntes,
712 3657 855 3714 Deus
879 3657 1156 3714 debuisset
1177 3658 1390 3729 signum
1417 3658 1547 3713 dare

54 3752 448 3809 Moscadaveris
481 3752 790 3823 loquentis,
828 3768 938 3822 quo
982 3751 1251 3823 potuisset
1290 3751 1563 3806 unanime-

54 3836 93 3888 ιδ
124 3839 413 3899 adstantibus
459 3843 535 3899 de
580 3841 820 3898 defuncti
848 3843 1196 3898 damnatione
1239 3840 1368 3896 ferri
1406 3840 1549 3910 judi-

55 3923 156 3980 cium.
178 3928 225 3983 ω
248 3940 449 3991 tentare
480 3933 655 3989 Deum
685 3932 981 3988 volentium
1008 3940 1124 3997 est,
1154 3933 1298 4002 quod
1329 3931 1451 3987 ideo
1479 3932 1548 3987 ab

54 4017 223 4091 φίεωρο
267 4040 544 4096 nunquam
593 4024 790 4080 fuisset
834 4024 1197 4094 permissum,
1230 4023 1463 4078 maxime
1492 4023 1547 4078 in

55 4106 107 4159 illa
127 4109 459 4172 florentissima
493 4116 741 4182 civitate,
776 4130 898 4186 qua:
932 4124 1009 4170 tot
1035 4114 1211 4171 doctis
1247 4124 1304 4168 et
1331 4113 1550 4184 sapien-

56 4200 141 4257 tibus
158 4205 264 4263 viris
286 4210 615 4265 abundabat.

93 4296 180 4353 375.
225 4322 241 4352 ι
272 4302 541 4374 Quidquid
578 4303 650 4358 sit
676 4301 744 4357 de
770 4302 931 4357 tertia
967 4300 1057 4355 illa
1084 4299 1375 4369 opinione,
1426 4313 1549 4369 quae

56 4388 303 4454 ἰλιιςίδὶιὶοτ
331 4398 575 4463 videtur;
608 4411 736 4452 nam
776 4394 1145 4452 abstrahendo
1176 4393 1547 4450 circumstan-

1637 549 1746 594 tam
1807 550 2057 611 prompte
2106 541 2542 596 communicandi
2608 542 2812 596 exteris
2875 544 3220 613 regionibus,

1633 631 1777 700 quod
1807 632 1861 685 in
1890 631 2068 700 aliqua
2112 632 2327 703 regione
2355 642 2646 699 evenerat;
2680 633 2866 689 deerat
2894 636 3037 689 enim
3068 652 3222 693 verc-

1634 723 1913 778 dariornm
1937 733 1989 775 et
2020 738 2301 778 cursorum
2328 724 2663 791 publicorum
2695 727 3073 792 commoditas,
3103 744 3223 798 quae

1636 822 1762 868 tunc
1791 814 1945 869 valde
1974 829 2096 869 rara
2128 824 2266 870 erat.
2319 816 2549 885 Quidqui
2574 818 2613 880 l,
2644 817 2896 886 inquam,
2931 820 3002 873 sit
3039 821 3106 874 de
3133 821 3220 874 illa

1633 906 1913 975 opinione,
1952 927 1969 959 ›
2002 918 2104 961 etc.
2140 907 2301 973 Sane,
2327 909 2370 961 si
2402 909 2705 979 prodigiosa
2729 911 2967 964 damnati
3001 912 3223 967 historia

1635 1013 1699 1052 eo
1727 999 1918 1061 modo,
1951 1014 2057 1068 quo
2088 1014 2117 1052 a
2148 999 2446 1061 nonnullis,
2479 1008 2614 1053 teste
2644 1000 2728 1053 hic
2761 1000 3033 1064 Messene,
3067 1011 3122 1055 et
3150 1004 3219 1057 ab

1638 1089 1754 1159 ipso
1802 1090 2167 1145 Carthusiano
2220 1101 2407 1144 nostro
2453 1107 2724 1162 anonymo
2765 1092 2944 1145 verbis
2983 1095 3225 1161 proxime

1638 1179 1884 1234 recitatis
1910 1182 2221 1250 exponitur,
2248 1181 2513 1236 accidisse
2542 1190 2830 1247 statuatur,
2852 1183 3021 1237 multo
3044 1184 3218 1238 minus

1640 1272 1757 1326 Ιπωο
1799 1273 2054 1336 habebit,
2102 1274 2245 1328 unde
2298 1290 2327 1328 a
2376 1275 2851 1331 verisimilitudine
2904 1277 3220 1331 abhorreat.

1640 1364 1840 1418 Verum
1872 1366 2039 1435 qureri
2065 1367 2151 1420 hic
2174 1367 2284 1436 jam
2312 1376 2507 1437 potest,
2536 1369 2709 1437 primo
2733 1370 2970 1439 quidem,
3005 1386 3072 1425 an
3104 1386 3226 1424 nar-

1638 1459 1811 1524 ratio,
1852 1473 1964 1528 qua.
2006 1476 2093 1515 res
2137 1461 2211 1515 ita
2262 1461 2403 1516 facta
2463 1465 2832 1532 perhibeatur,
2873 1482 2973 1535 pro
3016 1468 3228 1523 novitcr

1640 1549 1928 1621 inepteque
1952 1552 2185 1608 conficta
2224 1554 2409 1608 haberi
2442 1570 2547 1610 nou
2573 1556 2790 1623 delicat,
2822 1574 2916 1613 seu
2949 1561 3130 1630 potius
3157 1578 3226 1615 an

1643 1650 1697 1697 ct
1724 1643 1920 1713 quibus
1952 1655 2115 1713 queat
2146 1647 2488 1717 antiquitatis
2522 1650 2848 1704 testimoniis
2878 1651 3222 1715 c0nfirmari;

1640 1738 1879 1790 secundo
1909 1747 2113 1803 autem,
2144 1754 2211 1792 an
2240 1749 2292 1794 et
2325 1755 2485 1808 quam
2521 1740 2676 1795 fidem
2713 1752 3003 1805 mereatur,
3036 1759 3129 1799 seu
3159 1758 3228 1799 an

1642 1829 1955 1898 prodigiosa
1980 1831 2223 1886 damnati
2257 1834 2541 1898 anastasis,
2571 1844 2728 1902 prout
2759 1836 2898 1889 hanc
2928 1836 3013 1890 illa
3043 1837 3227 1903 tradit,

1640 1918 1819 1987 reipsa
1852 1920 2115 1985 evenerit,
2148 1922 2387 1991 atquein
2422 1938 2662 1978 cremum
2692 1923 2952 1980 Sanctum
2976 1938 3226 1981 nostrum

1641 2009 1935 2080 impulerit.
1966 2015 2041 2065 Ae
2072 2013 2305 2082 primum
2333 2015 2553 2082 quidem
2584 2031 2650 2069 ex
2683 2016 2768 2070 his
2797 2019 3070 2086 prrescnti,
3097 2020 3229 2072 alte-

1641 2117 1761 2155 runt
1789 2118 1918 2157 vero
1946 2105 2192 2173 sequenti
2225 2104 2252 2176 §
2289 2104 2437 2159 lubet
2486 2107 2779 2162 discutere.
2823 2107 2938 2162 Non
2984 2124 3108 2163 raro
3138 2108 3227 2172 tit,

1640 2206 1701 2249 ut
1744 2194 1883 2250 facta
1933 2195 2218 2262 historica,
2252 2199 2418 2253 etiam
2444 2212 2506 2253 ea
2538 2215 2658 2269 qua:
2686 2215 2715 2253 a
2755 2203 2970 2255 nomine
3009 2215 3231 2271 prorsus

1641 2295 1970 2343 revocantur
2002 2290 2056 2343 in
2087 2289 2342 2356 dubium,
2388 2291 2801 2362 certissimeque
2838 2293 3001 2347 etiam
3047 2294 3229 2349 locum

1641 2378 1901 2443 habuere,
1927 2379 2198 2449 adjunctis
2219 2396 2248 2434 a
2272 2381 2500 2437 veritate
2525 2382 2837 2453 longissime
2860 2383 3056 2438 alienis
3077 2400 3236 2453 pror-

1642 2486 1843 2539 susque
1870 2473 2285 2538 commentitiis,
2311 2474 2356 2529 si
2391 2476 2491 2529 rite
2517 2476 2921 2541 examinentur,
2951 2477 3232 2532 invenian-

1645 2566 1733 2614 tur
1764 2571 1978 2615 ornata.

1712 2649 1842 2705 576.
1877 2651 2076 2706 Sacros
2105 2661 2404 2725 martyrum
2447 2669 2682 2723 agones,
2715 2670 2885 2707 s:evas
2925 2670 2953 2708 a
2993 2656 3234 2725 tyrannis

1645 2740 1697 2794 in
1741 2742 1945 2796 Christi
1994 2742 2182 2798 ﬁdeles
2232 2754 2407 2799 motas
2453 2746 2886 2814 persecutiones,
2935 2749 3231 2804 commissa

1644 2831 1786 2887 inter
1816 2835 2090 2889 exercitus
2124 2836 2375 2891 inimicos
2405 2838 2611 2906 praelia,
2646 2837 2821 2893 factas
2853 2839 3066 2893 urbium
3091 2840 3232 2895 obsio

1644 2923 1867 2991 diones,
1902 2926 2123 2996 aliaque
2168 2943 2329 2997 quam
2381 2928 2642 2997 plurima,
2691 2944 2810 2999 quae
2854 2931 3051 2985 seculis
3092 2940 3241 2989 retm

1644 3016 1810 3089 lapsis
1841 3028 1990 3090 gesta
2015 3029 2162 3082 sunt,
2194 3020 2443 3075 historici
2474 3030 2584 3075 tum
2614 3022 2778 3084 sacri,
2806 3032 2915 3076 tum
2946 3022 3153 3093 profani
3178 3023 3234 3077 in

1645 3106 1857 3164 litteras
1885 3110 2102 3163 misere.
2129 3107 2330 3163 Verum
2357 3120 2491 3179 quot
2521 3111 2573 3164 lii
2599 3110 2716 3166 sive
2746 3112 2813 3164 ab
2847 3110 3234 3179 impostoribus

1646 3199 1948 3255 credulave
1971 3198 2142 3269 plebis
2167 3199 2478 3255 rumoribus
2499 3200 2732 3268 decepti,
2763 3200 2879 3254 sive
2905 3199 3069 3254 animi
3092 3214 3235 3269 pree-

1646 3289 1881 3360 posteris
1917 3286 2201 3344 affectibus
2232 3287 2481 3352 abducti,
2523 3290 2637 3343 sive
2676 3289 2910 3359 denique
2952 3289 3057 3344 alia
3100 3304 3236 3359 qua-

1647 3396 1881 3452 cumque
1910 3397 1978 3436 ex
2010 3395 2173 3437 causa
2204 3380 2259 3436 in
2287 3395 2509 3437 errores
2548 3381 2758 3454 illapsi,
2802 3397 2891 3437 res
2921 3397 3015 3437 seu
3056 3381 3235 3446 facta,

1651 3491 1773 3548 qua:
1801 3484 2058 3541 narrant,
2106 3474 2258 3531 falsis
2298 3476 2523 3531 omnino
2565 3490 2630 3530 ac
2662 3474 2923 3531 fabulosis
2962 3475 3238 3544 adjunctis

1648 3582 1755 3622 non
1778 3567 2165 3637 deturpavere!
2199 3566 2416 3623 Sancta:
2440 3566 2634 3623 Crucis
2657 3567 2919 3632 inventio,
2950 3581 3045 3637 per
3075 3565 3237 3622 Hele-

1648 3673 1797 3724 nam,
1822 3657 2168 3715 Constantini
2198 3658 2376 3730 Magni
2404 3668 2657 3724 matrem,
2685 3659 2849 3725 facta,
2880 3658 3039 3713 rebus
3066 3657 3237 3712 histo-

1653 3750 1765 3805 rica
1798 3748 1904 3805 fide
1931 3750 2099 3806 certis
2136 3750 2472 3805 accensenda
2504 3758 2618 3815 est,
2661 3750 2966 3820 litterisque
3004 3765 3033 3803 a
3067 3750 3240 3804 Ttieo-
3272 3758 3275 3763 '

1651 3843 1843 3897 doreto
1880 3842 2119 3913 primum
2158 3841 2263 3897 fuit
2299 3843 2705 3898 commendata.
2739 3841 2935 3897 Verum
2973 3840 3242 3913 figmentis

1651 3947 1816 4002 quam
1843 3931 2092 4001 plurimis
2115 3930 2460 4001 postmodum
2486 3931 2589 3985 fuit
2614 3929 2843 3994 fmdata,
2872 3931 2948 3985 uti
2979 3930 3120 4000 apud
3144 3946 3243 3986 nos

1653 4031 1785 4078 tom.
1819 4022 1837 4075 Ι
1871 4021 1995 4076 Maii
2022 4037 2144 4092 pag.
2175 4022 2282 4077 365
2305 4020 2388 4076 fas
2418 4028 2505 4076 est
2531 4021 2739 4077 videre.
2782 4020 2971 4077 Sancti
3002 4019 3242 4076 Manritii

1652 4114 2048 4184 Sociorumque
2073 4114 2430 4171 Thebanorum
2456 4113 2688 4170 militum
2720 4123 3022 4186 martyrum
3049 4113 3245 4185 glorio-

1649 4222 1770 4262 sum
1801 4222 1900 4276 pro
1929 4206 2034 4261 fide
2073 4216 2355 4262 certamen
2384 4217 2595 4262 certum
2623 4206 2845 4262 omnino
2885 4215 3049 4277 atque
3088 4207 3245 4261 indu-

1650 4300 1883 4356 bitatum
1926 4308 2031 4355 est.
2070 4296 2270 4355 Verum
2314 4299 2368 4356 id
2401 4298 2675 4369 adiunctis
2709 4299 2857 4355 falsis
2896 4314 3002 4353 non
3052 4300 3244 4371 paucis
3295 4319 3311 4333 ο

1654 4390 1889 4447 Suriana
1919 4400 2231 4447 sanctorum
2256 4390 2471 4446 illorum
2497 4398 2796 4460 martyrum
2819 4389 2952 4445 Acta
2981 4390 3244 4445 exhibent

58 4478 100 4533 tia
119 4484 342 4555 historiae,
377 4500 432 4545 et
479 4490 713 4545 dicendo
753 4501 869 4544 rem
913 4487 1071 4542 istam
1124 4485 1270 4540 inter
1306 4483 1547 4554 privatos
1580 4504 1624 4558 ι)
1653 4483 1937 4548 vestitum,
1968 4481 2044 4537 uti
2067 4521 2082 4546 ,
2114 4496 2235 4551 quae
2262 4482 2329 4535 de
2372 4481 2521 4535 hisce
2548 4481 2686 4551 apud
2719 4495 2818 4535 nos
2850 4489 2981 4535 tom.
3017 4480 3081 4536 Vl
3110 4479 3245 4551 Sep-

57 4576 215 4639 parietes
230 4581 409 4639 domus
428 4581 672 4637 defuncti
699 4580 967 4641 evenisse,
998 4577 1087 4633 ubi
1117 4586 1340 4633 sanctus
1361 4576 1547 4632 Brnno

60 4677 90 4717 et
106 4668 188 4736 eius
203 4677 317 4730 socii
341 4692 565 4745 pensum
593 4673 878 4731 charitatis
898 4673 1045 4729 circa
1073 4687 1274 4743 corpus
1295 4673 1549 4729 exanime

59 4756 149 4817 duri
177 4766 262 4824 sibi
284 4768 513 4825 defuncti
558 4768 838 4824 recitando
864 4765 1114 4821 Ofﬁcium
1165 4765 1549 4821 defunctorum

62 4853 362 4923 tmoltebant,
383 4875 491 4931 quo
516 4860 770 4922 durante,
803 4858 978 4913 tribus
1008 4856 1218 4911 vicibus
1243 4856 1545 4922 distinctis,

64 4941 163 4998 telnti
184 4962 208 5000 a
230 4965 410 5006 somno
439 4952 629 5006 mortis
656 4949 946 5021 evigilatus
968 4948 1256 5003 defunctus
1276 4947 1548 5003 horrenda

63 5043 142 5085 τωρ
157 5037 398 5107 clamavit,
426 5056 483 5098 se
505 5051 840 5106 accusatum,
876 5039 1176 5110 iudicatum
1204 5047 1260 5093 et
1291 5038 1551 5094 condem-

64 5134 198 5194 Μίκων
222 5147 467 5191 corruunt
492 5145 813 5207 argumenta
848 5133 1053 5197 omnia,
1082 5147 1202 5202 qua:
1241 5147 1305 5187 ex
1334 5132 1552 5188 silentio

67 5228 265 5281 Moram
291 5240 682 5288 coaetaneornm
710 5238 983 5301 petuntur,
1016 5228 1132 5298 qui,
1161 5225 1230 5282 de
1256 5225 1313 5282 S.
1338 5226 1553 5281 Bruno-

69 5307 120 5360 nis
146 5314 184 5366 in
207 5331 424 5376 cremum
455 5322 758 5378 Cartltusite
791 5334 1014 5376 accessu
1048 5318 1332 5388 loquentes
1354 5359 1368 5385 ,
1419 5319 1553 5373 nihil

69 5410 219 5461 Prorsus
233 5410 422 5468 referre
444 5414 700 5469 dicuntur
728 5413 795 5469 de
818 5413 906 5467 illa
936 5411 1189 5467 historia.
1227 5407 1380 5465 Licet
1406 5410 1550 5464 enim

70 5500 240 5552 attctores
263 5500 332 5556 illi
376 5506 540 5560 coaevi
581 5505 785 5561 fuerint
819 5512 1013 5560 sancto
1061 5500 1336 5567 Brnnoni,
1393 5500 1553 5556 facile

72 5575 294 5647 luitcamtn
320 5595 464 5651 illum
500 5597 801 5669 ignorasse,
845 5594 937 5666 qui
966 5593 1058 5649 diu
1084 5601 1142 5649 ει
1170 5600 1433 5663 quantum
1458 5605 1553 5663 Ρο·

73 5675 147 5741 “il.
178 5684 360 5744 silentio
398 5704 612 5761 pressus
652 5690 757 5745 fuit
803 5698 859 5744 et
903 5688 1007 5745 sub
1049 5695 1264 5743 secreto
1301 5695 1552 5741 servatus

73 5779 220 5840 ml‘ter
241 5779 481 5840 honorem
506 5793 615 5840 tum
638 5782 865 5853 insignis
891 5782 990 5837 viri
1014 5778 1274 5847 defuncti,
1300 5787 1411 5835 tum
1435 5777 1552 5847 ejus

1653 4576 1883 4632 tembris
1905 4590 2029 4647 pag.
2060 4574 2165 4630 540
2188 4583 2244 4628 et
2271 4587 2426 4643 seqq.
2456 4573 2600 4628 dicta
2621 4581 2769 4638 sunt,
2795 4571 3028 4629 dilucide
3055 4581 3243 4628 osten-

1650 4669 1802 4723 duut.
1836 4665 2000 4721 Plura
2028 4678 2135 4720 non
2164 4664 2335 4730 addo,
2369 4679 2493 4718 eum
2528 4663 2615 4717 vix
2644 4662 2942 4733 quidquam
2971 4663 3146 4734 magis
3174 4663 3247 4718 sit

1649 4758 1890 4821 obvium,
1915 4772 2079 4827 quam
2110 4771 2265 4811 veras
2290 4755 2549 4810 historias
2568 4755 2722 4811 falsTs
2747 4755 3245 4825 eommcntitiisqne

1651 4852 1922 4924 adiunctis
1952 4849 2198 4905 invenire
2224 4858 2538 4919 corruptas.
2562 4849 2743 4918 Atque
2771 4846 3030 4917 hincjam
3060 4848 3163 4913 sit,
3186 4856 3246 4903 ut

1654 4945 1706 5000 in
1738 4944 1896 4999 factis
1943 4942 2250 5008 historicis,
2292 4951 2483 4998 contra
2523 4958 2587 4997 ac
2630 4942 2908 4998 Launoius
2955 4942 3007 4997 in
3043 4958 3141 4996 sua
3168 4942 3242 4997 De

1652 5053 1778 5092 vera
1808 5052 1973 5092 causa
2002 5050 2256 5092 secessus
2283 5034 2341 5089 S.
2369 5034 2640 5089 Brunonis
2670 5037 2721 5089 in
2752 5050 2995 5088 cremum
3041 5035 3243 5089 disser-

1655 5131 1864 5186 tatione
1892 5130 2027 5196 vult,
2060 5129 2136 5183 rei
2165 5137 2332 5199 gesta:
2354 5127 2657 5183 substantia
2688 5126 2757 5182 ab
2783 5124 3022 5195 ejusdem
3052 5125 3247 5195 adjun-

1654 5223 1756 5278 ctis
1782 5223 1853 5278 sit
1874 5222 2275 5291 distinguenda,
2302 5228 2466 5290 atque
2489 5234 2593 5275 non
2624 5220 2883 5275 continuo
2905 5234 2968 5275 ex
2987 5233 3076 5282 eo,
3097 5218 3241 5287 quo]

1655 5314 1769 5369 haec
1800 5313 1929 5367 falsa
1954 5314 2059 5368 sint
2084 5353 2099 5377 ,
2135 5312 2324 5367 falsam
2356 5311 2562 5381 pariter
2588 5325 2709 5367 esse
2737 5311 2915 5375 illam,
2950 5310 3020 5365 sit
3054 5324 3246 5364 conse-

1654 5421 1845 5477 quens.
1876 5406 2030 5461 Falsa
2054 5422 2121 5461 ex
2139 5406 2254 5475 jam
2282 5405 2443 5461 dictis
2471 5413 2618 5471 sunt,
2638 5403 2836 5474 quibus
2858 5404 2998 5474 apud
3020 5401 3242 5457 Surinm

1656 5496 1758 5553 SS.
1783 5495 2136 5551 Thebaaorum
2162 5504 2464 5566 martyrum
2489 5495 2667 5566 passio
2701 5503 2948 5558 ornatur,
2973 5507 3076 5546 nou
3101 5492 3244 5549 nulla

1655 5589 1945 5659 adjuncta,
1994 5589 2220 5657 btecque
2266 5587 2620 5643 nihilominus
2663 5600 2762 5655 pro
2806 5584 3110 5639 certissima
3163 5592 3273 5667 est\

1657 5682 1907 5740 habenda

1732 5774 1859 5831 577.
1888 5772 2032 5829 Idem
2061 5771 2274 5827 obtinet
2296 5771 2350 5825 in
2378 5769 2624 5840 pluribus
2648 5768 2771 5824 aliis
2793 5768 3022 5826 aliorum
3045 5776 3250 5833 martv-
