3814 6306
596 285 700 341 227

1409 280 1468 336 S.
1511 276 1860 337 BRUNONIS
1898 266 2547 343 CARTHUSIANORUM
2592 273 3075 335 INSTITUTOBIS
3709 291 3781 349 233

595 412 720 455 rum
764 404 1040 467 ‘agontnns
1085 392 1317 465 aliisque
1362 392 1524 449 factis
1580 391 1887 455 historicis,
1940 404 2184 459 quorum
2216 398 2258 455 Α
2294 397 2465 445 tanta:
2495 389 2867 446 multitudinis
2894 390 3039 445 haud
3074 391 3289 461 capaci,
3312 392 3503 451 factum
3528 410 3652 463 esse,
3674 415 3781 457 vero.

596 489 830 563 plurima
861 503 930 544 ex
968 486 1196 544 historia
1231 496 1342 542 tum
1372 501 1557 551 sacra,
1599 494 1712 539 tum
1748 484 1972 555 profana
2008 482 2186 537 forent

597 579 900 645 eradenda,
955 579 1001 634 si
1054 579 1301 650 singula,
1357 593 1477 649 quae
1528 577 1682 633 falsis
1737 575 2186 644 commentiisque

596 671 866 740 adjttnctis
908 670 1283 735 suntvestita,
1313 669 1638 725 commentis
1664 666 1970 736 fabulisque
2010 666 2187 721 forent

595 761 937 819 accensenda
961 768 1054 815 aut
1085 770 1241 815 certo
1270 775 1368 830 pro
1396 758 1547 814 falsis
1572 758 1840 814 habenda.
1870 756 2045 826 Atque
2071 756 2187 810 haec

597 856 852 926 quidem,
895 869 1016 924 qua:
1064 854 1129 909 de
1171 852 1365 917 factis,
1400 838 1474 907 'ab
1518 851 1635 920 ipso
1678 850 1861 904 statim
1898 849 1977 903 rei
2023 855 2187 918 gestae

602 945 756 999 initio
789 950 884 997 aut
911 953 1062 999 certe
1095 959 1200 997 non
1229 943 1316 997 ditt
1350 950 1473 1012 post
1504 941 1557 995 in
1587 940 1801 997 litteras
1828 939 2011 995 missis
2039 938 2185 993 dicta

602 1036 692 1089 hic
721 1044 877 1100 sunt,
925 1035 1090 1088 multo
1134 1034 1305 1104 magis
1333 1033 1384 1086 itt
1414 1033 1511 1096 iis,
1544 1047 1663 1102 quae
1705 1031 1995 1086 traditione
2034 1030 2187 1084 dunt-

600 1136 770 1189 taxat,
799 1145 828 1181 a
864 1129 939 1182 rei
965 1136 1128 1196 gesta:
1165 1125 1374 1195 origine
1418 1140 1514 1194 per
1549 1140 1715 1177 unum
1761 1122 2062 1178 alterumve
2094 1131 2187 1178 attt

595 1219 758 1273 etiam
792 1234 887 1288 per
933 1221 1086 1288 plura
1108 1216 1300 1272 smcula
1329 1216 1586 1282 deducta,
1635 1224 1960 1280 noscuntur,
2007 1213 2183 1267 locum

601 1309 825 1366 ltabent.
870 1310 985 1365 Etsi
1017 1309 1186 1375 enim,
1220 1310 1361 1378 quod
1392 1318 1603 1377 gestum
1634 1315 1751 1371 est,
1787 1307 1854 1360 ab
1882 1306 1948 1359 iis
1968 1346 1983 1371 ,
2010 1304 2100 1374 qui
2131 1304 2185 1359 id

600 1400 688 1458 vel
715 1402 990 1463 viderunt,
1027 1399 1109 1454 vel
1143 1414 1209 1453 ex
1249 1398 1481 1454 oeulatis
1515 1398 1743 1452 testibus
1772 1396 2084 1461 audierunt,
2116 1395 2183 1450 ad

597 1490 733 1547 alios
758 1492 875 1545 viva
899 1507 1028 1546 voce
1059 1491 1372 1555 transmitti,
1397 1500 1451 1545 et
1492 1490 1561 1544 ab
1592 1490 1675 1543 his
1717 1489 1909 1545 deinde
1929 1488 1997 1543 ad
2025 1490 2181 1555 alios,

598 1585 742 1641 nulla
796 1583 939 1639 facta
1000 1584 1225 1638 notabili
1281 1584 1622 1647 mutatione,
1684 1580 1968 1651 propagari
2027 1580 2184 1636 facile

593 1684 779 1746 queat,
810 1675 927 1730 fieri
961 1684 1143 1729 tamen
1177 1675 1229 1728 id
1258 1674 1343 1727 vix
1364 1714 1376 1737 ,
1409 1688 1473 1729 ac
1504 1689 1569 1728 ne
1604 1672 1692 1726 vix
1721 1673 1940 1741 quidem
1973 1680 2179 1742 potest,

2290 481 2469 537 simile
2500 482 2643 536 haud
2673 484 3021 537 existimarit.
3048 482 3245 537 Eadem
3269 482 3403 540 forte
3420 486 3481 541 de
3501 502 3643 545 causa
3660 494 3778 548 etiam

2292 569 2495 625 factum
2522 570 2720 635 fuerit,
2745 580 2834 637 ut,
2864 579 2975 626 tres
3006 571 3247 626 damnati
3278 573 3684 643 vociferationes,
3708 598 3781 639 non

2291 663 2463 717 tribus
2490 663 2680 717 diebus
2712 663 2970 728 diversis,
3007 664 3101 718 sed
3133 679 3240 720 uno
3268 666 3548 736 eodemque
3583 671 3781 739 rediisse,

2291 757 2567 811 memoriae
2594 755 2935 825 prodiderint
2963 757 3237 823 nonnulli,
3264 774 3484 829 quorum
3514 760 3652 818 Sutor
3675 765 3743 820 lib.
3769 784 3781 823 t

2288 847 2364 902 De
2386 848 2495 903 vita
2525 848 2908 915 Carthusiana,
2942 857 3102 904 tract.
3138 864 3199 915 tt,
3224 865 3342 921 cap.
3370 852 3424 916 ἰ,
3447 855 3679 911 meminit.

2361 940 2486 995 579.
2544 932 2824 1007 Et’vero,
2881 957 3006 996 cum
3063 942 3387 999 horrendum
3431 946 3715 1017 prodigium,
3752 950 3782 1006 si

2289 1047 2527 1101 unquam
2579 1031 2754 1086 locum
2800 1032 3022 1099 habuit,
3083 1033 3149 1087 ad
3196 1050 3511 1106 anonymum
3547 1039 3777 1107 primorum

2290 1126 2532 1194 quinque
2558 1122 2860 1180 Carthnsice
2896 1125 3137 1194 priorum
3170 1124 3417 1182 Chronici
3445 1141 3684 1184 auctorem
3709 1139 3782 1185 tta.

2287 1217 2518 1280 ditione,
2554 1218 2607 1273 in
2639 1220 2936 1289 adjunrtis,
2972 1230 3032 1276 ut
3081 1222 3317 1286 dictum,
3356 1222 3699 1278 verosimiliter
3732 1226 3782 1281 vis

2290 1309 2452 1376 tiata,
2496 1312 2837 1380 pervenerit,
2889 1312 2965 1367 illi
3005 1327 3171 1380 sane,
3221 1314 3362 1382 quod
3397 1314 3448 1369 in
3491 1314 3621 1369 hisce
3651 1315 3782 1372 minus

2287 1401 2594 1457 verosimile
2637 1402 2955 1471 videbatur,
3004 1413 3309 1468 mutantes,
3361 1404 3565 1459 infausti
3604 1406 3782 1461 doctoris

2285 1491 2798 1560 vociferationibus,
2831 1510 2936 1550 non
2973 1496 3088 1552 dies
3118 1496 3360 1550 diversos
3390 1503 3511 1560 tres,
3535 1505 3591 1550 ut
3615 1496 3699 1560 ille,
3720 1497 3782 1552 sed

2286 1600 2451 1639 unum
2530 1586 2798 1641 duntaxat
2849 1602 2958 1642 non
3011 1588 3193 1659 inepte
3248 1588 3542 1658 assignasse
3582 1587 3782 1653 videntur,

2286 1674 2524 1732 maxime
2569 1691 2693 1732 cura
2747 1678 3079 1734 narrationis
3123 1678 3425 1734 substantia
3465 1680 3569 1735 sive
3594 1694 3683 1734 uno
3707 1680 3782 1736 sive

593 1768 640 1837 si
688 1784 775 1823 res
819 1784 915 1837 per
946 1783 1109 1821 uttttm
1162 1764 1393 1835 amplius
1417 1764 1671 1820 saeculum
1715 1764 1783 1818 ad
1831 1762 1966 1818 alios
2015 1773 2181 1834 atque
2217 1744 2260 1800 Β
2291 1768 2465 1823 tribus
2493 1767 2686 1824 diebus
2713 1768 2943 1826 diversis
2978 1780 3089 1827 tres
3117 1771 3225 1827 illa:
3256 1771 3645 1827 vociferationes
3670 1772 3782 1826 facta

593 1860 734 1916 alios
765 1861 1022 1915 continua
1053 1859 1367 1921 traditione,
1397 1858 1542 1911 nullo
1570 1856 1854 1926 scripturae
1884 1856 2185 1911 munimine

598 1954 832 2019 firmata,
871 1954 1333 2008 transmittuntur.
1376 1947 1494 2005 Jam
1544 1965 1712 2015 vero,
1764 1965 1887 2003 cum
1917 1964 1983 2003 ex
2020 1963 2184 2019 supra

599 2045 762 2100 dictis
800 2046 1108 2115 prodigiosa
1156 2044 1394 2100 doctoris
1434 2042 1759 2097 Parisiensis
1802 2041 2099 2107 anastasis,
2137 2040 2185 2095 si

593 2134 772 2191 locum
805 2151 1039 2207 unquam
1065 2136 1270 2203 habuit,
1300 2143 1514 2189 centum
1539 2133 1772 2203 amplius
1825 2134 2001 2199 annis,
2037 2142 2187 2188 ante-

595 2243 757 2300 quam
781 2229 973 2291 litteris
1000 2228 1161 2284 fuerit
1184 2230 1461 2293 mandata,
1486 2227 1797 2296 contigerit,
1832 2228 2027 2280 mirum
2057 2238 2187 2279 sane

586 2321 791 2389 fuerit,
829 2324 882 2378 ιιί
918 2323 1144 2378 multum
1177 2322 1393 2384 vitiata,
1434 2328 1752 2390 mutataque
1789 2321 1839 2373 in
1882 2319 2182 2387 adjunctis,

597 2432 725 2490 quae
754 2430 871 2471 eam
918 2416 1173 2470 comitata
1224 2412 1365 2476 sint,
1402 2414 1468 2466 ad
1516 2426 1845 2482 anonytnum
1884 2412 2184 2481 primorum

597 2509 839 2580 quinque
880 2507 1182 2563 Carthnsia:
1212 2509 1452 2576 priorum
1475 2505 1727 2559 (λιιι-οιιίςί
1758 2513 2060 2566 auctorem,
2093 2504 2182 2574 qui

594 2601 806 2673 primus
828 2616 948 2655 eam
978 2599 1029 2653 in
1064 2599 1273 2653 litteras
1300 2598 1469 2661 misit,
1500 2588 1828 2667 pervenerit.
1859 2597 2034 2667 Atque
2061 2596 2187 2652 hinc

588 2690 703 2761 jam
730 2690 826 2753 sit,
851 2689 1147 2744 tttdttbium
1176 2688 1464 2742 admodum
1491 2688 1581 2753 sit,
1608 2703 1674 2740 an
1706 2687 1750 2742 is
1782 2688 2035 2756 scriptor,
2058 2688 2184 2741 dato

590 2781 781 2846 etiam,
813 2766 1116 2852 prodigium
1150 2781 1330 2850 reipsa
1354 2780 1624 2844 evenisse,
1649 2779 1800 2833 falsis
1831 2780 1883 2833 id
1914 2779 2185 2849 adjunrtis

592 2888 700 2928 non
729 2873 997 2935 vestierit,
1035 2888 1156 2943 qute
1182 2872 1478 2926 traditione
1507 2871 1559 2925 itt
1594 2871 1744 2926 hisce
1768 2880 2023 2939 corrupta
2047 2870 2187 2925 didi-

590 2963 752 3020 cerit.
797 2963 898 3030 Qui
938 2964 1137 3019 factum
1172 2963 1223 3017 id
1266 2978 1387 3018 esse
1423 2972 1610 3033 queat,
1649 2979 1882 3033 expono.
1918 2962 2182 3018 llorrendi

2288 1868 2627 1929 statuantur,
2659 1860 2868 1933 integra
2901 1873 3157 1929 maneat,
3189 1872 3354 1935 atque
3378 1864 3564 1930 illmsa,
3589 1864 3654 1920 uti
3677 1879 3782 1921 num.

2288 1952 2617 2021 prmcedenti
2667 1954 2810 2008 dicta
2861 1955 3228 2010 consideranti
3277 1956 3489 2027 patebit.
3531 1954 3635 2012 Jam
3675 1971 3782 2023 vero,

2287 2059 2411 2097 cum
2460 2044 2513 2097 id
2565 2043 2637 2098 ita
2688 2045 2793 2112 sit,
2841 2046 3317 2118 verosimiliusque
3364 2048 3524 2103 etiam
3570 2056 3782 2118 appareat,

2286 2134 2620 2189 hot‘rcndutn
2664 2138 3003 2207 prodigium,
3054 2139 3100 2194 si
3131 2155 3367 2210 unquam
3411 2139 3672 2203 acciderit,
3716 2153 3782 2193 aut

2286 2224 2505 2294 publice
2550 2241 2734 2280 coram
2785 2227 3067 2283 innumera
3120 2229 3304 2299 populi
3355 2228 3687 2293 multitudine,
3726 2230 3782 2284 sed

2287 2314 2427 2370 intra
2466 2315 2707 2387 privatos
2752 2319 2945 2375 domus
2982 2319 3224 2377 defuncti
3263 2322 3521 2391 parietes.
3550 2322 3704 2390 paucis
3724 2322 3782 2374 ad.

2287 2409 2591 2475 Slnnliltlls,
2635 2410 2883 2467 evenisse
2902 2451 2917 2477 ,
2944 2427 3045 2468 nec
3074 2411 3118 2468 is
3144 2428 3308 2477 sane,
3333 2415 3424 2483 qui
3451 2412 3571 2468 illud
3596 2421 3642 2466 et
3666 2420 3782 2483 poste

2290 2498 2421 2553 riori
2452 2500 2555 2555 hoc
2583 2501 2742 2555 modo
2772 2508 2828 2556 et
2860 2516 2969 2558 uno
2991 2503 3293 2575 eodemque
3315 2504 3400 2559 die
3436 2502 3619 2558 factum
3644 2511 3782 2557 statua

2288 2589 2381 2655 rit,
2414 2591 2595 2660 inepte
2623 2590 2868 2649 facturus
2896 2594 3131 2661 videtur,
3177 2597 3413 2650 maxime
3450 2611 3562 2649 cum
3591 2609 3677 2649 nec
3706 2593 3782 2647 hint

2288 2684 2614 2737 narrationis
2653 2684 2957 2739 substantia
3006 2701 3159 2740 num.
3212 2688 3527 2757 praecedenti
3575 2687 3782 2755 assignat:

2288 2776 2535 2832 ltedatur.
2568 2778 2768 2833 Verum
2796 2796 2976 2835 nonne
3002 2780 3198 2835 saltem
3225 2783 3305 2836 sic
3345 2781 3550 2836 noviter
3573 2779 3681 2849 quid
3705 2790 3781 2831 con

2290 2868 2471 2923 fictum
2499 2870 2776 2926 attulerit?
2802 2871 2909 2927 Nec
2942 2873 3041 2927 hoc
3065 2887 3129 2927 ex
3167 2874 3377 2943 capite,
3405 2882 3461 2928 ut
3487 2878 3696 2943 apparet,
3714 2866 3782 2935 ejttt

2287 2957 2450 3015 fuerit
2501 2964 2835 3033 repudianda
2889 2965 3154 3021 narratio.
3214 2964 3454 3020 Fuerunt
3503 2964 3635 3019 enim
3674 2961 3781 3016 etiatt

605 3055 751 3112 illius
778 3066 1003 3112 eventus
1040 3056 1345 3111 substantia
1386 3056 1437 3109 itt
1464 3069 1530 3110 eo
1558 3054 1716 3109 unice
1755 3054 1968 3109 videtur
2002 3053 2185 3109 consi-
2213 3091 2257 3153 C
2290 3053 2530 3123 antiqui,
2562 3053 2653 3122 qui
2686 3054 2927 3109 damnati
2960 3054 3381 3111 vociferationes
3412 3064 3517 3109 tres
3544 3053 3781 3108 diversase

590 3157 764 3211 stere,
795 3149 939 3219 quod
972 3148 1262 3203 defunctus
1283 3188 1297 3212 ,
1331 3147 1421 3216 qui
1465 3146 1553 3217 pie
1588 3145 1641 3199 in
1672 3145 1907 3215 speciem
1939 3144 2181 3208 vixerat,

585 3238 736 3311 justo
765 3240 856 3294 Dei
878 3240 1084 3307 judicio
1128 3255 1187 3293 se
1213 3245 1529 3293 accuSattttn
1550 3277 1565 3300 ,
1590 3234 1889 3302 iudicatum
1908 3275 1922 3295 .
1964 3250 2029 3288 ac
2055 3250 2187 3289 con-

590 3328 904 3384 demnatum
934 3328 1075 3382 tritta
1100 3327 1301 3382 emissa
1326 3342 1356 3381 e
1384 3325 1602 3385 feretro,
1638 3324 1691 3378 itt
1716 3339 1823 3393 quo
1837 3321 1950 3391 jam
1976 3325 2183 3392 positus

588 3430 731 3483 erat,
764 3432 896 3474 voce
917 3459 932 3483 ,
963 3418 1310 3473 adstantibus
1339 3416 1660 3479 declaravit;
1692 3415 1831 3469 unde
1860 3414 2061 3469 factum
2081 3455 2095 3476 ,
2124 3423 2182 3469 ut

585 3514 655 3570 S.
682 3513 882 3577 Bruno,
913 3512 1004 3583 qui
1035 3512 1257 3576 aderat,
1286 3508 1535 3566 horribili
1565 3519 1764 3563 eventu
1798 3518 2176 3579 compunctus,

592 3605 648 3661 in
678 3620 922 3659 eremum
954 3604 1265 3659 secesserit.

663 3698 787 3753 578.
815 3697 955 3764 Quid
1000 3696 1044 3751 si
1087 3711 1217 3768 ergo
1250 3700 1390 3751 hanc
1414 3694 1699 3751 historiam
1722 3734 1737 3761 ,
1772 3694 2024 3750 omnibus
2062 3692 2179 3749 fere

595 3789 868 3859 adjunctis
901 3788 1184 3853 nudatam,
1207 3787 1430 3857 quidam
1465 3788 1726 3858 temporis
1757 3786 1933 3856 lapsu,
1958 3799 2065 3857 quo
2088 3784 2179 3855 qui

590 3880 903 3943 accidisset,
929 3889 1285 3950 exponerent,
1311 3879 1584 3947 adjunctis
1607 3894 1705 3950 pro
1727 3878 1953 3934 arbitrio
1976 3894 2180 3933 assum-

588 3974 732 4047 ptis,
763 3975 899 4031 iisve
966 3990 1088 4045 qua:
1129 3990 1259 4030 vero
1307 3974 1480 4043 magis
1519 3974 1905 4029 existimabant
1945 3972 2176 4037 similia,

588 4065 872 4131 ornarint,
921 4067 1145 4134 hmcque
1175 4065 1371 4120 deinde
1417 4065 1490 4118 ita
1521 4072 1711 4119 ornata
1743 4064 1807 4117 ad
1849 4078 2175 4134 anonymntn

586 4160 838 4234 proxime
878 4159 1156 4213 laudatum
1184 4144 1534 4228 pervenerit?
1562 4157 1705 4211 Fieri
1738 4171 1870 4211 sane
1898 4172 2003 4210 non
2037 4171 2175 4209 nun.

510 4264 523 4273 ‘
586 4265 774 4325 quam,
822 4261 881 4308 ut
922 4251 1216 4321 scriptores
1259 4264 1377 4315 res,
1413 4264 1550 4317 quas
1588 4247 1860 4317 adjunctis
1890 4247 2176 4303 destitutas

586 4343 891 4409 inveniunt,
916 4341 1185 4413 adjttnctis
1210 4339 1613 4396 verosimilibus
1642 4355 1740 4411 pro
1762 4338 1992 4395 arbitrio
2017 4353 2174 4393 exor-

2290 3159 2399 3199 uno
2428 3146 2728 3214 eodemque
2752 3146 2860 3209 die,
2894 3156 2947 3200 et
2978 3146 3119 3200 intra
3146 3148 3389 3217 privatos
3408 3145 3589 3199 domus
3613 3140 3781 3197 defunct

2287 3238 2528 3307 parietes
2559 3237 2837 3300 evenisse,
2868 3237 3241 3292 crediderunt.
3273 3236 3378 3294 Fas
3406 3244 3487 3291 est
3530 3234 3578 3288 id
3605 3231 3782 3301 colligen

2284 3346 2351 3385 ex
2377 3341 2621 3392 auctore,
2646 3331 2737 3400 qui
2784 3329 3280 3393 Commentarium.
3312 3345 3470 3401 quem
3511 3328 3581 3383 De
3622 3333 3781 3394 quatuo

2282 3422 2522 3492 paradisi
2550 3420 2866 3477 fluminibus
2887 3422 2952 3475 ad
2976 3423 3314 3493 purgandant
3354 3421 3544 3475 anima:
3577 3418 3782 3473 civitaten

2283 3516 2597 3587 inscripsit,
2659 3531 2911 3571 sermone
2960 3516 3173 3571 Gallico
3227 3515 3523 3571 contexuit.
3570 3511 3715 3578 llnjus
3753 3502 3781 3558 dt

2282 3609 2540 3665 ‘damnato
2564 3608 2783 3663 doctore
2803 3608 3193 3673 narrationem,
3222 3608 3411 3663 Latine
3437 3623 3466 3661 a
3490 3621 3547 3661 se
3570 3601 3782 3659 redditam

2283 3701 2558 3757 Launoius
2590 3702 2643 3755 in
2686 3716 2783 3755 sua
2842 3702 2917 3754 De
2953 3715 3081 3755 vera
3129 3715 3296 3758 causa
3328 3715 3565 3757 secessus
3610 3695 3660 3751 S.
3703 3694 3782 3748 Bru

2281 3791 2441 3847 nonis
2476 3792 2528 3845 in
2582 3805 2823 3846 erentttm
2845 3791 3231 3847 dissertatione
3279 3807 3398 3860 cap.
3421 3791 3456 3844 2
3487 3787 3782 3846 recitat,eam

2282 3883 2516 3954 demque
2567 3883 2764 3937 deinde
2816 3883 2869 3936 in
2926 3882 3219 3938 Annalium
3277 3882 3482 3939 ordinis
3529 3881 3604 3936 sui
3653 3878 3782 3932 libum

2280 3986 2535 4043 quartum
2569 3976 2831 4030 hactenus
2864 3990 2969 4028 non
3001 3974 3280 4044 vulgatum
3310 3987 3555 4030 sermone
3591 3980 3688 4026 tum
3712 3963 3782 4021 Gal

2280 4066 2407 4129 lico,
2437 4080 2543 4135 quo
2574 4066 2827 4135 primitus
2858 4066 2957 4119 fuit
2981 4067 3317 4137 conscripta,
3348 4076 3456 4122 tum
3477 4066 3630 4122 etiam
3655 4061 3781 4117 Latin

2279 4157 2457 4212 intulit
2484 4156 2877 4212 Carthttsianus
2906 4166 3087 4211 noster
3111 4174 3435 4231 anonymus.

2346 4249 2470 4305 580.
2523 4248 2700 4318 Atque
2749 4250 2835 4303 hic
2863 4249 3082 4319 quidem
3125 4250 3178 4304 id
3230 4250 3507 4314 facturus,
3549 4248 3611 4301 de
3634 4250 3782 4298 auctor

2278 4341 2406 4395 dicti
2448 4341 2870 4405 Comtnentarii,
2904 4341 2998 4411 qtti
3046 4343 3099 4395 in
3136 4340 3466 4398 Parisiensis
3501 4335 3705 4410 prozligii
3737 4328 3782 4385 ad

586 4442 751 4499 nent,
780 4442 874 4488 aut
900 4433 1064 4489 etiam
1095 4432 1400 4502 adjunctis,
1430 4431 1628 4502 quibus
1655 4445 1750 4486 eas
1774 4430 1996 4485 vestitas
2021 4431 2171 4486 inve-
2206 4441 2251 4496 1)
2271 4432 2475 4503 junctis
2516 4430 2586 4484 ab
2623 4446 2894 4504 anonymo
2937 4433 3237 4502 primorum
3280 4435 3518 4505 quinque
3557 4422 3781 4487 Cartbusil

588 4522 767 4589 niunt,
794 4539 931 4578 nova
961 4523 1088 4589 alia,
1118 4538 1240 4594 quae
1269 4523 1663 4578 verosimiliora
1696 4531 1945 4589 censent,
1975 4521 2177 4577 substi-

590 4621 781 4675 tuant,
825 4623 1142 4684 argumento
1189 4627 1310 4668 esse
1354 4621 1534 4683 potest
1576 4613 1626 4667 itt
1664 4614 1769 4667 hac
1816 4613 1963 4681 ipsa,
2010 4628 2172 4682 qttatn

589 4714 920 4766 traCtamtts,
963 4704 1190 4757 materia
1222 4702 1701 4774 Chronographus
1736 4702 2171 4769 Carthusiensis,

590 4811 742 4851 num.
782 4793 891 4848 205
922 4805 1257 4847 memoratus
1278 4833 1292 4857 ,
1323 4793 1414 4862 qtti
1459 4793 1560 4848 sub
1606 4793 1845 4847 Elizario
1871 4791 2174 4847 Carthusie

587 4885 770 4957 priore
796 4883 992 4939 saeculo
1022 4892 1218 4952 quarto
1253 4883 1466 4938 decimo
1499 4883 1700 4937 floruit.
1734 4882 1834 4939 llic
1865 4884 2009 4939 enim
2038 4885 2173 4952 etsi,

588 4991 752 5047 quam
773 4974 914 5046 apud
934 4988 1260 5044 anonytnum
1285 4974 1581 5043 primorum
1604 4973 1846 5043 quinque
1872 4973 2175 5029 Carthasim

586 5067 828 5139 priorum
872 5064 1125 5120 Cltronici
1155 5048 1432 5118 auctorem
1463 5064 1783 5125 invenerat,
1812 5062 2077 5132 integram
2107 5064 2174 5118 de

587 5159 845 5214 damnato
868 5155 1092 5210 doctore
1122 5156 1494 5209 narrationem
1524 5154 1815 5222 adoptarit,
1847 5154 2172 5209 horrendam

589 5238 770 5309 tamen
815 5248 1122 5315 historiam,
1152 5264 1318 5318 quam
1350 5262 1659 5319 attonytnus
1689 5247 1744 5300 in
1786 5246 1905 5301 aula
1936 5248 2171 5303 del‘ttnCti

591 5346 888 5417 contigisse
935 5342 1137 5410 refert,
1168 5343 1222 5397 in
1254 5341 1500 5397 Ecclesia
1538 5341 1736 5397 factam
1778 5341 2001 5407 scribit;
2037 5342 2177 5397 hanc

589 5450 804 5503 autem,
846 5447 1111 5507 quantum
1164 5437 1397 5507 opinor,
1448 5438 1502 5492 in
1554 5435 1812 5506 anonymi
1864 5434 2175 5489 narratione

588 5531 943 5587 mutationem
1002 5528 1207 5585 idcirco
1260 5527 1490 5592 fecerit,
1546 5526 1690 5598 quod
1743 5527 1831 5582 hic
1883 5528 1952 5583 ad
2004 5525 2174 5583 ferale

589 5620 956 5693 spectaculum
990 5628 1153 5677 totam
1187 5620 1300 5676 fere
1326 5619 1696 5675 Parisiensem
1742 5618 2021 5693 civitatem
2048 5634 2176 5675 cono

559 5713 805 5770 evenisse
842 5713 1039 5779 tradat,
1074 5712 1270 5782 illeque
1297 5712 1401 5769 hoc
1431 5712 1484 5767 in
1517 5711 1636 5767 aula
1677 5711 1947 5779 defuncti,
1979 5719 2171 5782 utpote

2279 4522 2521 4592 priorum
2552 4522 2807 4577 Chronici
2830 4531 3055 4579 auctore
3075 4525 3341 4587 dissonat,
3368 4525 3509 4578 hunc
3523 4519 3748 4592 praefatur
3770 4513 3781 4566 ί

2277 4616 2496 4669 modum
2541 4632 2554 4668 :
2594 4632 2612 4666 t
2658 4615 2757 4669 llic
2791 4625 2875 4670 est
2920 4625 3112 4671 auctor
3162 4616 3515 4687 manuscripli
3551 4609 3731 4669 codicis
3768 4604 3781 4658 i

2279 4707 2596 4763 membrana
2624 4708 2849 4775 caprina
2880 4708 3201 4763 charactere
3235 4718 3290 4764 et
3327 4710 3465 4780 stylo
3497 4695 3781 4763 obsoletis,i

2277 4800 2503 4855 archivo
2542 4800 2918 4856 Castellionete
2965 4800 3185 4856 familia:
3233 4802 3435 4871 reperti
3482 4808 3534 4855 et
3573 4803 3622 4851 in
3662 4789 3781 4848 biblit

2281 4894 2435 4949 theca
2476 4892 2687 4963 collegii
2721 4894 3011 4950 Societatis
3037 4894 3164 4950 Jesu
3203 4895 3461 4951 Metensis
3497 4893 3648 4949 modo
3672 4896 3782 4941 esset

2277 4988 2418 5052 vati,
2452 4988 2507 5041 in
2537 5003 2644 5056 quo
2691 4988 2925 5042 habetur
2965 4990 3190 5043 historia
3232 4991 3320 5043 illa
3373 4988 3576 5043 Gallico
3604 4992 3782 5036 sermon

2277 5077 2618 5146 conscripta:
2635 5076 2761 5147 Ejus
2784 5093 2910 5132 vero
2932 5078 3254 5149 scriptorem
3280 5078 3424 5133 inter
3443 5071 3781 5133 Carthusiense

2278 5183 2648 5231 rccensemus,
2679 5169 2822 5238 quod
2859 5173 3182 5239 profiteatur
3207 5180 3375 5226 totam
3407 5184 3555 5224 suam
3585 5158 3782 5220 narratio

2277 5274 2401 5313 nent
2433 5274 2463 5312 a
2496 5260 2784 5330 grandaeva
2814 5261 3244 5330 gravissimoque
3286 5260 3458 5315 nostri
3500 5254 3691 5313 ordinis
3724 5259 3782 5301 m'.

2279 5353 2454 5407 nacho
2484 5353 2778 5421 accepisse.
2826 5353 3084 5411 Codicem
3123 5369 3230 5409 non
3263 5352 3522 5414 vidimus,
3562 5349 3650 5404 sed
3675 5358 3731 5398 ex
3763 5352 3782 5389 ε

2278 5452 2703 5514 transsumptttm
2752 5444 2913 5515 hujus
2959 5445 3198 5501 historice
3239 5442 3640 5501 testimonium.
3684 5446 3781 5504 ρτοῑ

2277 5550 2307 5590 a
2341 5534 2414 5602 Β,
2442 5534 2501 5589 Ρ.
2531 5534 2762 5590 Claudio
2790 5534 3003 5590 Tifanio
3035 5536 3327 5593 Societatis
3356 5534 3481 5590 Jesu
3500 5574 3513 5597 ,
3542 5522 3782 5596 Campani:

2278 5625 2575 5696 provinciae
2604 5627 2912 5695 praeposito.
2939 5636 2992 5682 et
3019 5627 3301 5697 collegium
3333 5625 3565 5680 Metense
3585 5620 3781 5675 lustrant

2277 5729 2421 5770 anno
2468 5714 2607 5769 1659
2655 5715 2879 5770 missum
2918 5715 3015 5771 fuit
3067 5718 3135 5772 ad
3175 5715 3237 5770 ν.
3272 5714 3330 5769 P.
3364 5714 3604 5771 Carolum
3641 5709 3685 5762 le
3709 5703 3782 5759 Brt
