3814 6306
163 288 251 349 129

1658 284 1859 343 ACTA.

3281 303 3386 359 250

163 401 420 465 car-thasiae
468 390 794 457 Montisbei
855 398 1128 469 priorem,
1178 394 1268 452 hic
1319 396 1385 452 de
1430 396 1594 453 verbo
1633 412 1699 451 ao
1730 410 1777 463 Α
1803 398 2036 456 nationis
2056 401 2391 456 evadendum
2422 404 2610 460 mundi
2638 410 3107 467 conversationem
3144 415 3378 472 dei-eli..-

162 496 382 559 verbum,
409 508 478 548 ne
510 492 664 563 apice
705 492 924 561 quidem
952 487 1351 560 praetermisso,
1378 495 1474 543 aut
1502 487 1697 543 immu-

162 596 267 651 tate,
292 584 637 655 subjicitnus,
664 590 723 637 ut
756 582 822 638 de
853 582 971 653 ejus
1001 580 1358 649 antiquitate,
1402 587 1458 634 et
1500 579 1697 635 nostris

160 682 203 738 in
241 678 355 734 illud
405 676 553 732 notis
598 674 772 731 lector
815 674 1001 730 sanius
1045 673 1353 742 certiusque
1393 669 1618 741 judicet.
1669 690 1689 724 ι

162 770 327 826 Deinde
348 781 479 823 vero
513 776 830 835 conceptam
876 763 1056 819 verbis
1095 762 1317 819 Gallicis
1347 762 1414 818 de
1441 762 1698 816 damnato

159 864 341 918 doctore
363 857 757 923 narrationem,
786 856 977 911 Latina
1006 856 1171 911 etiam
1210 853 1371 924 hujus
1395 852 1604 922 adjecta
1631 854 1696 909 ad

162 952 323 1008 calcent
354 948 843 1019 interpretatione,
863 946 1197 1001 transcribit.
1222 943 1373 999 llanc
1400 945 1568 1000 solam
1592 944 1698 999 huc

161 1042 459 1100 transtulisse
484 1044 554 1097 ad
586 1042 894 1097 institutum
941 1056 1120 1095 meum
1175 1039 1470 1096 suffecerit.
1510 1039 1697 1109 Itaque

159 1140 218 1195 sic
241 1137 419 1194 habet:
447 1156 467 1187 ι
496 1133 788 1199 Narratur,
815 1134 1104 1204 quemdam
1132 1131 1356 1188 Parisiis
1379 1133 1696 1204 magistrum

157 1229 405 1293 exstitisse,
429 1228 522 1298 qui
546 1242 736 1282 omnes
763 1227 896 1284 alios
928 1226 1072 1283 illius
1114 1226 1371 1296 temporis
1404 1225 1695 1296 magistros

158 1320 332 1391 ingenio
356 1328 417 1374 et
441 1318 672 1375 scientia
702 1318 1011 1387 superabat.
1042 1317 1170 1383 llic,
1204 1326 1365 1388 prout
1401 1316 1697 1387 apparebat

156 1413 369 1475 exterius,
394 1413 642 1468 honestae
663 1419 781 1464 erat
816 1409 1268 1475 conversationis,
1292 1425 1394 1465 nec
1426 1408 1477 1462 in
1505 1423 1571 1464 eo
1605 1407 1695 1462 ulli

158 1502 656 1573 deprehendebantur
682 1500 922 1570 perversi
965 1513 1143 1555 mores
1160 1539 1176 1565 ,
1199 1509 1291 1554 aut
1318 1500 1695 1569 quodcumque

158 1606 276 1665 turpe
312 1595 527 1656 vitium,
561 1593 667 1648 nisi
712 1594 851 1648 forte
884 1593 1095 1646 vanitas
1119 1591 1189 1646 ob
1222 1593 1486 1662 insignem
1518 1591 1695 1646 scien—

159 1686 255 1739 tiam
284 1694 332 1740 et
352 1683 611 1737 eximium
638 1681 924 1753 judicium,
948 1679 1144 1751 quibus
1174 1693 1204 1735 a
1228 1678 1457 1734 Domino
1480 1679 1696 1750 egregie

1800 506 1985 561 quere,
2014 492 2145 547 etin
2172 492 2463 551 solitudine
2487 496 2683 552 duram
2708 512 2773 554 ac
2796 514 3043 556 severam
3074 506 3197 560 vitae
3226 510 3385 566 ratio-

1799 599 1921 640 nem
1945 585 2223 654 suscipere
2248 593 2302 641 et
2324 585 2498 643 obire.
2900 579 2921 587 ”
2940 580 2973 587 ’”
3034 588 3037 592 ’

1869 675 1994 731 382.
2024 694 2043 729 ο
2071 677 2262 733 Divino
2281 679 2444 749 igitur
2457 682 2712 738 concitati
2731 683 2996 755 spirituin
3012 686 3379 763 Burgundiam

1797 767 1865 823 ad
1896 766 2071 822 locum
2096 769 2369 833 desertum
2400 778 2456 825 et
2493 773 2787 842 incultmn,
2819 779 3202 851 montibusque
3237 784 3381 839 obsi-

1801 865 1913 912 tum
1971 869 2347 927 perrexerunt,
2405 860 2497 915 ubi
2557 864 2697 919 inter
2747 876 2987 935 montes,
3054 875 3382 929 constructis

1798 947 2034 1011 cellulis,
2074 947 2323 1019 religiose
2349 950 2636 1009 admodum
2681 965 2735 1010 et
2759 967 2976 1013 austere
3006 958 3274 1016 vixerunt.
3313 963 3382 1018 Et

1798 1037 1877 1092 sic
1902 1053 1998 1109 per
2024 1038 2122 1093 hos
2141 1040 2286 1095 viros
2310 1050 2420 1097 tres
2447 1055 2686 1109 sanctos,
2714 1055 2767 1101 et
2794 1063 2908 1113 eos,
2935 1051 3049 1119 qui,
3073 1053 3377 1122 exemplum

1798 1128 2013 1184 illorttm
2041 1132 2233 1198 secuti,
2265 1133 2408 1187 idem
2433 1136 2556 1190 vitae
2595 1151 2765 1207 genus
2796 1141 3098 1209 duxerunt,
3130 1144 3297 1215 erepit
3325 1156 3380 1200 et

1797 1220 1975 1275 adhuc
1996 1230 2132 1289 stat,
2175 1233 2231 1278 et
2259 1223 2580 1281 observatur
2607 1228 2742 1282 ordo
2768 1229 3172 1289 Carthusiensis
3192 1274 3207 1300 ,
3238 1234 3379 1289 sicut

1800 1329 1830 1370 a
1869 1314 2104 1384 quodam
2142 1330 2210 1371 ex
2248 1316 2544 1386 majoribus
2589 1327 2645 1375 et
2690 1323 3090 1391 antiquioribus
3134 1325 3376 1397 ejusdem

1798 1405 2040 1471 ordinis,
2084 1407 2201 1463 haec
2261 1408 2443 1463 omnia
2480 1422 2769 1475 narrante,
2800 1429 2984 1469 coram
3034 1415 3255 1473 domina
3294 1418 3378 1475 fe-

1798 1497 1944 1551 mina
1972 1495 2159 1554 Sancti
2192 1497 2344 1554 Pauli
2372 1503 2573 1557 comite
2599 1503 2801 1557 audivi.
2834 1523 2853 1556 ι
2883 1506 2957 1559 lta
2988 1506 3149 1562 habet
3179 1509 3380 1571 totade

1800 1588 2037 1645 infausto
2071 1591 2296 1645 doctore
2331 1594 2571 1647 auctoris
2598 1594 2721 1651 libri
2760 1594 2834 1651 De
2871 1605 3104 1666 quatuor
3134 1598 3375 1659 Paradisi

1798 1681 2108 1739 fluminibus
2132 1700 2163 1739 e
2185 1685 2534 1741 Carthasiani
2564 1689 2737 1743 nostri
2766 1691 3023 1760 anonymi
3055 1692 3378 1762 interpreta-

156 1777 406 1831 instructus
464 1774 667 1830 fuerat.
744 1773 982 1840 Contigit
1040 1787 1169 1828 vero
1225 1772 1341 1842 ejus
1418 1781 1682 1841 tempore,
1724 1757 1764 1816 Β
1797 1773 1941 1828 tione
1971 1775 2245 1841 narratio;
2292 1777 2573 1846 sequentia
2615 1789 2826 1845 autem,
2883 1757 2942 1835 uit
2988 1791 3231 1852 tempus,
3268 1800 3377 1854 qua

157 1876 203 1922 ut
239 1878 334 1923 ttes
388 1867 679 1937 praecipuae
738 1863 1038 1919 nobilitatis
1102 1862 1410 1919 scholastici
1454 1863 1692 1917 Parisios

158 1960 411 2015 studiorum
449 1974 615 2014 causa
657 1956 1012 2021 accederent,
1055 1956 1149 2025 qui
1206 1953 1493 2011 confesdtu
1534 1969 1593 2010 se
1635 1955 1689 2008 in

148 2048 440 2122 disciplinam
481 2049 697 2120 prmfati
747 2047 992 2117 magistri
1063 2046 1431 2110 tradiderunt,
1492 2046 1691 2115 quippe

148 2142 223 2210 qui
257 2143 479 2197 omnium
513 2142 752 2197 aliorum
798 2140 1183 2211 magistrorum
1248 2147 1393 2194 esset
1442 2138 1688 2193 eminen-

150 2233 365 2290 tissimus.

204 2345 302 2400 38l.
338 2363 355 2398 ι
383 2344 633 2415 Cumque
659 2344 762 2399 sub
780 2358 845 2399 eo
864 2349 1154 2399 vacassent
1174 2341 1369 2397 studiis
1386 2381 1400 2407 ,
1428 2349 1552 2411 post
1572 2340 1689 2395 lon-

150 2451 248 2506 gum
268 2444 464 2507 tempus
494 2445 751 2491 mortuus
779 2444 864 2490 est
901 2434 1011 2489 ille.
1044 2433 1197 2490 Unde
1227 2432 1453 2488 multum
1484 2432 1688 2487 contri-

155 2528 247 2581 stati
271 2527 531 2597 discipuli,
563 2542 724 2599 quem
756 2527 810 2581 in
836 2527 946 2581 vita
992 2526 1294 2582 dilexerant
1333 2525 1684 2598 magistrum,

148 2620 277 2672 etiam
314 2628 427 2689 post
474 2629 716 2676 mortem
772 2619 1043 2676 honorare
1096 2628 1415 2692 pergentes,
1470 2627 1685 2674 noctem

154 2708 261 2763 illam
309 2711 444 2766 circa
495 2709 742 2766 defuncti
796 2725 994 2780 corpus
1027 2723 1093 2764 ex
1141 2709 1364 2780 speciali
1400 2708 1687 2766 devotione

154 2801 317 2872 vigilias
344 2819 500 2875 agere
521 2804 950 2861 constituerunt.
1000 2802 1154 2858 Dicto
1189 2817 1320 2856 vero
1347 2811 1685 2857 mortuormn
1715 2840 1732 2863 ,

155 2890 314 2959 officio,
362 2894 681 2963 psalterium
746 2892 1095 2948 inchoarunt.
1152 2890 1396 2963 Cumque
1446 2894 1682 2963 primum

150 2985 454 3043 absolvissent
490 2988 849 3049 Matutinum,
892 2986 1008 3041 sive
1043 2982 1409 3048 Nocturnum,
1452 2999 1680 3055 corpus,

155 3081 262 3145 quod
284 3082 359 3137 hic
382 3081 603 3151 jaeebat
630 3091 927 3145 mortuum,
965 3080 1140 3134 erexit
1170 3095 1230 3134 se
1263 3088 1318 3133 et
1352 3078 1596 3135 residens
1628 3078 1680 3132 in
1711 3104 1750 3160 ο

155 3169 312 3226 feretro
352 3174 462 3229 hate
506 3173 676 3228 verba
721 3172 984 3243 protulit:
1018 3190 1037 3222 ε
1074 3170 1289 3240 Equus
1322 3180 1403 3225 est
1426 3212 1439 3237 ,
1472 3171 1563 3240 qui
1597 3185 1683 3226 me

160 3262 425 3332 (judicavit.
449 3283 471 3317 ι
496 3263 726 3319 'l'unclti
752 3262 1053 3318 tresclerici
1078 3272 1130 3318 et
1147 3261 1407 3332 socii,qui
1433 3264 1682 3326 aderant,

155 3353 261 3410 circa
285 3371 500 3426 corpus,
538 3356 645 3411 etsi
681 3357 1033 3410 vehementer
1061 3354 1341 3414 conterriai
1362 3392 1377 3420 ,
1408 3352 1683 3408 nihilomi-

158 3460 230 3501 nus
252 3446 307 3501 ab
331 3462 485 3518 Opere
511 3446 606 3517 pio
635 3461 743 3501 non
769 3446 1129 3511 destiterunt,
1159 3445 1253 3500 sed
1283 3445 1513 3499 alterum
1541 3443 1683 3513 psal-

157 3537 245 3590 lerii
279 3547 587 3594 nocturnum
640 3538 910 3609 prosecuti
951 3548 1107 3603 sunt,
1157 3552 1265 3607 quo
1301 3536 1547 3605 expleto,
1589 3534 1683 3589 de-

159 3626 283 3683 functi
310 3644 523 3700 corpus,
552 3630 695 3686 sicut
726 3630 872 3700 prius
895 3630 1110 3700 erigens
1136 3644 1195 3684 se
1222 3628 1359 3683 dixit
1393 3647 1406 3683 :
1443 3647 1462 3680 ι
1496 3627 1682 3683 Justus

162 3728 228 3771 ret
244 3735 403 3790 :equus
426 3734 507 3780 est
534 3723 753 3792 ille,qui
776 3737 862 3776 me
879 3720 1624 3790 judicavitetcondemnavit.
1655 3738 1675 3773 ι

158 3808 270 3868 'l‘unc
315 3824 413 3871 tres
459 3817 537 3871 illi
589 3816 774 3871 clerici
828 3816 1003 3887 magis
1047 3816 1225 3871 adhuc
1279 3814 1678 3885 obstupefacti,

159 3916 274 3969 quam
295 3918 438 3963 antea
460 3909 699 3974 fuerant,
718 3909 898 3964 crucis
921 3907 1134 3978 signum
1155 3908 1257 3965 sibi
1281 3907 1677 3977 imprimentes,

158 3995 324 4052 tertium
372 3999 704 4055 Nocturnum
761 3996 1111 4055 devotissime
1160 3998 1511 4067 inceperunt;
1570 4011 1679 4065 quo

159 4086 346 4153 expleto,
375 4089 509 4145 idem
556 4104 783 4158 corpus,
816 4089 981 4144 tertio
1008 4097 1171 4157 caput
1204 4088 1451 4157 erigens,
1497 4085 1674 4140 dixit:

163 4173 343 4233 «iustus
369 4188 420 4235 et
458 4196 645 4252 aequus
670 4188 752 4234 est
779 4179 889 4245 ille,
918 4178 1010 4248 qui
1056 4193 1143 4233 me
1168 4176 1430 4247 judicavit
1466 4185 1522 4230 et
1548 4190 1678 4230 con-

164 4266 425 4328 tdemnavit
451 4285 503 4329 et
524 4274 823 4330 terroribus
848 4273 1054 4329 addixit
1078 4280 1130 4326 et
1158 4270 1401 4326 tradidit.
1428 4288 1446 4321 ι
1474 4269 1678 4339 Hisque

162 4352 295 4424 dictis,
320 4362 542 4420 defuncti
580 4380 777 4434 corpus
805 4364 959 4433 quasi
991 4362 1308 4417 subitaneus
1330 4362 1489 4417 turbo
1515 4361 1678 4417 adve-

1793 1863 2013 1919 circiter
2034 1863 2157 1920 libri
2190 1865 2334 1920 illius
2361 1877 2551 1923 auctor
2576 1865 2837 1934 floruerit,
2867 1872 3223 1939 determinet,
3250 1874 3377 1929 sub-

1786 1956 2001 2027 jungit:
2034 1976 2052 2010 ι
2086 1959 2379 2014 Auctorem
2404 1961 2733 2017 narrationis
2758 1963 2918 2034 hujus
2946 1966 3091 2021 circa
3116 1967 3376 2023 Gersonis

1789 2048 1874 2102 vel
1917 2047 2178 2104 Antonini
2228 2060 2472 2121 tempora
2515 2061 2727 2109 tantum
2772 2055 3006 2121 vixisse,
3040 2066 3191 2125 putat
3230 2058 3376 2113 Lau-

1792 2137 1949 2193 noius
1976 2149 2029 2195 et
2069 2158 2135 2196 ex
2177 2142 2386 2198 duobus
2415 2145 2664 2215 conjicit,
2713 2161 2777 2201 ex
2816 2144 3019 2203 Gallica
3066 2148 3374 2217 locutione,

1791 2243 1951 2299 quam
1983 2233 2051 2287 ad
2076 2223 2527 2291 illorum‘a‘tatem
2558 2239 2833 2306 pertinere
2864 2240 3005 2307 vult,
3034 2251 3088 2297 et
3115 2258 3181 2297 ex
3214 2245 3374 2300 modo

1791 2320 2071 2390 loquendi,
2112 2341 2270 2393 quem
2306 2328 2469 2382 etiam
2508 2332 2786 2386 contendit
2828 2333 3074 2388 notitiam
3112 2336 3191 2388 rei
3238 2352 3375 2390 non-

1790 2412 1916 2466 dum
1957 2417 2093 2468 satis
2124 2427 2457 2487 compertam
2504 2432 2557 2475 et
2601 2432 2874 2492 receptam
2912 2425 3224 2495 importare.
3266 2426 3373 2483 Sed

1790 2506 1934 2562 docti
1961 2508 2049 2563 alii
2080 2509 2242 2565 aliter
2271 2512 2534 2568 sentiunt.
2572 2514 2830 2572 Claudius
2872 2517 3147 2583 Tifauius,
3174 2519 3239 2574 de
3266 2533 3374 2589 quo

1791 2615 1989 2671 supra,
2041 2617 2109 2659 ex
2151 2606 2294 2677 stylo
2344 2617 2451 2662 tam
2509 2606 2748 2677 ejusdem
2796 2613 3152 2675 narrationis,
3208 2630 3372 2683 quam

1791 2694 1954 2749 totius
2014 2695 2218 2752 codicis
2268 2697 2479 2752 censuit
2526 2714 2647 2755 esse
2696 2700 2877 2755 szeculi
2931 2702 3123 2757 decimi
3185 2704 3370 2770 tertii;

1788 2783 1950 2853 idque
1987 2783 2151 2841 etiam
2191 2788 2408 2857 probari
2454 2800 2636 2860 potest
2682 2806 2749 2845 ex
2794 2791 2879 2847 bis
2916 2795 3135 2849 vocibus
3174 2795 3373 2851 subob-

1787 2876 1987 2940 scuris,
2013 2893 2150 2946 quas
2182 2878 2238 2933 in
2270 2883 2457 2935 eadem
2492 2884 2804 2938 narratione
2840 2884 2940 2953 (uti
2976 2886 3137 2940 etiam
3180 2903 3367 2942 revera

1787 2964 1841 3018 in
1866 2966 1969 3020 hac
1995 2967 2313 3040 occurrunt)
2337 2984 2623 3025 occurrere
2644 2973 2844 3026 asserit
2870 2974 3216 3044 Raynaudus.
3251 2976 3369 3033 Una

1786 3067 1869 3112 est
1892 3057 2110 3121 Useille,
2152 3060 2322 3116 altera
2352 3061 2676 3130 Graigueur.
2703 3062 2884 3117 Prima
2915 3065 3189 3135 significat
3222 3067 3371 3140 Vigi-

1786 3147 1933 3213 liam,
1970 3151 2239 3219 posterior
2270 3151 2544 3221 significat
2571 3154 2841 3226 Magnum.
2880 3155 3011 3222 Quae
3049 3156 3235 3212 ultima
3265 3174 3369 3214 vox

1788 3241 1840 3296 in
1871 3242 2061 3298 eodem
2093 3246 2272 3313 capite
2304 3246 2453 3300 citati
2499 3246 2702 3302 codicis
2733 3249 3022 3317 reperitur,
3057 3249 3147 3304 ubi
3178 3259 3370 3308 auctor

1787 3333 1902 3388 haec
1931 3334 2093 3388 verba
2126 3334 2536 3391 Ecelesiastici:
2567 3355 2585 3388 ι
2623 3336 2838 3405 Quanto
2875 3355 3104 3410 magnus
3131 3355 3221 3405 es,
3257 3342 3361 3396 hu-

1791 3449 1809 3481 c
1845 3430 1990 3485 milia
2022 3440 2073 3486 te
2099 3432 2151 3487 in
2180 3433 2463 3498 omnibus,
2496 3453 2513 3486 ι
2557 3434 2635 3490 sic
2663 3435 2916 3490 idiomate
2959 3434 3050 3491 illo
3087 3435 3371 3497 Gallicana

1784 3522 1959 3579 desito
1990 3524 2173 3589 vertit,
2210 3547 2229 3578 ι
2268 3525 2343 3581 De
2376 3536 2492 3583 tant
2524 3527 2748 3583 humilie
2779 3536 2867 3599 toy
2899 3529 3050 3598 plus,
3076 3544 3287 3585 comme
3312 3538 3368 3586 tu

1790 3632 1808 3666 ι
1831 3629 1983 3669 seras
2011 3616 2333 3683 tiraigneur.
2355 3637 2374 3670 ι
2397 3618 2460 3672 Et
2488 3619 2539 3672 in
2566 3621 2935 3690 apographo,a
2960 3620 3186 3690 prmfato
3210 3621 3370 3678 Clau-

1784 3706 1873 3761 dio
1903 3707 1969 3760 ad
2000 3705 2366 3763 Montem-Dei
2399 3711 2753 3775 transmisso,
2789 3712 2871 3766 hil!
2897 3713 3076 3768 adhuc
3099 3702 3368 3770 dictiones

1784 3798 2178 3868 antiquissimae
2225 3808 2281 3855 et
2325 3800 2581 3856 obsoleta:
2626 3802 2883 3873 leguntur
2924 3822 2938 3858 :
2996 3822 3015 3857 ι
3068 3805 3183 3873 Que
3234 3804 3364 3862 Dieu

1788 3913 1807 3946 ι
1841 3896 2088 3965 absoille,
2124 3898 2174 3953 id
2199 3909 2305 3966 est,
2338 3900 2479 3956 Deus
2504 3900 2771 3957 absolvat.
2808 3920 2827 3953 ι

1854 3992 1978 4047 385.
2008 4012 2027 4045 ι
2068 3994 2141 4048 Ex
2173 3994 2262 4050 his
2280 3994 2533 4049 omnibus
2555 4006 2832 4050 auctorem
2856 3994 3017 4065 hujus
3039 3997 3367 4053 narrationis

1782 4095 1903 4139 esse
1927 4083 2313 4154 antiquiorem,
2347 4101 2509 4155 quam
2533 4088 2743 4155 putavit
2770 4087 3063 4155 Launoius,
3093 4090 3227 4145 satis
3250 4092 3366 4146 evi-

1782 4173 1917 4229 dens
1945 4183 2050 4230 est.
2090 4175 2157 4229 Et
2194 4176 2372 4232 adhuc
2404 4178 2707 4233 evidentius
2748 4178 2887 4244 erit,
2927 4178 2973 4234 si
3012 4195 3259 4249 quietiam
3295 4181 3367 4235 sit

1780 4268 1895 4325 haec
1917 4268 2117 4324 femina
2142 4268 2327 4327 Sancti
2362 4271 2513 4327 Pauli
2544 4287 2729 4327 comes
2777 4272 3173 4327 consideretur.
3208 4272 3364 4330 llaud

1781 4358 2025 4429 dubium,
2067 4362 2198 4431 quin
2230 4364 2511 4432 cujusdam
2554 4362 2768 4418 comitis
2806 4361 2994 4417 Sancti
3032 4362 3183 4417 Pauli
3228 4378 3365 4419 uxor

162 4446 275 4506 aiens
308 4454 573 4527 abreptum
603 4472 670 4511 ex
716 4455 958 4511 omnium
995 4452 1167 4510 oculis
1213 4454 1542 4523 asportavil,
1575 4467 1676 4508 nec
1708 4451 1753 4506 D
1782 4448 1966 4506 fuerit.
2005 4451 2299 4507 llistoriam
2332 4452 2548 4507 lantilire
2572 4453 2915 4507 dominorum
2944 4453 3010 4509 de
3035 4452 3364 4511 Castellione

164 4536 326 4608 deinde,
346 4547 463 4614 quid
492 4549 559 4603 de
580 4562 647 4603 eo
683 4546 886 4601 factum
922 4545 1116 4613 fuerit,
1149 4544 1339 4601 reseiri
1373 4547 1563 4615 potuit.
1593 4545 1673 4599 llli

165 4641 257 4685 vero
280 4642 372 4691 tres
397 4638 595 4703 clerici,
624 4638 715 4709 qui
741 4636 857 4707 ejus
882 4637 1095 4692 fuerant
1129 4635 1414 4707 discipuli,
1453 4644 1673 4705 stupore

164 4721 404 4783 vehementi
445 4729 750 4797 acerboque
790 4729 975 4784 dolore
1012 4728 1247 4799 perculsi
1292 4736 1419 4783 sunt
1455 4742 1523 4782 ex
1566 4736 1672 4781 tam

166 4811 312 4871 infelici
352 4822 583 4890 magistri
632 4822 802 4876 exitu.
847 4820 1000 4875 Tunc
1044 4819 1113 4873 ad
1162 4820 1379 4889 prapria
1428 4833 1487 4874 se
1534 4818 1674 4873 reci-

165 4902 321 4969 llieutes
343 4913 584 4969 sciscitati
614 4921 742 4969 sunt
781 4928 879 4984 per
909 4922 1066 4967 notos
1090 4920 1148 4966 et
1176 4910 1502 4976 familiares,
1534 4926 1670 4981 qua-

169 5006 254 5049 Iatn
273 5000 327 5054 de
344 5017 491 5059 causa
512 5005 593 5061 vir
616 5015 794 5060 tantus
817 5004 989 5074 pinnis
1006 5002 1225 5058 aeternis
1244 5001 1488 5057 addictus
1507 5008 1668 5056 esset.

169 5080 214 5141 Ει
244 5104 342 5160 post
368 5095 553 5153 factam
599 5098 843 5154 sedulam
891 5094 1300 5168 inquisitionem
1338 5093 1475 5149 nihil
1506 5106 1673 5162 agno-

170 5189 280 5237 scere
315 5196 598 5256 potuerunt,
633 5192 778 5261 quod
810 5189 1037 5246 mortale
1066 5197 1346 5259 peccatum
1376 5184 1670 5241 secundum

170 5281 337 5329 uterna
382 5279 565 5337 indicia
613 5281 967 5353 judicandum
1023 5288 1207 5345 esset,
1257 5286 1481 5347 excepta
1529 5292 1670 5331 vana

173 5359 311 5427 S'Oria.
342 5367 495 5436 Quam
521 5374 590 5430 ob
620 5388 732 5429 rem
762 5373 815 5427 hi
851 5382 957 5428 tres
983 5371 1188 5436 clerici,
1216 5369 1322 5425 viri
1352 5370 1590 5440 potentia
1618 5376 1674 5424 et

174 5458 333 5519 fenoris
372 5463 635 5522 nobilitate
679 5464 987 5535 conspicui,
1047 5473 1314 5533 concepto
1360 5462 1669 5519 divinorum

175 5537 422 5608 indiciorum
466 5556 684 5623 timore,
730 5556 998 5611 communi
1048 5563 1289 5611 statuere
1333 5552 1559 5610 consilio
1600 5551 1671 5607 ad

177 5630 393 5700 talvandas
414 5648 612 5705 animas
635 5662 758 5704 suas
787 5656 841 5706 et
877 5657 1154 5719 perpetua:
1183 5648 1483 5721 periculum
1511 5648 1667 5704 dam-

1776 4558 1941 4614 super
1970 4544 2305 4612 Matronam,
2340 4561 2369 4599 a
2414 4546 2613 4616 quibus
2652 4546 2861 4615 antiqui
2912 4547 3140 4603 comites
3176 4545 3362 4604 Sancti

1775 4635 1951 4702 Pauli,
1976 4637 2042 4690 ab
2070 4636 2285 4691 Andrea
2320 4636 2399 4690 Du
2430 4636 2638 4692 Chenio
2678 4637 2880 4691 editam
2916 4638 3277 4708 perlegimus,
3307 4648 3365 4696 et

1778 4727 1919 4781 inter
1939 4727 2202 4782 comitum
2226 4726 2415 4783 Sancti
2436 4726 2589 4781 Pauli
2612 4742 2811 4783 uxores
2834 4728 3035 4785 nullam
3061 4730 3363 4805 reperimus

1775 4833 1905 4888 erga
1940 4825 2186 4874 nostrum
2218 4818 2476 4874 Ordinem
2508 4821 2778 4890 praecipue
2805 4835 3130 4891 propensam
3162 4806 3363 4892 prreter

1776 4909 2001 4965 Mariam
2032 4911 2259 4967 Joannis
2300 4912 2344 4967 ll
2380 4912 2533 4967 ducis
2572 4913 2871 4969 Britanniae
2907 4923 2962 4969 et
3001 4913 3263 4970 Beatricis
3293 4914 3362 4970 ab

1773 5002 1967 5075 Anglia
2022 5004 2220 5069 filiam,
2264 5004 2529 5060 Guidonis
2580 5004 2647 5061 lll
2692 5006 2909 5061 comitis
2962 5005 3151 5063 Sancti
3207 5000 3360 5063 Pauli

1774 5114 2026 5161 uxorem.
2074 5108 2305 5155 matrem
2351 5114 2480 5155 vero
2530 5099 2836 5166 Mathildis,
2892 5100 3108 5155 comitis
3158 5100 3358 5155 Valesii

1775 5192 2038 5263 conjugis,
2063 5201 2118 5247 et
2145 5206 2268 5247 cum
2300 5205 2366 5247 eo
2405 5191 2710 5247 Cartbusiae
2734 5190 2927 5246 Fontis
2957 5190 3134 5245 Beata:
3176 5190 3358 5248 Mariae

1776 5281 2118 5337 fundatricis.
2160 5282 2338 5338 Guido
2383 5280 2501 5351 ejus
2536 5282 2766 5336 maritus
2807 5281 2911 5335 fuit
2950 5294 3133 5335 comes
3169 5278 3356 5335 Sancti

1771 5373 1925 5429 Pauli
1957 5382 2079 5444 post
2107 5383 2339 5429 mortem
2364 5373 2608 5438 Joannre,
2641 5387 2753 5430 suae
2773 5372 3209 5442 consanguineae,
3234 5372 3358 5428 filiae

1772 5473 1829 5521 et
1860 5466 2091 5522 hmredis
2118 5466 2349 5522 Joannis
2372 5464 2588 5522 comitis
2618 5463 2914 5529 Blesensis,
2944 5463 3187 5533 ejusdem
3225 5462 3356 5520 Guio

1773 5556 1935 5613 donis
1960 5558 2162 5627 patrui.
2185 5557 2337 5614 Hanc
2356 5555 2622 5613 Joannam
2649 5555 2795 5610 Petri
2827 5555 3044 5611 comitis
3069 5555 3352 5614 Alenconii

1773 5666 1999 5709 uxorem
2027 5650 2158 5728 (quo
2201 5661 2418 5709 mortuo
2462 5651 2579 5707 sine
2617 5648 2805 5705 liberis
2846 5662 2991 5705 anno
3032 5651 3172 5707 1233
3192 5652 3354 5707 vidua
