3814 6306
440 296 529 351 231

1209 282 1267 338 S.
1311 277 1663 337 BRUNONIS
1701 266 2353 333 CARTHUSMNORUM
2392 261 2873 321 INSTITUTORIS

3604 259 3699 317 £52

440 401 715 475 remansit)
745 400 975 472 primum
1003 394 1432 473 existimavimus
1456 408 1573 449 eam
1596 403 1716 447 esse
1759 387 2011 443 feminam
2043 387 2089 443 Α
2118 396 2299 436 coram
2349 378 2518 432 Maria
2550 376 2737 432 Sancti
2780 372 2937 475 Pauli
2965 370 3186 475 comite,
3235 385 3361 473 quae.
3374 368 3488 475 “ad.
3514 384 3699 427 annum

441 496 690 552 comitem
719 489 903 546 Sancti
941 486 1108 551 Pauli,
1135 488 1200 539 de
1220 500 1327 554 qua
1356 484 1407 538 in
1430 480 1652 555 praefata
1675 477 2010 540 narratione,

443 588 563 658 quia
596 584 693 638 fuit
725 596 915 650 magna
952 576 1290 633 benefactrix
1327 575 1626 630 Carthusia:
1648 571 1803 625 vallis
1829 567 2015 623 Sancti

443 678 617 739 Petri,
650 684 703 730 et
734 674 889 744 quasi
921 671 1091 726 altera
1126 670 1400 724 fundatrix
1442 665 1791 728 Parisiensis,
1825 666 1878 717 in
1912 676 2017 732 qua

442 766 849 841 quatuordecim
882 764 1044 819 cellas
1084 762 1445 817 :edifieavitet
1491 758 1710 814 dotavit.
1758 755 1864 811 Sed
1896 756 2021 810 licet

445 861 707 916 reditibus
750 857 1039 912 comitatus
1084 854 1275 909 Sancti
1323 852 1471 906 Pauli
1498 865 1667 920 usque
1717 848 1782 902 ad
1815 862 2018 903 annum

445 957 576 1012 1291
606 997 618 1019 ,
645 970 763 1023 quo,
780 950 943 1015 obiit,
977 950 1140 1004 fruita
1176 948 1366 1007 fuerit,
1402 961 1665 1017 nusquam
1705 953 1881 998 tamen
1922 955 2022 996 nec

443 1047 496 1100 in
526 1043 862 1099 documentis
916 1043 1197 1110 utriusque
1229 1038 1562 1101 Carthusiae,
1612 1052 1710 1091 uec
1757 1035 1811 1089 in
1858 1033 2021 1088 citata

444 1134 703 1189 Duchenii
738 1132 975 1185 Historia
1021 1130 1320 1199 reperimus
1346 1169 1359 1193 ,
1393 1144 1511 1182 eam
1553 1125 1761 1180 titulum
1794 1123 2023 1194 gessisse

446 1227 661 1282 comitis
692 1224 880 1280 Sancti
912 1222 1093 1288 Pauli,
1124 1224 1216 1276 sed
1256 1231 1462 1275 tauttuu
1508 1217 1789 1274 Aleneonii
1828 1224 1880 1269 et
1905 1214 2025 1269 Ble-

446 1331 648 1371 sarum.
685 1315 856 1382 Quam
914 1315 980 1368 ob
1025 1311 1135 1366 rein
1176 1312 1313 1366 hanc
1352 1311 1608 1366 feminam
1654 1309 1935 1370 comitem,
1971 1305 2024 1360 in

458 1406 613 1475 cujus
643 1404 928 1473 pnesenlia
966 1404 1081 1457 haec
1112 1402 1352 1456 narratio
1396 1400 1534 1454 facta
1576 1406 1687 1463 est,
1720 1396 2027 1452 censuimus

464 1509 584 1549 esse
624 1494 800 1563 potius
834 1491 1113 1561 prmfalam
1157 1490 1402 1553 Mariam,
1433 1488 1585 1556 cujus
1620 1494 1871 1555 parentes
1914 1499 2027 1537 ma-

451 1585 615 1647 terni,
656 1597 806 1653 reges
835 1583 1081 1636 videlicet
1113 1579 1348 1650 Anglim,
1374 1579 1551 1649 magni
1585 1578 1822 1631 fautores
1858 1574 2028 1629 nostri

447 1673 654 1727 ordinis
675 1673 954 1726 exstitere.
984 1670 1107 1724 llaec
1134 1680 1312 1723 autem
1342 1670 1473 1721 vixit
1495 1684 1616 1723 eum
1639 1667 1881 1723 Guidone
1912 1682 2029 1721 ma-

2117 486 2289 543 usque
2318 470 2453 526 1559
2481 470 2645 523 vitam
2665 464 2955 538 protraxit,
2978 462 3341 528 intellexerit,
3372 460 3491 517 fieri
3541 473 3701 532 potest

2120 579 2179 623 ut
2206 570 2308 623 hoc
2332 580 2438 620 non
2475 563 2564 618 diu
2595 570 2721 616 ante
2751 560 2895 615 [tunc
2921 573 3120 612 annuat
3157 554 3455 619 acciderit,
3484 570 3703 625 cumque

2121 660 2237 715 fieri
2272 666 2457 728 queat,
2489 663 2544 709 ut
2581 668 2719 719 rem,
2762 667 2885 708 cum
2917 650 3150 722 primum
3191 663 3320 703 eam
3353 647 3625 709 audierat,
3653 648 3700 703 in

2122 753 2331 808 litteras
2360 764 2465 804 non
2513 747 2744 812 miserit,
2780 746 2831 799 id
2864 744 3003 798 forte
3029 743 3303 796 duntaxat
3328 755 3476 795 anno
3497 739 3704 796 circiter

2124 844 2261 898 1550
2312 841 2535 906 fecerit;
2592 854 2699 910 quo
2758 847 3000 906 tempore
3051 833 3391 890 locutionem
3455 832 3703 889 Gallicam

2122 934 2192 989 ab
2211 950 2297 1000 ea,
2330 949 2451 1002 qua:
2477 930 2738 987 Gersonis
2766 938 2925 984 aztate
2960 940 3055 983 seu
3088 925 3280 981 sarculi
3315 924 3517 979 decimi
3545 924 3703 994 quinti

2124 1026 2280 1081 initio
2336 1025 2454 1090 fuit,
2523 1033 2633 1077 tam
2689 1021 2853 1075 fuisse
2911 1021 3209 1086 diversam,
3270 1030 3332 1073 ut
3394 1018 3539 1085 inde,
3591 1027 3706 1075 tunc

2125 1120 2381 1191 primum,
2430 1116 2520 1187 qui
2570 1116 2714 1170 illam
2757 1113 3022 1176 adhibuit,
3070 1112 3369 1181 scripsisse
3414 1122 3702 1176 auctorem,

2126 1210 2447 1269 concludere
2486 1208 2720 1279 potuerit
2757 1205 3051 1269 Lauuoius,
3095 1206 3229 1259 mihi
3281 1213 3371 1259 sat
3413 1206 3705 1261 verosimile

2126 1318 2234 1356 non
2293 1308 2559 1370 apparet,
2620 1297 2764 1367 quod
2839 1296 3236 1366 quinquaginta
3298 1297 3571 1351 duntaxat
3623 1306 3705 1352 aut

2127 1393 2287 1464 paulo
2340 1392 2500 1447 etiam
2555 1389 2788 1460 plurium
2851 1403 3117 1443 annorum
3181 1388 3427 1458 spatium
3493 1389 3546 1443 in
3614 1388 3704 1444 lin-

2130 1501 2261 1558 guas
2292 1498 2384 1539 seu
2435 1483 2691 1537 idiomata
2732 1495 2839 1535 non
2878 1479 3051 1535 soleat
3098 1488 3315 1533 tantam
3362 1479 3703 1535 mutationem

2131 1579 2408 1632 inducere.

2201 1669 2327 1723 585.
2368 1667 2542 1737 Atque
2568 1666 2693 1721 hinc
2723 1663 2835 1733 jam
2869 1664 2961 1729 sit,
2988 1672 3049 1716 ut
3078 1677 3180 1717 nec
3218 1662 3596 1718 indubitanter
3626 1664 3705 1717 ad-

450 1765 555 1818 rito
581 1765 646 1817 ab
671 1780 815 1817 anno
848 1763 986 1816 1292
1011 1763 1075 1815 ad
1104 1777 1302 1814 annum
1330 1762 1485 1824 1557,
1512 1775 1618 1828 quo
1644 1760 1730 1813 ille
1756 1759 1912 1824 obiit,
1943 1758 2027 1813 cui
2063 1735 2105 1788 Β
2132 1761 2338 1814 hcerere
2386 1757 2557 1811 ausim
2606 1754 2851 1818 Tifa..io,
2898 1755 2989 1823 qui
3045 1754 3453 1819 narrationem,
3502 1754 3566 1807 de
3614 1769 3705 1823 qua

450 1858 541 1913 diu
585 1857 885 1926 superfuit,
934 1859 984 1909 in
1036 1856 1299 1908 viduitate
1350 1868 1700 1924 perseverans
1743 1867 1912 1921 usque
1962 1850 2029 1905 ad

451 1958 703 2011 mortem,
736 1962 898 2015 quam
929 1945 1153 2017 oppetiit
1176 1961 1317 1999 anno
1346 1944 1501 1998 l'5l9.
1532 1944 1662 1999 Cum
1692 1944 1851 2013 igitur
1876 1942 2030 1996 istius

452 2038 657 2092 codicis
700 2038 933 2106 scriptor
963 2045 1269 2090 coaataneus
1311 2035 1473 2090 fuerit
1515 2032 1751 2105 pra‘fata:
1784 2034 2029 2094 comitis,

456 2128 706 2196 hancque
739 2127 1024 2181 historiam
1065 2128 1371 2195 acceperit,
1402 2135 1459 2180 ut
1492 2126 1687 2180 ibidem
1721 2132 1969 2189 testatur,
2002 2138 2032 2177 a

457 2222 692 2287 quodam
733 2219 1110 2275 Carthusiensi
1154 2221 1417 2274 monacho
1456 2218 1866 2288 antiquissimo,
1908 2215 2036 2270 hinc

456 2309 791 2380 colligimus,
820 2310 962 2364 hunc
993 2311 1160 2365 fuisse
1188 2326 1473 2381 supparem
1518 2319 1702 2363 nostro
1733 2320 2033 2377 anonymo,

455 2399 546 2468 qui
573 2399 779 2467 primus
813 2400 1094 2453 historiam
1125 2400 1342 2470 scriptis
1373 2399 1668 2463 mandavit,
1696 2414 1816 2453 cum
1838 2396 1947 2467 jam
1981 2396 2035 2450 in

456 2492 650 2546 ordine
676 2501 862 2547 nostro
895 2493 1076 2546 vivere
1112 2493 1349 2560 potuerit
1380 2502 1506 2546 ante
1536 2507 1734 2545 annum
1778 2489 1946 2553 1280,
1974 2504 2037 2543 ac

458 2583 611 2653 proin
638 2590 807 2652 patet,
830 2598 940 2637 rem
966 2582 1109 2636 illam
1133 2582 1489 2637 indubitatam
1508 2580 1621 2650 jam
1653 2581 1817 2634 fuisse
1842 2579 2038 2633 saeculo

461 2675 671 2728 decimo
703 2675 893 2738 tertio,
924 2673 977 2727 id
1006 2684 1118 2740 est,
1153 2676 1307 2729 annis
1338 2682 1395 2729 ut
1438 2675 1727 2744 plurimum
1765 2672 2039 2740 octoginta

462 2775 586 2835 post
618 2775 847 2820 mortem
878 2767 1147 2821 sociorum
1181 2767 1355 2822 sancti
1385 2766 1683 2830 Brnnonis,
1712 2775 1765 2820 et
1803 2781 1867 2821 eo
1904 2774 2043 2819 tem-

464 2870 620 2925 pore,
642 2870 749 2926 quo
774 2856 1176 2912 Carthusiensis
1201 2858 1335 2913 ordo
1361 2859 1525 2929 cmpit
1546 2873 1576 2914 e
1598 2858 1855 2928 primaria
1884 2857 2043 2913 domo

462 2948 628 3004 latius
657 2948 903 3005 diffundi.
945 2970 962 3003 ι

532 3042 658 3097 584.
692 3040 817 3098 Hzec
839 3042 1230 3100 Carthusianus
1263 3055 1450 3101 noster
1472 3060 1797 3119 anonymus,
1823 3055 1906 3109 ut,
1936 3060 2042 3117 quo

462 3132 680 3188 circiter
702 3140 948 3205 tempore
964 3136 1293 3191 narrationis
1315 3137 1561 3207 proxime
1585 3138 1690 3192 huc
1707 3140 2044 3210 transcripta}

464 3236 659 3278 auctor
684 3222 953 3290 floruerit,
985 3226 1332 3281 determinet.
1361 3227 1427 3281 Et
1446 3242 1577 3282 sane
1605 3243 1672 3283 ex
1702 3228 1800 3295 iis,
1835 3244 1954 3298 qua:
1980 3230 2047 3284 de

468 3313 746 3369 comitissa
779 3314 838 3368 S.
879 3314 1029 3368 Pauli
1063 3315 1115 3369 in
1149 3315 1387 3370 medium
1431 3316 1678 3381 adducit,
1713 3327 1799 3371 sat
1844 3318 2049 3373 verosi-

472 3402 600 3457 milc
629 3412 875 3473 apparet,
902 3401 1150 3459 floruisse
1171 3418 1294 3460 eum
1318 3412 1413 3459 aut
1430 3404 1629 3461 szeculo
1654 3408 1813 3461 tertio
1836 3407 2048 3463 decimo

466 3492 581 3562 jam
613 3507 783 3564 prope
806 3492 1014 3564 elapso,
1039 3503 1133 3548 aut
1162 3495 1342 3565 potius
1366 3504 1522 3560 tunc,
1555 3504 1608 3552 et
1641 3496 1844 3567 aliquot
1867 3499 2049 3554 smculi

473 3587 721 3657 proxime
748 3588 1024 3658 sequentis
1055 3589 1236 3644 annis.
1277 3588 1389 3646 Nec
1420 3590 1756 3646 contrarium
1795 3592 2053 3648 evincunt

469 3678 590 3734 dote
612 3679 838 3734 Launoii
859 3680 1451 3752 conjecturae,quarum
1468 3682 1795 3738 alteramhic
1818 3685 2051 3754 scriptor

470 3778 666 3842 repetit
693 3788 724 3826 a
751 3772 955 3828 Gallica
974 3774 1264 3840 locutione,
1289 3774 1514 3830 alteram
1537 3792 1567 3829 a
1594 3776 1751 3831 modo
1774 3776 2052 3847 loquendi,

473 3871 584 3917 tam
622 3864 796 3930 hunc,
827 3879 990 3936 quam
1027 3865 1173 3921 illam
1212 3866 1280 3922 ad
1317 3867 1575 3923 Gersonis
1604 3877 1659 3923 et
1689 3866 1746 3922 S.
1787 3868 2050 3924 Antonini

471 3965 688 4012 aetatem
721 3962 992 4028 pertinere
1017 3960 1369 4015 contendens.
1394 3959 1580 4016 Modus
1599 3959 1743 4015 enim
1769 3960 2048 4031 loquendi,

471 4064 635 4119 quem
680 4058 873 4105 auctor
918 4051 1173 4117 adhibet,
1217 4052 1466 4107 notitiam
1518 4053 1596 4107 rei
1646 4053 1881 4108 nondum
1922 4053 2053 4110 satis

470 4151 812 4213 compertam
843 4151 899 4200 et
944 4153 1218 4215 receptam
1238 4186 1253 4210 ,
1288 4154 1347 4199 ut
1376 4145 1491 4199 vult
1524 4145 1829 4210 Launoius,
1875 4146 2053 4217 reipsa

471 4233 762 4305 importet,
804 4236 1042 4291 nondum
1074 4246 1254 4291 tamen
1294 4237 1421 4292 hinc
1451 4252 1791 4307 consequens
1831 4240 1965 4304 erit,
1996 4247 2057 4295 ut

470 4327 717 4381 narratio
744 4327 860 4396 ejus
908 4327 975 4383 ad
1018 4327 1277 4383 Gersonis
1324 4338 1381 4384 et
1429 4329 1489 4384 S.
1535 4331 1791 4385 Antonini
1837 4342 2053 4388 aetatem

2132 1854 2253 1916 hic,
2316 1852 2733 1920 integrumque,
2794 1847 2886 1915 qui
2954 1847 3098 1901 hanc
3154 1845 3423 1908 includit,
3484 1845 3703 1900 codicem

2133 1942 2313 1999 smculi
2347 1943 2490 1997 tertii
2524 1942 2714 1997 decimi
2744 1957 2886 2006 esse,
2921 1954 2952 1995 e
2988 1938 3121 2003 solo,
3159 1953 3275 2007 quo
3310 1946 3506 1991 auctor
3533 1937 3705 1999 utitur,

2133 2035 2271 2107 stylo
2328 2035 2558 2090 censuit.
2620 2033 2805 2103 Neque
2853 2034 2996 2087 enim
3050 2032 3232 2095 video,
3282 2045 3387 2084 cur
3440 2028 3528 2083 hic
3580 2042 3706 2081 anno

2135 2130 2353 2185 circiter
2384 2129 2523 2184 1550
2564 2129 2685 2184 talis
2728 2128 2840 2184 fere
2874 2128 3050 2182 adhuc
3092 2141 3216 2182 esse
3259 2125 3552 2196 nequierit,
3591 2137 3709 2193 qua-

2135 2220 2201 2275 lis
2232 2219 2399 2274 fuisse
2445 2227 2668 2289 putatur
2709 2218 2902 2272 saeculo
2953 2217 3112 2272 tertio
3155 2216 3378 2272 decimo
3414 2213 3526 2283 jam
3569 2218 3713 2268 δουρί

2137 2320 2321 2368 seente
2366 2326 2461 2366 seu
2492 2325 2635 2365 anno
2664 2308 2817 2372 1292,
2849 2317 2973 2362 ante
3011 2322 3169 2379 quem
3217 2307 3471 2361 narratio
3514 2304 3597 2359 illa
3634 2304 3714 2358 liti

2140 2403 2271 2459 teris
2316 2403 2570 2457 mandata
2616 2401 2999 2457 verosimiliter
3040 2415 3146 2455 non
3202 2399 3340 2465 fttit,
3392 2397 3468 2453 uti
3519 2412 3583 2453 ex
3630 2396 3705 2462 iis,

2139 2511 2258 2565 qua:
2302 2496 2479 2551 verbis
2524 2496 2770 2565 proxime
2815 2493 3056 2548 recitatis
3097 2492 3503 2548 Carthusianus
3544 2498 3708 2545 noster

2141 2601 2442 2658 anonymus
2468 2587 2647 2649 docet,
2679 2599 2908 2654 pronum
2938 2593 3023 2638 est
3047 2598 3269 2639 eruere.
3296 2584 3367 2641 Ut
3394 2592 3455 2637 ut
3482 2581 3570 2645 sit,
3599 2593 3704 2634 cum

2141 2677 2387 2731 eamdem
2435 2676 2803 2730 narrationem
2841 2674 2909 2729 ab
2945 2684 3191 2738 auctore,
3241 2673 3336 2745 qui
3379 2687 3498 2729 eam
3542 2671 3591 2725 in
3631 2670 3709 2724 lit-

2143 2776 2289 2822 teras
2333 2766 2520 2831 misit,
2573 2765 2741 2821 fuisse
2808 2773 2940 2820 tunc
2992 2764 3275 2834 primum,
3337 2779 3464 2820 cum
3522 2760 3704 2822 Maria,

2140 2857 2367 2915 Joannis
2409 2857 2452 2913 ll
2498 2856 2655 2914 ducis
2697 2856 2991 2912 Britanniae
3038 2856 3149 2912 ﬁlia
3200 2856 3394 2913 Sancti
3445 2854 3590 2909 Pauli
3632 2866 3708 2908 co-

2144 2967 2261 3007 mes
2299 2958 2465 3015 esset,
2498 2965 2597 3006 seu
2651 2964 2717 3005 eo
2752 2950 3013 3020 temporis
3056 2949 3261 3021 spatio,
3298 2948 3445 3019 quod
3482 2948 3549 3003 ab
3584 2959 3708 3000 anno

2069 3079 2110 3134 Ο
2146 3044 2285 3100 1292
2322 3058 2494 3116 usque
2539 3044 2608 3098 ad
2653 3058 2856 3099 annum
2899 3040 3039 3099 1559
3074 3043 3348 3108 excurrit,
3388 3056 3421 3097 e
3465 3047 3707 3112 provectzc

2143 3136 2432 3190 admodum
2475 3136 2650 3190 artatis
2693 3135 3058 3192 Cartbnsiano
3100 3135 3385 3200 auditam,
3431 3148 3498 3189 ex
3537 3131 3706 3187 iisdem

2143 3228 2491 3284 Carthusiani
2526 3228 2697 3284 nostri
2737 3226 2988 3300 anonymi
3027 3226 3213 3282 verbis
3250 3226 3418 3282 etiam
3456 3222 3706 3289 intelliga-

2150 3328 2256 3383 tur,
2285 3328 2497 3389 tempus
2515 3319 2786 3389 equidem,
2814 3335 2921 3389 quo
2942 3319 3166 3374 circiter
3194 3318 3285 3373 illa
3310 3315 3541 3381 auctori,
3567 3330 3595 3369 a
3615 3327 3707 3383 quo

2148 3410 2363 3478 scriptis
2411 3411 2728 3479 consignata
2786 3409 2907 3475 fuit,
2960 3410 3355 3465 verosimiliter
3411 3406 3705 3464 innotuerit,

2148 3502 2429 3558 definitum
2454 3497 2745 3569 habemus;
2778 3502 2922 3573 quod
2950 3502 3287 3573 praecipuum
3320 3502 3410 3556 hic
3436 3507 3538 3563 est,
3564 3504 3707 3564 atque

2150 3594 2219 3650 ad
2249 3595 2550 3651 institutum
2590 3610 2829 3667 praesens
2851 3594 2966 3651 fere
2989 3592 3211 3659 sufficit,
3238 3593 3366 3649 licet
3393 3589 3623 3652 interim,
3645 3600 3703 3638 an

2147 3694 2419 3756 provectas
2457 3687 2746 3742 admodum
2774 3685 2954 3741 aetatis
2982 3684 3405 3744 (Zartlmsianus,
3442 3696 3473 3736 e
3500 3692 3603 3749 quo
3632 3674 3707 3728 hic

2150 3776 2453 3832 luctuosam
2479 3774 2764 3832 historiam
2786 3774 2995 3839 didicit,
3027 3789 3133 3828 non
3163 3773 3367 3836 serius,
3396 3784 3554 3841 quam
3574 3772 3706 3820 octa-

2150 3867 2299 3938 ginta
2339 3876 2458 3939 post
2482 3867 2756 3923 sociorum
2797 3865 2856 3920 S.
2892 3865 3165 3920 Brunonis
3192 3865 3406 3920 obitum
3443 3857 3592 3915 annis
3621 3852 3706 3907 llo-

2153 3958 2345 4024 rucrit,
2391 3957 2615 4014 dubium
2658 3957 2949 4012 admodum
3003 3957 3209 4012 idcirco
3256 3960 3536 4025 appareat,
3581 3942 3704 4017 quod

2152 4047 2353 4104 nullum
2396 4064 2464 4105 ex
2501 4049 2585 4106 his
2621 4048 2763 4105 ultra
2790 4065 2991 4104 annum
3026 4049 3163 4105 1145
3202 4049 3373 4103 vitam
3402 4038 3705 4117 protraxissc

2153 4137 2445 4206 inveniam,
2498 4139 2744 4211 fierique,
2792 4140 2869 4196 uti
2912 4154 2980 4195 ex
3015 4139 3130 4211 jam
3177 4138 3344 4194 dictis
3384 4147 3600 4206 pronum
3635 4134 3703 4181 est

2154 4244 2369 4297 eruere,
2403 4230 2559 4287 facile
2585 4233 2778 4302 possit,
2807 4243 2885 4298 ut,
2916 4233 3008 4302 qui
3037 4231 3322 4287 historiam
3350 4228 3546 4283 litteris
3578 4234 3702 4277 tuan-

2155 4324 2324 4389 davit,
2352 4340 2473 4380 eam
2505 4340 2610 4380 non
2645 4336 2771 4381 ante
2802 4341 3000 4381 annum
3046 4325 3184 4379 1550
3225 4341 3293 4380 ex
3334 4324 3427 4378 illo
3466 4321 3705 4389 provecti?

471 4416 775 4486 pertineat,
824 4418 1006 4487 itaque
1076 4418 1339 4474 duntaxat
1371 4419 1700 4475 existimavit
1749 4420 2050 4490 Launoius,
2083 4422 2132 4482 ι)
2157 4415 2333 4471 εὲιειῑίδ
2363 4415 2726 4473 (ἷθΐιὶιιιθίδηο
2754 4418 3006 4474 audieril-
3034 4416 3205 4485 Quale
3228 4431 3392 4489 porro
3414 4414 3479 4469 de
3508 4405 3703 4481 Ρτεείυιθ

472 4508 616 4574 quod
647 4507 976 4575 Gersonem,
1018 4511 1108 4579 qui
1142 4511 1207 4565 de
1235 4510 1481 4582 prodigio
1513 4512 1814 4567 dubitantis
1842 4512 1957 4569 fere
1998 4515 2048 4570 in

475 4596 694 4651 modum
738 4597 998 4667 loquitur,
1047 4601 1285 4670 primum
1336 4600 1502 4656 fuisse
1541 4602 1711 4668 velit,
1758 4603 1848 4671 qui
1898 4603 1950 4659 id
1997 4605 2049 4659 in

477 4686 689 4742 litteras
712 4689 940 4743 miserit.
974 4688 1076 4745 Ast
1106 4690 1157 4745 id
1189 4706 1218 4744 a
1249 4707 1377 4745 vero
1406 4691 1644 4747 alienum
1671 4707 1815 4758 esse,
1849 4709 1916 4749 ex
1938 4693 2051 4763 jam

474 4792 639 4844 supra
685 4778 843 4832 dictis
885 4779 1017 4834 satis
1055 4779 1246 4851 liquet.
1288 4781 1369 4834 Ad
1420 4781 1560 4848 hare,
1591 4798 1712 4836 cum
1746 4782 2049 4849 Launoius,

475 4870 697 4925 feralem
725 4871 793 4925 de
822 4871 1042 4928 doctore
1066 4874 1322 4928 damnato
1348 4875 1735 4941 narrationem,
1762 4885 2051 4946 antequam

475 4976 506 5016 a
539 4961 781 5017 Gersone
806 4962 1021 5032 scriptis
1054 4964 1489 5035 consignaretur,
1531 4965 1697 5021 fuisse
1727 4966 2051 5030 confictam,

475 5052 740 5120 affirmet,
792 5055 977 5124 quidni
1016 5055 1083 5110 de
1120 5071 1182 5111 ea
1205 5097 1219 5119 ,
1249 5056 1411 5111 veluti
1448 5058 1514 5113 de
1545 5073 1604 5113 re
1654 5058 1891 5113 nomium
1922 5060 2056 5112 satis

475 5153 755 5214 comperta
788 5156 1133 5218 receptaque,
1166 5147 1312 5216 loqui
1337 5149 1592 5218 potuerit,
1611 5150 1701 5219 qui
1720 5157 1845 5203 ante
1857 5148 2054 5205 Gerso-

476 5237 561 5293 nis
583 5246 798 5293 aatatem
830 5238 1144 5309 scripserit?
1172 5238 1324 5307 Quod
1357 5241 1517 5294 modo
1533 5242 1598 5296 ad
1624 5240 2050 5310 Gallicam,qna.

476 5327 546 5381 de
568 5328 722 5399 cujus
747 5337 909 5385 :etate
924 5329 1013 5385 hic
1025 5330 1364 5395 disserimus,
1381 5339 1572 5387 auctor
1589 5331 1712 5389 libri
1728 5330 1803 5388 De
1819 5344 2056 5404 quatuor

479 5420 726 5480 Paradisi
755 5423 1069 5481 fluminibus
1094 5425 1285 5491 utitur,
1309 5426 1634 5482 locutionem
1661 5427 1916 5496 pertinet,
1932 5443 2054 5483 cum

479 5513 545 5577 is,
568 5522 627 5567 ut
647 5514 1041 5571 Carthusianns
1066 5526 1249 5572 noster
1274 5532 1577 5589 anonymus
1598 5519 1780 5575 verbis
1807 5521 2056 5591 proxime

459 5601 720 5672 .recitatis
739 5602 918 5670 docet,
945 5605 1192 5672 feralem,
1216 5622 1376 5675 quam
1404 5610 1732 5680 suppeditat,
1748 5610 1816 5664 de
1836 5609 2059 5665 doctore

455 5695 732 5767 damnato
807 5700 1176 5755 narrationem
1244 5717 1275 5758 e
1338 5701 1733 5765 Carthusiano,
1772 5705 2059 5773 grandrevo

2153 4506 2467 4561 narratione
2492 4505 2885 4563 Carthusianus
2921 4517 3107 4565 noster
3142 4520 3447 4579 anonymus
3468 4498 3704 4571 judicium

2153 4595 2317 4661 ferat,
2365 4614 2511 4652 nunc
2559 4600 2717 4653 habe.
2770 4618 2788 4651 ι
2837 4598 3190 4669 Huiusmodi,
3241 4599 3440 4669 inquit,
3488 4586 3705 4649 narratio

2153 4690 2287 4746 satis
2318 4691 2548 4760 ingenua
2592 4705 2657 4745 ac
2686 4690 2898 4747 sincera
2926 4691 3166 4758 videtur,
3194 4692 3465 4759 totiusque
3488 4679 3703 4742 historia!

2155 4783 2441 4838 medullam
2481 4798 2704 4853 prorsus
2738 4784 2968 4840 candide
2996 4783 3253 4854 exprimit
3278 4797 3346 4838 ex
3386 4778 3703 4846 antiquorum

2157 4876 2504 4931 testimoniis.
2525 4875 2602 4930 lbi
2626 4875 2769 4931 enim
2792 4877 2963 4932 habes
2983 4875 3286 4946 prodigium
3316 4871 3445 4928 illud
3465 4862 3703 4923 accidissr

2155 4964 2400 5031 Parisiis,
2426 4982 2525 5021 uec
2566 4981 2671 5021 non
2705 4965 2824 5037 ejus
2848 4966 3134 5022 occasione
3162 4963 3539 5022 Cartbusiense
3565 4953 3701 5006 insti—

2158 5066 2329 5113 tutum
2363 5060 2620 5115 habuisse
2641 5059 2931 5129 originem.

2226 5148 2353 5205 586.
2400 5170 2416 5201 ι
2444 5150 2605 5205 Trina
2631 5165 2846 5221 quoque
2868 5149 3186 5206 vociferatio
3211 5148 3519 5221 perhibetur
3536 5154 3562 5192 a
3588 5130 3674 5221 soli

2156 5240 2393 5297 damnati
2422 5219 2664 5313 magistri
2694 5219 2882 5298 amicis
2907 5242 2960 5297 in
2991 5240 3109 5311 ejus
3137 5219 3299 5296 domo
3329 5235 3526 5291 audita.
3554 5219 3679 5285 Nihil

2158 5349 2262 5403 que
2284 5335 2525 5389 occurrit
2545 5336 2787 5404 pristina:
2811 5335 2979 5390 nostri
3012 5334 3267 5405 anonymi
3296 5319 3578 5384 narrationi
3606 5324 3695 5405 non

2156 5436 2577 5482 consentaneum
2610 5435 2805 5497 prmter
2833 5428 3027 5481 trinam
3057 5404 3202 5480 illam
3230 5434 3418 5479 vocum
3447 5404 3694 5484 repetitio-

2158 5535 2306 5584 nem,
2337 5535 2498 5589 quam
2541 5533 2646 5574 non
2685 5519 2861 5574 tribus
2900 5520 3110 5583 diebus,
3159 5518 3251 5576 sed
3291 5513 3473 5571 eodem
3511 5503 3593 5559 die
3627 5504 3696 5589 ter

2161 5584 2371 5667 factam—
2404 5613 2554 5668 dicit.
2603 5611 2755 5688 Quod
2805 5626 2932 5668 vero
2974 5614 3047 5668 ibi
3090 5620 3340 5668 narretur
3384 5602 3601 5688 cadaver
3637 5584 3695 5641 δι’

2161 5703 2330 5758 oculis
2383 5685 2711 5758 adstantium
2765 5704 2908 5759 venti
2958 5704 3173 5760 turbine
3229 5698 3485 5757 sublatura
3534 5685 3692 5742 disca-
