3814 6306
122 283 192 340 233

119 399 261 459 ruisse,
314 390 498 445 auitam
548 387 654 444 fert
702 387 1210 455 contradictionem,
1263 406 1390 447 cum
1436 399 1623 447 noster
1652 401 1698 455 Α

119 498 351 554 anonymus
379 490 428 535 et
463 480 552 534 alii
578 480 727 534 citati
760 489 1034 547 auctores,
1067 481 1197 550 quid
1227 482 1296 535 de
1323 497 1389 536 eo
1416 481 1620 536 factum

120 575 250 639 fuerit,
270 573 510 627 siluerint.
538 569 673 625 Nam
703 571 835 625 illud
874 571 931 625 in
975 573 1320 642 sterquilinio
1347 574 1623 642 sepultum

118 666 240 721 fuisse
270 665 356 720 soli
403 664 731 719 recentiores
781 664 1080 719 meminere
1122 680 1191 720 ex
1228 667 1626 735 consequentia

118 762 275 823 idonea,
298 758 409 828 quia
454 758 731 812 damnatio
765 758 884 828 ejus
911 767 1058 813 certa
1089 768 1224 814 erat.
1285 779 1304 810 ι
1353 759 1433 814 Ita
1482 760 1615 827 ille;

116 868 253 907 verum
288 852 395 921 plus
428 850 653 919 aliquid,
682 867 845 921 quam
899 851 990 906 hic
1020 853 1278 921 assignet,
1323 853 1466 909 inter
1488 867 1626 908 ano—

120 941 223 1011 nymi
250 941 529 1009 primorum
559 941 807 1011 quinque
830 940 1136 996 Carthusize
1176 941 1427 998 Priorum
1456 945 1631 998 Chro-

118 1031 318 1101 nographi
371 1033 771 1097 narrationem,
833 1032 1129 1102 aliamque,
1177 1048 1341 1102 quam
1386 1033 1508 1087 libri
1556 1031 1632 1088 De

119 1133 296 1193 quatuor
348 1123 590 1178 Paradisi
651 1124 970 1179 ﬂuminibus
1034 1134 1225 1180 auctor
1278 1127 1628 1196 suppeditat,

116 1215 379 1269 discriminis
402 1216 708 1270 intercedit.
752 1216 844 1271 Ille
879 1217 1047 1283 enim,
1079 1226 1270 1271 contra
1300 1233 1365 1272 ac
1407 1218 1505 1272 abs
1532 1217 1635 1273 hoc

119 1308 184 1369 tit,
227 1306 539 1362 innumeram
604 1309 792 1379 populi
860 1310 1265 1364 multitudinem
1330 1310 1399 1364 ad
1465 1308 1635 1365 ferale

117 1401 295 1457 doctoris
314 1402 453 1471 justo
475 1403 571 1458 Dei
592 1402 804 1473 judicio
828 1420 948 1460 sese
973 1405 1291 1460 damnatum
1316 1403 1633 1470 vociferati,

118 1498 413 1564 spectaculum
456 1500 768 1554 accurrisse
810 1499 969 1569 eique
1009 1501 1145 1555 adeo
1194 1499 1474 1567 adfuisse,
1525 1516 1634 1555 non

118 1588 289 1643 obscure
317 1590 532 1657 indicat,
577 1591 724 1660 quod
752 1590 973 1645 interim
1018 1591 1335 1662 adjunctum
1365 1592 1411 1648 si
1443 1608 1474 1648 a
1501 1607 1633 1647 nar-

118 1678 270 1731 ratione
300 1679 542 1749 abfuerit,
583 1683 769 1738 minus
803 1683 933 1738 hinc
971 1683 1163 1738 evadet
1204 1680 1399 1739 isthmc
1428 1685 1635 1740 credito

116 1761 287 1818 difﬁcilis
326 1778 558 1833 veroque
596 1764 882 1829 absimilis,
926 1763 1001 1816 uti
1042 1779 1109 1817 ex
1146 1761 1259 1829 jam
1292 1762 1455 1817 dictis
1494 1763 1627 1815 satis

118 1863 232 1921 patet,
259 1855 514 1925 magisque
546 1856 725 1910 adhuc
748 1864 991 1923 patescet
1020 1868 1087 1908 ex
1138 1854 1203 1908 iis
1231 1869 1352 1923 qua:
1380 1853 1627 1909 dicturus

116 1961 211 2011 sum,
236 1959 495 2016 postquam
528 1962 648 2017 qua:
693 1946 953 2012 Launoio,
1003 1947 1315 2017 praedictam
1353 1946 1627 2001 narratio—

115 2051 199 2089 nem
243 2047 291 2091 ut
336 2036 538 2092 futilem
594 2037 927 2107 explodenti,
988 2037 1385 2092 Carthusianus
1441 2046 1628 2092 noster

114 2140 348 2198 anonymus
389 2127 647 2198 opponit,
697 2129 804 2181 huc
851 2128 1266 2197 transcripsero.
1313 2127 1405 2183 Sic
1446 2127 1630 2197 itaque

113 2226 196 2285 post
217 2219 353 2273 verba
394 2220 647 2288 proxime
698 2219 922 2273 recitata
970 2219 1316 2288 prosequitur
1357 2235 1370 2273 :
1416 2237 1435 2270 ι
1478 2218 1627 2273 Lau~

112 2305 239 2371 noius,
269 2308 351 2378 qui
382 2317 628 2363 veterum
668 2316 723 2363 et
766 2307 1150 2363 modernorum
1191 2309 1629 2364 circumstantias

112 2396 346 2464 confundit,
367 2414 669 2468 eorumque
694 2400 1084 2454 dissonantiam
1105 2401 1289 2456 multis
1310 2412 1625 2472 exaggerat,

112 2485 147 2539 in
180 2486 291 2543 hanc
331 2491 701 2545 narrationem
744 2489 893 2544 velut
942 2507 961 2542 ι
1016 2490 1258 2560 ineptam
1302 2490 1630 2561 plenamque

112 2578 360 2649 ignorantia:
399 2602 417 2633 ι
473 2583 715 2653 insurgit
761 2596 828 2637 ex
880 2583 1051 2637 tribus
1107 2584 1383 2639 maxime:
1427 2586 1624 2655 primo,

110 2671 209 2736 quod
237 2690 253 2721 ι
275 2672 719 2728 Adolescentibus
743 2688 837 2728 seu
865 2674 1036 2727 tribus
1065 2674 1279 2731 clericis
1303 2676 1386 2730 vel
1419 2676 1631 2731 schola-

112 2778 125 2807 ι
154 2761 270 2816 ribus
306 2762 791 2817 Carthusianorum
824 2764 1029 2819 ordinis
1052 2764 1269 2819 initium
1300 2767 1569 2831 ascribat;
1606 2783 1625 2816 ι

110 2848 296 2909 Secundo
337 2857 479 2927 quod
533 2858 778 2927 ejusdem
826 2858 1033 2913 ordinis
1088 2873 1109 2909 ‹
1156 2858 1527 2914 Fundamenta
1575 2859 1628 2913 in

111 2962 123 2994 ι
155 2950 386 3005 montibus
425 2950 757 3020 Burgundize
790 2950 936 3018 jacta
973 2950 1143 3004 fuisse
1185 2950 1421 3016 referat;
1469 2951 1631 3006 tertio

110 3038 283 3104 tqnod,
321 3055 435 3109 qua:
468 3041 540 3095 de
582 3039 796 3095 sublato
837 3040 1084 3111 magistri
1130 3040 1399 3096 cadavere
1439 3042 1628 3104 tradit,

111 3140 246 3182 totum
278 3130 496 3199 picturis
533 3139 595 3188 et
631 3130 917 3202 pacietiuis
953 3133 1267 3187 monasterii
1307 3132 1631 3188 Parisiensis

111 3232 123 3263 ι
151 3232 233 3272 non
258 3225 603 3277 concordent.
654 3240 674 3275 ι

152 3306 247 3361 387.
267 3328 283 3360 ι
306 3311 380 3365 Ad
403 3313 642 3383 primum
677 3314 1084 3383 respondemus,
1113 3329 1233 3371 eam
1262 3315 1631 3371 narrationem

109 3394 227 3453 fuisse
251 3405 572 3459 verbotenus
601 3403 942 3460 solummodo
971 3406 1170 3461 factam
1213 3407 1280 3461 ab
1310 3407 1402 3462 illo
1438 3423 1629 3463 mona-

106 3494 193 3554 cho,
225 3503 272 3549 et
311 3496 425 3550 ideo
460 3498 675 3552 codicis
715 3498 1057 3568 scriptorem,
1090 3500 1181 3568 qui
1223 3500 1405 3554 forsan
1451 3514 1513 3554 ea
1539 3499 1630 3554 diu

107 3592 192 3646 post
223 3589 455 3657 scripsit,
502 3588 727 3645 fallente
769 3591 1053 3657 memoria,
1103 3590 1262 3647 facile
1301 3593 1476 3665 decipi
1532 3608 1630 3663 po-

109 3676 243 3731 tuisse.
272 3679 396 3735 Nam
434 3681 702 3749 fatemur,
735 3683 808 3737 ibi
851 3684 916 3738 de
948 3683 1121 3739 tribus
1167 3693 1379 3739 tantum
1410 3686 1631 3741 clericis

108 3766 361 3823 nominatim
391 3772 838 3839 commemorari,
887 3788 1009 3827 cum
1048 3787 1235 3828 revera
1277 3785 1483 3844 septem
1519 3778 1632 3831 fue-

108 3852 198 3921 rint,
225 3856 429 3915 inelusis
456 3864 674 3918 duobus
723 3862 896 3929 laicis,
932 3863 1023 3933 qui
1046 3863 1255 3919 ordinis
1276 3862 1628 3918 fundamenta

105 3958 358 4020 Ρθευθηιιιι,
391 3971 533 4027 quos
565 3964 745 4010 tamen
786 3972 975 4012 omnes
1018 3972 1124 4012 non
1169 3967 1379 4012 constat
1420 3966 1632 4025 specta-

106 4037 192 4094 culo
232 4042 475 4101 adfuisse.
532 4047 645 4101 Sed
696 4047 893 4103 indene
946 4055 1093 4103 recte
1151 4047 1420 4103 inferatur
1469 4047 1632 4101 tetius

1659 1743 1700 1794 B

1660 3092 1703 3153 C

14 4182 15 4208 ἦ
107 4125 289 4188 historia:
318 4136 551 4205 falsitas,
582 4138 843 4192 cordatus
870 4137 1041 4194 lector
1062 4136 1287 4207 judicet.
1319 4138 1451 4203 Imo,
1485 4138 1629 4208 quod

106 4214 155 4271 ibi
180 4223 235 4277 ab
259 4226 370 4282 aliis
410 4229 731 4283 auctoribus
761 4230 1054 4300 discrepat,
1088 4246 1154 4285 ex
1194 4241 1453 4286 contextu
1490 4229 1632 4298 ejus-

108 4308 192 4363 dem
218 4320 535 4373 narrationis
570 4320 689 4373 sine
731 4319 913 4375 labore
950 4322 1298 4376 conciliatur.
1344 4323 1456 4376 Etsi
1485 4322 1631 4378 enim

14 4406 15 4441 1
107 4411 247 4456 auctor
271 4406 423 4462 trium
455 4418 667 4463 tantum
708 4410 765 4463 in
802 4425 963 4464 cursu
1005 4427 1117 4466 suae
1147 4414 1479 4468 narrationis
1520 4430 1630 4469 me-
1665 4433 1707 4490 υ

110 4492 290 4561 minerit,
333 4501 514 4569 plures
564 4511 741 4556 tamen
786 4502 1029 4557 ordinem
1088 4504 1385 4560 instituisse
1430 4506 1627 4572 innuit,

110 4594 193 4637 Cum
229 4592 318 4644 sub
346 4593 511 4647 linem
542 4596 811 4650 sermonis
837 4596 987 4649 addit
1020 4613 1036 4649 :
1078 4616 1098 4648 ι
1142 4598 1208 4651 Et
1245 4613 1343 4667 par
1372 4614 1463 4655 ces
1500 4600 1632 4655 trois

113 4689 125 4719 σ
154 4679 291 4736 saints
320 4684 585 4753 hommes,
613 4696 669 4741 et
694 4702 985 4756 paraceux,
1016 4689 1108 4757 qui
1132 4687 1427 4759 préudreut
1448 4705 1632 4747 exem-

115 4768 220 4835 tpie
248 4772 271 4823 ει
300 4789 423 4843 eux,
476 4785 535 4831 et
581 4779 894 4847 vesquirent
946 4787 1001 4833 et
1040 4792 1432 4835 converserent
1470 4796 1631 4852 aussy

115 4873 126 4901 ι
157 4873 331 4919 eamme
368 4881 497 4929 eux.
543 4867 621 4921 fut
647 4870 1001 4936 commeneié,
1034 4880 1086 4924 et
1119 4881 1202 4925 est
1228 4886 1426 4926 encore
1456 4874 1629 4927 main-

118 4961 128 4991 ι
162 4956 291 5006 tenue
314 4965 368 5008 et
405 4957 605 5025 gardée
644 4958 853 5013 l’Ordre
882 4960 948 5012 de
978 4960 1336 5027 Cltarlreuxe,
1382 4980 1399 5013 ι
1442 4962 1496 5016 id
1525 4974 1629 5029 est,

116 5048 130 5083 ι
159 5035 207 5089 Et
228 5043 295 5096 sic
320 5060 415 5114 per
442 5048 543 5100 hos
564 5048 708 5101 viros
732 5056 843 5102 tres
870 5058 1088 5103 sanctos
1113 5060 1168 5104 et
1191 5065 1305 5117 eos,
1334 5054 1423 5120 qui
1449 5067 1634 5107 exem-

118 5129 274 5194 tplum
321 5137 535 5192 illorum
586 5141 755 5194 secuti
809 5149 955 5207 sunt,
1009 5150 1064 5196 et
1112 5142 1252 5197 idem
1293 5158 1462 5215 genus
1510 5146 1635 5199 vita:

117 5234 129 5262 ί
161 5222 417 5295 duxerunt,
445 5232 614 5299 cmpit
640 5240 694 5286 et
734 5232 910 5287 adhuc
949 5242 1056 5288 stat
1081 5245 1137 5289 et
1159 5236 1480 5290 observatur
1502 5238 1633 5293 ordo

119 5308 547 5372 «fartliusicnsis.
593 5339 611 5371 ι
668 5321 735 5374 Ει
775 5325 1022 5391 superius
1064 5341 1075 5378 :
1124 5343 1142 5375 ι
1190 5324 1324 5380 Lors
1368 5342 1457 5382 ces
1502 5331 1634 5387 trois

119 5404 387 5467 telercs‘et
418 5412 505 5466 lor
542 5416 874 5485 compagnie,
919 5416 1011 5485 qui
1054 5417 1284 5471 estoient
1328 5421 1551 5476 euviron
1586 5423 1632 5479 le

120 5507 134 5540 ί
164 5510 293 5569 corps
330 5517 344 5556 :
387 5505 543 5559 Tunc
574 5505 625 5559 hi
660 5520 771 5564 tres
799 5507 981 5562 clerici
1011 5517 1066 5563 et
1109 5508 1243 5563 socii
1284 5524 1492 5578 eorum,
1540 5513 1630 5581 qui

121 5599 135 5633 ι
166 5603 292 5646 erant
312 5596 454 5650 circa
482 5612 700 5666 corpus.
736 5618 754 5651 ι
786 5600 974 5654 Nonne
1000 5608 1233 5670 quatuor
1253 5601 1364 5668 alii,
1394 5603 1484 5672 qui
1509 5620 1630 5658 cum

120 5677 248 5737 L'iltus
283 5687 360 5741 his
410 5688 621 5741 clericis
668 5690 878 5744 initium
936 5693 1111 5746 ordini
1164 5692 1447 5759 dederunt,
1501 5710 1631 5753 con-

417 5784 690 5846 PL'rnOt..
725 5788 907 5847 CLII.

1582 300 1770 355 ACTA.

3201 298 3307 356 236

1728 389 1888 445 tincri
1929 396 2218 458 potuerunt
2265 388 2319 443 in
2384 388 2476 442 ino
2521 389 2701 443 coetu?
2743 388 2849 445 Sed
2894 389 3002 447 etsi
3052 389 3306 449 daremus

1731 482 1931 538 nullam
1978 496 2200 551 prorsus
2233 481 2301 535 ibi
2344 481 2462 535 fieri
2500 482 2830 536 mentionem
2877 481 2984 537 nisi
3024 483 3092 538 de
3130 484 3306 542 tribus

1731 574 1963 640 clericis,
1994 589 2171 628 nonne
2224 573 2337 627 fieri
2382 574 2556 643 potuit
2595 573 2739 643 quod
2766 590 2832 629 ex
2865 574 2958 630 illo
2996 579 3308 646 septenario

1733 680 1957 719 numero
2013 672 2122 719 tres
2185 664 2402 734 quidem
2469 672 2678 719 tantum
2748 664 2924 720 funeri
2988 666 3306 733 adfuerint,

1731 756 1825 810 sed
1860 756 1951 825 qui
1983 754 2115 810 alios
2156 766 2386 825 quatuor
2409 765 2596 825 postea
2620 770 2679 811 se
2705 771 2829 811 cum
2872 757 2927 811 in
2958 757 3303 815 solitudinem

1732 847 2031 901 traxerint?

1800 940 1925 995 588.
1968 957 1989 991 ι
2027 939 2158 993 Nam
2194 954 2381 995 revera
2416 954 2510 995 eos
2543 941 2681 996 idem
2713 941 2839 995 vitae
2863 957 3033 1012 genus
3060 942 3308 1011 pluribus

1730 1030 1849 1084 aliis
1890 1034 2216 1099 persuadere
2260 1030 2494 1084 voluisse
2554 1031 2876 1101 eonjicimus
2910 1046 2976 1085 ex
3024 1032 3308 1101 Radulpho

1728 1132 1782 1177 et
1810 1122 2013 1189 Fulcio,
2048 1137 2184 1191 quos
2215 1121 2415 1176 lucrari
2456 1120 2568 1177 Deo
2608 1132 2831 1177 sanctus
2876 1122 3058 1178 Bruno
3085 1124 3308 1178 adnisus

1729 1212 1922 1279 fuerat,
1957 1214 2120 1267 etiam
2145 1222 2272 1267 voto
2300 1228 2422 1268 cum
2449 1214 2528 1267 eis
2551 1214 2750 1268 emisso
2776 1215 3017 1269 habitum
3046 1214 3303 1268 induendi

1729 1304 2123 1368 monasticum;
2170 1305 2234 1358 de
2272 1305 2469 1373 quibus
2514 1303 2865 1359 nihilominus
2908 1304 3032 1373 jure
3072 1304 3308 1360 dubitati

1727 1402 1921 1462 potest,
1956 1411 2021 1448 an
2055 1404 2349 1463 pnesentes
2385 1395 2585 1449 fuerint
2610 1396 2940 1464 spectaculo,
2968 1397 3309 1466 quandoqui-

1726 1483 1847 1537 dem
1881 1493 1935 1538 et
1960 1492 2088 1539 ante
2122 1485 2250 1539 illud
2287 1493 2557 1553 patratum
2585 1485 2691 1538 tale
2714 1494 2900 1538 votum
2928 1485 3176 1539 emisisse
3207 1499 3306 1555 po-

1728 1582 1965 1628 tuerunt.
2002 1574 2273 1630 Prmterea
2320 1590 2388 1629 ex
2432 1583 2635 1646 septem
2680 1575 2872 1644 primis
2913 1574 3165 1631 I’atribus
3200 1586 3312 1632 tres

1729 1673 1935 1719 tantum
1965 1666 2221 1720 videntur
2247 1668 2464 1736 proprie
2507 1667 2690 1721 clerici
2730 1665 2975 1733 dicendi,
3016 1682 3210 1737 nempe
3248 1669 3309 1724 S.

1727 1751 1927 1820 Bruno,
1969 1753 2283 1810 Landuinus
2322 1762 2373 1808 et
2423 1754 2600 1826 litigo;
2644 1771 2767 1809 nam
2810 1770 2877 1810 ex
2914 1768 3151 1825 quatuor
3189 1758 3311 1813 aliis

1729 1843 1834 1897 duo
1860 1854 2016 1899 erant
2048 1848 2295 1902 canonici
2326 1846 2509 1903 Sancti
2542 1846 2700 1914 RuiIi,
2743 1857 2797 1901 et
2828 1849 2935 1902 duo
2962 1848 3109 1904 laici.
3148 1852 3312 1905 Deni—

1728 1949 1832 2002 que
1858 1936 1909 1988 in
1938 1935 2025 1989 illa
2054 1938 2371 1993 narratione
2392 1939 2653 2006 magister
2680 1938 2770 1993 ille
2796 1939 2995 1994 dicitur
3026 1939 3313 1997 defunctus

1730 2026 1895 2081 fuisse
1946 2029 2058 2094 diu,
2108 2038 2392 2100 postquam
2434 2038 2545 2085 tres
2584 2030 2703 2086 illos
2744 2030 2975 2086 clericos
3015 2032 3308 2088 docuisset.

1731 2116 1822 2172 Sic
1852 2119 1997 2173 enim
2041 2118 2111 2174 ibi
2144 2120 2345 2190 legitur
2378 2136 2391 2175 :
2430 2139 2447 2173 ι
2486 2123 2551 2177 Et
2591 2132 2763 2193 quant
2796 2122 2831 2175 il
2863 2123 2877 2176 i
2921 2133 3079 2177 orent
3113 2124 3228 2179 este
3259 2136 3309 2179 et

1734 2223 1753 2255 ι
1803 2204 1925 2260 lonc
1962 2208 2099 2261 leuis
2143 2206 2261 2263 leur
2305 2218 2503 2264 mestre
2542 2219 2779 2278 mourut,
2817 2229 2836 2263 ι
2883 2212 2934 2266 id
2967 2222 3074 2279 est,
3116 2229 3134 2263 ι
3178 2212 3309 2268 Cum

1736 2314 1753 2346 ι
1798 2297 1899 2351 sub
1927 2313 1991 2353 eo
2020 2300 2373 2367 studuissent,
2408 2302 2495 2354 diu
2535 2306 2655 2371 post
2698 2303 2956 2372 magister
2992 2319 3179 2359 eorum
3218 2306 3315 2361 de—

1736 2406 1754 2437 i
1803 2387 2021 2443 functus
2055 2399 2158 2455 est,
2205 2392 2319 2446 sive
2349 2401 2408 2445 ut
2451 2393 2779 2449 reddidimus
2824 2410 3029 2466 supra:
3067 2398 3313 2467 Dumque

1737 2499 1755 2531 ι
1802 2483 1903 2535 sub
1948 2496 2013 2536 eo
2059 2495 2344 2538 vocassent
2396 2485 2609 2551 studiis,
2660 2496 2784 2555 post
2831 2487 3052 2558 Iungunt
3104 2498 3317 2559 tempus

1738 2584 1757 2619 ‹
1800 2580 2045 2624 mortuus
2075 2581 2159 2627 est
2189 2572 2295 2627 ille.
2338 2591 2356 2624 ι
2396 2574 2669 2629 Launoius
2715 2592 2846 2633 vero
2888 2577 3002 2633 haec
3044 2581 3206 2634 verba
3236 2583 3315 2638 sic

1734 2659 2121 2731 interpretatur
2161 2681 2173 2719 :
2220 2683 2239 2716 ι
2288 2664 2389 2732 Qui
2430 2683 2553 2722 cum
2594 2668 2714 2723 illos
2751 2671 3060 2740 aliquandiu
3093 2674 3313 2729 docuis.

1735 2762 1837 2820 set,
1868 2755 2002 2809 abiit
2029 2772 2059 2811 e
2088 2758 2215 2811 vita.
2248 2780 2266 2810 ι
2298 2758 2404 2813 Sed
2440 2760 2491 2814 in
2526 2761 2626 2817 hac
2658 2763 3125 2835 interpretatione,
3162 2768 3311 2822 inviti

1732 2844 1984 2913 dicimus,
2041 2865 2144 2902 non
2194 2849 2296 2904 fuit
2341 2852 2614 2919 sincerus;
2665 2871 2788 2909 nam
2858 2875 2875 2907 ι
2918 2858 3244 2928 Aliquandiu
3290 2881 3310 2913 ι

1734 2953 1839 2991 non
1866 2940 2137 3009 significat
2173 2959 2189 2992 ι
2212 2941 2568 3014 loug-tcu-ps»
2602 2948 2714 3001 sive
2748 2966 2765 2998 ι
2803 2947 2906 3003 Per
2932 2949 3146 3020 longum
3180 2960 3309 3005 tem.

1740 3046 1758 3081 ι
1804 3046 1924 3100 pus,
1972 3050 1989 3082 ι
2033 3030 2133 3088 sed
2164 3052 2182 3085 ι
2221 3034 2323 3090 Per
2361 3037 2580 3107 aliquod
2622 3048 2852 3110 tempus.
2897 3060 2915 3091 ι
2969 3041 3105 3097 Cum
3152 3044 3310 3112 igitur

1737 3120 1825 3175 ille
1871 3123 2032 3177 homo
2073 3125 2272 3180 obierit
2301 3127 2413 3194 diu,
2445 3137 2732 3198 postquam
2774 3131 2895 3186 illos
2936 3141 3047 3186 tres
3086 3133 3311 3190 clericos

1735 3214 2028 3281 docuisset,
2061 3229 2167 3271 noo
2217 3229 2374 3273 erant
2420 3229 2545 3276 tunc
2586 3221 2657 3275 illi
2696 3222 2748 3276 in
2780 3232 2924 3277 statu
2968 3226 3312 3280 adolescentis

1735 3306 1922 3361 stricte
1960 3316 2193 3376 sumpto,
2239 3318 2297 3365 ut
2334 3311 2547 3367 videtur
2584 3323 2855 3384 sumptqu
2896 3331 2923 3368 a
2953 3315 3213 3384 Launoio,
3260 3330 3311 3373 ut

1734 3399 1976 3453 narratio
2020 3399 2134 3455 hmc
2178 3400 2303 3457 inde
2358 3403 2592 3474 ineptior
2638 3416 2944 3475 appareret.
2996 3408 3105 3464 Nec
3149 3412 3312 3465 etiam

1733 3489 2017 3545 scholares
2056 3502 2234 3559 erant,
2277 3494 2370 3549 sed
2409 3496 2514 3550 duo
2555 3512 2619 3551 ex
2665 3498 2795 3567 ipsis
2828 3498 2939 3567 jam
2971 3501 3221 3559 doctores
3259 3515 3310 3559 et

1736 3580 2001 3651 magistri,
2045 3593 2104 3637 ut
2144 3595 2354 3640 constat
2401 3587 2466 3641 de
2506 3586 2564 3641 S.
2606 3587 2861 3645 Bruttone
2909 3600 2963 3646 et
3006 3591 3309 3649 Landuino.

1736 3670 1919 3744 Neque
1947 3674 1999 3729 id
2036 3676 2258 3747 impedit
2314 3680 2607 3755 quominus
2631 3682 2848 3748 quidam
2897 3698 2963 3738 ex
2993 3684 3115 3739 aliis
3145 3688 3313 3744 sociis

1735 3762 1793 3819 S.
1848 3765 2116 3823 Brunonis
2170 3770 2449 3825 scholares
2497 3770 2677 3826 forsan
2736 3785 2864 3828 tunc
2912 3774 3144 3843 fuerint;
3190 3795 3311 3834 nam

1736 3852 1843 3906 duo
1873 3852 2135 3923 Stephani
2169 3858 2304 3911 satis
2346 3858 2574 3926 juvenes
2602 3871 2782 3929 erant,
2820 3863 2911 3932 qui
2959 3866 3197 3922 nondum
3248 3870 3312 3924 ad

1735 3946 2099 4001 sacerdotium
2136 3956 2294 4003 erant
2320 3951 2572 4020 promoti.

1806 4040 1930 4097 589.
1980 4060 1997 4093 ι
2044 4040 2186 4096 Nihil
2243 4058 2372 4107 ergo
2421 4046 2662 4114 ineptum
2717 4047 2768 4101 in
2839 4048 2943 4104 hac
3003 4054 3311 4108 narratiom

1734 4142 1985 4189 occurret
2011 4134 2314 4204 cuicunque
2357 4136 2571 4205 lectori,
2607 4139 2893 4195 verborqu
2928 4139 3068 4194 illius
3097 4158 3311 4198 sensum

1738 4225 1967 4297 benigne
1997 4235 2048 4281 et
2069 4226 2186 4281 sine
2210 4228 2312 4281 ulla
2344 4229 2505 4283 animi
2529 4232 2885 4301 occupatione
2913 4234 3309 4301 interpretandi.

1736 4315 2005 4387 Quidquid
2052 4318 2118 4371 ad
2158 4319 2273 4372 base
2315 4330 2581 4389 reponant
2619 4322 2938 4388 adversarii,
2976 4322 3197 4377 fundum
3239 4336 3300 4378 ta-

1737 4423 1879 4472 men,
1911 4418 1968 4460 ut
2003 4408 2075 4461 ita
2105 4408 2410 4477 loquamur,
2446 4412 2616 4481 ipsius
2643 4413 2883 4468 historia:
2910 4423 3127 4483 totaque
3172 4416 3312 4470 illius

1735 4497 2034 4551 substantia
2074 4506 2391 4553 constanter
2427 4503 2816 4569 perseverabit,
2863 4519 2965 4559 nec
3004 4505 3147 4560 illam
3187 4511 3312 4564 sub-

1734 4597 1946 4641 vertere
1986 4597 2239 4657 poterunt
2290 4598 2397 4644 tam
2444 4590 2590 4645 leves
2629 4591 2681 4645 in
2718 4592 2987 4662 adjnuetis
3028 4594 3316 4652 dissonan-

1738 4679 1843 4733 tiae.
1874 4677 2025 4733 Haud
2049 4679 2181 4735 satis
2203 4696 2490 4750 possumus
2507 4682 2692 4737 mirari
2715 4672 2963 4750 Launoii,
2992 4684 3092 4739 viri
3116 4691 3294 4758 perspi

1734 4770 2027 4834 cacissimi,
2081 4770 2134 4823 in
2184 4770 2286 4825 hac
2334 4771 2715 4828 observatione
2769 4775 3313 4846 inconsiderantiam,

1735 4864 1825 4931 qui
1852 4877 1973 4915 eum
2000 4862 2155 4931 prius
2195 4878 2315 4934 cap.
2349 4865 2373 4918 I
2410 4879 2519 4919 sua:
2551 4864 2981 4933 Dissertationis,
3018 4866 3071 4922 in
3100 4872 3317 4938 exposi-

1736 4952 1885 5009 tione
1911 4955 2205 5009 testimonii
2233 4956 2379 5011 Petri
2404 4956 2774 5012 Cluniacensis
2822 4956 3060 5029 legisset,
3091 4970 3147 5014 et
3180 4963 3318 5031 scri-

1734 5047 1951 5117 psisset,
1986 5046 2234 5102 «Servari
2266 5047 2319 5102 in
2347 5047 2670 5120 Burgundize
2700 5050 2947 5118 iinibus,o
2983 5052 3096 5106 sive
3130 5070 3147 5102 ι
3185 5067 3315 5122 par-

1741 5155 1758 5187 ι
1811 5135 1971 5202 tibus,
2012 5154 2030 5186 ι
2086 5145 2144 5190 ut
2186 5137 2317 5193 alibi
2365 5137 2583 5206 legitur,
2640 5155 2657 5187 ι
2700 5138 3089 5207 professionem
3121 5156 3317 5209 quam-

1741 5250 1760 5283 ι
1809 5232 1953 5297 dam,
2011 5249 2028 5281 ι
2094 5231 2144 5284 id
2194 5241 2296 5299 est,
2352 5233 2820 5300 Carthusieusem,
2882 5253 2900 5284 ι
2963 5234 3147 5288 multis
3196 5236 3318 5311 alias

1742 5342 1759 5377 ι
1809 5326 2089 5380 monastici
2116 5327 2372 5394 propositi
2399 5328 2748 5394 sanctiorem,
2784 5348 2801 5380 ι
2828 5327 2955 5381 etin
2978 5328 3318 5395 expositione

1740 5420 2026 5474 testimonii
2057 5419 2238 5474 Jacobi
2268 5422 2333 5475 de
2368 5420 2627 5489 Vitriaco,
2664 5440 2681 5472 ‹
2720 5421 2813 5475 Est
2859 5421 2961 5473 alia
3001 5428 3315 5476 sanctorum

1743 5528 1761 5562 ι
1807 5509 2172 5579 congregatio,
2249 5525 2386 5579 quos
2438 5512 2851 5566 Carthusienses
2905 5510 3196 5579 appellant,
3261 5513 3315 5566 in

1742 5618 1761 5650 ι
1808 5600 2014 5655 ultimis
2055 5601 2377 5668 Burgundia:
2429 5603 2693 5673 partibus,
2750 5620 2767 5651 ι
2820 5600 2909 5654 hic
2957 5600 3316 5658 nihilominus

1738 5706 2015 5752 auctorem
2046 5696 2251 5753 codicis
2272 5696 2486 5767 ineptiae
2515 5704 2569 5751 et
2599 5696 2915 5766 ignorantiae
2942 5696 3141 5768 arguit,
3174 5701 3318 5771 quod

2724 5795 2763 5856 8
