3896 6312
527 301 634 358 ειδε

529 410 875 466 fundamenta
910 406 1108 461 ordinis
1165 421 1220 455 ιιι
1269 402 1590 472 Burgundio:
1637 400 1906 454 montibus
1948 396 2094 464 jacta
2126 397 2169 450 Α

531 503 702 557 fuisse
727 499 990 555 retulerit.
1033 497 1182 551 Licet
1217 495 1360 548 enim
1404 491 1572 560 Major
1612 490 1898 545 Carthusia
1943 488 2100 540 modo

531 593 632 646 sita
661 591 714 644 in
746 587 1064 657 DeLphinatu
1089 593 1394 648 censeatur,
1419 581 1547 636 olim
1571 589 1748 633 tamen
1780 579 1831 630 in
1855 577 2102 645 Burgun-

532 683 618 736 dia
649 679 1082 748 computabatur,
1115 676 1241 745 quia
1269 685 1324 729 et
1356 674 1627 728 Subaudia
1669 680 1722 725 et
1749 670 2102 738 Delphinatus

530 780 687 827 erant
718 779 899 840 partes
937 768 1136 823 veteris
1166 765 1504 836 Burgundiaz.
1545 761 1695 815 Unde
1746 769 1799 813 et
1845 760 2105 814 astruitur

534 862 736 918 codicis
765 859 1104 916 Castellionei
1145 858 1458 926 antiquitas,
1486 853 1637 920 cujus
1671 863 1858 905 aut-tor
1889 853 1933 906 si
1966 853 2104 906 scri-

536 956 735 1026 psisset
763 961 886 1022 post
908 966 1106 1005 annum
1143 948 1302 1013 1546,
1336 961 1440 1015 quo
1468 943 1550 998 vel
1581 944 1724 997 circa
1758 942 2105 1011 Delphinatus

537 1057 704 1114 regno
735 1041 981 1096 Francia:
1017 1038 1212 1094 ascribi
1255 1035 1442 1104 coepit,
1489 1032 1646 1086 aliter
1682 1032 1746 1085 de
1785 1030 2104 1099 Delphinatu

538 1143 752 1189 locutus
791 1132 1000 1187 fuisset.
1028 1131 1108 1183 Ad
1137 1131 1170 1184 5
1193 1128 1305 1198 jam
1351 1124 1596 1193 superius
1624 1122 1816 1176 fecisse
1852 1123 1984 1176 satis
2021 1137 2107 1175 ar-

537 1226 829 1291 bitramur,
873 1239 992 1278 cum
1033 1222 1265 1274 diximus
1305 1216 1638 1271 recentiores
1695 1223 1921 1280 tantum,
1968 1215 2108 1269 inter

540 1330 676 1386 quos
721 1315 961 1384 picturas
1009 1319 1063 1364 et
1100 1307 1396 1378 parietinas
1443 1303 1746 1360 Carthasim
1788 1302 2108 1358 Parisiensis

540 1404 882 1466 aseribimus,
930 1397 1270 1453 adinvenisse
1319 1395 1626 1464 hujusmodi
1671 1393 2002 1462 sepulturam
2055 1395 2107 1448 in

540 1490 899 1560 sterquilinio,
932 1487 1056 1540 licet
1082 1485 1311 1540 similior
1347 1500 1474 1539 vero
1506 1484 1772 1548 videatur,
1813 1498 1975 1551 quam
2017 1482 2108 1535 illa

539 1602 572 1639 a
621 1583 832 1636 turbine
885 1577 1206 1647 asportatio.
1255 1596 1273 1630 ι
1321 1575 1448 1630 [lare
1495 1584 1641 1640 sunt,
1685 1587 1804 1642 qua:
1846 1573 2105 1638 Launoio,

539 1669 936 1739 suppeditatam
957 1682 988 1720 a
1019 1665 1143 1720 libri
1171 1665 1248 1721 De
1269 1673 1503 1733 quatuor
1526 1663 1770 1717 Paradisi
1797 1662 2110 1717 fluminibus

539 1773 760 1815 auctore
797 1759 1163 1814 narrationem
1198 1757 1366 1811 veluti
1411 1756 1648 1825 ineptam
1687 1755 2110 1824 ignorantizeque
2143 1737 2186 1790 Β

539 1850 779 1920 plenam,
811 1846 1140 1917 explodenti,
1179 1845 1570 1900 Cartbusianus
1600 1853 1783 1899 noster
1813 1858 2111 1914 anonymus

539 1940 783 2012 opponit.

611 2032 734 2086 390.
778 2031 844 2086 Et
882 2045 1009 2085 vero
1038 2027 1314 2084 Launoius
1343 2025 1612 2082 immerito
1640 2041 1771 2080 sane
1799 2040 1918 2080 eam
1954 2039 2113 2093 repu-

544 2121 657 2174 diat
698 2119 782 2174 vel
837 2133 905 2174 ex
943 2133 1006 2172 eo
1049 2119 1189 2188 quod
1227 2115 1627 2172 Cartliusiensis
1678 2115 1884 2170 ordinis
1923 2116 2115 2168 funda-

542 2219 723 2264 menta
774 2210 827 2262 in
875 2209 1196 2278 Burgundire
1244 2207 1517 2260 montibus
1557 2205 1702 2275 jacta
1753 2204 1975 2271 referat,
2028 2205 2114 2259 vel

544 2301 686 2370 quod
715 2298 932 2354 infausti
973 2298 1211 2353 doctoris
1241 2297 1471 2352 cadaver
1497 2311 1527 2350 a
1571 2295 1813 2351 darmone
1837 2304 2115 2364 arreptum

547 2408 611 2446 ac
641 2391 935 2454 sublatum,
965 2399 1153 2444 contra
1178 2403 1241 2442 ac
1265 2387 1566 2442 Carthasim
1589 2386 1906 2439 l‘arisiensis
1942 2388 2116 2456 pictu-

547 2481 624 2534 ris
665 2479 1008 2548 exprimitur,
1046 2477 1299 2531 insinuet.
1334 2475 1469 2530 Vere
1509 2474 1649 2528 enim
1684 2484 1916 2539 montes,
1950 2474 2116 2541 Majo-

548 2587 663 2626 rem
691 2572 1032 2626 Carthasiam
1069 2568 1506 2637 compiectentcs,
1545 2567 1717 2620 sancti
1750 2567 1919 2621 nostri
1961 2577 2118 2621 :etate

549 2661 615 2714 ad
658 2669 892 2714 veterem
945 2659 1302 2729 Burgundiam
1344 2659 1680 2728 spectabant,
1719 2661 1796 2713 uti
1842 2661 2009 2730 liquet
2049 2677 2116 2715 ex

549 2751 617 2806 iis
643 2765 759 2820 qua:
807 2751 858 2804 in
883 2749 1096 2803 Notitiis
1117 2746 1411 2803 Galliarum
1444 2749 1510 2801 ad
1535 2749 1854 2803 vocabulum
1879 2750 2118 2821 Burgun-

549 2843 636 2896 dia
674 2843 726 2896 in
753 2842 982 2895 medimn
1015 2840 1232 2893 adducit
1259 2838 1522 2894 Valesius.
1554 2840 1703 2907 Quod
1729 2855 1856 2896 vero
1879 2841 1946 2896 de
1969 2843 2119 2896 dam-

550 2933 660 2986 nati
693 2931 956 2986 cadavere
984 2945 1091 2984 non
1136 2929 1300 2997 idem,
1345 2929 1486 2998 quod
1530 2930 1582 2983 in
1627 2929 1925 2984 Carthasim
1969 2929 2120 2984 Pari-

549 3021 744 3075 siensis
794 3020 1022 3091 picturis
1071 3017 1419 3088 exprimitur,
1471 3017 1674 3074 factum
1723 3021 1935 3089 prodat,
1987 3021 2120 3076 nihil

549 3114 709 3185 plane
732 3115 796 3168 ad
823 3129 934 3166 rem
959 3112 1110 3176 facit,
1133 3129 1254 3166 cum
1286 3112 1610 3168 Parisiensis
1631 3115 1934 3168 Carthasim
1956 3115 2122 3185 pietu-

551 3223 645 3272 τω,
677 3209 800 3261 dato
828 3207 1013 3274 etiam,
1039 3206 1343 3262 Parisiense
1371 3207 1669 3277 prodigium
1701 3209 1987 3274 accidisse,
2015 3226 2120 3263 non

559 3314 622 3354 ca
649 3298 882 3368 polleant
917 3297 1261 3361 auctoritate,
1291 3305 1368 3360 ut,
1394 3298 1534 3366 quod
1567 3313 1689 3351 cum
1719 3297 1869 3352 hisce
1898 3309 2123 3369 pugnat,

557 3393 911 3464 rejiciendum
941 3392 1030 3444 sit.
1057 3389 1166 3445 Nec
1194 3391 1367 3459 inepta
1391 3391 1576 3456 etiam,
1602 3392 1666 3445 de
1695 3407 1797 3460 qua
1829 3393 1934 3457 hic,
1967 3409 2125 3462 repn-

557 3486 716 3541 tanda
752 3492 836 3538 est
872 3482 1132 3544 narratio,
1171 3481 1312 3551 quod
1347 3482 1518 3536 tribus
1557 3481 1990 3536 adolescentibus
2030 3497 2124 3536 Seu

557 3572 774 3627 clericis
836 3586 928 3624 seu
979 3569 1321 3624 scholar-ibus
1390 3569 1871 3639 Carlhusianorum
1924 3573 2128 3626 ordinis

560 3662 772 3717 initium
817 3661 1072 3715 ascribat.
1107 3660 1214 3714 llos
1263 3661 1424 3722 enim,
1458 3677 1578 3713 cum
1621 3661 1673 3714 id
1708 3661 1969 3727 fecerunt,
2001 3663 2130 3718 ado—

561 3753 826 3806 lescentes
873 3766 976 3804 non
1030 3750 1259 3819 amplius
1306 3749 1491 3814 fuisse,
1525 3750 1717 3803 innuit.
1764 3751 1841 3802 Ad
1874 3751 1990 3805 bazc
2028 3753 2128 3806 etsi

561 3842 836 3896 horrendo
859 3840 1096 3895 damnati
1135 3841 1444 3909 spectaculo
1470 3849 1578 3893 tres
1599 3841 1862 3894 duntaxat
1897 3840 2131 3897 adfuisse

563 3932 764 3997 tradat,
796 3931 974 4000 plures
1013 3939 1190 3982 tamen
1237 3930 1478 3983 ordinem
1518 3930 1836 3996 instituisse,
1872 3933 2132 3987 orationis

563 4033 819 4099 contextu
852 4023 1070 4086 iudicat,
1111 4037 1209 4076 nec
1250 4036 1344 4076 eos
1387 4034 1576 4074 omnes
1617 4021 1943 4090 scriptorum
1991 4025 2132 4077 anti-

563 4130 791 4185 quorum
827 4113 988 4184 ullus,
1030 4113 1118 4180 qui
1159 4109 1449 4181 spectaculi
1484 4109 1808 4175 meminerit,
1841 4121 2133 4180 prtesentes

563 4211 736 4264 eidem
763 4207 999 4260 astitisse
1045 4205 1295 4258 allirmat.
1337 4203 1442 4257 Sed
1475 4201 1577 4257 etsi
1603 4203 1652 4256 id
1685 4202 1926 4271 plerique
1953 4218 2019 4257 ex
2049 4203 2134 4257 his

563 4302 762 4355 diserte
807 4298 970 4351 etiam
1027 4301 1379 4358 assererent,
1427 4293 1828 4347 consectarium
1879 4293 2136 4346 duntaxat

566 4393 722 4455 foret,
755 4391 852 4444 hos
893 4388 1034 4442 inter
1072 4396 1128 4439 et
1167 4385 1292 4440 libri
1325 4386 1397 4438 De
1431 4393 1660 4454 quatuor
1694 4383 1925 4454 paradisi
1955 4383 2132 4436 llumi-
2165 4402 2210 4458 ο

568 4482 725 4534 nibus
762 4487 1033 4532 auctorem
1067 4477 1119 4530 in
1159 4474 1425 4544 adjunctis
1469 4483 1657 4528 exacte
1687 4489 1792 4528 non
1823 4477 2132 4528 convenire.

567 4574 769 4626 Verum
806 4572 934 4640 quid
974 4570 1118 4638 tum?
1149 4569 1204 4621 ld
1227 4570 1484 4622 duntaxat
1511 4577 1827 4638 argumento
1861 4576 1964 4631 est,
1998 4569 2137 4623 hunc

568 4682 675 4719 non
704 4682 768 4719 ex
793 4665 979 4719 eodem
1008 4665 1170 4728 fonte,
1197 4679 1227 4717 e
1261 4679 1366 4732 quo
1395 4663 1493 4730 illi,
1525 4660 1792 4725 hausisse,
1823 4676 1930 4715 non
1954 4672 2134 4714 autem

571 4753 963 4816 narrationem,
991 4769 1150 4822 quam
1185 4751 1511 4820 suppeditat,
1548 4765 1578 4802 a
1611 4748 1944 4814 narratione,
1977 4764 2136 4816 quam

574 4843 672 4908 illi,
710 4845 760 4897 in
788 4843 1083 4897 substantia
1110 4857 1229 4896 esse
1257 4837 1546 4903 diversam,
1575 4847 1667 4890 aut
1695 4839 1832 4891 hanc
1863 4838 2066 4891 idcirco
2107 4856 2136 4892 a

573 4935 800 4987 veritate
827 4935 1058 4988 existere
1096 4932 1347 4985 alienam.
1391 4929 1571 4982 Potest
1612 4928 1778 4990 enim,
1817 4928 1893 4981 uti
1931 4943 1994 4981 ex
2023 4928 2136 4996 jam

547 5027 736 5091 'supra
766 5023 921 5077 dictis
949 5024 1135 5091 liquet,
1167 5019 1494 5074 narrationis
1517 5016 1813 5087 cuiuspiam
1841 5018 2139 5072 substantia

572 5112 787 5167 veritati
817 5125 937 5165 esse
978 5109 1326 5164 exactissime
1355 5121 1614 5172 consona,
1649 5106 1776 5160 licet
1807 5105 2019 5159 interim
2045 5107 2139 5159 ad-

570 5203 771 5274 iunctis
813 5211 908 5256 aut
949 5211 1097 5256 certo
1136 5200 1288 5253 falsis
1335 5207 1428 5252 aut
1487 5198 1647 5252 dubie
1689 5197 1950 5254 duntaxat
1997 5196 2138 5250 veris

573 5295 647 5350 sit
670 5293 884 5348 vestita.
911 5292 975 5345 Et
1009 5305 1134 5342 vero
1165 5286 1469 5356 bnjusmodi
1499 5301 1618 5342 esse
1651 5284 1903 5354 adjuncta
1933 5286 2136 5348 omnia,

573 5402 694 5457 quae
743 5385 978 5440 vestiunt
1026 5390 1134 5434 tum
1184 5380 1574 5447 narrationem,
1628 5395 1788 5448 quam
1842 5379 2138 5449 primorum

575 5478 814 5548 quinqu)
867 5471 1168 5529 Carthusite
1220 5469 1459 5537 priorum
1518 5470 1887 5539 Chronologus
1942 5471 2140 5538 aliique

573 5569 718 5622 hunc
746 5565 914 5620 secuti
942 5559 1302 5628 suppeditant,
1339 5566 1448 5612 tum
1479 5559 1723 5621 alteram,
1757 5576 1874 5628 qua:
1905 5560 2024 5613 libri
2067 5561 2140 5615 De

577 5670 807 5730 quatuor
885 5656 1118 5726 paradisi
1172 5653 1480 5708 ﬂuiniailms
1541 5656 1742 5710 auctori
1822 5655 2134 5718 aseribitur,

1286 292 1341 348 S.
1383 288 1727 346 BliUNONlS
1767 277 2410 342 CAllTllUSM‘NORUM
2453 272 2927 329 iNSTliU'FlelS

3659 244 3750 300 ἂνἷὸ

2199 404 2508 460 persuasum
2555 389 2755 442 idcirco
2795 386 2990 448 habeo,
3037 387 3200 454 quod,
3243 386 3441 452 quibus
3469 388 3584 436 tum
3631 380 3734 435 haec

2205 491 2316 536 tum
2375 481 2462 533 illa
2516 490 2763 541 ornatur,
2831 486 2954 530 nata
3020 476 3128 529 sint
3186 489 3216 528 e
3271 473 3387 528 sola
3453 475 3742 541 traditione,

2204 575 2272 626 ad
2319 583 2525 640 tempus
2572 583 2761 637 usque,
2804 567 2947 636 quod
2993 582 3022 619 a
3059 566 3135 618 rei
3179 574 3343 633 gestae
3388 563 3593 633 origine
3635 579 3748 619 cen-

2206 675 2314 718 tum
2377 661 2603 731 amplius
2653 660 2811 713 annis
2869 658 3060 719 distat,
3123 657 3387 719 deducta,
3442 668 3586 721 qua),
3639 669 3750 710 cum

2207 753 2388 806 tandin
2434 751 2636 817 absque
2684 747 2969 814 Scriptura:
3016 743 3315 797 munimine
3364 743 3552 805 durat,
3590 740 3750 797 facere

2206 844 2364 906 solet,
2415 850 2472 893 ut
2517 841 2581 893 ad
2635 839 2710 892 rei
2753 845 2921 906 gestae
2965 833 3326 888 substantiam
3373 831 3617 899 adjuncta
3658 848 3750 888 non

2171 983 2174 986 ι
2206 946 2398 1002 pauca,
2425 946 2544 999 qua:
2570 928 2724 982 initio
2752 934 2908 982 erant
2943 925 3144 994 ignota,
3177 922 3459 977 accedant.

2276 1024 2400 1080 591.
2443 1021 2576 1075 Hine
2605 1019 2733 1073 dato
2783 1019 2969 1080 etiam,
3011 1017 3314 1070 luctuosam
3342 1012 3577 1067 damnati
3605 1013 3754 1068 histo-

2207 1115 2343 1170 riam
2368 1110 2892 1176 aecidisse,dubium
2917 1108 3045 1162 mihi
3069 1121 3290 1174 semper
3309 1104 3418 1157 erit
3455 1119 3522 1157 an
3547 1103 3753 1158 Sanctus

2207 1211 2414 1267 noster,
2457 1200 2598 1270 quod
2644 1209 2824 1254 tamen
2873 1213 2941 1251 ex
2977 1196 3101 1250 libri
3149 1194 3224 1248 De
3267 1202 3498 1263 quatuor
3535 1191 3753 1246 Paradisi

2205 1293 2515 1348 fluminibus
2550 1290 2862 1345 narratione
2890 1304 3052 1357 supra
3078 1286 3180 1339 huc
3211 1284 3536 1351 transcripta
3565 1283 3754 1337 conclu-

2209 1382 2442 1437 dendum
2499 1388 2746 1450 apparet,
2797 1378 3020 1433 Parisiis
3066 1390 3305 1444 unquam
3350 1372 3628 1427 studuerit.
3665 1373 3756 1426 Du-

2209 1475 2356 1530 bium
2387 1471 2594 1540 itidem,
2627 1472 2791 1526 etiam
2821 1470 2923 1524 hoc
2956 1469 3103 1534 dato,
3136 1482 3352 1536 semper
3389 1465 3642 1528 manebit,
3665 1466 3756 1520 cle-

2212 1566 2440 1627 ricusne,
2459 1579 2526 1617 an
2550 1564 2736 1618 doctor
2749 1561 3041 1624 exstiterit,
3069 1559 3161 1628 qui
3191 1557 3596 1614 damnationem
3621 1571 3755 1610 suam

2213 1658 2516 1714 astantibus
2556 1672 2586 1710 e
2617 1655 2820 1710 feretro
2850 1652 3236 1708 manifestavit.
3269 1650 3553 1705 Ductorem
3603 1657 3756 1704 tamen

2212 1765 2333 1806 eum
2363 1763 2523 1818 supra
2558 1746 2874 1818 plerumque
2912 1745 3207 1810 nominavi,
3249 1742 3394 1812 quod
3435 1742 3539 1796 hoc
3569 1741 3709 1796 titulo
3733 1760 3756 1796 ιι

2213 1841 2510 1910 primorum
2541 1839 2778 1908 quinque
2815 1837 3118 1892 Carthasim
3148 1834 3390 1906 priorum
3420 1833 3755 1903 Chronologu,

2213 1932 2442 2000 aliisque
2473 1931 2614 1984 hunc
2653 1929 2852 1984 scentis
2891 1930 3137 1984 ornetur.
3181 1927 3296 1981 Etsi
3329 1927 3535 1996 itaque,
3573 1940 3672 1994 qua
3705 1928 3760 1979 de

2215 2022 2304 2078 hic
2351 2022 2704 2090 disputamus,
2753 2020 2997 2074 narratio
3047 2018 3116 2072 ab
3159 2032 3248 2082 ea,
3299 2032 3461 2086 quam
3509 2018 3760 2086 antiquior

2215 2113 2388 2168 sancti
2413 2111 2592 2182 nostri
2622 2111 2952 2181 biographus
2985 2109 3186 2178 aliique
3210 2108 3355 2162 hunc
3383 2106 3554 2162 secuti
3591 2122 3761 2176 suppe-

2195 2208 2408 2280 ditant,
2437 2207 2491 2261 in
2524 2204 2790 2274 adjunctis
2819 2203 3051 2268 dilferat,
3085 2201 3475 2270 repudiandam
3503 2209 3760 2268 propterea

2216 2311 2338 2352 esse
2377 2309 2718 2365 consequens
2756 2309 2864 2348 non
2901 2301 3004 2347 est.
3049 2290 3160 2345 Nec
3193 2300 3298 2355 est,
3340 2292 3484 2359 quod
3538 2304 3760 2358 reponas,

2216 2387 2385 2444 solam
2415 2401 2558 2454 esse,
2605 2400 2724 2455 qua:
2768 2384 3008 2439 doctoris
3051 2383 3291 2436 damnati
3323 2381 3644 2450 prodigium,
3675 2396 3762 2435 nou

2217 2477 2450 2548 publice,
2483 2477 2576 2530 sed
2599 2476 2740 2530 intra
2761 2478 3001 2545 privatas
3021 2472 3258 2530 defuncti
3285 2473 3430 2527 mdes
3455 2487 3636 2527 coram
3655 2487 3764 2540 pau-

2219 2573 2298 2624 cis
2330 2567 2590 2622 accidisse
2617 2574 2839 2620 statuat.
2869 2565 2982 2620 Etsi
2995 2566 3140 2619 enim
3165 2565 3216 2619 id
3235 2565 3308 2618 ita
3333 2564 3425 2630 sit,
3445 2563 3586 2618 illam
3599 2573 3766 2616 auctor

2219 2659 2342 2714 libri
2361 2658 2436 2712 De
2457 2667 2688 2728 quatuor
2711 2655 2946 2726 paradisi
2974 2655 3308 2720 ﬂuminibus,
3332 2671 3362 2709 a
3387 2669 3492 2723 quo
3509 2653 3561 2708 in
3581 2652 3768 2706 litteras

2222 2752 2386 2806 missa
2413 2750 2532 2818 fuit,
2564 2766 2595 2805 e
2623 2759 2892 2820 provecta:
2923 2749 3100 2802 :etatis
3133 2747 3512 2814 Carthusiano,
3544 2754 3602 2799 ut
3627 2760 3766 2814 supra

2221 2841 2446 2908 dictum,
2479 2841 2683 2896 didicit.
2721 2839 2898 2905 Quare
2924 2854 3046 2893 cum
3080 2839 3170 2893 hic
3199 2837 3422 2894 feralem
3449 2835 3720 2890 historiam
3743 2847 3769 2886 e

2222 2931 2292 2988 Ca
2304 2933 2621 2999 rthusianis,
2639 2931 2960 3000 quibuscum
2983 2930 3219 2997 vivebat,
3234 2929 3376 2983 haud
3389 2927 3546 2983 dubie
3558 2925 3768 2981 audivis-

2223 3023 2489 3089 set,debet
2501 3023 2614 3077 haec
2631 3022 2924 3077 testimonii
2941 3017 3636 3085 multoruminstarhaberi,
3650 3016 3769 3071 hinc-

2225 3129 2328 3182 que
2353 3113 2420 3167 de
2445 3113 2657 3179 eadem,
2684 3113 2845 3168 veluti
2867 3128 2895 3165 a
2920 3112 3169 3186 plurilms
3198 3111 3416 3178 tradita,
3447 3124 3605 3178 supra
3633 3107 3768 3162 etiam

2225 3220 2344 3258 sum
2385 3205 2620 3259 locutus.
2651 3204 2894 3268 Accedit,
2925 3203 3228 3256 testimonia
3258 3203 3482 3270 antiqua
3509 3215 3666 3268 supra
3691 3198 3768 3251 ad-

2226 3297 2407 3362 ducta,
2433 3298 2552 3364 qua:
2583 3295 2886 3365 prodigium
2931 3294 3143 3363 publice
3177 3294 3379 3348 factum
3430 3299 3686 3355 statuunt,
3716 3304 3768 3342 ex

2227 3389 2480 3459 anonymi
2535 3389 2836 3457 primorum
2896 3389 3136 3456 quinque
3195 3385 3498 3441 Carthusiaa
3559 3383 3770 3452 priorum

2229 3480 2625 3550 chronographi
2677 3479 2991 3533 narratione
3039 3491 3159 3532 esse
3215 3489 3464 3549 accepta,
3512 3479 3771 3547 omniaque

2229 3569 2453 3638 proinde
2499 3567 2660 3623 simul
2712 3577 2928 3638 sumpta
2976 3567 3348 3623 testimonium
3405 3567 3772 3637 quodammodo

2230 3676 2336 3714 non
2370 3659 2472 3714 nisi
2504 3675 2670 3714 unum
2706 3659 3060 3715 constituere.
3091 3657 3209 3713 Jam
3245 3674 3373 3713 vero
3409 3675 3531 3714 cum
3572 3659 3680 3714 hate
3711 3658 3771 3711 ita

2231 3753 2362 3818 sint,
2402 3751 2644 3819 nihilque
2687 3760 2941 3819 praeterea
2968 3760 3154 3805 contra
3183 3751 3303 3806 libri
3337 3751 3413 3804 De
3443 3759 3665 3820 quatuor
3694 3765 3775 3820 pa-

2233 3844 2399 3898 radisi
2429 3842 2740 3897 ﬂiiininibus
2769 3845 3139 3898 narrationem
3169 3844 3385 3907 militet,
3421 3859 3518 3897 nec
3547 3845 3672 3906 lucc,
3693 3860 3773 3894 nec

2232 3934 2436 4004 opinio,
2462 3949 2581 4002 qua:
2625 3933 2676 3987 in
2714 3934 2816 3988 hac
2839 3934 3109 4004 praecipue
3137 3934 3414 3996 fundatur,
3447 3949 3665 4003 quaeque
3687 3933 3771 3985 Pa-

2237 4026 2464 4080 risiense
2507 4025 2810 4095 prodigium
2862 4041 2969 4080 non
3017 4025 3248 4097 publice,
3281 4028 3376 4079 sed
3408 4041 3584 4078 coram
3615 4023 3773 4093 paucis

2234 4119 2494 4172 duntaxat
2551 4119 2750 4171 factum
2839 4119 3072 4184 statuit,
3133 4117 3422 4186 rejicienda
3482 4128 3599 4181 est,
3654 4114 3774 4167 Vt'llll

2235 4210 2414 4280 inepta
2445 4209 2761 4276 noviterquc
2794 4210 3045 4266 conficta.

2237 4338 2264 4409 §
2295 4337 2478 4391 XXIII.
2511 4339 2678 4402 Quam
2709 4339 2862 4405 [idem
2898 4348 3158 4393 mereatur
3193 4340 3393 4409 opinio,
3421 4356 3536 4409 qua:
3575 4337 3774 4392 doctoris

2305 4409 2540 4460 damnati
2571 4411 2856 4462 anastasim
2893 4411 2944 4461 in
2971 4411 3185 4476 privatis
3213 4410 3372 4478 hujus
3403 4411 3598 4462 a'dibus
3625 4423 3774 4461 coram

2305 4478 2483 4545 paucis
2507 4480 2757 4532 accidisse
2778 4480 3038 4541 stamit,et
3068 4481 3194 4548 quid
3223 4481 3431 4533 laudent
3457 4482 3520 4533 de
3540 4483 3630 4532 hac
3643 4479 3774 4532 etiam

2307 4549 2378 4600 ita
2399 4548 2723 4600 considerata
2749 4551 3079 4620 censendum.

2310 4659 2424 4713 Non
2478 4675 2634 4725 raro,
2687 4676 2804 4729 qua:
2850 4659 3135 4736 traditione
3181 4661 3443 4714 duntaxat
3494 4669 3773 4718 noscuntur,

2241 4751 2379 4805 facta
2432 4751 2728 4828 historica“
2747 4761 2865 4805 utut
2916 4751 3180 4821 adjunctis
3231 4751 3377 4804 falsis
3428 4751 3635 4813 vestita,
3679 4744 3774 4800 veri

2239 4843 2402 4894 etiam
2455 4842 2656 4911 aliquid
2707 4842 3013 4912 complecti,
3045 4841 3257 4896 edictis
3305 4840 3332 4912 §
3381 4841 3618 4910 proxime
3663 4851 3774 4906 pra:-

2239 4947 2423 5000 gresso
2464 4947 2690 5000 pronum
2723 4941 2807 4988 est
2849 4947 3059 4986 eruere.
3088 4932 3339 4986 Attamen
3390 4941 3468 4996 ut,
3495 4947 3610 5002 qua:
3643 4927 3776 4982 modo

2240 5020 2304 5073 de
2346 5019 2589 5073 luctuosa
2621 5020 2859 5073 damnati
2907 5019 3132 5073 historia
3175 5019 3399 5074 dicenda
3429 5022 3516 5075 hic
3546 5027 3680 5082 sunt,
3709 5015 3775 5080 lu-

2241 5109 2502 5164 culentius
2531 5119 2828 5180 patescant,
2852 5110 3000 5166 lubet
3019 5110 3198 5166 adhuc
3217 5113 3484 5182 qumdam,
3507 5126 3534 5163 a
3557 5103 3774 5179 praesenti

2242 5198 2487 5253 instituto
2541 5215 2646 5253 non
2701 5201 2917 5256 omnino
2973 5201 3187 5268 aliena,
3239 5217 3358 5271 qua:
3412 5198 3775 5271 Papebrochius

2241 5297 2424 5341 noster
2462 5289 2787 5358 suppeditat,
2818 5291 2872 5344 in
2902 5292 3132 5346 medium
3179 5293 3440 5360 proferre.
3485 5291 3580 5345 llic
3623 5291 3776 5355 itaque

2243 5380 2293 5432 in
2325 5381 2435 5433 suis
2486 5381 2552 5434 ad
2597 5381 2993 5436 Exhibitionem
3035 5399 3279 5448 errorum
3328 5380 3774 5453 Responsionibus,

2241 5472 2465 5527 articqu
2514 5489 2625 5536 xix,
2682 5489 2828 5526 num.
2880 5475 2968 5540 10,
3013 5474 3087 5527 ita
3131 5475 3364 5530 scribit:
3402 5493 3421 5525 ι
3467 5471 3775 5541 Contingit...

2243 5575 2399 5629 saepe,
2437 5561 2738 5615 traditionis
2780 5563 3131 5617 substantiam
3169 5563 3327 5618 talem
3374 5581 3511 5629 esse,
3555 5573 3630 5626 ut,
3670 5560 3776 5614 licet

2245 5670 2346 5708 non
2395 5654 2492 5708 nisi
2543 5665 2740 5708 temere
2770 5657 2934 5724 possit
2983 5657 3033 5710 iu
3080 5658 3298 5712 dubium
3351 5673 3602 5720 revocari,
3635 5664 3774 5708 etiam
