3814 6306
158 286 227 338 ὶῖῖ

1602 279 1802 337 ACTA.

3214 287 3319 346 258

152 410 382 448 maiorum
425 394 739 450 testimoniis
784 396 1068 461 destituta;
1102 404 1226 467 puta
1276 396 1419 465 quod
1464 394 1639 463 aliqua
1673 399 1716 454 Α
1747 393 1931 459 fuisse,
1978 394 2137 465 primi
2183 396 2300 465 ejus
2328 398 2460 454 socii
2501 397 2816 468 discipulive
2853 400 3178 470 sequacibus
3201 405 3323 461 suis

153 490 191 542 S.
220 488 370 543 Ursulo
407 501 521 540 cum
552 487 781 555 plurima
828 490 980 541 turba
1026 489 1297 542 sociarum
1331 502 1361 539 a
1399 485 1648 540 barbaris

150 579 269 632 fuerit
291 586 399 631 ante
421 576 566 630 urbis
598 578 962 642 Coloniensis,
990 579 1057 632 ab
1085 578 1152 632 iis
1181 578 1434 639 obsessm,
1462 590 1647 630 muros

150 668 383 731 interfecta,
408 678 542 731 etc.;
574 670 716 737 quod
749 670 806 722 S.
834 669 1123 739 Dionysius
1152 670 1437 738 episcopus
1477 668 1646 720 Roma

148 760 293 811 missus
328 757 373 810 in
399 756 645 821 Galliam,
691 756 913 812 Parisiis
952 758 1113 812 fidem
1147 758 1541 825 prmdicaverit,
1593 769 1649 811 et

145 864 214 901 suo
230 848 449 917 sanguine
469 849 820 916 consignarit,
846 848 1060 918 aliaque
1100 850 1326 916 similia;
1361 851 1646 920 contingit,

144 938 326 1006 inquam,
353 953 501 1007 smpe,
553 948 610 991 ut
656 954 743 1002 ea,
776 954 893 1007 qua)
928 941 1116 1009 prima:
1167 941 1476 995 traditionis
1521 943 1648 996 sub-

142 1031 299 1083 uamia:
324 1040 491 1097 postea
543 1040 894 1084 accesserunt
939 1040 1193 1097 tanquam
1242 1048 1309 1085 ex
1358 1035 1646 1089 traditione

144 1131 206 1171 aut
235 1119 529 1173 revelatione
572 1121 655 1189 (ut
701 1119 898 1174 factum
947 1136 1044 1189 per
1077 1122 1497 1190 compositiones
1549 1123 1647 1177 Le-

142 1209 386 1277 gendarum,
440 1217 565 1276 puta
620 1208 882 1279 Legenda:
934 1211 1277 1282 Diuuysiame
1332 1213 1519 1267 seculo
1568 1229 1642 1278 ιιι,

142 1298 355 1353 Ursulatue
376 1300 552 1354 seculo
577 1304 681 1367 xi,)
702 1302 896 1373 merito
925 1303 1260 1372 rejiciantur,
1290 1313 1349 1356 ut
1378 1307 1643 1359 recentiu-

140 1405 221 1442 rtnn
260 1391 439 1444 somnia
490 1403 932 1460 commentaque,
987 1395 1080 1447 toti
1136 1406 1284 1449 retro
1336 1398 1644 1465 antiquitati

139 1478 317 1545 ignota:
363 1481 742 1553 recentiorum,
794 1484 1036 1551 inquam,
1085 1502 1190 1538 non
1238 1488 1543 1555 respective
1578 1490 1646 1543 ad

137 1585 205 1622 nos
228 1570 357 1624 hodie
406 1572 668 1636 viventes,
714 1575 807 1628 sed
861 1577 1161 1645 respective
1205 1578 1271 1630 ad
1318 1593 1451 1642 rem,
1503 1580 1648 1648 ipsos

135 1661 289 1714 seculis
311 1662 883 1734 multisprzegressam.
922 1687 941 1718 ι
972 1668 1046 1720 lla
1079 1669 1400 1734 rectissime,
1431 1680 1490 1723 ut
1515 1672 1642 1726 mihi

135 1751 317 1818 equidem
342 1765 585 1824 apparet,
611 1755 856 1810 laudatus
881 1757 1304 1828 Papebrocbius,
1328 1765 1421 1833 qui
1452 1766 1645 1819 deinde

134 1842 266 1895 eodem
294 1844 510 1900 articulo
560 1863 709 1901 num.
754 1850 821 1904 15
858 1850 972 1904 haec
1014 1851 1180 1905 etiam
1214 1853 1317 1908 bne
1343 1858 1643 1925 spectantia

134 1935 363 2002 suppedth
386 1955 399 1989 :
428 1938 837 1995 Traditionibus
853 1943 1222 2011 popularibus,
1240 1950 1409 2002 sacris
1422 1949 1503 2003 vel
1520 1966 1647 2019 pro-

133 2020 306 2087 lanis...,
327 2026 642 2096 plerumque
672 2031 918 2086 veritatis
946 2033 1150 2101 aliquid
1185 2039 1359 2103 quoad
1390 2041 1641 2095 substan—

133 2113 219 2166 tiam
239 2115 420 2184 subest,
440 2120 549 2173 sed
579 2120 803 2173 multum
850 2122 1071 2179 furfuris
1104 2128 1412 2183 successive
1456 2144 1645 2199 asper-

129 2218 228 2271 sum,
273 2221 300 2260 ι
352 2224 455 2277 quo
518 2210 738 2266 (liﬂ‘tcile
796 2213 865 2265 sit
914 2228 1007 2267 eas
1062 2216 1143 2269 sic
1215 2220 1530 2289 repurgari,
1589 2231 1647 2276 ut

128 2294 303 2353 hominis
336 2301 623 2368 prudentis
670 2304 973 2360 intellectus
1018 2307 1103 2371 iis,
1134 2316 1390 2378 tauquam
1422 2321 1647 2370 eatenus

126 2387 275 2453 certis,
322 2391 450 2444 citra
500 2391 850 2447 formidinem
900 2397 1217 2466 acquiescat
1258 2417 1277 2454 ε
1336 2416 1400 2457 ac
1459 2414 1646 2473 postea

128 2492 235 2531 nom.
263 2481 319 2534 l9
339 2482 495 2536 etiam
550 2483 653 2538 ista
693 2499 709 2537 :
752 2503 769 2536 ι
803 2486 991 2556 Fama,
1022 2490 1289 2562 principio
1326 2493 1649 2567 plerumque

127 2584 293 2625 nummo
312 2583 361 2627 El
389 2590 537 2643 sa‘pe
567 2592 670 2629 non
701 2592 829 2632 νρτο
852 2587 997 2646 orta,

203 2662 461 2719 Nobilitate
488 2668 627 2736 viget
668 2669 898 2739 viresque
924 2673 1146 2742 acquirit
1170 2677 1371 2743 eundo,

201 2752 341 2808 Parva
366 2770 501 2811 iaetu
538 2761 733 2827 primo,
766 2779 887 2815 mox
910 2781 1019 2817 sese
1040 2767 1229 2820 attollit
1252 2770 1305 2821 in
1344 2788 1505 2826 auras

198 2843 569 2920 lagrcditurque
588 2852 699 2905 solo
726 2862 776 2906 et
806 2864 962 2923 caput
986 2856 1123 2910 inter
1150 2859 1330 2914 nubila
1350 2865 1529 2917 condit

167 2934 264 2989 395.
289 2958 304 2987 ι
335 2939 537 2995 Eodem
558 2941 1090 3001 feretnodosebabet
1113 2949 1328 3004 traditio
1349 2954 1643 3022 popularis.

1749 489 2041 550 narrarint,
2099 490 2399 559 horumque
2449 491 2641 545 deinde
2690 493 2911 559 posteri,
2958 509 3016 547 re
3066 498 3326 566 temporis

1750 582 1898 648 lapsu
1928 578 2079 635 falsis
2102 582 2368 651 adiunctis
2393 590 2575 645 aucta,
2614 584 2916 653 prodigium
2945 585 3073 640 illud
3116 587 3327 657 publice

1749 685 1933 725 coram
1976 672 2183 726 infinita
2220 674 2604 743 propemodum
2636 677 2814 746 populi
2847 677 3190 735 multitudine
3234 695 3327 735 ac-

1749 761 1968 826 cidisse,
2014 762 2366 834 damnau’que
2413 779 2575 820 voces
2625 766 2797 821 tribus
2860 768 3047 823 diebus
3096 771 3327 827 diversis

1749 852 1996 919 rediisse,
2042 855 2388 922 crediderint,
2426 857 2551 912 licet
2599 857 2814 913 interim
2862 858 3046 914 feralis
3093 861 3323 917 historia

1749 944 1890 998 intra
1923 944 2164 1014 privatas
2211 944 2447 1001 defuncti
2491 948 2635 1003 aedes
2669 963 2849 1003 coram
2893 950 3080 1019 paucis
3125 952 3325 1007 dunta-

1750 1046 1862 1100 xat,
1916 1051 2144 1105 quorum
2200 1052 2342 1092 unus
2397 1038 2587 1094 fuisset
2636 1039 2695 1094 S.
2762 1040 2964 1102 Brimo.
3018 1042 3323 1106 accidisset,

1749 1125 2101 1194 damnatique
2148 1140 2330 1189 voces,
2360 1142 2469 1181 non
2518 1128 2691 1183 tribus
2732 1131 2920 1185 diebus
2952 1129 3203 1195 diversis,
3233 1135 3326 1187 sed

1744 1231 1856 1270 uno
1881 1217 2177 1287 eodemque
2208 1219 2448 1288 repetite
2476 1219 2721 1273 fuissent.

1817 1308 1941 1363 594.
1967 1308 2105 1375 Quid
2128 1309 2171 1362 si
2200 1324 2328 1379 ergo
2359 1323 2444 1363 res
2478 1311 2765 1379 posteriori
2802 1312 2901 1367 hoc
2945 1314 3102 1368 modo
3138 1327 3326 1367 evene-

1748 1401 1859 1455 rit?
1898 1400 2072 1466 Sane,
2116 1401 2205 1470 qui
2260 1402 2333 1455 ita
2390 1416 2519 1456 vere
2571 1401 2771 1456 factam
2818 1406 3132 1472 autumarit,
3186 1408 3327 1460 haud

1749 1492 1978 1547 multum
2026 1506 2055 1545 a
2102 1492 2575 1547 verisimilitudine
2623 1492 2739 1558 ejus
2769 1494 3083 1548 abhorrebit
3125 1496 3327 1565 opinio,

1742 1580 1861 1638 imo
1898 1597 2028 1637 vero
2069 1582 2307 1652 potuerit
2334 1592 2614 1652 utcunque
2656 1583 2979 1637 verosimilis
3014 1584 3203 1637 videri.
3250 1584 3327 1638 Ita

1747 1682 1897 1743 puto.
1928 1673 2092 1741 quod,
2122 1681 2181 1726 ut
2220 1671 2333 1740 jam
2386 1687 2545 1741 supra
2593 1674 2724 1727 satis
2771 1674 3058 1739 insinuaw,
3103 1676 3332 1729 subinde

1746 1767 1911 1820 etiam
1945 1766 2056 1832 fiat,
2084 1775 2141 1819 ut
2162 1766 2305 1820 facta
2332 1765 2615 1829 historica,
2645 1764 2855 1819 etiamsi
2882 1766 3096 1820 silentio
3126 1782 3156 1820 ιι
3191 1767 3329 1821 scri-

1742 1856 1991 1924 ptoribus
2020 1856 2272 1910 omnibus
2299 1854 2769 1923 contemporaneis
2791 1856 2898 1908 sint
2926 1868 3232 1924 suppressa,
3263 1856 3331 1909 ad

1746 1961 1967 2015 eosque,
2002 1961 2032 2000 a
2063 1947 2262 2016 quibus
2292 1944 2507 2000 laudent
2530 1944 2730 1999 litteris
2756 1944 2909 1999 fuere
2935 1948 3330 2012 commendata,

1751 2038 2041 2091 traditione
2086 2038 2370 2099 duntaxat,
2399 2051 2522 2106 quae
2566 2044 2784 2090 centum
2831 2036 3064 2105 amplius
3100 2038 3259 2091 annis
3301 2054 3331 2092 a

1750 2128 1827 2181 rei
1846 2138 2015 2196 gestae
2036 2127 2244 2197 origine
2270 2126 2455 2191 distet,
2481 2125 2681 2180 fuerint
2705 2126 3041 2187 transmissa,
3066 2142 3171 2196 pro
3194 2129 3336 2183 veris

1749 2218 1857 2272 sint
1885 2218 2152 2282 habenda,
2184 2231 2303 2281 nec,
2330 2231 2437 2286 quo
2469 2216 2647 2270 minus
2672 2215 2980 2271 Parisiense
3004 2218 3330 2287 prodigium,

1750 2309 1796 2362 si
1826 2322 1931 2361 non
1964 2307 2197 2377 publice,
2227 2307 2321 2362 sed
2348 2322 2530 2361 coram
2579 2307 2768 2377 paucis
2811 2316 3017 2361 tantum
3047 2310 3187 2363 intra
3219 2314 3334 2379 pri-

1751 2409 1904 2454 vatas
1929 2398 2165 2454 defuncti
2191 2399 2332 2453 aedes
2355 2398 2619 2453 accidisse
2648 2406 2942 2462 statuatur,
2972 2399 3130 2455 factis
3150 2401 3337 2471 lmjns—

1751 2492 1896 2545 modi
1926 2492 2213 2546 acceuscri
2249 2500 2434 2561 queat,
2460 2490 2764 2545 universale
2805 2492 2871 2546 de
2896 2506 2969 2546 eo
3010 2493 3333 2564 scriptorum

1746 2582 2015 2648 omnimn,
2046 2583 2136 2652 qui
2169 2582 2378 2653 integro
2409 2582 2606 2650 primo,
2648 2592 2700 2636 et
2731 2581 2869 2637 forte
2901 2582 3064 2636 etiam
3093 2587 3332 2637 secundo

1750 2683 1875 2742 post
1907 2687 2020 2726 rem
2063 2682 2269 2743 gestam
2316 2671 2512 2725 sarculo
2555 2671 2771 2728 labente
2802 2671 3123 2738 ﬂoruerunt,
3160 2675 3339 2727 obstet

1752 2763 2049 2828 silentium,
2102 2772 2286 2832 utpote
2328 2760 2481 2828 cujus
2534 2761 2673 2815 ratio
2721 2776 2823 2814 non
2876 2763 3085 2831 inepta,
3136 2779 3164 2815 a
3208 2763 3337 2816 facti

1754 2853 2091 2922 ignoratione
2137 2853 2384 2922 repetita,
2419 2851 2675 2905 occurrit.
2716 2851 2851 2905 Cum
2882 2854 3025 2906 enim
3058 2853 3339 2906 luctuosus

1751 2955 1998 3009 eventus,
2049 2946 2092 3000 si
2148 2962 2254 2999 non
2311 2946 2523 3013 publice
2576 2944 2852 3009 acciderit,
2902 2944 3217 2999 Guibertum
3272 2944 3340 2997 de

125 3022 387 3096 Principium
416 3031 542 3102 ejus
572 3032 892 3103 plerumque
920 3046 1004 3090 est
1041 3036 1243 3093 factum
1280 3040 1496 3111 aliquod
1537 3060 1643 3098 me.
1668 3072 1721 3134 Ο
1755 3037 2054 3104 Novigcnto
2078 3036 2322 3105 aliosque
2350 3037 2644 3103 scriptores
2667 3036 2919 3102 antiquos
2945 3049 3105 3102 supra
3152 3049 3337 3088 recen-

124 3118 345 3187 morabile,
386 3123 471 3176 vel
519 3123 665 3193 quod
699 3125 874 3195 reipsa
920 3129 1149 3199 contigit
1188 3130 1501 3200 aliquando,
1553 3137 1645 3190 sed

125 3219 238 3258 cursu
284 3214 534 3279 temporis
590 3214 789 3271 talibus
838 3221 1175 3275 ornamentis
1226 3230 1391 3292 atque
1435 3226 1646 3279 additas

126 3299 271 3355 tuentis
305 3301 562 3371 induitur,
600 3315 661 3360 ut
707 3308 944 3378 seipsum
975 3319 1164 3380 postea
1210 3315 1439 3370 miretur
1464 3327 1518 3373 et
1560 3320 1649 3374 vix

126 3400 349 3458 agnoscat;
386 3395 464 3449 vel
497 3398 646 3466 quod
674 3400 741 3451 ab
773 3401 948 3455 otioso
978 3402 1194 3473 ingenio
1224 3407 1436 3474 priscas
1470 3424 1649 3465 rerum

124 3478 305 3546 origines
346 3487 395 3539 in
437 3489 524 3541 sui
577 3505 872 3546 suorumve
922 3498 1447 3553 commendationem
1504 3502 1653 3555 inda-

126 3574 274 3639 gantis,
315 3578 529 3647 tingitur
576 3583 898 3652 contigisse;
947 3594 1004 3639 et
1045 3602 1074 3639 a
1104 3587 1208 3641 levi
1252 3591 1429 3660 vulgo,
1475 3595 1651 3661 avide,

125 3666 227 3727 quod
248 3677 398 3736 aptat,
429 3672 717 3737 credente,
737 3675 1028 3745 adoptatur
1060 3693 1157 3745 pro
1193 3695 1339 3744 vero,
1374 3693 1429 3735 et
1457 3685 1657 3738 colitur

126 3766 194 3817 pro
229 3760 306 3812 tali
354 3778 447 3830 per
498 3764 671 3818 multa
701 3782 842 3835 εωρο
887 3768 1104 3823 szecula.
1132 3771 1386 3841 Exempla
1444 3786 1553 3829 tam
1600 3779 1653 3830 in

127 3862 238 3903 sacra
260 3868 407 3921 quam
439 3856 672 3925 profana
700 3858 926 3911 hismria
971 3872 1284 3915 occurrunt.
1322 3882 1342 3914 ι
1392 3864 1513 3920 llaec
1542 3882 1657 3921 om-

126 3939 187 3991 nia
213 3943 267 3997 de
303 3947 686 4003 traditionibus
717 3949 1138 4020 Papebrocbius,
1178 3962 1232 4009 et
1264 3970 1417 4020 sane,
1445 3966 1505 4011 ut
1545 3959 1656 4028 jam

127 4032 218 4099 dixi,
245 4041 553 4096 rectissime.
610 4042 994 4109 Quamobrem,
1049 4061 1173 4100 cum
1208 4050 1503 4103 secundum
1547 4052 1661 4105 haec

126 4138 200 4177 non
224 4144 331 4183 raro
353 4134 657 4204 contingat,
690 4144 768 4200 ut,
814 4138 1063 4204 quamvis
1100 4139 1420 4194 traditiones
1451 4150 1567 4206 aut,
1614 4143 1658 4197 si

129 4219 271 4283 utaris,
310 4225 679 4288 narrationes,
711 4242 830 4294 quze
872 4227 1003 4282 solis
1048 4230 1427 4284 traditionibus
1475 4248 1661 4302 super—

129 4316 374 4373 stnnmtnr,
420 4314 755 4370 falsitatibus
798 4317 1047 4385 plurimis
1092 4320 1200 4373 sint
1246 4320 1484 4385 infectae,
1518 4340 1661 4377 verte

1752 3133 1885 3187 sitos
1912 3131 2068 3185 facile
2100 3130 2265 3183 latere
2293 3129 2547 3197 potuerit,
2580 3143 2685 3181 non
2738 3137 2822 3181 est
2853 3142 2980 3181 sane
3010 3142 3107 3180 cur
3151 3141 3340 3180 eorum

1734 3223 1820 3276 de
1867 3222 1970 3276 hoc
2020 3222 2214 3274 mirum
2266 3219 2479 3274 accidat
2522 3218 2816 3283 silentium,
2857 3226 2949 3271 aut
2976 3234 3088 3272 rem
3138 3232 3206 3272 ex
3239 3218 3342 3271 hoc

1755 3313 1944 3368 falsam
1972 3326 2093 3366 esse
2134 3324 2443 3380 arguamus.
2465 3308 2549 3363 Ad
2566 3308 2707 3374 haec,
2734 3308 2836 3362 nisi
2880 3307 3186 3362 Parisiense
3216 3322 3342 3376 pro-

1753 3407 1982 3476 digium,
2004 3418 2109 3474 quo
2152 3404 2205 3457 in
2252 3417 2496 3457 eremum
2527 3411 2681 3456 actus
2712 3401 2783 3456 sit
2825 3401 2881 3455 S.
2914 3400 3119 3465 Bruno,
3154 3414 3338 3454 eorum

1756 3497 1945 3567 paucis
1990 3496 2182 3551 saltem
2233 3494 2373 3547 intra
2428 3493 2666 3563 privatas
2697 3492 2933 3547 defuncti
2982 3492 3126 3546 :edes
3163 3490 3342 3545 locum

1757 3588 2011 3643 habuisse
2032 3586 2370 3649 admittatur,
2400 3594 2634 3655 Oportet.
2672 3594 2730 3637 ut
2756 3584 2839 3638 vel
2867 3584 3075 3653 ipsimet
3111 3581 3345 3637 Carthu-

1758 3677 1894 3731 siani
1942 3676 2253 3730 horribilem
2282 3675 2567 3729 historiam
2599 3691 2664 3727 ex
2701 3684 2812 3727 tete
2853 3674 3231 3738 conlinxrriut,
3261 3674 3341 3727 vel

1760 3781 1819 3825 ut
1843 3770 1954 3840 jam
2007 3771 2075 3823 ab
2102 3754 2223 3822 aliis
2269 3768 2556 3823 confictam
2588 3769 2928 3837 adoptarint;
2972 3766 3202 3836 primunt
3251 3782 3346 3819 auo

1764 3871 1869 3916 tem
1894 3859 2087 3915 fecisse
2116 3859 2264 3913 viros
2309 3858 2606 3927 religiosos.
2639 3857 2885 3911 veritatis
2921 3857 3343 3919 amantissimos,

1761 3953 2175 4023 fabularumque
2205 3964 2414 4011 osores,
2459 3949 2580 4019 quis
2610 3949 2768 4004 facile
2813 3950 2867 4004 in
2898 3950 3137 4004 animum
3190 3948 3347 4003 indu-

1760 4044 1884 4097 cat?
1914 4044 1993 4095 An
2040 4058 2169 4111 ergo
2218 4042 2271 4095 in
2319 4040 2547 4094 alterum
2597 4038 2742 4109 ipsos
2786 4039 3101 4110 impegisse.
3139 4053 3350 4094 assere-

1764 4133 1923 4189 mus?

1831 4225 1958 4281 595.
1984 4243 2009 4275 ι
2047 4224 2102 4280 Si
2150 4223 2327 4277 fabula
2356 4232 2458 4281 est.
2483 4222 2655 4293 inquit
2678 4222 2743 4276 de
2771 4221 3007 4274 damnati
3035 4220 3255 4275 historia
3294 4220 3347 4275 in

1765 4332 1948 4387 opere,
1993 4316 2135 4385 quod
2181 4314 2387 4369 ordinis
2429 4311 2831 4367 Cartbusieusis
2877 4309 3117 4364 Annales
3158 4309 3351 4363 inseri-

130 4402 261 4453 tamen
305 4402 354 4455 in
402 4406 710 4458 substantia
756 4407 896 4471 sint,
949 4418 1044 4461 aut
1097 4420 1245 4465 certe
1290 4412 1401 4465 veri
1457 4413 1657 4482 aliquid
1696 4414 1739 4466 D
1769 4412 1893 4483 psit,
1924 4410 2015 4464 lib.
2055 4424 2095 4473 ι,
2128 4423 2246 4476 cap.
2274 4408 2328 4471 l,
2358 4422 2505 4458 num.
2542 4406 2600 4460 il
2635 4404 2916 4457 Massonus
2956 4417 3120 4472 supra
3165 4401 3352 4456 buda-

128 4501 334 4559 tjuantum
362 4498 428 4549 ad
476 4498 622 4550 hanc
665 4496 997 4564 contineant,
1033 4499 1147 4555 fieri
1186 4501 1343 4557 facile
1391 4516 1568 4573 petest
1602 4516 1661 4559 ut

131 4580 558 4642 llartbusianorum
588 4590 651 4642 de
685 4590 971 4655 horrendo,
997 4606 1105 4661 quo
1140 4591 1195 4647 S.
1224 4592 1406 4649 Bruno
1449 4597 1500 4649 in
1546 4612 1667 4651 ere-

132 4687 235 4728 muru
263 4680 438 4747 pulsus
469 4681 658 4744 fuerit,
689 4684 932 4755 prodigio
964 4684 1252 4742 Parisiensi
1283 4690 1521 4757 traditio,
1549 4701 1661 4755 aut,

132 4763 160 4815 Si
196 4772 359 4832 mavis,
404 4777 660 4844 anonymi
712 4776 1009 4845 primorum
1069 4780 1307 4849 quinque
1361 4780 1665 4840 Cartliusiae

132 4858 319 4919 priorum
341 4866 740 4937 ehronograpbi
775 4869 1112 4940 aliorumque
1134 4888 1294 4940 supra
1326 4874 1663 4932 laudatorum

135 4950 402 5020 mimorum
430 4960 499 5011 de
541 4960 728 5013 eodem
758 4962 1017 5025 narratio,
1049 4977 1079 5015 e
1111 4964 1399 5021 traditione
1442 4967 1528 5020 illa
1557 4969 1667 5038 pri-

136 5043 255 5097 tuitus
278 5049 537 5115 profecta.
564 5051 615 5104 iu
639 5055 939 5107 substantia
972 5069 1098 5107 vera
1133 5055 1222 5118 sit,
1257 5065 1350 5109 aut
1379 5067 1527 5112 certe
1554 5061 1663 5113 veri

137 5132 290 5201 aliquid
329 5149 592 5208 quantum
635 5142 700 5193 ad
737 5144 1097 5197 substantiam
1142 5147 1438 5213 contineat,
1468 5150 1567 5204 etsi
1602 5152 1667 5203 ad

136 5236 221 5276 tam
246 5244 342 5282 non
364 5247 542 5300 pauca
565 5233 813 5302 adjuncta
842 5233 975 5286 falsa
1007 5250 1072 5288 eo
1098 5236 1279 5301 modo,
1307 5252 1468 5306 quem
1506 5255 1666 5309 supra

139 5324 334 5385 mposui,
393 5326 653 5393 temporis
715 5326 863 5394 lapsu
921 5327 1274 5381 accesserint.
1341 5329 1407 5383 Ut
1467 5330 1671 5385 clarius

139 5402 302 5475 loquar,
333 5414 445 5469 fieri
495 5425 671 5483 potest
717 5426 795 5479 ut,
827 5426 1073 5471 sanctum
1106 5427 1352 5472 nostrqu
1403 5421 1669 5489 prodigio,

141 5512 221 5565 (Ιυο
242 5506 537 5573 defunctus,
567 5511 616 5564 iu
667 5510 869 5565 feretro
910 5509 1021 5579 jam
1056 5513 1281 5582 positus,
1328 5514 1504 5580 primo
1553 5529 1673 5568 sese

142 5604 425 5665 accusatum,
455 5603 647 5658 deinde
684 5605 982 5673 judicatum
1012 5623 1073 5661 ac
1104 5605 1318 5660 tandem
1355 5607 1675 5661 condemna-

147 5688 248 5751 tum,
291 5694 586 5748 astantibus
637 5694 993 5761 declarasset,
1062 5695 1114 5750 in
1163 5709 1406 5751 eremum
1456 5696 1669 5765 pulsum

1772 4512 1878 4567 tus,
1910 4515 1938 4553 a
1967 4500 2317 4568 quibusnam,
2346 4510 2549 4564 quaeso,
2582 4492 2915 4562 composita?
2946 4492 3107 4548 Certe
3143 4506 3251 4548 non
3283 4496 3353 4546 ab

1769 4593 1910 4659 aliis,
1934 4606 2095 4660 quam
2142 4604 2171 4642 a
2198 4587 2548 4643 smeularibus
2590 4586 2897 4640 hominibus
2919 4585 3024 4640 diei
3054 4594 3232 4656 potest
3258 4600 3354 4639 ex-

1767 4686 2021 4755 cogitata.
2055 4682 2298 4748 Quonam
2342 4687 2523 4732 autem
2550 4678 2709 4732 modo
2743 4693 2772 4731 a
2807 4678 2997 4748 primis
3041 4678 3355 4733 Cartbusia-

1773 4777 1856 4831 nis
1908 4790 1973 4829 ac
2023 4774 2137 4829 suis
2184 4773 2380 4827 deimle
2429 4770 2832 4825 successoribus
2888 4771 3009 4825 talis
3057 4768 3263 4835 fabula,
3321 4785 3353 4824 a

1766 4866 2120 4923 saecularibus
2151 4863 2432 4928 fabricata,
2472 4878 2571 4933 pro
2615 4878 2675 4917 re
2708 4862 2989 4917 verissima
3018 4862 3226 4916 admitti
3259 4876 3352 4929 po-

1773 4960 1897 5019 tuit,
1929 4966 1979 5011 et
2011 4955 2312 5025 posteritati
2343 4968 2454 5008 suae
2488 4962 2595 5007 tam
2645 4951 2873 5007 firmiter
2913 4961 2967 5006 et
3001 4953 3204 5021 absque
3242 4951 3353 5005 ulla

1773 5066 2011 5120 unquam
2034 5048 2469 5103 contradictione
2506 5054 2597 5099 aut
2626 5045 3006 5100 reclamatione
3032 5043 3355 5099 transferri?

1775 5144 1827 5196 Id
1874 5143 2115 5212 profecto
2168 5141 2445 5195 moraliter
2489 5140 2820 5210 impossibile
2877 5153 2997 5192 esse
3046 5152 3204 5190 neruo
3243 5152 3353 5190 non

1773 5234 1937 5286 videt.
2000 5252 2019 5283 ι
2078 5230 2123 5284 Α
2176 5231 2364 5299 primis
2413 5240 2559 5283 certe
2617 5229 3009 5292 Carthusianis,
3060 5226 3110 5279 id
3166 5233 3270 5290 est,
3320 5241 3350 5278 ιι

1776 5326 1833 5379 8.
1878 5325 2145 5379 Bruuonis
2193 5325 2354 5378 sociis
2384 5323 2644 5376 horumve
2691 5320 2966 5389 discipulis
3013 5317 3237 5373 feralem
3287 5318 3355 5373 (In

1777 5422 2029 5473 damnato
2082 5416 2479 5479 narrationem,
2536 5415 2579 5469 si
2640 5413 2814 5467 fabula
2876 5413 2974 5476 sit,
3027 5425 3131 5464 non
3188 5408 3356 5465 fuisse

1775 5509 2106 5577 adoptatam,
2131 5514 2293 5574 atque
2318 5505 2385 5559 ad
2418 5513 2664 5573 posteros
2698 5503 3094 5563 transmissam,
3125 5502 3357 5570 quisque

1778 5600 1932 5655 facile
1977 5608 2261 5669 agnoscet;
2296 5612 2503 5662 verum,
2548 5598 2753 5673 inquiet
2794 5609 2899 5647 non
2952 5607 3130 5659 nemo,
3170 5594 3356 5662 quidni

1779 5696 1980 5751 factum
2026 5708 2145 5749 esse
2191 5700 2375 5763 queat,
2407 5698 2467 5746 ut
2494 5689 2811 5760 posterioris
2849 5690 2947 5746 aevi
2983 5689 3352 5756 Cartliusiani,
