3896 6312
465 309 571 362 259

1247 304 1305 357 S.
1346 301 1692 358 BRUNONIS
1732 296 2368 355 CAR'I‘IIUSIANORUM
2414 300 2895 357 INSTITUTOIHS

3605 305 3716 358 210

448 428 518 480 ad
542 435 646 489 est,
671 426 761 494 qui
787 421 983 478 szcculo
1012 420 1169 473 tertio
1195 419 1404 473 decimo
1426 418 1742 481 floruerunt,
1767 415 2046 471 historiam
2076 418 2121 475 Α
2154 412 2471 479 invenisset,
2503 428 2558 469 ut
2587 416 2771 469 fanmli
2802 426 2929 469 ante
2964 417 3370 480 nunciavcrant,
3406 432 3621 472 aversus
3651 420 3718 471 ab

466 516 636 579 illam,
669 524 727 569 ιιι
752 522 810 568 ιιι
839 510 1290 574 eomnientitiam,
1330 524 1429 577 pro
1470 523 1597 563 vera
1645 507 1712 561 ab
1758 506 2048 574 impostore

466 604 677 674 decepti
713 600 1055 673 acceperint?
1097 601 1207 653 lmo
1236 614 1367 653 vero
1397 600 1500 652 erit
1531 595 1792 659 fortassis,
1825 594 1913 663 qui
1960 593 2049 647 hic

464 694 923 749 Blnmenvennam
954 691 1193 761 objiciat,
1225 690 1275 743 in
1305 699 1558 743 contexta
1588 703 1617 741 a
1645 702 1703 741 se
1738 685 1796 739 S.
1838 685 2044 739 Bruno-

449 787 551 841 .nis
596 784 722 841 Vita
771 784 875 839 tria
921 783 1130 837 diversa
1185 789 1490 836 narrantem
1523 776 1785 848 prodigia,
1818 790 2046 846 quorum

463 894 632 933 unum
666 879 881 947 quidem
928 878 1073 933 omni
1113 874 1276 929 dubio
1316 871 1498 942 procul
1541 876 1904 924 commentum
1943 878 2046 934 est,

466 971 575 1025 duo
620 985 748 1024 vero
791 969 995 1039 reliqua
1040 966 1349 1029 commenti,
1383 977 1450 1017 ne
1496 962 1621 1031 quid
1667 961 1819 1031 pejus
1848 962 2046 1026 dicam,

466 1060 939 1115 vehementissime
966 1067 1092 1112 sunt
1119 1065 1387 1125 suspecta.
1416 1052 1542 1106 Tria
1570 1052 1658 1105 illa
1687 1052 1925 1122 prodigia
1954 1067 2046 1105 seu

456 1151 647 1221 potius
691 1150 923 1216 fabulas,
948 1165 1015 1203 ne
1039 1147 1254 1202 sinistre
1297 1145 1362 1199 de
1401 1143 1638 1214 antiquis
1671 1144 2046 1199 Carlhusianis

468 1240 780 1309 auspicandi
824 1252 1010 1293 ansam
1056 1236 1262 1297 darem,
1307 1232 1360 1286 in
1387 1232 1621 1286 medium
1669 1232 1755 1287 hic
1790 1246 1892 1285 non
1926 1248 2049 1301 pro-

460 1331 608 1386 ferre
636 1332 848 1384 animus
873 1329 1103 1398 primum
1131 1324 1337 1389 fuerat;
1368 1339 1555 1378 verum
1583 1339 1705 1378 cum
1738 1322 1897 1378 ollieii
1943 1325 2046 1377 mei

463 1422 607 1476 ratio
663 1421 841 1488 exigat
881 1427 941 1470 ut
985 1424 1092 1468 tam
1129 1430 1249 1484 qua:
1287 1414 1517 1479 obesse,
1557 1429 1719 1482 quam
1761 1428 1880 1481 qua:
1926 1428 2049 1482 pro-

461 1519 622 1573 desse
672 1512 1149 1570 Carthesianorum
1209 1509 1275 1563 de
1323 1507 1569 1578 prodigio
1615 1522 1722 1575 quo
1771 1505 1948 1560 Bruno
1994 1506 2046 1558 in

458 1619 701 1661 ercmum
749 1608 903 1655 actus
951 1598 1136 1663 fuerit,
1190 1598 1464 1653 traditioni
1522 1606 1759 1666 queunt,
1808 1596 2047 1651 studioso

456 1692 645 1749 lectori
696 1690 1008 1755 exhibeam,
1062 1703 1163 1744 nec
1209 1689 1351 1742 intra
1399 1702 1690 1756 paucorum
1744 1700 1934 1739 manus
1979 1684 2049 1738 sit

444 1794 711 1841 contexta
765 1799 793 1836 a
845 1781 1247 1836 Blomenvenna
1293 1778 1464 1832 sancti
1514 1777 1685 1831 nostri
1736 1774 1882 1840 Vita,
1933 1775 2045 1843 ipsa
2083 1761 2122 1819 Β

446 1874 745 1944 scriptoris
774 1872 934 1942 hujus
958 1871 1145 1934 verba,
1173 1868 1394 1939 praefata
1426 1858 1688 1922 miracula
1734 1882 1826 1921 seu
1870 1865 2049 1935 potius

455 1966 670 2022 fabulas
716 1961 1153 2034 complectentia,
1203 1962 1306 2016 huc
1356 1959 1676 2021 transcribo,
1728 1959 1793 2011 ad
1844 1957 2045 2013 calcem

449 2059 677 2123 deinde,
722 2066 835 2112 tum
878 2070 998 2126 quze
1039 2068 1105 2108 ex
1138 2052 1286 2108 hisce
1310 2060 1497 2106 contra
1525 2050 1829 2104 l’arisiense
1864 2050 2045 2119 prodi-

446 2155 602 2219 gium
634 2148 922 2204 diliicultas
968 2146 1189 2201 formari
1236 2152 1417 2214 queat,
1469 2152 1579 2197 tum
1611 2142 1738 2211 quid
1790 2141 1857 2195 ad
1906 2141 2048 2194 hanc

456 2240 772 2312 responderi
796 2238 1009 2303 debeat,
1043 2235 1373 2304 adjecturus.

532 2332 657 2387 596.
708 2329 799 2385 Sic
850 2330 1031 2397 itaque
1061 2327 1223 2381 habet
1265 2326 1353 2379 hic
1401 2323 1572 2379 sancti
1620 2325 1791 2377 nostri
1841 2322 2048 2391 biogra-

369 2401 373 2404 i
447 2427 641 2494 ‘phus:
698 2443 715 2474 ι
767 2421 882 2477 Non
929 2430 1006 2475 est
1056 2419 1271 2474 silentio
1320 2425 1752 2487 prmtereundum
1801 2415 1943 2484 quod
1996 2414 2047 2467 in

454 2519 635 2588 primo
682 2516 926 2586 ingressu
977 2512 1030 2566 in
1072 2510 1442 2573 Carthusiam,
1471 2517 1761 2577 antequam
1800 2522 2047 2561 normam

457 2610 561 2665 sibi
590 2602 1219 2667 vivendi.~instituissent,
1243 2601 1564 2669 stupendum
1590 2599 1784 2669 legitur
1804 2598 2050 2653 evenisse

459 2700 805 2756 miraculum.
836 2696 970 2751 Cum
1004 2693 1234 2764 quadam
1260 2694 1376 2747 vice
1406 2694 1593 2746 beatus
1624 2692 1774 2761 llugo
1803 2706 1864 2745 ex
1902 2706 2050 2745 more

459 2806 611 2847 suam
646 2789 959 2843 visitaturus
984 2784 1241 2840 diocesim
1273 2783 1438 2854 (sicut
1460 2782 1510 2836 in
1547 2781 1795 2836 Adventu
1827 2790 1880 2835 et
1910 2780 2048 2847 Qua-

461 2883 769 2953 dragesima
814 2876 1191 2946 consueverat)
1238 2875 1565 2929 valediceret
1613 2872 1890 2940 fratribus,
1929 2888 2048 2928 eos‘

462 2990 570 3046 que
620 2972 989 3034 benediceret,
1044 2968 1289 3022 carnium
1341 2966 1637 3021 refectione
1686 2973 1869 3020 missa.
1932 2964 2048 3033 Ipsa

460 3065 738 3122 ltontinica
794 3062 1287 3133 quinquagesima},
1338 3067 1557 3129 peracto
1619 3057 1801 3111 divino
1854 3055 2048 3121 oliieio,

458 3161 596 3212 hora
649 3156 902 3227 prandii,
964 3153 1266 3207 benedictis
1323 3152 1474 3219 prius
1530 3149 1772 3213 mensis,
1831 3157 2049 3201 sanctus

460 3251 667 3314 Bruno,
700 3249 863 3301 homo
893 3245 1140 3316 profundi
1169 3244 1368 3307 cordis,
1396 3243 1511 3297 loco
1542 3242 1784 3296 lectionis
1808 3238 2052 3293 admoni-

447 3342 668 3394 ‘tionem
713 3337 1126 3391 saluberrimam
1173 3334 1468 3403 proposuit,
1499 3333 1640 3385 inter
1680 3331 1782 3384 alia
1821 3330 2048 3384 dicens:

463 3430 843 3491 Attendamus,
888 3443 1007 3493 oro,
1052 3426 1246 3479 fratres
1281 3422 1611 3487 charissimi,
1640 3421 1765 3492 quia
1796 3421 2052 3489 antiquus

461 3522 639 3579 hostis
675 3536 772 3575 nos
816 3520 1035 3589 decipit.
1072 3518 1328 3571 Venimus
1368 3517 1511 3569 enim
1552 3515 1605 3568 iu
1633 3529 1872 3567 eremum
1908 3513 2051 3566 hanc

464 3613 532 3667 ad
562 3609 933 3682 paenitentiam
966 3610 1224 3678 agendam
1250 3622 1399 3660 more
1426 3607 1772 3674 antiquorum
1805 3604 2043 3666 Patrum,

464 3703 614 3758 Pauli
659 3701 819 3772 primi
868 3701 1130 3762 eremitae,
1164 3698 1402 3758 Antonii,
1453 3696 1686 3761 Arsenii,
1741 3694 2047 3755 Hilarionis,

464 3794 749 3858 Macharii,
781 3802 887 3847 etc.
920 3789 1193 3859 Numquid
1220 3789 1272 3843 hi
1307 3789 1559 3842 carnibus
1593 3788 1967 3852 vescebantur,
1995 3798 2050 3840 ut

464 3899 567 3939 nos
615 3881 915 3952 coepimus?
970 3878 1386 3948 Responderunt
1431 3879 1501 3941 ei,
1561 3879 1650 3948 qui
1702 3879 1753 3931 iu
1806 3878 2049 3948 Opposita

462 3987 647 4027 mensa
688 3970 951 4027 sedebant
983 3971 1101 4021 :An
1147 3982 1335 4023 sumus
1370 3983 1486 4033 nos,
1535 3969 1838 4023 venerande
1871 3969 2047 4031 Pater,

471 4063 704 4132 majores
729 4079 792 4118 ac
836 4062 1089 4117 meliores
1123 4061 1404 4130 apostolis,
1432 4061 1626 4130 quibus
1664 4062 1916 4131 praicepit
1945 4062 2048 4115 Do-

463 4156 665 4221 minus,
717 4155 771 4208 in
806 4169 1185 4224 quamcunque
1235 4154 1450 4206 domum
1516 4154 1870 4218 intraveritis,
1919 4164 2048 4217 ctc.,

461 4247 686 4300 edentes
714 4254 769 4299 et
802 4244 1064 4307 bibentes,
1111 4260 1229 4314 qua:
1278 4246 1417 4315 apud
1454 4246 1572 4298 illos
1615 4256 1757 4299 sunt.
1802 4245 2051 4299 Brunone

461 4358 594 4396 vero
625 4357 749 4395 cum
795 4339 919 4402 illis,
950 4340 1039 4408 qui
1073 4340 1123 4392 iu
1161 4354 1257 4393 sua
1289 4340 1551 4393 sedebant
1597 4352 1804 4399 mensa,
1838 4348 2049 4391 contra-

2152 504 2299 574 ipsis,
2333 516 2495 575 atque
2536 522 2657 560 eum
2692 507 3055 575 indignatione
3085 521 3398 562 recessurus
3434 508 3612 562 statim
3664 517 3722 561 ut

2152 596 2339 663 pedem
2370 595 2424 649 in
2476 597 2659 649 limine
2711 598 2911 664 posuit,
2948 606 3171 651 sanctus
3218 596 3401 650 Bruno
3441 612 3556 651 cum
3608 596 3723 650 suis

2149 684 2511 755 cxpergefacti
2539 696 2853 741 reverenter
2879 688 3193 757 episcopum
3221 687 3608 754 salutaverunt,
3632 688 3725 742 de-

2150 786 2303 831 votas
2334 777 2407 831 illi
2440 779 2737 847 gratiarum
2770 779 3013 834 actiones
3052 780 3350 836 referentes
3389 795 3486 850 pro
3512 783 3728 837 univer-

2150 867 2227 921 sis
2269 865 2550 923 bencficiis
2590 869 2692 922 sibi
2724 868 2791 922 ab
2819 884 2884 924 eo
2914 870 3143 925 collatis.
3179 870 3540 927 Consueverat
3579 872 3726 927 enim

2149 958 2264 1028 ipse
2306 960 2593 1028 episc0pus
2639 961 2707 1015 de
2744 961 2861 1016 suis
2912 961 3258 1017 facultatibus
3311 963 3391 1018 eis
3441 963 3732 1019 liberaliter

2149 1063 2397 1120 erogare,
2434 1060 2489 1105 et
2518 1053 2729 1121 singula
2779 1055 3088 1109 necessaria
3137 1054 3471 1110 ministrare.
3498 1054 3734 1110 Interm-

2151 1157 2286 1210 gans
2311 1152 2487 1197 autem
2513 1144 2799 1213 episcopus
2828 1145 3158 1210 Brunonem,
3187 1147 3263 1199 ait
3296 1164 3308 1199 :
3342 1146 3471 1212 Quae
3510 1148 3623 1203 dies
3648 1159 3725 1202 cs!

2153 1233 2343 1286 hodie?
2368 1234 2436 1286 At
2463 1233 2551 1287 ille
2577 1236 2856 1304 respondit
2885 1251 2899 1289 :
2939 1236 3215 1290 Dominica
3240 1236 3727 1307 Quinquagesimaa.

2152 1323 2216 1378 Et
2247 1325 2570 1394 episcopus:
2615 1326 2816 1391 Quare,
2859 1328 3068 1397 inquit,
3122 1328 3305 1381 tanditt
3358 1330 3610 1383 tardastis
3667 1331 3732 1382 ad

2150 1416 2475 1485 prandium?
2501 1415 2766 1471 Narrante
2795 1433 2973 1473 autem
3001 1424 3249 1473 Brunone
3280 1420 3520 1473 ordinem
3564 1431 3734 1489 gesta:

2151 1508 2252 1571 rei,
2278 1518 2331 1562 et
2361 1508 2427 1563 de
2454 1509 2813 1578 disputatione
2851 1510 2990 1564 inter
3020 1513 3163 1582 ipsos
3189 1511 3399 1576 habita,
3424 1513 3733 1581 episcopus,

2150 1600 2416 1654 accersito
2446 1599 2581 1653 clam
2618 1601 2990 1669 dispensatore
3026 1603 3215 1657 domus
3261 1618 3392 1669 sum,
3436 1604 3736 1673 interrogat

2150 1699 2328 1743 utrum
2352 1691 2553 1744 cmdem
2582 1690 2689 1746 sint
2736 1693 2817 1745 lue
2844 1708 3038 1748 carnes
3075 1709 3212 1763 quas
3266 1693 3540 1749 Dominica
3568 1695 3738 1761 Quin-

2150 1779 2479 1849 quagesima:
2512 1780 2899 1836 ministrassct.
2932 1782 3001 1835 At
3032 1781 3121 1837 ille
3163 1782 3451 1852 diligenter
3485 1784 3731 1837 conside.

2154 1886 2297 1937 rans,
2331 1873 2546 1925 easdem
2579 1888 2699 1927 esse
2740 1874 3042 1927 renunciat.
3077 1872 3226 1926 Tunc
3261 1872 3598 1943 stupefactus
3625 1875 3738 1943 epi-

2150 1976 2364 2031 scopus,
2398 1977 2691 2018 conversus
2717 1963 2782 2017 ad
2816 1963 3034 2030 fratres,
3069 1967 3141 2019 ait
3172 1980 3187 2018 :
3218 1964 3505 2029 Noveritis,
3539 1966 3738 2021 fratres

2151 2056 2254 2111 mei
2304 2057 2631 2123 charissimi,
2688 2060 2812 2128 quia
2854 2060 3015 2115 hodie
3068 2070 3149 2114 est
3195 2059 3325 2115 feria
3375 2070 3570 2131 quarta
3616 2069 3740 2131 post

2153 2147 2483 2203 Dominieam
2513 2148 2843 2203 Palmarum.
2877 2151 3121 2221 Cumque
3159 2153 3392 2208 ministri
3437 2153 3593 2221 jussu
3628 2154 3740 2224 epi-

2151 2241 2297 2310 sc0pi
2326 2256 2514 2296 carnes
2546 2242 2763 2296 auferre
2788 2242 3003 2306 vellent,
3036 2259 3156 2296 mox
3188 2255 3243 2297 ut
3279 2260 3373 2298 eas
3413 2245 3737 2309 tetigerunt,

2151 2347 2322 2386 versa:
2362 2342 2487 2387 sunt
2520 2333 2570 2386 in
2603 2334 2899 2403 pulverem,
2929 2335 3254 2389 mirantibus
3283 2337 3494 2391 cunctis
3534 2345 3591 2391 et
3616 2346 3741 2391 stu-

2151 2425 2423 2494 pentibus.
2476 2424 2627 2491 Quod
2662 2442 2781 2479 cuu:
2830 2427 3115 2496 episcopus
3162 2427 3404 2491 vidisset,
3456 2443 3564 2481 una
3617 2444 3739 2482 cum

2152 2514 2352 2569 familia
2395 2531 2488 2569 sua
2519 2514 2670 2569 flexis
2701 2517 2925 2585 genibus
2954 2518 3166 2569 veniam
3204 2534 3230 2569 a
3263 2526 3451 2571 sancto
3480 2518 3742 2571 Brunone

2152 2614 2206 2660 et
2250 2604 2510 2660 fratribus
2540 2608 2811 2663 humiliter
2834 2610 3105 2678 petierunt
3131 2626 3292 2679 super
3325 2611 3461 2665 falso
3503 2610 3742 2680 judicio,

2153 2711 2260 2765 quo
2283 2695 2641 2764 eosjudirare
2664 2709 2959 2768 coeperant.
2991 2700 3275 2756 Fratribus
3303 2719 3429 2757 vero
3467 2703 3617 2758 istud
3649 2703 3746 2757 fuit

2151 2788 2389 2848 occasio,
2437 2798 2495 2841 ut
2544 2791 2798 2843 carnibus
2848 2803 3107 2861 perpetuo
3159 2795 3432 2849 abstinere
3470 2812 3747 2865 propone-

2154 2887 2301 2943 rent;
2336 2878 2476 2946 quod
2510 2881 2874 2947 postmodum,
2909 2882 3029 2936 aliis
3070 2885 3346 2940 miraculis
3392 2888 3748 2941 succedenti-

2152 2968 2270 3030 bus,
2304 2969 2641 3023 strictissime
2669 2972 2936 3024 sancitum
2968 2988 3135 3041 usque
3164 2975 3318 3028 hodie
3342 2986 3588 3033 servant.

2223 3057 2347 3112 598.
2379 3077 2398 3109 ι
2432 3059 2551 3112 ΑΙἱο
2578 3076 2812 3129 namque
2860 3072 3097 3132 tempore
3122 3066 3359 3135 quidam
3394 3065 3622 3135 juvenis
3661 3085 3748 3138 ge—

2156 3162 2284 3201 nere
2332 3148 2547 3215 nobilis,
2600 3152 2815 3221 egregie
2869 3152 3079 3219 doctus,
3132 3156 3183 3208 in
3237 3156 3397 3211 domo
3436 3156 3751 3213 Catthus‘a:

2156 3240 2478 3292 monachum
2526 3240 2755 3297 imluens
2806 3242 3150 3298 laudabiliter
3198 3246 3249 3299 in
3300 3249 3512 3302 :enium
3571 3266 3750 3321 usque

2155 3331 2305 3395 vixit,
2340 3331 2392 3383 in
2428 3331 2692 3399 spirituali
2720 3334 2825 3388 vita
2860 3336 2994 3389 adeo
3024 3336 3332 3405 proficiens,
3360 3349 3418 3392 ut
3440 3340 3751 3410 prephetia:

2154 3435 2367 3489 quoque
2397 3422 2645 3489 spiritum
2695 3423 2895 3478 habere
2940 3438 3262 3481 mereretur.
3302 3429 3381 3482 Ad
3430 3439 3750 3486 extremum

2155 3525 2283 3565 vero
2332 3514 2612 3568 confectus
2662 3516 2817 3569 senio
2867 3531 2988 3569 cum
3046 3520 3366 3587 aagritudine
3408 3522 3749 3591 gravissima

2156 3613 2448 3669 teneretur,
2497 3607 2707 3659 ardenti
2758 3606 3026 3661 desiderio
3080 3610 3233 3678 petiit
3286 3626 3315 3663 a
3361 3613 3565 3681 priore,
3624 3628 3752 3667 eum

2155 3693 2426 3758 visitante,
2471 3711 2664 3750 carnes
2714 3697 2815 3752 sibi
2850 3698 3165 3753 ministrari.
3215 3700 3285 3754 At
3316 3700 3402 3755 ille
3456 3712 3754 3769 reputans,

2154 3800 2297 3849 cum,
2346 3795 2539 3855 agente
2588 3788 2738 3841 senio
2786 3788 2870 3841 vel
2905 3790 3237 3859 aegritudine,
3284 3807 3389 3846 non
3420 3808 3543 3847 esse
3599 3809 3757 3849 sana:

2156 3874 2371 3938 ruentis,
2403 3884 2496 3928 aut
2542 3884 2689 3930 certe
2722 3880 2937 3931 astuliis
2966 3881 3171 3949 antiqui
3222 3882 3392 3935 hostis
3424 3882 3602 3947 illudi,
3667 3885 3755 3938 illa

2155 3966 2272 4019 vice
2303 3966 2651 4021 dissimulans
2694 3968 2845 4022 abiit.
2872 3968 2998 4024 Post
3029 3979 3137 4024 tres
3167 3986 3295 4025 vero
3334 3972 3447 4025 dies
3476 3974 3756 4028 redeunte

2153 4057 2219 4107 ad
2253 4072 2311 4110 se
2354 4057 2561 4117 Priore,
2594 4058 2840 4112 infirmus
2892 4060 3161 4115 desiderio
3207 4062 3451 4115 carnium
3501 4071 3653 4118 aestu
3700 4081 3759 4118 ns

2156 4146 2310 4209 dixit,
2361 4160 2420 4199 se
2465 4148 2636 4215 gratia
2687 4148 2781 4201 Dei
2830 4164 3166 4217 nequaquam
3218 4162 3399 4205 mente
3438 4151 3755 4209 alicnatuu.

2157 4238 2277 4291 talia
2304 4238 2536 4303 dixisse;
2567 4241 2659 4293 sed
2681 4242 2935 4308 quoniam
2969 4241 3151 4305 sciret,
3178 4257 3236 4296 se
3265 4257 3362 4311 pro
3390 4253 3541 4297 certo
3571 4249 3757 4300 mori-

2162 4339 2339 4383 turum
2372 4331 2473 4384 nisi
2505 4332 2750 4386 carnium
2796 4333 2896 4387 sibi
2925 4342 3053 4388 uSus
3076 4333 3491 4401 concederetur;
3530 4346 3589 4391 et
3639 4339 3759 4395 haec

464 4434 604 4484 rium
638 4431 965 4493 tenentibus,
996 4443 1164 4497 usque
1199 4429 1251 4481 in
1292 4442 1568 4497 vesperam
1607 4426 1897 4495 disputatio
1928 4441 2042 4493 pro-
2084 4442 2128 4500 ι)
2157 4419 2341 4473 dicens
2366 4421 2739 4476 ObleSlabalur
2776 4422 3047 4486 Priorem,
3083 4423 3183 4476 nisi
3211 4423 3364 4477 ocius
3397 4439 3496 4477 suo
3525 4426 3761 4483 deside-

462 4532 641 4577 tracta
670 4532 773 4576 est.
816 4520 1051 4575 Tandem
1082 4520 1287 4589 fatigati
1316 4520 1635 4573 inclinantes
1679 4532 1738 4573 se
1766 4534 1935 4587 usque
1981 4520 2045 4573 ad

466 4620 670 4666 terram
697 4611 1123 4665 obdormierunt.
1163 4609 1430 4663 Reversus
1460 4616 1638 4661 autem
1681 4623 1710 4661 a
1743 4608 2047 4662 visitatione

464 4706 751 4773 episcopus
780 4704 926 4757 misit
970 4705 1195 4758 nuncios
1235 4702 1299 4755 ad
1342 4709 1556 4756 sanctos
1599 4700 1810 4765 fratres,
1853 4702 2050 4769 signiti-

466 4809 600 4849 caus
625 4794 705 4847 eis
736 4794 800 4847 de
832 4794 1003 4847 reditu
1035 4807 1155 4856 suo,
1181 4801 1235 4846 et
1260 4792 1401 4860 quod
1430 4806 1579 4844 more
1600 4791 1757 4845 solito
1787 4790 1941 4845 vellet
1962 4791 2048 4844 die

448 4885 734 4955 sequenti,
770 4885 870 4939 hoc
896 4895 999 4947 εει,
1030 4885 1113 4936 die
1134 4882 1315 4936 Coena:
1343 4883 1549 4937 Domini
1578 4898 1792 4936 sumere
1817 4898 1938 4936 cmn
1968 4884 2049 4937 eis

463 4976 778 5031 mandatum
836 4990 1053 5028 novum.
1109 4972 1349 5027 Nuncius
1399 4984 1575 5027 autem
1630 4975 1908 5029 inveniens
1954 4989 2046 5027 eos

444 5068 793 5123 dormientes
835 5067 991 5136 juxta
1042 5079 1279 5131 mensas,
1308 5066 1527 5121 intuens
1555 5065 1714 5121 simul
1745 5080 1941 5120 carnes
1970 5065 2050 5119 fu-

460 5172 675 5218 mantes
700 5176 866 5232 supra
894 5173 1138 5225 mensas,
1177 5159 1569 5216 scandalisatus
1592 5160 1766 5224 valde,
1800 5174 2050 5215 reversus

460 5255 798 5309 renuntiavit
847 5250 1068 5306 domino
1098 5267 1197 5306 suo
1226 5266 1345 5322 qua:
1388 5253 1615 5307 viderat.
1646 5254 1715 5306 At
1747 5252 1834 5307 ille
1873 5253 2050 5309 verbis

460 5341 607 5397 illius
649 5358 755 5398 non
800 5339 1053 5403 credidit,
1080 5340 1250 5396 donec
1282 5343 1477 5397 nuncio
1524 5343 1757 5399 secundo
1786 5346 2051 5414 tertioque

444 5434 648 5498 misso,
680 5432 824 5486 idem
856 5427 1225 5484 nunciaretur.
1266 5452 1283 5484 ι

532 5523 655 5578 397.
696 5517 1050 5589 Stupefactus
1077 5522 1381 5593 episcopus,
1414 5542 1515 5583 nec
1542 5527 1718 5582 adhuc
1753 5527 1909 5582 fidem
1959 5529 2054 5583 ad-

463 5612 661 5679 hibuit,
711 5612 1048 5675 dicensque:
1090 5608 1203 5666 Nisi
1237 5613 1350 5683 ipse
1399 5618 1601 5680 videro,
1656 5634 1760 5672 non
1811 5620 2049 5683 credam,

462 5718 689 5758 ascenso
743 5714 908 5768 equo,
942 5699 1087 5754 venit
1146 5703 1198 5757 in
1245 5717 1503 5763 montem.
1549 5709 1647 5765 Ubi
1707 5725 1827 5765 cum
1869 5712 2049 5765 omnia

2156 4509 2235 4562 rio
2262 4512 2618 4577 satisfaceret,
2643 4513 2708 4566 de
2740 4528 2839 4567 sua
2865 4522 3033 4568 morte
3065 4514 3116 4566 in
3142 4513 3227 4567 die
3245 4511 3431 4581 judicii
3468 4516 3757 4574 rationem

2150 4618 2209 4657 se
2264 4604 2595 4658 redditurum
2647 4608 2829 4660 sciret.
2869 4608 3073 4674 Quibus
3110 4608 3330 4672 auditis,
3370 4607 3530 4662 Prior
3562 4613 3761 4668 sciens

2152 4696 2422 4751 inﬁrmum
2446 4700 2618 4751 virum
2643 4714 2763 4753 esse
2794 4710 3058 4766 sanctum,
3087 4700 3312 4754 multum
3340 4716 3759 4772 expavescens,

2152 4799 2473 4844 conventum
2515 4794 2831 4846 convocavit
2874 4803 2927 4848 et
2954 4809 3069 4848 rem
3115 4808 3331 4848 onmem
3365 4798 3657 4864 exposuit.
3693 4800 3761 4854 At

2153 4882 2225 4935 illi
2269 4883 2613 4937 concorditer
2648 4884 3023 4951 decreverunt,
3051 4895 3109 4941 ut
3135 4886 3187 4939 in
3220 4896 3462 4941 extrema
3499 4895 3765 4946 necessi-

2154 4980 2262 5025 tate
2303 4973 2596 5028 constituto
2625 4989 2819 5030 carnes
2860 4978 3319 5032 ministrarentur.
3364 4976 3764 5051 Interrogatus

2152 5062 2347 5116 deinde
2392 5062 2654 5125 infirmus,
2686 5080 2819 5133 quas
2846 5066 3185 5136 potissimum
3217 5083 3408 5122 carnes
3451 5071 3762 5128 desidera-

2154 5160 2256 5214 ret,
2292 5153 2581 5220 respondit,
2622 5156 2876 5223 pet-dicis.
2911 5156 3217 5227 Statimque
3247 5156 3425 5223 Prior,
3472 5164 3767 5219 accersito

2148 5241 2343 5311 juvene
2386 5245 2617 5313 quodam
2669 5247 2845 5301 nobile
2899 5251 3164 5303 monacho
3217 5251 3421 5305 uovitio
3481 5252 3553 5308 de
3615 5256 3759 5311 Gra-

2155 5333 2427 5401 tianopoli,
2455 5335 2617 5404 jussit
2658 5349 2715 5391 ut
2750 5355 2778 5393 a
2829 5342 3178 5397 venatoribus
3215 5352 3494 5413 acceptam
3555 5350 3732 5415 perdi

2155 5445 2271 5484 cem
2303 5432 2519 5488 afferret
2552 5435 2781 5490 infirmo.
2827 5436 2917 5491 ille
2961 5452 3089 5492 vero
3140 5438 3257 5492 sine
3306 5454 3457 5493 mora
3493 5454 3713 5508 perre."

2158 5532 2267 5578 ltnn
2314 5533 2534 5592 propter
2563 5527 2856 5594 superioris
2908 5527 3292 5594 obedientiam,
3347 5538 3456 5582 tum
3518 5545 3734 5602 proptr

2157 5615 2475 5670 charitatem
2508 5631 2631 5685 erga
2660 5617 2951 5681 infirmum,
2976 5618 3127 5687 cujus
3149 5619 3439 5689 discipulus
3464 5619 3686 5689 fuerat,
3711 5637 3766 5681 et
