3814 6306
123 396 198 453 9H

123 532 203 568 nuli
250 512 515 566 a:ten'er.s
559 511 637 564 ire
694 520 931 579 pontem,
989 527 1085 579 per
1117 526 1274 580 quem
1341 512 1641 565 communis
1673 517 1712 571 Α

120 614 210 659 erat
230 602 489 667 transitus,
519 619 681 671 super
709 618 879 670 aquas
906 603 1188 658 ambulans
1226 602 1420 658 ﬁumen
1472 615 1644 659 trans-

121 696 205 752 irit.
227 692 559 762 celeriterque
589 692 855 761 perrixem
886 693 1083 750 attulit.

167 785 268 841 599.
296 802 313 836 ι
350 783 519 849 Quam
570 801 691 838 cum
748 785 902 838 Prior
925 786 1128 855 optime
1156 795 1365 842 coctam
1403 785 1639 852 inﬁrmo,

118 882 335 945 praesente
362 883 652 937 conventu,
692 882 1099 942 praesentasset,
1145 874 1231 929 ille
1268 875 1642 944 suspiciensiu

114 966 266 1021 uelum
312 979 432 1018 cum
482 963 735 1033 lacrymis
779 965 895 1018 ait:
954 965 1177 1020 Domine
1231 965 1356 1020 Jesu
1408 966 1643 1031 Christe,

115 1056 264 1110 exaudi
302 1069 383 1108 me
436 1064 777 1123 peeeatorem
810 1056 1069 1110 famulum
1116 1065 1288 1119 tuum,
1333 1056 1646 1126 suppliciter

115 1153 370 1212 precantem
392 1143 689 1198 bonitatem
720 1154 883 1210 tuam,
923 1154 999 1211 ut,
1027 1144 1071 1199 si
1099 1145 1200 1199 iste
1227 1156 1334 1199 tam
1360 1145 1645 1200 vehemens

115 1236 331 1305 appetitus
356 1246 458 1291 ture
497 1247 581 1291 est
610 1237 840 1307 placitus
868 1237 1149 1305 voluntati,
1198 1238 1475 1308 proveniat
1512 1238 1642 1292 mihi

115 1329 162 1380 ad
178 1327 374 1382 salutem
395 1330 647 1399 corporis
675 1341 726 1384 et
755 1330 948 1385 animae
974 1330 1077 1385 hoc
1100 1330 1356 1385 edulium.
1377 1330 1470 1385 Sin
1488 1330 1641 1396 alias,

114 1418 304 1486 piissime
330 1418 554 1473 Domine
581 1418 676 1488 qui
700 1420 821 1473 vita:
843 1428 897 1473 et.
928 1420 1119 1474 mortis
1144 1427 1295 1474 tenes
1326 1420 1608 1490 imperium
1626 1462 1640 1486 ,

114 1509 299 1579 digneris
319 1511 439 1563 huic
477 1520 748 1566 erratum
795 1521 919 1577 tuae,
949 1527 1068 1581 qua:
1116 1512 1219 1565 mei
1254 1527 1416 1566 causa
1464 1513 1641 1581 occisa

115 1612 188 1666 es,
218 1618 266 1656 re
287 1602 629 1665 'derevitam,
686 1612 742 1656 ut
788 1603 1009 1657 avolans
1071 1604 1123 1657 in
1174 1604 1313 1658 viam
1364 1618 1514 1657 suam
1547 1619 1643 1659 nos

116 1692 293 1747 tantulos
342 1703 460 1747 tuos
519 1710 852 1762 cognoscere
898 1694 1080 1762 faciat,
1152 1695 1482 1750 contrarium
1524 1710 1644 1751 esse

116 1784 319 1838 voluntati
343 1794 464 1850 tua),
498 1799 588 1839 me
624 1784 704 1837 vel
726 1800 1101 1854 quemcunque
1140 1793 1338 1841 nostra:
1367 1785 1642 1856 religionis

114 1874 374 1928 moniachum
425 1890 751 1943 quacunque
821 1875 1108 1929 occasione
1166 1874 1249 1927 vel
1327 1874 1641 1929 iutirmitate
1675 1858 1716 1912 Β

114 1979 256 2019 carnes
275 1965 573 2020 comedere.
616 1964 859 2034 Cumque
909 1965 960 2019 in
1001 1964 1347 2020 conclusione
1381 1964 1642 2019 orationis

113 2068 267 2116 ames,
284 2055 367 2122 qui
397 2055 646 2120 aderant,
672 2055 1075 2124 resiiondissent
1112 2055 1304 2120 Amen,
1334 2054 1477 2109 illico
1502 2054 1637 2119 avis,

116 2157 297 2216 recepta,
329 2147 456 2210 vita,
499 2148 703 2218 plumis
730 2148 923 2202 vestita
950 2146 1229 2217 repentino
1254 2146 1430 2202 volatu
1460 2147 1641 2216 dispa-

118 2237 207 2300 mit,
228 2237 521 2292 videntibus
553 2237 768 2293 eunetis
801 2236 891 2307 qui
931 2237 1178 2301 aderant,
1206 2245 1260 2292 et
1304 2236 1641 2307 stupentibus

115 2342 247 2398 aegra
271 2328 343 2384 ias
369 2328 665 2400 agentibus
682 2329 812 2395 Deo,
851 2330 943 2398 qui
984 2328 1112 2384 facit
1157 2328 1421 2385 mirabilia
1444 2344 1639 2399 magna

117 2418 152 2469 in
172 2419 284 2472 etelo
305 2429 355 2473 et
383 2421 436 2473 in
467 2428 639 2474 terra.
668 2420 791 2474 Alio
813 2420 975 2474 etiam
1015 2427 1256 2488 tempore
1276 2434 1398 2474 cum
1421 2418 1638 2488 quidam

115 2509 294 2580 episcopi
319 2522 371 2565 et
392 2511 506 2576 alii,
556 2519 682 2565 ante
735 2508 1248 2580 Quinquagesimam
1296 2508 1638 2565 Carlhusiam

116 2602 350 2669 venientes,
378 2602 650 2657 vidissent
677 2601 940 2669 quosdam
970 2614 1127 2655 senes
1148 2599 1370 2665 debiles,
1398 2601 1639 2656 carnium

114 2693 311 2746 uirentia:
377 2694 480 2747 hoc
570 2691 970 2757 attribuentes,
1022 2700 1361 2759 rogaverunt
1395 2690 1638 2746 Priorem

115 2781 467 2845 instantissime,
516 2792 579 2836 ut
624 2781 829 2837 debiles
880 2782 955 2836 illi
1007 2783 1072 2839 de
1119 2783 1395 2848 carnibus,
1444 2784 1640 2853 quibus

114 2882 218 2928 totus
246 2876 464 2929 mundus
498 2874 594 2928 illo
623 2876 675 2928 in
709 2883 946 2945 tempore
969 2884 1235 2941 uteretur,
1274 2875 1493 2944 aliquod
1540 2876 1639 2931 ha-

114 2966 254 3021 herent
274 2969 662 3035 retocillamen,
692 2971 971 3037 addentes,
1005 2971 1202 3027 multos
1246 2972 1433 3027 doctos
1493 2972 1639 3026 viros

113 3068 150 3110 et
171 3058 374 3114 timuisse
394 3069 448 3115 et
478 3061 674 3115 timere
692 3061 759 3116 de
782 3062 945 3115 nimia
976 3062 1028 3115 in
1054 3063 1156 3117 hoc
1180 3062 1388 3117 ordinis
1412 3061 1637 3117 duritia.

114 3146 207 3200 Cum
230 3164 342 3205 vero
366 3150 529 3204 Prior
582 3149 887 3205 nullatenus
942 3152 1253 3219 assentiret,
1308 3162 1638 3224 rogaverunt

114 3241 154 3287 ut
179 3235 336 3291 saltem
359 3254 453 3307 pro
484 3254 549 3294 se
578 3247 632 3291 et
659 3238 773 3294 suis
803 3240 1092 3296 comitibus
1118 3256 1312 3296 carnes
1341 3244 1445 3296 emi
1495 3241 1634 3298 face-

114 3331 184 3377 ret.
226 3326 344 3393 Quid
396 3327 622 3383 multa?
672 3329 878 3400 Empta:
946 3346 1138 3386 carnes
1186 3333 1635 3402 Carthusiamque

114 3415 310 3482 perlata,
353 3421 560 3491 apertis
615 3421 901 3475 sarcinulis
950 3423 1311 3478 cernebantur
1361 3438 1531 3479 versae
1580 3426 1633 3479 iu

113 3521 225 3564 veros
246 3522 293 3567 et
317 3514 552 3584 optimos
577 3515 773 3583 pisces,
792 3514 996 3581 colore,
1049 3517 1239 3582 odore,
1270 3533 1484 3588 sapore.
1518 3519 1634 3586 Quo

114 3600 209 3664 viso,
238 3601 394 3669 Prior,
428 3604 682 3671 Videtur,
726 3605 917 3675 inquit,
948 3606 1073 3675 quia
1116 3622 1221 3661 non
1274 3618 1358 3665 est
1387 3609 1635 3665 voluntas

114 3688 306 3761 Domini,
358 3706 416 3750 ut
465 3697 728 3752 carnibus
776 3712 992 3753 carnem
1045 3700 1365 3757 nutriamus.
1434 3699 1635 3754 Deinde

112 3779 241 3844 pisces
264 3787 391 3841 cocti
418 3789 713 3843 conventui
744 3797 799 3843 et
843 3788 963 3843 aliis
993 3800 1119 3843 sunt
1164 3789 1444 3858 propositi,
1474 3797 1636 3859 atque

111 3883 249 3926 eorum
267 3884 413 3946 gustu
446 3877 649 3933 inﬁrmi
680 3893 744 3933 ac
791 3879 998 3934 debiles
1029 3879 1205 3933 sanati
1243 3888 1297 3934 et
1321 3878 1630 3933 confortati.

114 3958 533 4025 Nonerediderunt
557 3971 793 4041 episcopi
822 3986 1013 4026 carnes
1041 3971 1090 4025 in
1131 3971 1309 4041 pisces
1324 3985 1631 4036 conversas,

112 4049 237 4108 donec
261 4058 532 4115 mittentes
568 4060 635 4115 ad
684 4059 911 4115 macella
942 4068 996 4114 et
1021 4059 1433 4131 diligentissime
1462 4059 1636 4129 inqui-

114 4152 267 4211 rentes,
294 4149 356 4204 de
380 4160 433 4205 te
466 4160 578 4206 tam
608 4152 873 4221 stupenda
903 4150 1310 4207 evidentissima
1327 4150 1633 4206 testimonia

112 4235 359 4295 audierunt.
394 4261 415 4295 ι

158 4324 255 4380 400.
284 4328 426 4385 Talia
463 4334 717 4388 sunttria
752 4334 964 4389 diversa
992 4334 1435 4391 aBIomenvenna
1464 4336 1631 4391 relata

113 4419 297 4490 Prodigia
330 4440 341 4475 :
371 4438 435 4477 ac
462 4426 700 4494 primum
732 4426 947 4496 quidem
984 4443 1046 4481 ex
1093 4429 1199 4493 his,
1232 4437 1289 4481 ut
1335 4427 1450 4496 jam
1498 4429 1633 4495 dixi,

112 4508 216 4560 omni
239 4510 387 4567 dubio
411 4515 603 4584 procul
648 4518 1076 4573 eommentitinm
1121 4530 1222 4573 est.
1258 4518 1434 4589 Guigo
1462 4519 1628 4584 enim,
1664 4532 1708 4590 ι)

113 4598 280 4662 quintus
295 4603 597 4662 Carlhusiaa
621 4607 794 4675 Prior,
824 4608 877 4662 in
913 4608 1030 4663 Vita
1048 4609 1105 4665 S.
1132 4610 1390 4681 llugnnis,
1418 4609 1633 4666 Gratia-

116 4692 348 4756 n‘tpolitani
400 4699 666 4769 episcopi,
728 4701 871 4755 illius
916 4716 1021 4756 non
1074 4702 1347 4767 meminit;
1412 4701 1632 4756 dubium

117 4788 250 4834 autem
272 4786 469 4842 nullum
499 4799 601 4851 est,
631 4791 758 4859 quin
786 4792 1087 4863 prodigium
1105 4791 1634 4865 hujusmodi,utpote

116 4868 229 4956 simul
253 4885 300 4929 et
325 4880 389 4934 ad
424 4880 866 4937 Carthusiensem
896 4885 1141 4939 ordinem
1168 4894 1222 4938 et
1248 4886 1314 4940 ad
1351 4886 1630 4956 llugonem

117 4953 610 5036 Gratianopolitanum
637 4973 972 5042 episcopum,
1005 4974 1093 5043 qui
1148 4986 1355 5043 partem
1397 4953 1628 5039 nonmi-

119 5048 268 5109 nimam
303 5058 351 5113 in
371 5074 437 5116 eo
467 5062 763 5127 habuisset,
800 5071 1073 5132 spectans,
1126 5064 1455 5135 biographus
1488 5067 1554 5131 is,
1588 5065 1632 5120 si

120 5141 373 5211 contigisset
396 5165 672 5220 umquam,
703 5153 939 5207 sciturus
962 5154 1264 5224 scitumque
1299 5170 1634 5212 commemo-

121 5235 286 5287 titurus
306 5234 488 5294 fuisset
513 5240 566 5293 in
602 5240 977 5296 lucubratione
1021 5260 1124 5314 qua
1175 5244 1234 5299 S.
1280 5244 1523 5316 llugonis
1552 5247 1632 5301 vi-

123 5320 200 5370 tam
243 5338 443 5382 omnem
506 5342 764 5401 gestaque
826 5333 992 5387 etiam
1042 5334 1219 5390 minus
1262 5335 1631 5391 memorabilia

124 5403 471 5495 diligentissime
487 5430 570 5477 est
596 5422 928 5492 complexus.
955 5422 1110 5490 Quod
1145 5440 1276 5480 vero
1312 5427 1543 5495 pertinet
1564 5428 1630 5482 ad

128 5492 198 5548 duo
218 5502 305 5558 alia
334 5512 593 5581 prodigia,
628 5528 657 5566 a
698 5513 1094 5567 Blomenvenna
1146 5516 1352 5585 pariter
1397 5532 1631 5571 comme-

128 5597 300 5661 morata,
331 5612 449 5657 sunt
473 5613 525 5659 et
569 5606 701 5670 haec,
734 5615 791 5661 ut
837 5606 952 5676 jam
1001 5608 1204 5672 monui,
1231 5610 1630 5665 verosimillime

131 5690 458 5771 mmentitia;
500 5700 598 5753 etsi
629 5700 792 5766 enim,
826 5715 932 5768 quo
998 5698 1049 5754 id
1105 5701 1300 5755 invicte
1345 5703 1627 5771 probatum

136 5767 234 5839 κείω,
260 5795 602 5851 argumentum
634 5800 719 5846 sat
757 5767 988 5853 validum
1042 5793 1182 5848 haud
1238 5767 1501 5866 suppetat,
1557 5798 1625 5853 ita

1665 3194 1705 3250 C

1594 396 1793 450 ACTA.

3212 409 3323 463 212

1747 518 1922 565 tamen
1954 513 2031 566 vel
2065 514 2263 571 idcirco
2322 526 2575 581 autumo,
2624 518 2768 588 quod
2825 528 2931 573 tam
2988 520 3123 585 hmc,
3154 537 3315 591 quam

1749 601 2001 669 primum,
2033 613 2092 657 ut
2122 613 2436 675 perpetuam
2484 623 2514 661 a
2546 608 2802 663 carnibus
2852 609 3236 666 abstinentiam
3286 629 3317 666 a

1746 690 2136 759 Carthusianis,
2151 695 2451 765 periculose
2470 697 2636 752 etiam
2658 699 3120 763 decumbentibus,
3136 713 3321 757 serva-

1747 779 1789 833 ri
1827 781 2061 848 solitam,
2087 783 2195 839 Deo
2224 785 2442 841 omnino
2464 786 2678 856 probari
2704 797 2891 843 contra
2919 789 3318 847 obtrectarores

1745 874 2142 942 ostenderetur,
2180 875 2409 932 conﬁcta
2464 877 2631 933 fuisse
2682 878 2988 943 videantur,
3050 880 3317 950 uniceque

1747 966 1887 1021 hunc
1916 966 1967 1020 in
2004 967 2165 1023 ﬁnem
2200 983 2229 1023 a
2257 968 2677 1035 Blomenvenna,
2709 984 2833 1026 cum
2859 970 2972 1040 jam
3033 978 3155 1025 ante
3187 969 3323 1027 fuis-

1746 1066 1865 1109 seut
1891 1056 2140 1121 conﬁcta,
2175 1057 2227 1112 in
2251 1073 2569 1128 eam,quam
2601 1060 2899 1126 contexuit,
2940 1060 2999 1117 S.
3051 1060 3323 1116 Bruuonis

1748 1147 1919 1201 Vitam
1951 1148 2058 1203 sint
2087 1149 2252 1203 illata.
2279 1150 2348 1204 At
2375 1166 2527 1214 vero,
2558 1151 2763 1220 inquiet
2788 1167 2892 1206 non
2925 1166 3104 1217 nemo,
3131 1168 3252 1208 cum
3292 1169 3323 1207 e

1749 1237 1918 1293 tribus
1947 1238 2072 1305 illis,
2098 1255 2215 1309 quae
2238 1240 2636 1295 Blomenvenna
2658 1241 2843 1309 refert,
2874 1243 3134 1312 prodigiis
3152 1259 3316 1298 unum

1746 1328 1986 1397 indubie,
2015 1330 2119 1386 duo
2147 1331 2355 1402 reliqua
2384 1331 2767 1387 verosimiliter
2802 1332 2911 1387 sint
2959 1333 3168 1399 ﬁctilia,
3189 1334 3321 1402 quid

1745 1420 1788 1473 si
1820 1434 1949 1490 ergo
1968 1420 2095 1475 olim
2118 1422 2301 1495 getiam
2333 1421 2532 1477 fuerint
2564 1422 2616 1475 iu
2649 1420 3163 1487 Carthusianorum,
3213 1439 3320 1476 nou

1745 1525 1902 1565 secus
1928 1520 2089 1581 atque
2120 1511 2171 1565 in
2200 1511 2426 1566 aliorqu
2455 1514 2704 1566 ordinum
2738 1513 3329 1579 monasteriis,inveuti

1746 1602 1843 1655 viri
1892 1603 1962 1671 pii
2021 1600 2261 1672 quidem,
2301 1602 2394 1656 sed
2454 1601 2613 1656 simul
2643 1602 2713 1655 ita
2753 1601 3050 1671 simplices,
3084 1612 3141 1656 ut
3185 1619 3324 1658 nova

1745 1709 1841 1763 pro
1863 1693 2087 1747 arbitrio
2112 1692 2373 1763 prodigia,
2408 1708 2527 1762 qum
2552 1692 2631 1747 vel
2665 1692 2729 1745 ad
2760 1694 2966 1749 ordinis
3012 1694 3094 1748 sui
3141 1694 3323 1763 splen-

1746 1783 1928 1839 dorem
1971 1783 2624 1851 commendationemque,
2649 1783 2731 1838 vel
2756 1784 2824 1838 ad
2857 1784 2947 1837 Dei
2982 1792 3331 1839 sanctorum-

1744 1891 1847 1944 que
1866 1875 2090 1946 gloriam
2122 1876 2507 1941 conducerent,
2546 1873 2884 1929 comminisci
2932 1875 3034 1929 sibi
3058 1874 3141 1929 fas
3172 1883 3325 1945 puta-

1744 1974 1887 2035 rent,
1940 1981 2104 2037 reque
2131 1968 2242 2037 ipsa
2287 1966 2450 2020 etiam
2495 1965 2688 2021 szeeulo
2731 1966 2890 2020 tertio
2942 1966 3169 2028 decimo,
3218 1979 3326 2034 quo

1743 2060 2011 2129 praecipue
2040 2058 2218 2129 plures
2247 2057 2449 2113 fabulis
2471 2057 2735 2125 fingendis
2763 2071 2983 2126 operam
3042 2056 3093 2109 in
3136 2070 3325 2111 εωθιιο-

1743 2151 1845 2205 biis
1872 2150 2083 2206 dedisse
2110 2156 2424 2215 noscuntur,
2459 2148 2714 2203 nonnulla
2765 2145 2996 2201 subinde
3047 2145 3153 2200 sint
3177 2160 3327 2199 eom—

1745 2241 1950 2296 tuenti?

1811 2333 2098 2400 40LQuid
2147 2334 2245 2388 sie
2272 2331 2593 2386 commentis
2635 2329 2739 2384 illis
2768 2345 2933 2383 unum
2975 2329 3045 2383 sit
3087 2327 3327 2381 doctoris

1745 2424 2011 2494 tantisper
2034 2422 2278 2486 redivivi,
2340 2422 2431 2490 qui
2481 2435 2598 2475 sese
2652 2421 2987 2481 damnatum,
3022 2416 3234 2486 publice
3293 2430 3323 2468 e

1744 2516 1943 2572 feretro
2001 2514 2371 2585 proclamarit,
2424 2511 2752 2568 horrendum
2804 2509 3132 2582 prodigium,
3180 2507 3325 2561 dicto

1743 2605 1939 2661 saeculo
1988 2605 2145 2658 tertio
2177 2604 2388 2658 decimo
2421 2603 2652 2673 primum
2709 2601 2926 2663 litteris,
2957 2602 3033 2654 uti
3065 2614 3127 2654 ex
3160 2611 3324 2668 supra

1741 2697 1903 2752 dictis
1931 2696 2121 2765 liquet,
2152 2694 2634 2751 commendatum?
2685 2694 2823 2760 Quid
2876 2694 2919 2747 si
2965 2693 3020 2746 id
3068 2701 3210 2755 tunc,
3267 2698 3326 2744 ut

1742 2791 1865 2843 vitae
1902 2787 2309 2851 austerissitnaa,
2362 2802 2391 2840 a
2437 2786 2495 2840 S.
2548 2785 2804 2840 llrunone
2856 2785 3134 2846 institutze,
3162 2780 3322 2851 quam

1743 2878 1983 2933 nonnulli
2030 2877 2156 2931 olim
2205 2877 2519 2945 carpebant,
2578 2876 2715 2931 ratio
2765 2875 3104 2939 redderetur,
3159 2871 3322 2941 fuerit

1741 2969 2072 3023 conﬁctum?
2103 2967 2177 3021 Eo
2213 2967 2482 3021 deducunt
2512 2965 2678 3021 relata
2719 2981 2747 3019 a
2774 2964 3170 3019 Blomenvenna
3201 2978 3325 3032 pro-

1742 3060 1880 3129 digia
1913 3073 2005 3114 seu
2033 3058 2209 3127 potius
2250 3057 2526 3127 ﬁgmenta.
2567 3057 2785 3119 Verum,
2814 3055 3075 3124 quidquid
3105 3054 3198 3116 sit,
3224 3068 3325 3107 nec

1745 3152 1860 3207 haec
1910 3150 2093 3206 facere
2122 3158 2349 3220 possunt
2383 3157 2439 3202 ut
2496 3147 2717 3201 feralem
2769 3145 3003 3202 damnati
3039 3144 3329 3199 historiam

1742 3260 1838 3314 pro
1861 3242 2165 3299 indubitato
2191 3248 2496 3297 commento
2524 3238 2773 3295 fabulare
2799 3236 3051 3303 habeam,
3090 3236 3327 3290 maxime

1739 3338 1791 3390 in
1831 3335 2102 3405 Opinione,
2132 3350 2234 3405 qua
2266 3333 2372 3394 illa,
2401 3332 2475 3385 uti
2529 3331 2615 3385 hic
2666 3329 2824 3384 modo
2870 3328 2946 3392 ﬁt,
2978 3344 3083 3381 non
3109 3327 3323 3396 publice

1738 3442 1921 3482 coram
1957 3426 2239 3481 innumera
2283 3422 2674 3493 propemodum
2717 3420 2897 3490 populi
2948 3420 3318 3480 multitudine.

1736 3516 1831 3571 sed
1871 3516 2008 3570 intra
2039 3515 2279 3586 privatos
2317 3516 2510 3569 (IOIIIltS
2562 3510 2801 3567 defuncti
2850 3510 3087 3580 parietes
3134 3524 3320 3564 coram

1736 3607 1919 3677 paucis
1943 3608 2204 3661 duntaxat
2249 3606 2388 3660 facta
2437 3604 2712 3658 statuitur.
2743 3602 2953 3657 Etenim
2982 3617 3081 3658 nec
3110 3602 3318 3667 omnia,

1735 3712 1854 3766 qum
1884 3696 2061 3751 saeculi
2091 3694 2281 3751 decimi
2314 3692 2456 3749 tertii
2489 3692 2782 3761 scriptores
2820 3692 2874 3745 in
2915 3690 3124 3745 litteras
3154 3689 3323 3745 misc-

1738 3796 1882 3848 ruut,
1915 3783 2282 3839 commentitia
2302 3791 2450 3844 sunt,
2484 3797 2605 3845 nec,
2643 3779 2741 3835 etsi
2768 3779 2869 3834 tria
2903 3789 3319 3850 przeiucmorata

1735 3876 1978 3947 prodigia
2019 3891 2112 3931 seu
2164 3874 2344 3946 potius
2387 3880 2694 3929 commenta
2741 3887 2771 3926 a
2820 3871 3220 3927 Blomenvenna
3262 3872 3329 3926 iu.

1737 3969 1794 4024 S.
1821 3967 2086 4022 Brunonis
2114 3965 2290 4021 Vitam
2320 3966 2428 4021 sint
2465 3965 2636 4030 illata,
2667 3978 2732 4019 ea
2762 3964 3046 4019 universus
3074 3962 3310 4019 Carthu-

1737 4060 2011 4114 sianorum
2050 4058 2186 4115 ordo
2234 4072 2332 4128 pro
2368 4056 2512 4113 veris
2557 4064 2650 4111 aut
2678 4055 2879 4110 habere
2925 4063 3018 4109 aut
3068 4070 3306 4124 unquam

1736 4156 1987 4210 habuisse
2022 4154 2460 4225 deprehenditur,
2493 4151 2819 4222 videturque
2864 4148 3091 4221 proinde
3142 4148 3186 4202 is
3216 4163 3313 4201 nec

1736 4259 1834 4314 pro
1865 4260 1993 4301 vero
2043 4245 2209 4300 etiam
2248 4244 2683 4314 indubitatoque,
2736 4242 2813 4297 uti
2861 4249 3172 4297 constanter
3220 4253 3325 4308 per

1737 4338 1886 4408 plura
1912 4336 2106 4393 srecula
2130 4334 2240 4404 jam
2270 4334 2479 4399 habuit,
2505 4333 2789 4389 habiturus
2813 4332 2977 4387 fuisse
3008 4330 3315 4387 Parisiense

1736 4428 2062 4499 prodigium,
2101 4428 2145 4482 si
2173 4431 2537 4482 commentum
2593 4424 2875 4480 dumtaxat
2918 4420 3208 4490 fabulaque
3262 4420 3315 4473 id

1738 4517 1945 4575 fuisset.
1985 4516 2054 4571 Ut
2083 4525 2141 4570 ut
2169 4516 2260 4577 sit,
2288 4515 2471 4586 opinio
2520 4512 2796 4584 equidem,
2847 4528 2965 4582 qua:
3011 4510 3317 4565 Parisicuse

1738 4608 2041 4678 prodigium
2090 4606 2229 4661 inter
2278 4606 2521 4677 privatos
2575 4602 2767 4657 domus
2814 4601 3051 4658 defuncti
3081 4603 3317 4671 parietes

1738 4698 1936 4752 factum
1984 4697 2193 4763 statuit,
2244 4711 2274 4750 a
2320 4693 2792 4750 verisimilitudine
2819 4693 2987 4749 multo
3021 4695 3199 4751 minus
3223 4698 3318 4751 ab-

1739 4791 1949 4851 horret,
1994 4803 2155 4859 quam
2218 4805 2339 4860 qua:
2394 4791 2447 4846 id
2510 4792 2727 4863 publice
2778 4808 2965 4849 coram
3018 4795 3315 4851 innumera:

1737 4880 2121 4951 propemodum
2179 4882 2360 4954 populi
2401 4884 2746 4941 multitudine
2786 4888 3034 4943 evenisse
3091 4888 3314 4944 astruit.
3346 4941 3356 4970 ι

1735 4973 1887 5027 Anne
1917 4970 2135 5028 interim
2164 4975 2338 5046 reipsa
2382 4976 2627 5034 luctuosa
2658 4977 2906 5048 historia,
2934 4980 3049 5036 sive
3078 4980 3312 5051 publice,

1736 5064 1848 5120 sive
1875 5065 2015 5120 intra
2040 5065 2278 5136 privatos
2309 5067 2499 5124 domus
2516 5069 2757 5127 defuncti
2784 5072 3021 5142 parietes
3046 5071 3311 5125 accidisse

1736 5163 2029 5222 statuatur,
2088 5157 2265 5212 locum
2320 5173 2557 5230 unquam
2602 5160 2899 5226 habuerit,
2953 5169 3314 5227 sanctumque

1738 5255 1984 5300 nostrum
2031 5247 2083 5301 in
2120 5262 2365 5302 eremum
2412 5250 2724 5320 impulerit,
2761 5252 3002 5307 studioso
3030 5252 3218 5307 lectori
3246 5266 3313 5305 ex

1735 5341 2005 5405 omnibus,
2036 5356 2157 5411 qua:
2177 5342 2287 5410 jam
2347 5342 2465 5399 fuse
2493 5345 2558 5401 de
2584 5360 2646 5400 ea
2677 5345 2945 5413 disputata
2996 5351 3140 5405 sunt,
3171 5341 3314 5411 diju-

1735 5432 2023 5487 dicandum
2085 5433 2368 5501 relinquo,
2423 5452 2528 5490 non
2587 5435 3008 5498 sufﬁcientibus,
3063 5442 3121 5486 ιιι
3175 5434 3313 5489 mihi

1734 5522 1980 5591 equidem
2007 5533 2249 5591 apparet,
2275 5526 2573 5582 rationibus
2598 5542 2757 5596 supra
2788 5526 3127 5589 adductis,ut
3158 5527 3321 5581 illam.

1734 5616 1817 5671 vel
1842 5625 1990 5672 certo
2012 5633 2192 5673 verum
2221 5619 2298 5673 vel
2325 5628 2473 5672 certo
2502 5618 2690 5673 falsam
2716 5616 3076 5687 pronuntiem.
3108 5619 3311 5674 lterum

1734 5706 1910 5773 modo,
1950 5708 2017 5762 ad
2066 5718 2309 5764 sanctum
2368 5717 2607 5762 nostrum
2660 5707 3051 5776 spectantium.
3102 5710 3318 5765 seriem

1731 5811 2137 5866 prosequamur.
