3896 6312
495 367 604 422 245

1268 360 1326 416 S.
1368 359 1722 417 BRUNONIS’
1759 353 2408 415 CARTIIUSIANORUM
2443 349 2926 410 lNSTlTUTORlS

3626 341 3720 398 ειη

484 479 514 551 5
549 477 738 532 XXIV.
774 475 1132 551 Pantiniana
1160 472 1379 551 Parisiis
1413 481 1626 551 sanctus
1659 472 1711 524 in
1733 468 2068 523 solitudinem
2097 472 2142 528 Α
2173 484 2334 539 quam
2366 468 2501 522 alias
2527 465 2750 521 Parisiis
2779 461 3022 517 docuerit
3074 469 3166 512 seu
3199 452 3516 524 magistrum
3542 454 3720 520 egerit.

551 547 844 610 secesserit,
883 545 1225 615 quandonant
1248 542 1304 615 ιε(
1337 542 1548 610 fecerit,
1585 551 1631 595 et
1655 557 1723 594 an
1775 550 1898 591 tunc
1926 545 2066 591 recta

553 617 851 674 Carthasim
877 612 1108 670 eretriam
1137 612 1348 666 adierit.

499 729 506 733 ’
554 733 872 800 Anonymus
901 729 1200 798 primorum
1225 723 1468 793 quinque
1497 721 1796 778 Carihusiae
1824 719 2064 790 priorum

482 821 878 891 chrorologus,
928 817 1018 886 qui
1067 815 1342 884 prolixius.
1370 815 1542 869 sancti
1585 812 1764 866 nostri
1807 810 2066 880 elogium,

477 913 614 967 vita
636 909 960 981 antiquioris
987 907 1230 971 nomine,
1256 916 1313 960 ut
1343 921 1503 975 supra
1535 904 1742 969 monui,
1772 903 2064 965 edendum,

382 996 385 998 ’
477 1003 782 1067 contexuit,
813 1000 1138 1056 Franciscus
1165 1015 1193 1051 a
1219 997 1388 1052 Puteo
1411 1013 1504 1051 seu
1540 997 1833 1060 Puteanus,
1871 995 2066 1049 Petrus

480 1097 904 1158 Bz’omenvenna,
955 1093 1157 1160 aliique
1209 1091 1544 1146 recentiores
1597 1089 1714 1160 ejus
1758 1087 2064 1158 biograplii,

479 1189 570 1259 qui
603 1187 914 1242 Parisiense
944 1185 1271 1256 prodigium,
1317 1199 1424 1253 quo
1458 1183 1646 1238 doctor
1689 1198 1808 1237 sese
1839 1182 2064 1235 damna-

481 1294 617 1346 tum,
657 1297 688 1335 e
719 1279 921 1334 feretro
972 1277 1187 1347 publice
1228 1276 1560 1331 vociferatus
1607 1275 1698 1338 sit,
1748 1274 1800 1327 in
1856 1273 2066 1326 litteras

482 1376 602 1429 misr
620 1383 766 1434 I'tllll.
799 1372 1436 1440 Brunonem,.postquam
1464 1369 1514 1423 id
1538 1369 1846 1430 accidisset,
1897 1366 2065 1420 vehe-

483 1466 817 1520 mentissima
845 1462 1329 1530 cilieacissimaqne
1352 1461 1533 1514 habita
1558 1459 1821 1518 oratione,
1851 1465 1907 1510 ut
1931 1473 2065 1510 non-

482 1560 636 1625 nulli,
689 1559 868 1627 quiet
911 1555 1008 1624 ipsi
1067 1553 1341 1609 horrendo
1389 1551 1696 1622 spectaculo
1741 1549 2062 1614 adfuissent,

483 1649 679 1706 satculo
721 1648 970 1702 nuntium
1004 1647 1281 1700 remittere
1330 1661 1545 1713 unaque
1568 1661 1689 1697 cum
1745 1643 1834 1696 illo
1865 1642 1916 1696 in
1941 1657 2062 1697 ere-

483 1756 629 1810 mum
658 1740 913 1793 secedere
946 1737 1311 1802 decreverint,
1337 1736 1582 1791 cﬂ‘ecisse
1602 1777 1616 1800 ,
1645 1734 1918 1789 memorize
1941 1750 2064 1803 pro-

483 1834 632 1887 dunt.
687 1832 754 1886 Et
802 1846 1103 1896 anouynuis
1125 1829 1367 1900 quidem,
1427 1828 1790 1896 quisanctiim
1845 1825 2067 1880 Parisiis

484 1933 614 1979 tunc
643 1924 895 1979 docuisse
953 1938 1058 1976 non
1095 1921 1312 1985 scribit,
1338 1920 1504 1974 fuisse
1545 1919 1664 1973 illos
1689 1933 1877 1972 omnes
1909 1916 2067 1985 hujus

481 2017 660 2071 socios
688 2030 781 2070 seu
812 2013 1107 2069 familiares
1137 2013 1381 2076 indicat;
1436 2011 1767 2066 recentiores
1796 2026 1947 2075 vero,
1974 2009 2066 2080 qui

479 2107 790 2162 Brunoncm
840 2113 950 2158 tum
999 2104 1196 2158 ibidem
1252 2103 1570 2173 magistrum
1621 2102 1796 2171 egisse
1849 2100 2064 2165 volunt,

480 2196 750 2263 quosdam
816 2195 980 2250 etiam
1035 2211 1102 2249 ex
1143 2193 1250 2248 illis
1297 2193 1500 2247 faciunt
1541 2191 1702 2260 hujus
1756 2191 2066 2259 discipulos.

481 2287 661 2342 Yerba
687 2287 794 2342 huc
835 2286 1136 2356 spectantia
1166 2295 1279 2338 tum
1334 2287 1610 2356 anonynri,
1646 2291 1754 2337 tum
1801 2283 2070 2338 recentio-

482 2391 750 2442 rnm,seu
779 2377 982 2446 potius,
1013 2377 1124 2446 qui,
1154 2377 1298 2446 quod
1330 2377 1378 2429 ei
1411 2376 1600 2444 reliqui
1631 2374 1805 2429 exhis
1840 2372 2070 2428 conéen-

483 2471 644 2535 tiant,
700 2470 946 2524 omnium
999 2470 1174 2524 locum
1222 2469 1454 2531 tenebit,
1499 2467 1914 2522 Blomenvenna‘.
1967 2467 2074 2520 huc

481 2562 815 2617 transcribo.
847 2562 1167 2632 Anonymus
1222 2561 1408 2630 itaque
1463 2575 1610 2612 num.
1645 2559 1678 2612 5
1707 2558 1786 2613 sic
1834 2558 2026 2612 scribit
2055 2575 2068 2611 :

488 2673 522 2705 ι.
545 2653 621 2708 Ea
653 2661 970 2721 tempestate
997 2659 1118 2706 erat
1163 2650 1235 2705 ibi
1289 2649 1546 2720 magister
1599 2647 1817 2712 Bruuo,
1854 2649 2074 2703 natione

483 2744 873 2807 Thcutonicus,
909 2745 974 2796 de
999 2743 1216 2796 civitate
1241 2739 1462 2796 Colonia
1486 2756 1591 2793 non
1618 2738 1866 2793 obscuris
1882 2753 2076 2808 paren-

493 2835 846 2899 tibus-natus,
877 2833 1135 2888 Ecclesiae
1168 2829 1450 2886 Bernensis
1479 2829 1774 2884 canonicos
1795 2839 1851 2883 et
1879 2829 2075 2882 ibidem

489 2925 799 2982 scholarum
847 2925 1106 2994 magister
1136 2923 1190 2977 in
1230 2922 1497 2992 theologia
1524 2962 1537 2985 ,
1570 2921 1662 2990 qui
1692 2921 2077 2991 suprascriptis

485 3016 711 3070 vocibus
729 3013 986 3086 (doctoris
1014 3012 1248 3078 scilicet,
1263 3027 1382 3066 sese
1408 3013 1746 3076 damnatum,
1773 3011 2075 3080 vociferati)

2169 563 2416 625 Accedit,
2453 560 2595 630 apud
2615 567 2942 627 anonymum
2986 549 3286 619 primorum
3322 544 3558 614 quinque
3603 544 3712 600 Car-

2172 655 2362 709 thnsia:
2422 653 2663 722 priorum
2715 648 3182 720 chronographum
3233 659 3328 699 seu
3387 641 3722 710 antiquiorem

2170 747 2341 800 sancti
2375 745 2546 800 nostri
2585 742 2964 811 biographum,
2995 738 3085 808 qui
3118 735 3337 807 majoris
3355 733 3555 802 utique,
3581 749 3724 802 quam

2168 838 2565 892 Blomenvenna
2615 835 2814 904 aliique
2853 831 3208 900 recentiores,
3259 826 3592 881 auctoritatis
3633 837 3726 890 est,

2168 932 2438 988 sociorum
2470 929 2757 992 duntaxat,
2801 943 2906 982 non
2938 933 3118 979 autem
3163 921 3330 976 etiam
3365 917 3725 988 discipulorum

2169 1025 2388 1079 nomine
2423 1023 2609 1077 venire
2639 1035 2754 1083 eos,
2803 1017 2870 1072 ad
2911 1031 3049 1086 quos
3077 1031 3108 1069 a
3144 1021 3338 1068 sancto
3382 1019 3501 1080 post
3526 1008 3725 1064 feralem

2167 1125 2419 1171 eventura
2468 1113 2768 1168 orationem
2823 1109 3067 1164 habitam
3124 1103 3397 1174 perhibet.
3444 1100 3518 1156 Ut
3547 1111 3602 1153 ut
3643 1101 3727 1164 sit,

2167 1184 2426 1276 quosdam
2465 1201 2715 1271 equidem
2750 1216 2816 1253 ex
2867 1199 2954 1259 iis,
2987 1210 3125 1267 quos
3167 1201 3390 1248 sanctus
3427 1190 3479 1244 in
3509 1205 3727 1244 eremum

2167 1312 2351 1351 secum
2425 1292 2700 1355 attraxit,
2749 1291 2867 1359 ejus
2927 1296 3053 1340 ante
3105 1284 3381 1340 exstitisse
3439 1280 3728 1348 discipulos,

2169 1388 2376 1454 hacque
2392 1382 2678 1437 occasione
2706 1377 2928 1442 factum,
2969 1384 3030 1429 ut
3058 1377 3139 1428 eis
3175 1372 3458 1428 secedendi
3485 1386 3656 1425 secum
3683 1373 3730 1424 in

2167 1490 2407 1531 eremum
2436 1471 2717 1527 consilium
2761 1465 3058 1538 inspirarit,
3105 1462 3252 1517 nullo
3296 1461 3455 1530 plane
3498 1475 3527 1512 e
3573 1461 3731 1528 capite

2167 1566 2295 1619 vero
2325 1569 2547 1634 apparet
2577 1557 2843 1617 absimile,
2862 1556 3094 1610 maxime
3118 1569 3239 1606 cum
3271 1549 3498 1612 lteriios,
3526 1547 3732 1600 docente

2169 1656 2365 1712 ibidem
2391 1654 2659 1713 Brimone,
2686 1649 2874 1717 ingens
2904 1647 3292 1712 undeqnaqiie,
3346 1653 3450 1692 non
3487 1636 3636 1688 modo
3662 1635 3730 1688 in.-

2171 1751 2510 1820 digenarum,
2538 1753 2624 1800 ast
2655 1744 2819 1797 etiam
2863 1749 3251 1794 extraneorum
3300 1730 3732 1798 alienigenarum-

2171 1815 2276 1910 qtie
2299 1835 2585 1890 multitudo
2627 1833 2841 1886 litteras
2891 1827 3133 1884 discendi
3166 1838 3298 1892 ergo
3326 1815 3658 1879 conﬂuxerit,
3685 1824 3735 1866 ut

2171 1946 2333 2000 supra
2367 1945 2516 1983 num.
2551 1927 2643 1980 ΠΙ
2679 1924 2862 1979 docui.

2240 2022 2366 2076 40L
2395 2018 2591 2072 Verum
2646 2015 2816 2086 quieri
2845 2013 2933 2068 hic
2971 2011 3084 2079 jam
3133 2016 3332 2078 potest,
3375 2002 3624 2057 Reinisne
3676 2014 3733 2049 an

2171 2113 2397 2169 Parisiis
2445 2112 2499 2164 in
2556 2107 2898 2163 solitudinem
2961 2110 3184 2156 sanctus
3238 2096 3467 2156 abierit,
3521 2092 3737 2156 iternqne

2173 2221 2280 2276 quo
2302 2217 2444 2256 anno
2469 2201 2519 2255 id
2545 2199 2754 2254 fecerit.
2789 2196 3216 2254 Bloinenvenna,
3253 2188 3528 2241 Puteanus
3557 2181 3736 2248 aliique

2176 2270 2528 2359 recentiores,
2554 2291 2645 2362 qui
2679 2291 2730 2343 in
2763 2289 2821 2341 S.
2846 2283 3118 2339 Brnnonis
3151 2281 3268 2335 Vita
3288 2319 3302 2342 ,
3330 2291 3490 2346 quam
3513 2288 3574 2326 ex
3600 2270 3735 2324 insti-

2177 2397 2290 2444 tuto
2312 2385 2664 2454 descripsere,
2718 2379 2888 2432 fuisse
2954 2377 3124 2436 hunc,
3171 2369 3397 2425 Parisiis
3449 2366 3735 2424 docentem,

2175 2478 2446 2534 horrendo
2489 2471 2716 2529 redivivi
2743 2467 2987 2538 prodigio
3013 2466 3064 2519 in
3094 2476 3337 2517 eremum
3388 2457 3595 2527 pulsum
3647 2464 3736 2504 ira-

2177 2573 2334 2634 dunt,
2391 2567 2612 2622 Parisiis
2671 2563 2835 2618 etiam
2895 2559 3068 2620 illiilli,
3122 2551 3438 2622 compositis
3489 2548 3663 2608 rebus,
3687 2557 3740 2596 eo

2177 2659 2490 2722 secessisse,
2518 2671 2624 2710 non
2669 2652 2901 2708 obscure
2951 2648 3209 2701 indicant.
3269 2640 3596 2696 ldemetiam
3631 2634 3738 2687 facit

2178 2753 2452 2822 antiquior
2476 2757 2661 2803 noster
2684 2742 3018 2816 biographus
3053 2753 3147 2792 seu
3174 2736 3474 2806 primorum
3522 2729 3741 2798 quinque

2177 2819 2482 2902 Cartliusiie
2533 2841 2773 2910 priorum
2823 2828 3314 2900 chronographiis,
3359 2822 3460 2877 etsi
3515 2819 3741 2880 interim,

2179 2937 2401 2992 Parisiis
2431 2934 2680 2988 docuisse
2738 2935 2981 2981 sanctum
3008 2964 3022 2988 ,
3071 2918 3346 2974 memoria:
3389 2930 3492 2968 non
3550 2910 3740 2980 proiat.

2182 3027 2257 3082 uti
2283 3026 2395 3096 jam
2420 3039 2544 3076 mox
2569 3018 2747 3074 docui.
2792 3016 2988 3069 Verum
3019 3019 3258 3072 sanctus,
3289 3021 3410 3060 cuni
3441 3004 3493 3056 in
3522 3013 3743 3054 eremum

489 3107 783 3165 salubriter
809 3109 1033 3164 territus
1081 3118 1246 3178 atque
1297 3114 1654 3178 compunctus
1685 3107 1954 3161 allocutus
1995 3114 2080 3161 est
2106 3145 2151 3206 ο
2181 3094 2425 3178 sccéssii,
2483 3111 2670 3165 Remis
2725 3105 3080 3165 versabatur,
3126 3098 3354 3169 pristino
3403 3094 3597 3148 ibidem
3643 3097 3744 3158 Ροδι

489 3203 750 3272 quosdam
781 3201 959 3257 socios
990 3202 1060 3255 ibi
1093 3209 1407 3270 pr.esentes,
1431 3220 1447 3250 ι
1477 3215 1572 3265 ac,
1602 3200 1829 3253 recitata
1862 3199 2076 3263 deinde,

489 3305 653 3360 quam
685 3291 752 3345 ad
786 3291 951 3345 hosce
989 3299 1211 3346 sanctus
1250 3290 1522 3354 habuerit,
1566 3289 1834 3352 oratione,
1871 3305 2016 3341 num.
2047 3289 2080 3346 8

491 3383 815 3454 subjungit:
863 3402 884 3434 ι
914 3383 1008 3437 llis
1050 3381 1134 3438 vel
1157 3383 1426 3438 similibus
1472 3382 1654 3436 verbis
1682 3393 1842 3449 atque
1864 3389 2082 3434 senten—

494 3477 589 3532 tiis
609 3484 830 3532 sanctus
857 3475 1040 3531 Bruno
1091 3475 1331 3545 seipsum
1355 3484 1410 3529 et
1431 3473 1692 3543 quosdam
1744 3471 1922 3526 socios
1949 3471 2082 3525 allo-

497 3585 676 3641 quens
735 3578 790 3625 et
837 3579 1091 3624 exortans
1143 3567 1581 3624 deliberavcrunt
1637 3568 1753 3636 ipse
1775 3575 1828 3620 et
1864 3581 1960 3621 sex
1990 3565 2082 3619 alii

497 3662 652 3733 probi
687 3660 792 3716 viri
847 3676 1031 3716 secum
1099 3661 1481 3716 abrenuntiare
1531 3657 1730 3720 mundo
1769 3665 1829 3714 et
1873 3657 2084 3728 pompis

509 3751 646 3822 ejus,
702 3759 758 3807 et
813 3751 882 3806 ad
934 3759 1252 3822 perpetuam
1300 3749 1674 3819 paenitentiam
1725 3747 2084 3818 peragendam

503 3843 675 3899 eremi
696 3843 910 3900 deserta
934 3842 1296 3916 competentia
1321 3857 1584 3911 quierere,
1606 3859 1624 3891 ι
1655 3848 1772 3895 etc.

492 3951 496 3960 ’
569 3953 694 4010 405.
722 3954 802 4009 En
847 3954 1026 4021 modo,
1068 3970 1190 4024 quae
1235 3953 1634 4008 Blomenvenua
1673 3957 2081 4006 commemoret.

505 4044 822 4100 «Territus.
856 4045 1043 4114 igitur,
1090 4044 1288 4113 inquit,
1335 4053 1391 4097 et
1435 4040 1730 4096 salubriter
1779 4037 1863 4108 (S.
1903 4038 2087 4092 Bruno

500 4135 782 4206 nimirum)
835 4145 1194 4204 compunctus
1221 4174 1236 4200 ,
1280 4133 1490 4188 vocatis
1533 4128 1810 4185 nonnullis
1859 4145 1926 4184 ex
1982 4129 2086 4183 sibi

500 4225 674 4297 magis
695 4225 1050 4284 familiaribus
1074 4225 1240 4281 sociis
1269 4234 1432 4294 atque
1458 4221 1756 4290 discipulis,
1784 4220 1924 4275 inter
1951 4233 2087 4290 quos

498 4326 660 4374 erant
697 4319 958 4388 magister
1005 4317 1356 4378 Lauduinus,
1391 4314 1483 4382 qui
1535 4322 1657 4380 post
1697 4325 1819 4365 eum
1878 4311 2088 4380 primus

501 4410 805 4465 Carthasim
830 4409 1129 4481 prioratum
1158 4406 1420 4474 suscepit,
1456 4404 1563 4458 duo
1606 4402 1890 4471 Stephani,
1947 4418 2088 4455 unus

2185 3209 2450 3265 Manassis
2484 3199 2878 3272 archiepiscopi
2915 3193 3286 3265 expulsionem
3329 3186 3492 3242 statui
3539 3183 3740 3238 restitu-

2187 3314 2291 3360 tus.
2327 3303 2400 3354 Ita
2426 3301 2622 3354 docent
2667 3311 2767 3349 nos
2796 3294 2848 3348 lii
2881 3291 2972 3360 qui
3018 3285 3392 3360 quoccclcsiie
3445 3274 3744 3335 cathedralis

2185 3391 2469 3449 Bernensis
2519 3385 2768 3443 canonici
2799 3391 2986 3438 sancto
3024 3370 3639 3448 parentarunt,titulum
3677 3364 3730 3418 fu-

2185 3487 2406 3541 nebrem
2441 3482 2580 3535 inter
2625 3474 2963 3532 recudendos
2985 3470 3074 3534 3‘2,
3115 3484 3180 3522 ex
3227 3473 3382 3535 parte
3411 3460 3742 3518 constituunt,

2155 3586 2478 3648 sequentes
2503 3575 2568 3628 de
2596 3573 2850 3625 Brunone
2897 3561 3191 3627 versiculi,
3249 3575 3398 3613 num.
3454 3555 3554 3610 154
3593 3551 3761 3614 adhuc,

2187 3669 2400 3726 recitati
2429 3686 2440 3720 :

2259 3764 2362 3830 Qui
2393 3777 2510 3815 cum
2537 3754 2840 3812 multimode
2879 3759 3056 3806 nostra
3077 3747 3290 3820 polleret
3319 3747 3372 3800 in
3408 3744 3554 3805 urbe,

2328 3855 2675 3921 Solameuque
2697 3849 2806 3904 suis
2831 3855 2987 3917 atque
3009 3844 3165 3897 decus
3188 3841 3356 3910 ﬁeret,

2260 3950 2492 4017 Cumque
2531 3944 2724 4013 faveret
2756 3942 2803 3994 ei
2823 3940 3036 4009 fortuna
3065 3951 3155 4002 per
3181 3933 3384 3998 omnia,
3412 3931 3626 4001 jamque

2331 4039 2490 4093 Hum:
2514 4035 2878 4107 prteferremus
2904 4029 3141 4084 omnibus
3185 4036 3232 4080 et
3268 4027 3484 4086 merito;

2261 4131 2505 4198 Namque
2533 4127 2784 4194 benignus
2805 4130 2915 4176 erat
2943 4119 3186 4189 omnique
3209 4117 3408 4187 peritus
3435 4115 3490 4168 in
3529 4123 3657 4176 arte,

2334 4216 2722 4284 Facundusque
2749 4211 2878 4265 satis
2900 4208 3196 4277 divitiisque
3217 4215 3432 4274 potens,

2263 4307 2456 4362 Omnia
2481 4302 2767 4374 postposuit
2800 4299 3030 4360 Christo,
3063 4297 3364 4365 nudumque
3389 4302 3596 4347 secutus

2333 4401 2620 4462 Christum,
2645 4412 2761 4450 cum
2793 4393 2970 4448 multis
3001 4389 3215 4458 suscipit
3247 4389 3384 4440 hunc
3405 4400 3627 4439 eramus.

507 4501 820 4572 Burgensis,
884 4500 1024 4554 alter
1081 4497 1336 4560 Diensis,
1391 4495 1552 4549 arrrbo
1601 4492 1852 4548 canonici
1903 4491 2090 4546 Sancti
2123 4493 2310 4549 DJam
2342 4504 2492 4555 vero,
2542 4502 2665 4543 eum
2725 4485 2827 4540 hoc
2883 4483 2955 4536 ita
2987 4480 3206 4543 habeat,
3264 4477 3570 4530 Brunonein
3618 4484 3751 4530 sane,

506 4590 820 4662 Buthﬂugo
841 4591 1029 4654 etiam,
1055 4602 1216 4658 quem
1243 4583 1588 4654 appellabant
1630 4581 1991 4662 capellanum,
2023 4595 2090 4635 eo

506 4681 823 4754 quedsolus
868 4697 936 4736 ex
973 4679 1053 4734 eis
1095 4675 1394 4732 sacerdotis
1441 4674 1618 4729 cilicio
1657 4660 2002 4744 fungeretur,
2037 4681 2092 4728 et

506 4777 612 4833 duo
635 4775 784 4840 laici,
807 4774 1054 4828 Andreas
1082 4769 1294 4826 scilicet
1343 4775 1400 4822 et
1441 4766 1735 4831 Guarinus,
1766 4766 1856 4834 qui
1900 4778 2091 4818 onrnes

507 4867 746 4941 priefatis
774 4863 1124 4922 liorrihilibus
1174 4861 1410 4916 defuncti
1446 4859 1773 4914 clamoribus
1825 4857 2088 4912 interfue-

507 4971 655 5025 rant,
676 4962 762 5016 liis
787 4959 866 5013 vel
895 4957 1162 5011 similibus
1189 4955 1364 5008 verbis
1387 4968 1480 5010 eos
1507 4951 1930 5022 lacrymabiliter
1959 4949 2091 5004 afla-

509 5063 596 5108 lus
616 5063 701 5107 est
744 5052 970 5104 dicens:
999 5047 1043 5100 Ο
1083 5045 1240 5099 amici
1267 5054 1320 5097 et
1361 5043 1592 5106 sodales,
1621 5051 1728 5096 etc.
1757 5061 1774 5092 ι
1811 5041 1934 5096 llaec
1980 5041 2088 5105 ille,

507 5145 770 5216 quosdam
801 5156 870 5194 ex.
919 5139 1006 5200 iis,
1067 5153 1203 5204 quos
1225 5136 1282 5189 S.
1326 5135 1505 5189 Brimo
1561 5142 1681 5203 post
1718 5133 1892 5186 visum
1939 5133 2091 5188 audi-

511 5246 736 5303 tumque
761 5228 1092 5286 horrendum
1133 5227 1434 5296 prodigium
1465 5225 1939 5280 vehementissima
1968 5239 2090 5278 ora-

509 5327 662 5381 tione
699 5321 864 5376 fuerit
891 5317 1104 5381 atratus,
1144 5318 1317 5372 sancti
1367 5317 1525 5386 hujus
1567 5316 1732 5370 fuisse
1772 5315 2088 5385 discipulos,

512 5430 622 5472 non
653 5413 886 5468 obscure
913 5408 1097 5476 utique
1131 5409 1351 5463 docens.
1399 5407 1599 5462 Verum
1630 5406 1710 5470 id,
1737 5406 1864 5458 dato
1901 5405 2090 5468 etiam,

511 5502 826 5564 horribilem
838 5499 1323 5556 doctorisdamnati
1347 5499 1626 5554 historiam
1647 5499 1719 5554 rei
1728 5513 1821 5567 psa
1837 5498 2093 5552 habuisse

512 5593 718 5656 locum,
745 5590 949 5646 idcirco
971 5591 1098 5644 mihi
1131 5605 1318 5658 parum
1346 5589 1657 5644 verosirnile
1682 5596 1924 5658 apparet,
1951 5587 2094 5656 quod

512 5681 926 5738 verosiinillime
973 5693 1212 5743 sanctus,
1267 5691 1324 5735 ut
1364 5681 1402 5752 §_
1431 5696 1523 5733 vni
1569 5678 1814 5741 ostendi,
1869 5693 1970 5731 nec
2029 5691 2094 5729 eo

515 5782 792 5845 tempore,
810 5788 918 5844 quo
969 5772 1247 5827 luctuosus
1293 5788 1451 5828 casus
1473 5770 1812 5832 contigisset,
1859 5785 1956 5822 nec
1995 5786 2092 5822 ιιιι-

2191 4588 2320 4642 dato
2367 4583 2562 4644 etiam,
2609 4593 2731 4633 eum
2775 4573 3040 4644 prodigio,
3069 4586 3177 4640 quo
3211 4569 3402 4622 doctor
3457 4579 3578 4619 sese
3623 4563 3752 4615 dani~

2193 4683 2376 4731 natum
2443 4669 2808 4731 denuntiaret,
2849 4662 3075 4718 Parisiis
3128 4668 3448 4727 praesentem
3509 4653 3753 4714 astitisse,

2193 4770 2427 4838 hincque
2457 4779 2577 4819 esse
2603 4761 2828 4824 factum,
2869 4767 2928 4810 ut
2957 4754 3153 4809 sarculo
3202 4751 3448 4806 nuntium
3482 4745 3752 4805 remiserit,

2194 4860 2246 4915 in
2269 4836 2510 4914 eremum
2539 4868 2678 4917 sese,
2705 4867 2809 4905 non
2842 4847 3086 4911 Parisiis,
3133 4845 3226 4899 sed
3262 4843 3468 4906 Remis,
3493 4856 3597 4909 quo
3623 4836 3749 4898 hinc,

2193 4949 2335 5002 [aeto
2355 4945 2468 5015 jam
2493 4942 2760 5012 prodigio,
2808 4954 2894 4992 res
2923 4953 3048 4991 suas
3075 4933 3472 5004 compositurus
3529 4925 3751 4985 redierit,

2193 5039 2509 5101 contulisse,
2563 5031 3063 5093 verosimilliinurn,
3123 5042 3191 5081 ne
3240 5025 3418 5079 dicam
3471 5018 3752 5080 indubium,

2191 5136 2432 5200 apparet.

2261 5198 2385 5273 305.
2403 5218 2579 5285 Atque
2603 5215 2705 5285 hoc
2719 5211 2934 5280 quidem
2959 5207 3190 5278 primum
3215 5211 3320 5270 est,
3351 5202 3495 5272 quod
3514 5198 3755 5256 deﬁnien-

2193 5313 2319 5364 dum
2356 5308 2444 5362 liic
2467 5314 2614 5368 erat;
2642 5305 2783 5373 quod
2821 5302 2929 5370 jam
2967 5301 3032 5354 :id
3058 5300 3374 5362 secundum,
3404 5314 3500 5352 seu
3541 5293 3608 5348 ad
3635 5303 3755 5345 tem-

2195 5416 2314 5469 pus,
2340 5413 2446 5466 qno
2483 5403 2702 5449 sanctus
2731 5408 2995 5454 eremum,
3048 5389 3245 5444 saeculo
3271 5389 3478 5451 relicto,
3535 5381 3754 5456 petierit,

2195 5489 2430 5560 pertinet
2454 5486 2504 5538 in
2530 5483 2782 5553 opinione
2802 5496 3010 5546 eorum,
3034 5480 3122 5547 qui
3148 5495 3244 5546 pro
3267 5479 3511 5531 luctuosa
3537 5471 3753 5531 doctoris

2197 5578 2433 5633 damnati
2475 5573 2697 5628 historia
2728 5573 2988 5641 pulsoque
3033 5571 3162 5624 hinc
3209 5570 3259 5622 in
3288 5584 3531 5623 eremum
3555 5568 3608 5621 S.
3635 5565 3755 5616 Bru-

2197 5685 2336 5724 nonc
2364 5676 2531 5732 stant,
2554 5666 2606 5720 id
2630 5673 2776 5720 certe
2798 5674 2922 5718 ante
2950 5680 3148 5717 annum
3169 5661 3304 5717 1082
3328 5661 3546 5715 circiter
3575 5659 3755 5712 factum

2200 5781 2303 5820 non
2335 5777 2489 5837 esse,
2515 5774 2734 5814 necesse
2757 5768 2856 5823 est,
2890 5773 3012 5811 cum
3057 5755 3160 5809 hoc
3207 5754 3426 5809 circiter
3446 5769 3585 5806 anno
3611 5743 3756 5803 ferale
