3896 6312
149 344 244 420 ut

1657 357 1858 415 ACTA.

3263 366 3372 422 2M

150 481 480 554 spectaculum
527 479 787 535 evenisse
838 477 1070 534 unanimi
1107 490 1375 532 consensu
1431 473 1694 560 scribant,
1725 482 1772 537 Α
1800 472 1996 541 seipso,
2046 471 2136 541 qui
2183 470 2236 526 id
2267 471 2469 554 pariter
2507 472 2714 539 fecerit,
2765 473 2980 531 indubie
3021 477 3280 547 loquitur,
3315 487 3372 536 ut

153 576 219 628 uti
245 582 346 626 tres
375 571 619 626 diversas
657 572 839 626 sancti
890 570 1056 625 nostri
1106 569 1276 634 Vitas,
1309 568 1698 622 commentario

149 663 327 719 buicex
347 659 504 715 dictis
535 661 870 728 subdendas,
895 661 1193 730 iuspicienti
1215 667 1471 729 patescct.
1502 657 1698 712 Verum

148 766 254 808 cum
289 749 466 804 feralis
491 750 728 805 historia
760 761 909 808 certa
938 765 1003 807 ex
1045 765 1204 820 supra
1234 751 1394 805 dictis
1448 764 1554 804 non
1602 750 1696 814 sit,

147 842 348 908 aliavia,
377 856 483 912 qua
512 842 601 896 vel
647 857 898 898 secessus
943 840 1000 896 S.
1031 841 1296 896 Brunonis
1347 841 1401 895 in
1455 855 1696 894 eremum

148 935 348 1005 epocha,
377 933 460 986 vel
490 934 658 987 etiam
697 935 960 988 duntaxat
993 943 1221 1002 tempus,
1254 941 1377 986 ante
1400 931 1542 1000 quod
1581 931 1699 985 h:cc

145 1028 218 1098 figi
269 1025 404 1080 haud
452 1034 661 1092 queat,
705 1026 872 1080 tutius
918 1025 1224 1093 certiusque
1265 1024 1694 1088 determinetur,

147 1115 420 1170 necessario
451 1114 690 1168 ineunda
746 1123 850 1168 est.
903 1114 1132 1167 Sanctus
1196 1123 1400 1178 noster,
1439 1112 1514 1166 uti
1554 1111 1694 1165 dicta

105 1230 108 1232 -
143 1206 272 1277 §vm
298 1201 676 1270 manifesta-nt,
711 1202 766 1257 in
797 1202 1082 1272 pristinum
1121 1202 1307 1257 Remis
1345 1208 1544 1255 statum
1571 1207 1696 1253 ante

142 1311 315 1351 annum
339 1295 468 1350 1081
505 1295 796 1349 restitutus
827 1309 930 1349 non
955 1293 1075 1362 fuit,
1105 1309 1167 1347 ac
1198 1293 1440 1363 proinde,
1468 1307 1590 1345 cum
1628 1305 1695 1344 ex

143 1384 416 1440 moxdictis
451 1399 565 1437 non
629 1385 781 1452 prius
840 1386 892 1437 iu
947 1399 1210 1448 ereumm,
1257 1398 1418 1452 quam
1463 1396 1584 1436 cum
1641 1381 1694 1434 id

141 1477 312 1529 factm
334 1473 548 1540 fuisset,
573 1489 698 1528 sese
726 1473 1010 1543 receperit,
1042 1473 1439 1528 consectarium
1476 1473 1694 1527 omnino

139 1573 225 1633 est,
253 1575 308 1618 ut
348 1564 452 1617 hoc
499 1577 837 1634 postremum
869 1573 996 1617 ante
1047 1565 1293 1618 eumdem
1331 1578 1531 1616 annum
1559 1561 1688 1616 1081

140 1671 229 1712 non
272 1654 490 1718 fecerit;
545 1663 610 1708 ut
657 1655 885 1723 proinde
913 1669 942 1707 a
985 1668 1115 1708 vero
1161 1653 1378 1707 deviare
1411 1653 1695 1707 videantur

141 1746 362 1801 Historia:
407 1745 696 1800 litterariae
731 1745 970 1799 Francia:
999 1746 1327 1814 scriptores,
1361 1745 1488 1798 dum
1535 1741 1693 1810 hujus

138 1838 290 1904 operis
330 1837 410 1888 sui
442 1845 584 1889 tom.
613 1835 706 1901 ιχ,
757 1850 878 1904 pag.
912 1834 1036 1902 256,
1068 1835 1336 1889 Brunonis
1361 1835 1413 1889 in
1449 1849 1690 1890 eremum

139 1942 377 1980 set-essum
409 1927 490 1978 vel
526 1941 677 1980 anno
713 1928 847 1981 1078
878 1929 955 1980 vel
979 1936 1125 1980 certe
1155 1936 1302 1990 tunc,
1328 1942 1450 1980 cum
1475 1926 1688 1980 Manaso

137 2031 209 2073 ses
243 2026 626 2073 exauctoratus
685 2017 969 2073 Remensis
1025 2019 1462 2088 archiepiscopus
1523 2018 1689 2072 armis

139 2109 222 2164 sibi
277 2123 523 2163 asserere
583 2109 730 2164 male
781 2109 1106 2178 acqttisitttm
1166 2110 1688 2180 archiepiscopatum

137 2207 414 2263 conaretur,
470 2211 571 2252 seu
623 2213 768 2253 anno
830 2199 968 2254 1080
1033 2199 1346 2270 contigisse,
1401 2198 1687 2256 allirmant.

139 2290 227 2342 nec
242 2301 440 2341 tantum
463 2290 676 2342 laudati
701 2291 993 2358 scriptores
1012 2293 1184 2345 sancti
1215 2291 1384 2346 nostri
1415 2291 1469 2346 in
1500 2291 1688 2346 solitu-

136 2381 288 2437 dinem
301 2397 586 2438 secessum
621 2384 740 2439 loco
759 2385 924 2440 citato
949 2385 1171 2438 nimium
1189 2392 1482 2452 maturant,
1502 2399 1688 2440 verum

137 2473 272 2526 etiam
322 2474 525 2541 socios,
581 2477 673 2544 qui
723 2491 844 2530 eum
892 2476 959 2530 ad
1013 2476 1150 2530 hanc
1176 2476 1418 2531 comitati
1465 2485 1613 2543 sunt,
1661 2493 1690 2531 e

137 2563 262 2619 clero
313 2564 601 2630 Remensi,
646 2567 799 2638 cujus
836 2582 900 2620 an
947 2581 1132 2622 eorum
1183 2567 1323 2622 ullus
1374 2567 1566 2634 fuerit,
1608 2576 1690 2621 est

136 2655 346 2722 dubium,
401 2658 693 2713 exstitisse
743 2669 1076 2713 asseverant.
1131 2659 1230 2715 Ast
1276 2661 1343 2713 de
1400 2661 1501 2715 hoc
1551 2661 1688 2714 infra

137 2747 380 2813 tractabo;
411 2763 564 2802 nunc
595 2750 648 2802 in
677 2760 904 2816 tempus,
940 2763 1046 2819 quo
1073 2750 1242 2804 sancti
1269 2750 1320 2803 in
1345 2749 1688 2805 sol'tudinem

135 2849 346 2892 secessus
367 2839 660 2906 acciderit,
687 2848 809 2894 ante
825 2841 1004 2894 omnia
1025 2840 1423 2908 inquirendum.
1449 2841 1689 2911 Scripto—

136 2939 206 2980 res
229 2928 462 2996 proxime
486 2927 720 2994 laudati,
753 2929 844 2998 qui
878 2929 1039 2996 imuc,
1073 2939 1131 2982 ut
1153 2929 1265 2998 jam
1311 2928 1537 2995 dictum,
1567 2945 1690 2982 cum

136 3017 418 3073 1111101080
445 3027 546 3073 aut
586 3020 752 3073 etiam
796 3034 919 3073 cum
973 3035 1115 3073 anno
1153 3019 1284 3073 l0't'8
1333 3029 1687 3089 componunt,

135 3106 288 3164 facere
338 3109 392 3164 id
445 3111 728 3177 videntur,
805 3111 946 3180 quod
989 3111 1162 3165 sancti
1210 3125 1332 3165 cum
1410 3111 1690 3178 ltadulpho

135 3197 277 3252 Viridi
300 3210 352 3254 et
383 3199 586 3255 Fulcio
625 3199 908 3255 Monoeulo
951 3201 1016 3255 de
1065 3199 1214 3254 falsis
1250 3201 1430 3255 mundi
1458 3201 1688 3255 delecta-

139 3290 340 3346 tionibus
363 3303 752 3362 :eternumqne
803 3295 1081 3348 duratnris
1109 3292 1229 3346 cmli
1270 3293 1478 3363 gaudiis
1527 3293 1690 3349 colla—

137 3381 326 3447 tionem,
349 3387 414 3436 de
442 3399 557 3452 qua
589 3384 702 3455 jam
724 3399 887 3454 supra
912 3385 1026 3440 fuse
1051 3397 1250 3452 actmn,
1306 3401 1446 3440 anno
1473 3385 1691 3440 circiter

141 3473 251 3527 1077
279 3477 543 3532 accidisse
600 3486 860 3540 statuant,
919 3478 1334 3546 Brunonemque
1379 3476 1558 3540 simul,
1599 3478 1688 3546 qui

138 3582 222 3620 una
249 3582 363 3622 cum
385 3569 544 3624 hisce
579 3569 776 3623 saeculo
802 3569 1165 3636 renuutiandi,
1204 3569 1690 3637 monachicumque

138 3657 346 3713 habitum
393 3660 715 3714 assumendi
766 3669 948 3714 votum
1004 3669 1113 3714 tum
1145 3660 1420 3725 emiserat,
1487 3660 1595 3714 Deo
1637 3657 1689 3714 id

135 3750 383 3805 exsolvere.
432 3751 586 3805 haud
636 3751 727 3804 diu
778 3751 1087 3817 distulisse,
1152 3752 1539 3806 existimarint.
1595 3752 1691 3804 Ast

138 3849 291 3894 totum
320 3856 440 3897 sese
470 3859 584 3897 non
614 3844 797 3898 statim
841 3844 1144 3912 implevisse
1165 3884 1180 3908 ,
1213 3844 1442 3912 ipsemet
1470 3851 1689 3897 sanctus

137 3929 179 3979 in
202 3930 412 3998 epistola
450 3947 618 4001 supra
661 3934 782 4002 plus
804 3934 970 3987 semel
999 3934 1234 3998 laudata,
1266 3949 1371 4003 qua
1419 3934 1485 3987 ad
1534 3934 1690 4005 hujus

136 4021 498 4077 exsolutionem
541 4024 882 4093 Radulphum
915 4024 1150 4079 Virident
1180 4025 1423 4080 hortatus
1447 4035 1550 4091 est,
1585 4042 1688 4080 non

134 4110 334 4167 obscure
359 4114 590 4168 indicat.

190 4201 299 4255 106.
349 4203 404 4257 ln
466 4205 572 4259 hac
625 4206 767 4260 enim
822 4207 887 4260 ad
939 4207 1277 4277 llodulphum
1328 4209 1406 4264 sic
1454 4210 1685 4265 scribit:

140 4307 156 4339 1
182 4289 562 4349 Rcminiscitur
586 4297 784 4366 quippe
823 4297 1040 4353 dilectio
1091 4308 1180 4352 tua
1228 4300 1391 4368 quod,
1440 4315 1561 4354 cum
1591 4315 1690 4369 ego

137 4389 180 4433 et
203 4391 249 4435 tu
273 4394 326 4438 et
358 4384 587 4440 Fulcius
617 4386 925 4444 Monoculus
945 4389 1178 4458 quadam
1203 4391 1288 4444 die
1311 4391 1470 4445 simul
1499 4391 1690 4447 fuisse-

1802 561 2028 634 proinde
2079 546 2522 632 promptitudine,
2583 578 2747 632 quam
2790 564 2973 622 Bruno
3007 568 3074 621 ad
3097 546 3205 622 voti
3237 546 3376 624 obli-

1799 650 2069 721 gationem
2118 651 2495 707 exsolvendam
2549 653 2809 717 attulerit,
2857 653 3062 709 laudati
3123 655 3379 714 Historia)

1800 740 2042 795 Francia:
2071 741 2367 812 scriptores
2396 743 2600 798 moveri
2629 758 2735 798 non
2766 744 3071 813 debuerint,
3096 755 3153 802 ut
3174 749 3293 818 ejus
3315 749 3375 805 in

1798 843 2038 884 eremum
2077 831 2379 886 discessum
2435 832 2521 888 vel
2569 833 2692 902 ipsi,
2742 848 2850 902 quo
2895 844 3078 890 votum
3129 845 3376 892 statuunt

1797 920 2094 984 emissum,
2159 936 2303 976 anno
2349 921 2487 977 1078
2534 924 2835 993 alligarent,
2891 934 2985 979 aut
3037 935 3185 981 certe
3230 927 3376 981 ultra

1797 1023 1996 1063 annum
2035 1009 2174 1065 1080
2197 1025 2300 1066 11011
2329 1011 2628 1067 differrent.
2661 1013 2770 1068 Nec
2795 1023 2878 1069 est
2914 1016 3078 1070 etiam
3111 1031 3210 1071 cur
3249 1018 3375 1086 quis

1795 1099 1866 1154 ob
1911 1098 2156 1156 Guiberti
2204 1101 2418 1156 abbatis
2468 1101 2810 1173 Novigentiui
2869 1120 3030 1178 supra
3073 1107 3376 1178 saepissime

1790 1190 1902 1260 jam
1921 1192 2120 1246 laudati
2142 1194 2520 1249 auctoritatem
2557 1196 2730 1250 sancti
2761 1198 2928 1251 nostri
2949 1199 2999 1252 in
3023 1198 3373 1253 solitudinem

1798 1297 2067 1337 secessum
2122 1293 2250 1338 ante
2299 1301 2498 1340 annum
2548 1287 2679 1340 1081
2745 1288 3036 1360 contigisse
3080 1289 3374 1344 existimet.

1798 1371 1999 1426 Scribit
2050 1375 2264 1442 quidem
2327 1375 2418 1428 hic
2469 1377 2704 1446 scriptor
2756 1377 2849 1432 lib.
2892 1395 2908 1432 1
2957 1379 3022 1435 de
3071 1380 3195 1434 Vita
3241 1394 3372 1443 sua,

1795 1478 1916 1534 cap.
1941 1465 2000 1518 1|
2035 1481 2048 1516 :
2081 1483 2118 1528 r
2149 1463 2314 1532 llnjus
2357 1479 2487 1536 ergo
2514 1467 2798 1538 (illanassis
2843 1469 3126 1536 ltemensis
3182 1470 3370 1524 archi-

1794 1557 2029 1626 episcopi
2061 1556 2382 1627 Simoniaci)
2409 1575 2588 1614 mores
2626 1577 2846 1630 prorsus
2879 1562 3150 1632 improbos
3174 1575 3227 1617 et
3255 1572 3372 1616 stu-

1794 1649 2106 1718 pidissimos
2164 1649 2382 1704 habitus
2405 1665 2526 1704 cum
2557 1653 2735 1708 o’nmis
2788 1654 3048 1711 honestus
3104 1657 3373 1721 horreret,

1795 1741 1973 1795 Bruno
1997 1741 2049 1793 in
2085 1740 2341 1795 Ecclesiis
2377 1751 2504 1796 tunc
2542 1742 2728 1797 Galliae
2781 1746 3208 1815 opinatissimus,
3250 1760 3376 1800 cum

1727 1821 1914 1885 Baliis
1960 1831 2284 1901 quihusdam
2334 1831 2680 1887 Remensium
2739 1833 3058 1888 clericorum
3105 1836 3374 1890 nobilibus

1793 1925 2012 1979 infamis
2051 1925 2193 1980 illius
2229 1925 2354 1980 odio
2419 1925 2654 1980 excessit
2706 1927 2773 1981 ab
2795 1929 2928 1981 urbe
2985 1927 3264 1992 Hennensi,
3308 1945 3372 1982 ac

1791 2018 2005 2082 deinde,
2039 2017 2311 2072 nonnullis
2339 2017 2692 2086 interpositis,
2719 2016 3015 2087 subjungit.
3069 2020 3137 2072 At
3173 2019 3372 2078 Brnuo.

1793 2109 1923 2163 urbe
1955 2109 2232 2177 (liemensi
2263 2109 2491 2180 scilicet)
2525 2110 2760 2172 deserta,
2793 2110 2994 2163 saeculo
3016 2109 3179 2162 etiam
3210 2110 3371 2163 abre-

1793 2201 2044 2254 nuntiare
2064 2200 2334 2270 proponit,
2361 2201 2449 2270 qui
2482 2215 2707 2253 suorum
2763 2199 2983 2254 notitias
3030 2199 3262 2255 horrens
3308 2199 3377 2251 ad

1791 2288 2344 2360 Gratianopolitanum
2363 2291 2625 2359 processit
2650 2290 3004 2345 territorium.
3031 2288 3108 2343 ibi
3133 2291 3186 2343 in
3208 2291 3378 2343 arduo

1791 2388 1846 2432 et
1865 2379 2160 2433 admodum
2193 2379 2419 2434 terribiii
2446 2379 2921 2448 promontorio,ad
2948 2380 3092 2448 quod
3119 2378 3376 2432 (1111ὶοήίιὶ-

1793 2483 1937 2523 11111111
1965 2478 2020 2525 et
2057 2469 2213 2524 valde
2247 2469 2485 2524 insolens
2513 2470 2614 2522 iter
2642 2469 2964 2531 intenditur;
2997 2470 3098 2522 sub
3121 2483 3186 2523 eo
3213 2469 3382 2522 etiam

1791 2563 2229 2634 praeruptissimat
2267 2562 2422 2616 vallis
2459 2575 2658 2628 vorago
2689 2561 2942 2622 dehiscit,
2965 2560 3217 2615 habitare
3244 2560 3382 2614 deli-

1792 2669 1942 2720 gens,
1994 2652 2299 2721 hujusmodi
2342 2666 2520 2706 mores
2569 2651 2819 2716 instituit,
2883 2660 2938 2705 et
2976 2665 3234 2720 sequaces
3263 2649 3380 2719 ejus

1793 2745 2055 2812 hodieque
2077 2745 2156 2798 sic
2185 2743 2391 2797 vivunt.
2431 2763 2450 2793 1

1861 2832 1986 2887 407.
2020 2832 2239 2899 Verum,
2267 2834 2368 2887 etsi
2398 2833 2444 2888 is
2465 2833 2720 2902 scriptor,
2748 2832 2822 2887 ttti
2857 2847 2922 2887 ex
2966 2831 3112 2886 illius
3141 2831 3378 2899 hucjam

1795 2923 2133 2993 transcriptis
2189 2924 2368 2979 verbis
2417 2923 2603 2993 liquet,
2665 2926 2835 2981 sancti
2881 2927 3052 2982 nostri
3111 2942 3179 2981 ex
3244 2926 3379 2980 urbe

1793 3012 2044 3067 Remensi
2075 3013 2338 3067 discessui
2388 3027 2664 3067 secessum
2714 3016 2768 3069 in
2809 3015 3113 3071 Carthusiat
3135 3028 3379 3072 erem‘um

1793 3103 2100 3172 subjungat,
2133 3103 2278 3158 hunc
2300 3114 2478 3157 tamen
2509 3103 2652 3158 inter
2685 3113 2741 3159 et
2788 3104 2938 3159 illum
2983 3106 3189 3161 nullttm
3221 3106 3381 3175 ptaue

1793 3200 1886 3247 aut
1916 3192 2268 3262 perexiguum
2319 3193 2582 3246 duntaxat
2612 3193 2872 3264 temporis
2921 3195 3154 3265 spatium
3203 3196 3376 3250 inter-

1791 3284 2047 3349 cessisse,
2067 3297 2162 3338 seu
2194 3283 2525 3348 Brunonem,
2580 3286 2766 3340 statim
2815 3293 2980 3355 atque
3006 3287 3076 3341 ob
3101 3287 3378 3357 improbos

1793 3374 2056 3429 Manassis
2105 3389 2284 3430 mores
2344 3375 2478 3430 urbe
2505 3374 2759 3431 Remensi
2805 3387 3135 3444 excesserat,
3168 3379 3220 3432 in
3252 3394 3380 3433 ere--=

1793 3481 1939 3520 nium
1966 3465 2186 3531 abiisse,
2226 3479 2333 3520 non
2359 3465 2546 3532 edicit,
2578 3479 2698 3529 nec,
2725 3466 2874 3521 salva
2888 3469 3138 3534 veritate,
3161 3470 3379 3524 edicere

1793 3555 1846 3608 id
1878 3555 2073 3624 potuit,
2102 3554 2182 3608 uti
2225 3567 2292 3608 ex
2338 3567 2501 3622 supra
2527 3555 2687 3610 dictis
2720 3563 2831 3610 tum
2860 3555 2928 3612 de
2977 3564 3239 3627 tempore.
3270 3572 3379 3630 quo

1793 3653 2014 3701 sanctus
2045 3660 2112 3699 ex
2135 3643 2268 3699 urbe
2294 3644 2546 3700 Remensi
2575 3645 2728 3713 abiit,
2777 3655 2892 3700 turn
2917 3647 2982 3703 de
3031 3649 3214 3714 rebus,
3240 3664 3380 3718 quas

1791 3736 1985 3791 deinde
2010 3735 2197 3807 gessit,
2237 3750 2470 3804 pronum
2491 3744 2575 3791 est
2604 3750 2816 3792 eruere.
2857 3737 2928 3793 At
2961 3753 3111 3806 vero,
3143 3739 3376 3810 inquies,

1792 3825 1998 3881 nihilne
2027 3827 2193 3880 etiam
2237 3825 2381 3880 aliud
2416 3825 2730 3892 Guibertus,
2759 3827 2900 3882 unde
2941 3830 3115 3884 sancti
3158 3830 3212 3882 in
3255 3847 3380 3885 ere.-

1793 3932 1938 3971 mum
1963 3931 2210 3971 secessus
2242 3925 2453 3986 tempus
2496 3924 2770 3986 utcunque
2801 3918 3152 3973 determinari
3181 3923 3373 3989 possit.

1794 4006 2140 4076 suppeditat?
2169 4006 2430 4061 Recitatis
2457 4008 2702 4077 proxime
2725 4007 2866 4063 binis
2895 4009 3129 4065 testibus
3151 4026 3378 4081 sequen-

1795 4099 1866 4152 tia
1889 4099 2048 4154 verba
2077 4099 2388 4154 interserit:
2423 4118 2442 4149 ‹
2471 4098 2643 4167 Quem
2667 4099 3012 4172 (Manassem)
3030 4105 3374 4172 postmodum

1794 4205 2066 4259 proceres,
2099 4192 2278 4246 clerus
2308 4201 2470 4262 atque
2511 4192 2833 4263 Burgenses,
2867 4209 2988 4248 cum
3027 4197 3094 4250 ab
3129 4195 3373 4264 liugone,

1793 4283 1882 4352 qui
1935 4283 2144 4338 Diensis
2193 4285 2662 4356 agnominabatur,
2727 4285 3138 4357 archiepiscopo
3159 4287 3375 4358 Lugdu-

1796 4378 1968 4444 nensi,
1995 4377 2300 4446 apostolicae
2319 4379 2462 4432 sedis
2492 4378 2687 4447 legato,
2722 4379 2840 4432 viro
2881 4378 2935 4432 in
2972 4379 3179 4435 faenore
3207 4380 3374 4448 justi-

135 4486 236 4527 mus
305 4474 358 4529 in
408 4476 634 4531 ιιοι-ιιιιο
683 4477 950 4544 adjacent;
994 4481 1174 4535 domui
1215 4483 1360 4546 Mm,
1413 4483 1504 4538 ubi
1562 4493 1689 4540 "mc
1724 4492 1766 4546 υ
1797 4467 1880 4520 tiae
1911 4467 2228 4532 clarissimo,
2259 4468 2592 4521 creberrimo
2617 4467 2968 4521 anathemate
3011 4467 3281 4534 feriretur,
3321 4480 3377 4526 et

136 4561 444 4631 hospitahar,
500 4568 578 4622 de
633 4567 784 4623 falsis
837 4569 1288 4626 oblectationibus
1325 4581 1378 4628 et
1436 4575 1690 4642 perituris

136 4657 292 4709 mundi
337 4659 502 4727 hujus
549 4659 770 4728 divitiis,
806 4676 906 4716 nec
938 4677 1046 4716 non
1098 4663 1164 4716 de
1211 4664 1460 4731 perennis
1508 4665 1690 4734 gloria!

135 4744 319 4809 gaudiis
360 4746 700 4815 aliquandiu,
753 4759 812 4801 ut.
858 4750 1071 4819 opinor,
1129 4760 1505 4817 tractaremus,
1551 4754 1689 4806 unde

135 4830 291 4888 divino
343 4851 537 4891 amore
589 4837 855 4894 ferventes
908 4840 1257 4909 promisimus
1330 4857 1392 4896 ac
1447 4845 1689 4897 vovimus

135 4923 330 4992 Spiritui
371 4937 568 4982 sancto
627 4930 678 4983 in
722 4931 967 4998 proximo
1018 4931 1238 4999 fugitiva
1292 4934 1470 5007 szeculi
1522 4935 1687 4988 relin-

135 5029 279 5081 quere
296 5027 349 5071 et
371 5028 582 5072 arte-run
613 5032 850 5088 captare,
878 5035 977 5076 nec
1005 5037 1109 5076 non
1141 5023 1512 5077 monachicum
1533 5025 1686 5077 habi-

137 5110 231 5160 ltm
261 5109 534 5177 recipere;
591 5112 734 5178 quod
773 5112 911 5165 etin
964 5112 1144 5166 vicino
1200 5125 1478 5181 peractum
1522 5125 1686 5179 esset,

136 5195 221 5248 nisi
250 5206 374 5253 tunc
397 5197 621 5254 Fuicius
645 5200 866 5254 Romam
897 5201 1140 5269 abiissct,
1172 5204 1237 5256 ad
1276 5203 1426 5269 cujus
1455 5205 1686 5258 reditum

135 5287 421 5356 peragenda
464 5289 797 5353 distulimus,
830 5305 938 5357 quo
965 5305 1172 5343 moram
1201 5291 1434 5346 faciente
1465 5293 1688 5361 aliisque

137 5367 600 5430 intervenientibus
643 5378 865 5444 causis,
924 5379 1142 5433 divinus
1203 5397 1355 5434 amor
1431 5383 1684 5451 elanguit,

137 5463 359 5532 refriguit
410 5468 644 5534 animus,
683 5469 968 5538 fervorqtte
1019 5473 1254 5526 evanuit.
1295 5495 1310 5524 1
1351 5475 1424 5528 ita
1470 5484 1688 5528 sanctus

138 5565 320 5620 noster,
345 5559 438 5626 qui
467 5575 620 5625 sane,
646 5569 830 5629 utpote
882 5562 933 5615 in
964 5563 1155 5632 plurali
1209 5579 1433 5617 numero
1482 5565 1681 5623 (liCt'tts,

138 5647 422 5714 peragenda
447 5650 776 5716 distulimus,
807 5667 910 5706 non
939 5653 1112 5707 solum
1157 5655 1220 5708 de
1268 5655 1567 5722 liadulpho,
1597 5657 1683 5723 q'ui

139 5731 233 5784 Voti
259 5735 444 5791 emissi
489 5739 885 5796 exsolutionem
947 5742 1238 5806 distulerit,
1296 5743 1576 5797 sealctiam
1622 5745 1684 5798 de

1795 4559 1884 4612 ille
1938 4573 2098 4610 manu
2153 4557 2369 4609 militari
2417 4557 2698 4611 thesauros
2770 4557 3014 4612 ecclesicc
3077 4559 3376 4631 dilapidare

1795 4650 2084 4713 niteretur,
2115 4663 2144 4701 a
2171 4648 2319 4714 sede,
2343 4663 2502 4716 quam
2534 4647 2672 4702 male
2699 4648 3007 4716 obsederat,
3030 4652 3373 4720 pepulerunt,-

1792 4749 1840 4792 et
1874 4739 2040 4793 exilio
2097 4738 2366 4808 relegatus
2396 4745 2622 4801 aeterno,
2674 4753 2794 4792 cum
2822 4753 2878 4792 se
2905 4739 2970 4792 ad
3001 4742 3372 4795 excommuni-

1792 4841 1971 4885 catum
1995 4841 2124 4884 tunc
2173 4829 2432 4898 temporis
2479 4827 2790 4884 llcinricum
2829 4831 3208 4901 imperatorem
3256 4833 3372 4904 ipse

1793 4925 1956 4978 etiam
2012 4924 2519 4978 excommunicalus
2586 4923 2920 4988 contulisset,
2987 4926 3089 4979 hac
3140 4925 3373 4995 illucque

1793 5017 2074 5078 oberrans,
2101 5015 2217 5068 sine
2242 5017 2620 5070 communione
2670 5026 2945 5085 postremo
2967 5016 3272 5085 defungitur
3299 5036 3311 5082 ;
3346 5040 3363 5068 1

1793 5121 1912 5161 cum
1942 5117 2120 5160 autem
2148 5107 2380 5176 scriptor
2430 5108 2519 5162 ille
2558 5109 2671 5164 haec
2706 5109 2913 5174 verbis,
2953 5125 3072 5179 qua:
3125 5120 3180 5163 ct
3230 5110 3371 5163 binis

1792 5197 1907 5264 ejus
1957 5212 2104 5249 num.
2169 5197 2494 5264 prmcedenti
2552 5199 2655 5253 huc
2721 5200 3059 5268 transcriptis
3135 5200 3370 5256 testibus

1795 5287 2064 5356 posterior
2093 5286 2339 5352 includit,
2391 5289 2634 5357 proxime
2665 5293 2978 5360 praemittat,
3011 5291 3271 5346 Manassis
3301 5285 3376 5343 011]

1795 5381 1925 5433 urbe
1966 5379 2199 5448 sedeque
2232 5378 2483 5434 Remensi
2516 5383 2814 5451 expulsioni
2866 5383 3038 5438 sancti
3087 5381 3260 5438 nostri
3315 5371 3372 5434 an

1791 5483 2026 5522 eremum
2075 5483 2346 5522 secessum
2391 5472 2684 5538 postponit,
2724 5474 2955 5542 hincque
3003 5473 3117 5526 fieri
3168 5476 3363 5540 potest,

1793 5567 1849 5610 ttt
1879 5557 2001 5611 huic
2027 5557 2167 5609 illam
2194 5558 2485 5626 prmivisse,
2527 5559 2816 5614 Guiberttts
2847 5561 3084 5614 indicare
3133 5576 3238 5614 11011
3275 5575 3366 5612 110-

1795 5649 1920 5701 mini
1967 5649 2228 5712 videatur,
2263 5665 2323 5703 ac
2353 5652 2532 5718 proin.
2587 5653 2627 5704 si
2683 5653 2944 5720 scriptore
2983 5651 3086 5706 hoc
3115 5650 3368 5712 standum

1797 5745 1885 5806 sit,
1925 5743 1978 5795 S.
2037 5742 2215 5796 Bruno
2259 5753 2383 5796 ante
2431 5759 2630 5794 annum
2665 5743 2812 5808 1081,
2845 5753 3024 5812 utpote
3060 5755 3184 5800 ante
3207 5721 3370 5814 quem,

3885 4275 3887 4354 ι

3885 4357 3887 4480 4

3885 4751 3887 4816 1
