3896 6312
511 340 615 405 267

1301 343 1357 395 Ξ.
1403 340 1742 397 BRUNONIS
1778 332 2417 392 (lARTlllTSIANOl’tUM
2458 331 2937 388 INSTITUTORIS

3650 328 3742 393 $68

501 473 576 516 ex
608 457 740 513 urbe
784 457 1021 527 sedeque
1087 457 1339 512 Remensi
1395 457 1694 513 Manassem
1746 452 1942 525 expelli
1979 466 2084 504 non
2119 457 2158 508 Α
2189 448 2388 517 dulpho
2412 448 2578 503 Viridi
2609 456 2663 501 et
2699 446 2887 501 Fulcio
2910 444 3189 502 Monoculo
3222 444 3562 499 collationem
3607 445 3740 499 emis-

509 549 819 615 contigerit,
889 550 943 603 in
997 562 1237 604 eremum
1287 563 1392 602 non
1462 547 1678 601 abiisse.
1733 545 1930 605 Verum
1986 539 2086 595 etsi

510 642 800 696 Guibeitts
830 638 1095 694 ManaSsls
1139 638 1437 707 expulsioni
1481 635 1750 693 Brunonis
1771 634 1822 687 in
1845 646 2088 685 eremum

512 746 789 784 recessum
842 737 1147 798 postponat,
1192 738 1475 797 propterea
1531 735 1710 780 tamen
1757 736 2091 789 consequens

510 835 616 875 nov
666 830 750 876 est
802 828 861 873 ut
913 820 1038 875 huic
1087 819 1231 874 illam
1276 818 1550 888 pmivisse
1594 813 1957 885 signiﬁcatum
1999 826 2093 867 vo-

511 911 693 964 luerit.

584 998 709 1051 403.
748 997 957 1051 Etenim
989 998 1113 1060 sibi,
1139 997 1308 1052 sancti
1334 995 1501 1048 nostri
1534 991 1786 1048 relatoob
1817 992 2093 1063 improbos

514 1084 780 1139 Manassis
810 1099 989 1138 mores
1010 1100 1074 1138 ex
1100 1089 1233 1139 urbe
1265 1083 1517 1137 Reiuensi
1561 1097 1806 1146 excessu,
1849 1081 2095 1152 proposi-

516 1180 631 1227 tum
671 1174 937 1227 duntaxat
974 1175 1225 1229 habuisse
1250 1174 1479 1238 videtur,
1511 1174 1639 1243 quid
1660 1174 1854 1228 deinde
1887 1182 1997 1227 tum
2026 1174 2093 1228 de

515 1263 637 1326 hoc,
689 1263 803 1318 tum‘
827 1263 894 1318 de
937 1263 1027 1318 il'o
1077 1263 1279 1317 factum
1329 1274 1494 1325 esset.
1540 1262 1794 1318 lectorem
1843 1264 2092 1329 educere,

515 1352 662 1411 nulla
697 1354 913 1407 interim
970 1353 1197 1416 ordinis,
1257 1369 1364 1421 quo
1410 1366 1635 1421 quaeque
1685 1363 1833 1424 gesta
1889 1362 2088 1415 essent,

514 1456 575 1503 ra
604 1443 724 1498 ione
755 1442 957 1497 habita.
983 1442 1056 1496 lta
1075 1442 1293 1497 omnino
1306 1448 1549 1513 apparet,
1574 1443 1716 1511 quod
1734 1444 1858 1496 dum
1894 1444 2091 1513 reipsa,

513 1532 639 1599 quid
674 1541 785 1586 tu'n
816 1532 881 1586 de
928 1530 1196 1597 Manasse,
1248 1541 1357 1586 tum
1409 1533 1474 1586 de
1536 1532 1783 1586 Brunone
1828 1534 2090 1595 eveneit,

516 1630 754 1684 tmrrat,
789 1621 1051 1677 Menas-sis
1082 1624 1246 1676 etiam
1299 1633 1525 1676 mortem
1560 1626 1728 1678 sancti
1772 1625 1823 1677 in
1853 1640 2091 1679 eremum

512 1711 745 1764 secessui
780 1727 921 1780 prccn
946 1711 1090 1776 i’tat,
1113 1728 1218 1781 quo
1251 1722 1427 1767 tamen
1453 1714 1595 1768 illam
1628 1715 1713 1769 ditt
1739 1716 2087 1784 posteriorem

512 1798 679 1857 fuisse
742 1802 960 1857 dubitin
986 1804 1091 1857 lum
1144 1820 1248 1858 non
1294 1814 1397 1859 est.
1445 1804 1744 1860 Manassem
1803 1806 1947 1859 enim
2000 1806 2089 1859 diu
2127 1782 2166 1835 Β

509 1893 800 1954 duntaxat,
824 1902 1107 1964 postquam
1133 1911 1197 1949 ex
1225 1896 1358 1951 urbe
1379 1896 1627 1951 Remensi
1657 1897 1846 1952 fuisset
1867 1898 2089 1965 cjectns,

512 1982 653 2037 diem
672 1994 973 2039 extremum
1008 1986 1289 2051 clausisse,
1321 1989 1544 2056 ipsemet
1601 1991 1887 2047 Guihertns
1915 1995 2094 2049 verbis

509 2073 756 2142 proxime
781 2075 1040 2140 recitafiz,
1080 2079 1155 2131 uti
1193 2078 1305 2133 hazc
1356 2080 1714 2136 consideranti
1754 2085 1980 2151 pateb't,
2015 2086 2095 2139 in-

514 2162 700 2219 dicare
725 2165 956 2231 videtur,
989 2166 1148 2237 idque
1171 2168 1392 2224 omnino
1428 2172 1675 2235 suadent,
1699 2189 1820 2243 quae
1841 2176 2097 2231 Historia:

519 2251 795 2311 litteraria:
826 2257 1068 2313 Francia:
1093 2260 1387 2330 scriptores
1426 2272 1554 2317 tom.
1600 2263 1725 2329 \‘lll,
1756 2282 1876 2337 pag.
1907 2268 2012 2323 653
2043 2278 2098 2324 et

522 2357 616 2410 seq
649 2382 667 2407 ,
716 2348 990 2402 memoriae
1040 2353 1298 2419 produnt;
1351 2363 1594 2408 sanetum
1643 2366 1820 2410 autem
1867 2374 1968 2413 non
2006 2360 2097 2415 diu

521 2432 810 2489 admodum
839 2447 959 2506 post
991 2440 1250 2496 Manassis
1270 2458 1334 2499 ex
1378 2447 1509 2500 urbe
1555 2446 1803 2503 Remensi
1829 2452 2101 2519 expulsio-

521 2542 646 2581 ncm
679 2529 730 2582 in
769 2530 1108 2587 solitudinem
1140 2550 1260 2593 sese
1311 2539 1594 2607 recepisse,
1623 2556 1684 2595 ex
1719 2541 1806 2597 hic
1856 2544 2098 2600 dicendis

519 2616 678 2673 facile
729 2620 965 2692 colliges.
1015 2622 1133 2679 Jam
1169 2642 1316 2688 vero,
1374 2644 1494 2683 cum
1530 2647 1617 2687 res
1653 2632 1724 2686 ita
1774 2633 1990 2702 habeat,
2030 2652 2096 2693 ex

527 2720 591 2761 ea
614 2720 765 2775 Iane,
794 2713 936 2781 quod
971 2713 1258 2771 Guibertus
1282 2717 1548 2774 Manassis
1587 2723 1883 2792 cxpulsioni
1925 2728 2097 2781 sancti

521 2801 692 2856 nostti
715 2802 765 2855 in
799 2817 1036 2859 eremum
1077 2819 1136 2860 se
1156 2821 1344 2872 :essum
1371 2819 1678 2879 postponat,
1703 2816 2095 2871 c0nscctatiutn

519 2895 830 2963 neutiquam
864 2905 966 2962 est,
1000 2910 1056 2951 ut
1086 2898 1207 2954 huic
1232 2900 1374 2954 illam
1405 2904 1695 2970 prreivisse.
1731 2906 2095 2975 significatqu

518 2984 666 3050 velit,
694 2987 793 3040 etsi
830 2986 1044 3042 interim
1076 3004 1140 3043 ex
1166 2990 1322 3044 dictis
1352 2989 1378 3062 ᾗ
1409 3007 1503 3046 vin
1555 3009 1739 3048 revera
1766 3010 1869 3050 non
1901 3006 2024 3051 ante
2047 3000 2097 3052 in

520 3090 760 3131 erctnum
790 3088 1010 3135 sanctus
1059 3095 1221 3149 quam
1245 3095 1308 3135 ex
1362 3084 1494 3138 urbe
1530 3084 1782 3141 Remensi
1822 3086 2098 3144 Manasses
2129 3112 2169 3173 ρ

519 3163 708 3222 fuisset
735 3169 1009 3236 expulsus,
1035 3186 1155 3228 sese
1180 3177 1465 3244 receperit.

588 3258 712 3315 409.
758 3261 937 3330 Atque
966 3263 1089 3318 hinc
1124 3264 1234 3334 jam
1267 3268 1645 3336 consequitur,
1703 3279 1760 3326 ut
1810 3268 2101 3329 Cuibertus

520 3365 620 3405 nec
650 3353 821 3406 sanctl
878 3356 1049 3409 nostri
1092 3356 1291 3412 saeculo
1344 3362 1687 3418 renuntiandi
1740 3369 2096 3435 propositum,

518 3439 619 3494 etsi
670 3450 725 3494 et
782 3442 885 3496 hoc
916 3442 1176 3502 Manassis
1223 3450 1519 3518 expulsioni
1565 3467 1661 3522 per
1711 3456 1871 3510 verba
1938 3472 2097 3527 supra

522 3530 745 3584 recitata
775 3542 1080 3603 postponat,
1119 3535 1280 3592 fuisse
1303 3538 1402 3595 hac
1426 3541 1718 3611 posterius,
1737 3544 2098 3616 significatum

521 3623 779 3690 voluerit;
813 3628 953 3695 quod
984 3628 1072 3683 hic
1101 3641 1352 3699 accurate
1374 3634 1666 3689 notandum
1720 3635 1923 3692 idcirco
1948 3638 2097 3702 duxi,

519 3717 661 3785 quod
693 3732 756 3771 cx
792 3718 943 3775 hisce
966 3722 1292 3777 contendere
1326 3740 1432 3779 non
1481 3740 1638 3779 nemo
1680 3739 1883 3794 posset,
1909 3745 2100 3783 mona-

520 3806 657 3861 chtci
692 3807 1185 3866 habitusinduendi
1241 3822 1446 3877 votum,
1510 3816 1733 3884 quodin
1792 3817 2097 3885 collatione,

519 3907 643 3949 cum
693 3895 975 3967 Radulpho
1029 3898 1193 3953 Viridi
1249 3910 1305 3956 et
1345 3900 1531 3957 Fulcio
1577 3902 1859 3960 Monoculo
1889 3906 2095 3972 habita,

521 3995 740 4041 sanctus
787 3989 991 4056 emisit,
1038 4006 1159 4047 esse
1207 3994 1426 4061 pariter,
1463 4003 1649 4049 contra
1695 4010 1760 4049 ac
1794 4013 1956 4065 supra
1994 4004 2101 4051 sta-

522 4075 747 4141 tuimus,
776 4077 914 4132 facta
956 4095 1097 4134 anno
1130 4080 1257 4136 1081
1292 4081 1556 4138 Manassis
1580 4099 1643 4139 cx
1683 4085 1814 4139 urbe
1842 4085 2095 4141 Remensi

519 4164 831 4231 cxpulsione
860 4169 1148 4238 posterius.
1187 4170 1290 4225 lies
1338 4171 1451 4225 haec
1493 4171 1706 4227 interim
1730 4214 1745 4238 ,
1773 4175 1915 4244 quod
1963 4176 2098 4229 bene

519 4254 682 4309 etiim
708 4248 1147 4323 notandum,ncc
1185 4260 1258 4315 ita
1284 4261 1500 4317 lndubie
1548 4278 1667 4318 sese
1720 4263 1966 4331 haberet,
1995 4267 2095 4321 etsi

514 4345 677 4398 etia-n
707 4344 1015 4414 Guibertus,
1048 4348 1244 4405 szeculo
1300 4353 1645 4408 renuntiandi
1691 4356 1989 4424 proposito,
2028 4355 2095 4412 de

2190 554 2415 607 sumque
2439 540 2493 593 in
2518 539 2620 594 hoc
2650 538 2847 594 saeculo
2889 537 3229 592 renuntiandi
3273 548 3623 603 eremumqne
3663 549 3743 604 pe-

2193 632 2338 686 tendi
2370 642 2549 687 votnm
2581 641 2703 702 post
2733 630 2876 686 illius
2906 645 2971 684 ex
3009 631 3142 685 urbe
3184 628 3435 683 Remensi
3464 627 3745 685 discessum

2192 725 2441 789 collocat,
2472 725 2696 778 recitata
2729 738 2913 792 supra,
2942 738 3063 792 quae
3106 723 3213 776 huc
3252 720 3476 786 faciunt,
3521 718 3745 781 Guiberti

2190 816 2353 870 verba
2382 816 2434 870 in
2460 817 2756 871 subsidium
2785 832 2888 870 non
2928 816 3186 877 vocarim,
3216 814 3341 869 licet
3399 812 3616 867 interim
3646 814 3747 871 hzee

2191 907 2366 961 eidem
2387 907 2651 976 opinioni,
2684 906 2825 975 quod
2858 905 2998 960 forte
3024 906 3274 974 equidem
3311 904 3377 957 iis
3400 904 3465 957 de
3493 912 3634 966 voto,
3663 917 3748 970 per

2192 1010 2437 1057 sanctum
2478 1002 2699 1063 emisso,
2759 1001 2904 1069 loqui
2953 1000 3245 1055 Guihertus
3285 998 3537 1056 voluerit,
3576 996 3749 1050 satira-

2193 1092 2327 1163 gari,
2381 1107 2508 1145 num
2549 1090 2651 1145 177
2691 1091 2977 1145 edixerim.
3031 1089 3189 1144 llisce
3247 1088 3408 1143 modo
3459 1088 3671 1151 notatis,
3701 1087 3746 1141 in

2196 1195 2556 1253 tempus,qu
2605 1193 2847 1246 sanctus,
2894 1182 3036 1250 quod
3076 1196 3141 1236 ex
3185 1180 3345 1234 dictis
3383 1186 3508 1233 ante
3567 1193 3748 1231 annum

2196 1274 2325 1329 1081
2361 1289 2465 1328 non
2496 1273 2695 1338 evenit,
2747 1273 2798 1327 in
2852 1287 3093 1328 eremum
3138 1269 3448 1333 secesserit,
3496 1268 3749 1337 inquirere

2195 1378 2498 1435 pergamus.

2263 1456 2386 1509 410.
2424 1454 2728 1510 Carthusire
2781 1469 3023 1509 eremutn
3076 1452 3136 1508 S.
3192 1452 3373 1506 Brnno
3432 1466 3576 1505 anno
3632 1452 3751 1506 1081

2194 1546 2337 1600 omni
2363 1545 2525 1600 dubio
2554 1545 2761 1615 procul,
2803 1546 2878 1600 uti
2910 1544 3047 1600 infra
3076 1543 3375 1605 ostendam,
3410 1543 3641 1611 primum
3679 1552 3751 1596 est

2197 1639 2496 1707 ingressus;
2534 1652 2722 1705 quare,
2751 1637 2796 1691 si
2835 1650 3051 1690 eremus
3079 1649 3242 1703 quam
3297 1643 3537 1693 sanctus,
3572 1633 3751 1687 mundo

2196 1731 2439 1784 nuntium
2482 1729 2783 1793 remittens,
2823 1728 3056 1797 primum
3081 1726 3234 1791 adiit,
3264 1724 3623 1779 Carthusiana
3668 1740 3751 1777 ex-

2194 1834 2219 1870 s
2246 1817 2412 1882 iterit,
2454 1833 2571 1883 seu,
2594 1818 2638 1871 si
2669 1826 2810 1871 recta
2848 1828 2976 1870 tunc
3024 1814 3369 1871 Cartltnsiam
3416 1812 3632 1875 adierit,
3662 1813 3753 1865 du-

2194 1910 2342 1963 bium
2372 1924 2477 1963 nun
2506 1908 2633 1972 erit,
2656 1908 2785 1977 quin
2813 1906 3001 1961 eodem
3047 1921 3189 1959 anno
3227 1904 3364 1958 1081
3417 1901 3619 1955 mundo
3659 1901 3755 1971 pri-

2198 2016 2342 2054 tnnm
2370 2000 2705 2062 valedixcrit,
2731 2013 2957 2066 seseque
3005 1998 3056 2050 in
3101 1996 3447 2050 solitudinem
3479 1993 3752 2049 abdiderit.

2196 2091 2373 2162 Atque
2422 2093 2526 2147 hoc
2589 2107 2718 2146 sane
2778 2090 3050 2143 annalium
3126 2086 3593 2143 Carlhusicnsium
3650 2083 3755 2140 dini

2198 2186 2373 2254 quarti
2408 2184 2669 2239 hactenus
2714 2197 2818 2237 non
2859 2181 3058 2250 vulgati
3098 2188 3288 2234 auctor
3335 2175 3757 2247 anonytnus,qui

2199 2276 2433 2329 doctoris
2460 2290 2579 2329 sese
2610 2274 2921 2327 damnatum
2966 2271 3244 2325 vociferati
3275 2269 3580 2339 prodigium
3633 2281 3756 2320 anno

2202 2366 2337 2420 1082
2376 2364 2640 2420 accidisse
2667 2363 2881 2427 statuit,
2910 2362 3131 2416 omnino
3164 2360 3461 2422 contendit,
3503 2359 3686 2427 idque,
3708 2367 3758 2410 ut

2202 2463 2447 2523 apparet,
2474 2468 2579 2523 quo
2625 2453 2755 2507 illud
2800 2466 2927 2506 vere
2976 2450 3233 2505 habuisse
3282 2448 3485 2511 locum,
3535 2456 3756 2509 tueatur,

2199 2559 2291 2598 seu
2317 2544 2514 2613 potius,
2540 2552 2597 2598 ut
2642 2552 2819 2612 aptam
2860 2541 3093 2605 silentii,
3129 2555 3237 2610 quo
3295 2539 3438 2594 istud
3486 2537 3758 2593 Guibertus

2201 2634 2586 2705 Novigentinus
2632 2634 2800 2688 abbas
2865 2632 3150 2701 prasteriit,
3220 2631 3486 2683 rationem
3553 2628 3759 2681 reddere

2201 2734 2382 2796 queat.
2434 2725 2499 2778 Et
2542 2738 2671 2778 vero
2727 2723 2772 2777 si
2826 2723 3027 2777 dictum
3089 2721 3392 2792 prodigium
3433 2734 3578 2773 anno
3633 2718 3758 2773 1082

2200 2817 2480 2885 sanetique
2540 2816 2593 2870 in
2657 2814 3002 2869 solitudinem
3061 2829 3308 2868 secessus
3373 2827 3516 2866 anno
3565 2811 3759 2866 demum

2203 2905 2340 2961 1081
2388 2906 2693 2975 contigerit,
2743 2904 2860 2959 fieri
2915 2904 3072 2958 facile
3101 2905 3339 2974 potuerit
3389 2912 3471 2967 nt,
3521 2918 3589 2956 an
3619 2901 3759 2967 hujus

2204 2996 2328 3051 illud
2350 3011 2509 3050 causa
2530 2996 2817 3061 exstiterit,
2835 2994 3128 3050 Guibertus
3152 2995 3434 3065 ignorarit,
3461 3008 3525 3048 ac
3551 2992 3761 3063 proinde

2203 3097 2262 3141 ut
2296 3087 2591 3142 luctuosam
2624 3087 2927 3153 historiam,
2951 3086 3269 3154 etsioptime
3284 3085 3385 3139 sibi
3418 3092 3757 3153 compertam,

2202 3175 2417 3231 silentio
2476 3176 2840 3246 praeterierit,
2898 3176 3023 3230 dum
3065 3178 3132 3230 de
3191 3175 3366 3229 sancti
3424 3172 3760 3227 conversione

2203 3266 2468 3335 hujusquc
2491 3265 2653 3320 initiis
2683 3266 2775 3320 lib.
2810 3267 2914 3320 tde
2940 3266 3057 3321 Vita
3088 3280 3205 3327 sua,
3224 3280 3343 3334 cap.
3377 3264 3465 3328 11,
3499 3270 3756 3317 tractaret.

2201 3356 2359 3422 Audi,
2412 3357 2501 3425 qui
2549 3357 2798 3411 laudatus
2864 3354 3256 3411 Catthusianus
3324 3370 3647 3425 anonymus,
3686 3353 3759 3407 cui

2202 3446 2417 3510 deinde,
2452 3454 2508 3499 ut
2540 3444 2782 3500 Guibcrti
2801 3445 3016 3500 silentio
3055 3460 3148 3500 seu
3178 3444 3412 3498 formato
3438 3459 3503 3498 ex
3529 3445 3631 3497 hoc
3652 3456 3761 3495 con-

2202 3543 2283 3589 tra
2334 3536 2636 3605 prodigium
2690 3545 3007 3606 argumento
3047 3537 3297 3606 negativo
3346 3536 3428 3589 vis
3463 3550 3563 3588 sua
3615 3548 3760 3603 supra

2200 3625 2469 3694 assignate
2518 3635 2772 3693 maneat,
2820 3640 3176 3695 responsurus
3216 3642 3376 3689 sum,
3424 3625 3479 3680 in
3534 3627 3761 3695 proxime

2203 3713 2396 3768 iterum
2420 3716 2514 3769 cit.
2546 3714 2833 3769 Annalium
2853 3715 3057 3769 ordinis
3081 3716 3162 3770 sui
3184 3715 3275 3771 lib.
3295 3725 3489 3784 quarto
3516 3716 3762 3770 hactenus

2202 3822 2305 3862 non
2323 3806 2536 3876 vulgato
2560 3821 2704 3860 num.
2736 3806 2804 3861 99
2830 3807 2927 3861 sub
2951 3807 3111 3862 tinem
3140 3809 3206 3861 de
3248 3807 3356 3873 hac
3397 3823 3454 3861 re
3502 3808 3759 3876 loquatur.

2205 3916 2223 3948 ι
2262 3894 2557 3965 Necjuvat,
2593 3896 2794 3965 inquit,
2830 3912 3122 3966 reponere,
3174 3895 3493 3951 Guibertum
3539 3898 3758 3950 tacuisse

2200 3987 2263 4043 de
2300 3988 2625 4057 spectaculo.
2656 3988 2847 4043 Tacuit
2884 3990 3052 4055 enim,
3084 3989 3208 4059 quia
3243 3990 3325 4044 vel
3380 3990 3511 4043 illud
3566 3991 3760 4060 ignora-

2200 4079 2294 4144 vit,
2323 4080 2365 4133 si
2394 4087 2602 4133 tantum
2632 4080 2773 4134 inter
2800 4080 3039 4149 privatos
3085 4081 3319 4150 parietes
3345 4081 3557 4145 evenit;
3594 4080 3692 4143 vel,
3721 4079 3759 4133 si

2200 4172 2472 4241 publicum
2501 4170 2622 4235 fuit,
2659 4180 2712 4224 et
2742 4187 2926 4226 coram
2975 4172 3175 4242 ingenti
3207 4173 3485 4227 hominum
3535 4172 3760 4226 multitu-

2200 4263 2324 4318 dine
2351 4271 2556 4328 actum,
2588 4262 2839 4326 nescivit,
2896 4270 3074 4315 utrum
3116 4261 3280 4316 fuerit
3320 4278 3485 4317 causa
3531 4274 3759 4316 secessus

2200 4352 2370 4407 sancti
2401 4351 2689 4415 Brunouis,
2721 4351 2811 4420 qui
2843 4361 3047 4405 tantum
3073 4351 3228 4404 annis
3257 4351 3370 4405 fere
3403 4351 3614 4406 duobus
3651 4358 3760 4420 post

517 4449 625 4504 qIIo
651 4451 745 4505 per
768 4439 927 4493 verba
953 4455 1098 4494 num.
1131 4440 1236 4496 406
1284 4451 1338 4497 et
1384 4443 1510 4499 alibi
1567 4447 1787 4501 recitata
1833 4446 2092 4517 loquitur,
2128 4442 2171 4500 1)
2202 4441 2330 4497 illud
2371 4443 2616 4506 recessit,
2652 4450 2712 4494 ut
2761 4441 2956 4512 legitur
2983 4442 3120 4510 apud
3149 4457 3476 4512 anonymum
3505 4451 3759 4505 nostrum,

520 4523 785 4579 Manassis
829 4541 894 4581 cx
932 4526 1063 4582 urbe
1110 4528 1361 4586 Rcmensi
1397 4533 1763 4603 cxpulsionem
1795 4536 2089 4604 praéivisse,

523 4616 722 4672 diserte
773 4629 1057 4675 assereret.
1118 4621 1271 4678 Sitne
1314 4625 1456 4677 enim
1510 4626 1760 4694 scriptori
1811 4627 1935 4681 huic
1995 4643 2093 4696 per

521 4707 685 4761 verl‘a
715 4708 803 4764 ifla
833 4710 898 4765 de
920 4712 1117 4767 emisso
1151 4730 1179 4767 a
1215 4724 1401 4768 sancto
1452 4715 1735 4770 secedendi
1768 4715 1819 4770 in
1849 4733 2091 4773 eretnum

521 4798 821 4868 smculoqne
854 4801 1194 4857 renuutimdi
1227 4814 1369 4869 voto,
1416 4820 1483 4858 an
1516 4804 1580 4859 de
1620 4807 1755 4874 ipso,
1782 4808 1869 4875 qui
1911 4809 2096 4876 utique

519 4900 642 4941 cum
672 4890 959 4943 secedendi
1008 4891 1232 4946 consilio
1284 4907 1377 4946 seu
1427 4895 1699 4963 pr0posito
1730 4894 1829 4950 fuit
1866 4896 2094 4965 conjun-

520 4985 655 5041 c:us,
688 4992 903 5034 secessu
943 4978 1084 5034 illius
1108 4982 1159 5035 in
1192 4997 1434 5035 cremum
1467 4998 1664 5049 sermo,
1697 4987 1984 5041 admodum
2009 4998 2093 5043 est

520 5065 762 5129 dubium,
801 5068 1036 5123 maxime
1073 5083 1192 5123 cum
1214 5068 1522 5131 Guibertus,
1552 5072 1640 5140 qui
1666 5086 1731 5127 ex
1747 5088 1904 5142 supra
1934 5076 2092 5131 dictis

521 5167 723 5219 rerum,
751 5169 778 5208 a
803 5156 863 5211 S.
897 5156 1144 5211 Brunone
1194 5157 1403 5228 publice
1444 5175 1548 5214 non
1602 5169 1871 5226 gestarum
1916 5165 2094 5220 minus

519 5257 721 5312 gnarus
774 5245 1003 5311 exsﬁtit,
1059 5245 1212 5301 facile
1270 5248 1518 5317 ignorare
1594 5252 1828 5320 potuerit
1887 5261 2092 5319 votmn,

520 5333 661 5401 quod
692 5342 913 5388 sanctus
953 5343 1136 5389 tzo:ter
1161 5352 1280 5389 eum
1314 5336 1591 5408 Radulplo
1646 5340 1812 5393 Viridi
1838 5350 1890 5395 et
1913 5341 2095 5399 Fulcio

522 5423 804 5479 Monoculo
831 5425 970 5477 intra
996 5427 1232 5494 privatos
1263 5414 1452 5485 domus
1501 5433 1657 5497 Ada',
1694 5433 1746 5486 in
1776 5450 1881 5503 qua
1914 5436 2096 5505 hospi-

524 5512 761 5575 tabatur,
814 5513 1049 5579 parietes
1094 5515 1161 5569 ah
1210 5516 1435 5571 aliorum
1490 5521 1766 5575 hominum
1822 5527 2094 5580 consortio

520 5601 800 5668 sejunctas
835 5601 1034 5658 emisit.
1065 5605 1240 5677 Atque
1265 5608 1388 5663 hinc
1424 5620 1507 5665 est
1551 5629 1648 5666 cur
1682 5614 1783 5685 §vt
1810 5631 1903 5684 pro
1931 5617 2096 5670 stabi-

522 5689 696 5744 lienda
728 5689 1000 5760 opinione,
1038 5710 1155 5765 qua:
1203 5696 1440 5754 habitam
1480 5716 1507 5755 a
1534 5699 1782 5757 Brunone
1818 5720 1937 5758 cum
1991 5705 2093 5759 lla-

2197 4543 2251 4587 et
2282 4533 2333 4586 in
2363 4533 2543 4588 citatis
2566 4532 2871 4598 Chronieis,
2930 4533 2996 4587 ab
3040 4535 3352 4589 auctoribus
3378 4532 3763 4588 Carthusiensi-

2197 4624 2295 4677 bus
2317 4622 2493 4676 editis.
2534 4641 2552 4675 ι

2265 4710 2383 4765 411.
2420 4729 2437 4762 ι
2474 4711 2624 4766 Unde
2652 4727 2755 4766 non
2795 4712 3013 4776 mirum,
3049 4712 3094 4767 si
3120 4711 3249 4767 solis
3291 4712 3760 4768 Cartbusiensibus

2197 4802 2310 4855 hzec
2363 4816 2527 4857 causa
2585 4803 2924 4868 innotuerit;
2984 4812 3038 4857 ct
3104 4805 3338 4857 maxime
3394 4822 3516 4859 cum
3564 4805 3760 4859 Soleant

2196 4889 2457 4961 ejusmodi
2484 4892 2708 4947 consilia
2744 4894 2947 4947 servari
2978 4903 3207 4958 secreta,
3231 4902 3286 4949 ct
3321 4909 3428 4947 non
3455 4895 3557 4947 nisi
3586 4894 3761 4963 paucis

2196 4982 2505 5053 intimisque
2526 4984 2724 5052 aperiri
2770 4994 2824 5038 et
2875 4987 3304 5050 communicari;
3339 4989 3483 5055 quod
3524 4995 3757 5039 sanctum

2195 5073 2498 5129 Brunonem
2542 5074 2757 5138 fecisse,
2813 5075 3074 5129 credibile
3103 5086 3185 5130 est
3209 5077 3362 5145 juxta
3400 5078 3526 5130 illud
3556 5076 3758 5130 celebre

2194 5166 2473 5234 placitum,
2496 5182 2527 5220 a
2550 5166 2707 5221 Petro
2725 5165 3091 5229 Cluniacensi,
3122 5167 3307 5237 utjam
3334 5169 3595 5232 diximus,
3623 5179 3759 5220 cora-

2197 5257 2504 5310 mcndatum
2527 5296 2542 5321 ,
2573 5272 2678 5325 quo
2704 5267 2925 5313 sanctus
2961 5259 3265 5328 patriarcha
3311 5260 3421 5314 suis
3446 5258 3758 5328 sequacihns

2196 5344 2493 5412 inspiravit,
2524 5363 2543 5394 ι
2572 5344 2810 5398 Miranda
2876 5361 3060 5413 opera,
3091 5357 3293 5415 quanto
3349 5358 3567 5417 possent
3625 5348 3755 5408 nisu,

2202 5435 2538 5488 «occultare.
2580 5454 2597 5485 ι
2651 5436 2801 5500 Quod
2853 5438 3204 5492 nihilominus
3284 5440 3349 5493 de
3417 5440 3753 5508 prmseutium

2198 5534 2402 5577 tantum
2433 5532 2481 5576 ct
2507 5525 2738 5592 propriis
2767 5526 3018 5593 Operihus
3069 5526 3470 5594 intelligendum
3499 5538 3606 5590 est,
3657 5540 3753 5578 nun

2196 5630 2323 5669 vero
2362 5616 2425 5668 de
2456 5615 2727 5683 prmelaris
2754 5617 3099 5684 antiquorum
3145 5618 3365 5673 Patrum
3406 5620 3590 5690 gestis,
3646 5632 3755 5686 qua:

2197 5706 2426 5776 posteris
2465 5707 2527 5760 ad
2556 5704 2963 5761 aedificationem
2998 5708 3376 5769 commendare
3422 5709 3577 5779 jubet
3626 5708 3765 5763 Deus
