3896 6312
164 371 250 425 U9
1637 360 1836 415 ACTA.

3257 360 3366 418 250

166 499 244 559 per
286 477 704 535 Eccles'astTtum
760 478 1067 533 dicentem:
1117 493 1136 525 α
1180 474 1486 530 Laudemus
1538 474 1682 529 viros
1713 473 1965 537 Adinem
2020 472 2314 535 secederet,
2371 470 2650 525 biennium
2703 471 2922 525 circiter
2976 487 3003 526 a
3055 474 3365 544 prodigiosa

168 570 429 642 «gloriosos
447 575 498 621 et
521 576 778 634 parentes
809 576 1018 621 nostros
1053 566 1106 619 in
1149 565 1498 634 generatione
1529 580 1677 619 sua.»

162 664 219 716 Ιιι
244 662 475 713 hactenus
506 655 627 719 ille;
660 658 828 710 tacite
856 657 1061 711 interim
1093 670 1413 726 agnoscens,
1443 656 1682 710 futurum

160 754 313 813 fuisse,
335 745 720 809 ntGuibertus,
750 747 1039 802 Parisieusi
1064 748 1310 816 prodigio
1352 748 1405 803 in
1440 762 1682 803 eremum

160 842 331 911 pulsum
360 838 518 892 fuisse
571 837 631 892 S.
678 839 1010 901 Brunonem,
1072 840 1410 908 exploratum
1442 840 1679 901 haberet,

158 932 193 985 si
214 929 339 984 brevi
364 929 517 982 hicin
564 927 740 993 il’am,
774 938 1055 998 postquam
1116 928 1298 983 feralis
1335 930 1557 985 historia
1589 946 1685 999 pu-

159 1022 269 1073 blice
286 1017 556 1078 evenisset,
586 1032 709 1071 sese
759 1018 1040 1088 receperit.
1087 1017 1153 1070 Et
1187 1033 1337 1079 sane,
1361 1020 1406 1073 si
1440 1032 1684 1084 sanctus,

157 1107 307 1162 stttim
359 1113 514 1173 atque
547 1104 855 1174 prodigium
910 1105 1217 1170 accidisset,
1272 1116 1363 1160 aut
1394 1118 1541 1162 certe
1575 1124 1683 1162 non

157 1198 228 1249 du
243 1206 349 1264 post
367 1195 415 1247 iu
433 1209 700 1259 eremum,
716 1209 809 1250 sex
831 1196 931 1251 sibi
960 1197 1119 1251 sociis
1138 1197 1683 1267 adjunctis,abiisset,

159 1287 314 1341 luisset
356 1284 555 1353 utique,
594 1282 791 1339 fecisse
837 1284 939 1339 hoc
969 1285 1139 1352 illum,
1188 1287 1458 1340 horrendo
1488 1295 1683 1341 eventu

159 1374 423 1443 impulsum,
481 1372 742 1427 Guiberto
787 1373 1012 1444 aliisque
1072 1376 1271 1444 passim
1318 1376 1681 1440 notissimum,

161 1466 353 1519 traxime
377 1480 493 1519 cum
536 1474 760 1519 sanctus
788 1474 896 1519 tum
928 1480 1021 1520 eos
1061 1482 1198 1535 quos
1234 1481 1420 1523 secum
1473 1469 1525 1521 iu
1555 1467 1684 1522 soli-

160 1556 360 1609 tudinem
389 1555 639 1616 attraxit,
673 1564 784 1607 tum
838 1555 994 1621 alios,
1043 1572 1149 1610 non
1196 1571 1398 1627 paucos
1439 1556 1683 1612 horribili

158 1646 238 1717 ila.
255 1646 377 1700 dam:
400 1646 472 1699 ati
499 1644 738 1701 doctoris
757 1648 1003 1717 exemplo
1027 1650 1094 1703 ad
1117 1650 1490 1727 paenitentiam
1523 1665 1684 1721 agen-

159 1740 252 1793 dam
285 1737 544 1801 excitarit,
589 1739 1043 1807 quemadmodum
1100 1755 1320 1807 omnes,
1366 1742 1457 1811 qui
1504 1743 1682 1812 prodi-

1786 563 2020 618 auastasi
2044 563 2227 618 siverit
2254 560 2416 616 elabi.
2449 560 2560 616 Etsi
2590 560 2734 615 enim
2764 574 3066 631 anonymus
3093 562 3179 616 ille
3205 564 3366 617 chro-

1786 653 2034 723 nologus,
2079 668 2174 708 seu
2221 653 2493 721 antiquior
2542 658 2726 705 noster
2751 650 3098 722 biographus,
3140 653 3368 709 definito

1786 757 1927 798 anno
1956 743 2092 799 1084
2112 744 2382 798 Brunonis
2411 742 2466 796 in
2490 741 2791 798 Carthusia:
2811 756 3053 796 eremum
3087 757 3361 798 secessum

1787 834 2043 899 inneetat,
2074 850 2172 890 suo
2214 844 2391 890 tamen
2423 834 2690 888 scribendi
2729 834 2885 886 modo
2929 848 3033 886 non
3090 832 3269 894 edicit,
3303 846 3365 889 ut

1786 921 2089 978 Parisiense
2132 923 2432 992 prodigium
2480 938 2621 978 anno
2667 922 2803 977 1082
2844 922 3151 978 necessario
3180 924 3248 977 sit
3279 924 3366 977 in-

1786 1016 2132 1069 nectendum.
2148 1015 2359 1069 Etenim
2384 1015 2435 1068 id
2459 1014 2726 1070 relaturus
2746 1032 2894 1070 num.
2914 1015 2935 1069 l
2958 1016 3030 1071 ita
3053 1025 3320 1072 memorat
3345 1034 3362 1072 :

1792 1123 1810 1158 ι
1863 1105 2020 1162 Anno
2081 1107 2375 1161 Dominica:
2434 1106 2826 1162 lncarnationis
2879 1106 3014 1162 1082
3077 1107 3162 1163 vel
3217 1108 3362 1163 circa

1785 1194 1960 1261 illum,
1987 1196 2113 1251 dum
2159 1196 2398 1251 solemne
2427 1196 2663 1251 studium
2699 1196 2913 1251 floreret
2958 1196 3200 1263 Parisiis,
3234 1213 3366 1267 pra:-

1785 1282 1940 1351 cipue
1967 1284 2020 1337 iu
2060 1284 2397 1354 philosophia
2426 1295 2481 1340 et
2520 1286 2787 1355 theologia
2820 1297 2875 1341 et
2912 1286 3033 1356 jure
3077 1289 3361 1354 canonico;

1785 1376 1925 1430 sicut
1974 1377 2298 1445 generaliter
2352 1378 2656 1443 consuevit,
2714 1378 2818 1432 tale
2872 1379 3172 1449 prodigium
3235 1380 3365 1449 (quo

1785 1466 1989 1522 scilicet
2035 1466 2225 1521 doctor
2254 1467 2574 1523 Parisieusis
2615 1469 2879 1537 tantisper
2904 1471 3178 1524 redivivus
3200 1511 3214 1534 ,
3242 1484 3363 1525 sese

1785 1558 2137 1623 damnatum,
2179 1571 2235 1614 et
2283 1559 2482 1614 feretro
2532 1562 2835 1616 astantibus
2876 1562 3244 1632 denuntiarit)
3288 1563 3364 1617 ibi

1786 1647 1985 1701 dicitur
2012 1648 2298 1702 accidisse.
2330 1667 2349 1700 ι

1856 1740 1978 1793 415.
2010 1739 2319 1808 Prodigiosa
2366 1752 2494 1808 ergo
2537 1739 2776 1793 doctoris
2803 1739 3042 1795 damnati
3072 1742 3364 1806 anastasis,

158 1831 274 1896 gum
318 1836 671 1896 propugnant,
736 1829 978 1884 unanimi
1028 1845 1291 1885 consensu
1329 1832 1681 1886 contendunt.
1720 1819 1760 1880 Β
1790 1830 2046 1898 spectatis
2094 1829 2180 1892 iis,
2211 1845 2330 1898 qua:
2368 1830 2645 1898 antiquior
2673 1840 2858 1884 noster
2882 1830 3210 1900 biographus
3254 1845 3366 1884 me-

158 1920 213 1973 At
236 1933 365 1981 vero,
386 1920 460 1971 ait
484 1918 878 1973 Cartbusianns
909 1929 1094 1974 noster
1116 1936 1437 1992 anonymus,
1465 1932 1687 1977 sanctus

159 2024 240 2062 non
277 2008 431 2077 prius,
461 2023 624 2078 quam
655 2022 777 2062 cum
819 2007 932 2077 jam
967 2009 1242 2064 biennium
1299 2010 1412 2065 fere
1438 2026 1467 2064 a
1499 2010 1685 2080 prodi-

158 2098 274 2165 giosa
301 2096 526 2151 doctoris
549 2097 784 2152 anastasi
834 2106 978 2152 esset
1018 2097 1287 2168 elapsum,
1336 2099 1388 2153 in
1441 2115 1685 2154 eremum

159 2200 251 2241 sese
300 2187 514 2255 recepit,
568 2186 805 2257 hincque
846 2187 897 2241 id
953 2187 1148 2243 fecisse
1214 2189 1383 2252 illum,
1440 2190 1685 2246 horribili

159 2286 315 2331 e;c':tu
341 2276 645 2345 impulsum,
681 2278 947 2348 ignoravit
984 2279 1295 2335 Guibertus.
1342 2281 1541 2335 Verum
1574 2282 1684 2348 cui,

159 2383 321 2437 quaeso,
370 2368 671 2423 verosituile
737 2379 1014 2440 appareat,
1062 2371 1391 2437 Brunonem,
1441 2373 1532 2443 qui
1573 2372 1685 2441 jam

160 2459 260 2514 inde
284 2474 343 2513 ex
379 2460 481 2514 veli
532 2459 734 2514 dudum
786 2460 971 2515 emissi
1024 2462 1283 2533 religione
1323 2465 1390 2517 ad
1442 2465 1685 2519 habitum

160 2550 468 2604 monasticum
496 2552 903 2620 suscipiendum
929 2553 1226 2617 tenebatur,
1284 2555 1513 2625 huicquc
1552 2557 1689 2611 obli-

158 2641 320 2711 gationi
344 2641 658 2698 satisfacere
684 2643 886 2699 diutius
938 2644 1191 2699 dill'erens
1240 2646 1505 2715 gravioris
1536 2663 1686 2702 nova:

158 2736 355 2803 periculo
380 2751 496 2791 sese
516 2746 634 2791 erat
667 2739 1036 2808 expositurus,
1070 2754 1174 2793 non
1206 2739 1356 2810 prius
1388 2740 1440 2794 in
1492 2740 1686 2795 solitu-

156 2825 323 2891 dinem,
352 2841 504 2894 quam
543 2842 669 2882 cum
710 2828 986 2882 biennium
1047 2827 1161 2883 fere
1190 2844 1218 2881 a
1248 2829 1520 2899 prodigio,
1558 2846 1685 2899 quo,

156 2924 206 2966 ut
229 2915 494 2985 loquuntur
530 2915 795 2981 nonnulli,
836 2917 1093 2973 animitus
1138 2916 1316 2972 fuerat
1366 2933 1686 2985 concussus,

154 3013 271 3059 esset
297 3004 550 3075 elapsum,
581 3006 913 3062 secessisse?

212 3098 312 3151 lli.
340 3098 390 3153 Id
426 3114 556 3153 sane
587 3100 832 3161 incenso,
863 3102 1025 3169 quod,
1061 3099 1174 3155 viso
1207 3099 1448 3155 horribili
1479 3108 1688 3168 specta-

1790 1922 1976 1975 moria:
2006 1921 2212 1990 prodit;
2248 1936 2352 1975 nou
2402 1921 2622 1976 definito
2650 1936 2793 1975 anno
2838 1921 2994 1984 1082,
3023 1922 3115 1975 sed
3147 1922 3229 1976 vel
3264 1922 3381 1975 boe-

1789 2013 1906 2083 ipso
1941 2028 2106 2080 anno,
2135 2012 2218 2068 vel
2247 2029 2354 2068 uno
2376 2023 2467 2067 aut
2490 2013 2661 2068 altero
2681 2014 2925 2083 proxime
2946 2030 3038 2068 seu
3071 2029 3368 2085 pra-gresso

1789 2117 1883 2157 seu
1939 2111 2143 2159 secuto.
2174 2104 2377 2167 evenit,
2428 2119 2528 2160 nec
2578 2104 2870 2174 quidquam
2924 2104 3050 2159 alibi
3100 2105 3362 2170 occurrit,

1788 2193 1930 2262 quod
1977 2192 2201 2248 feralem
2252 2192 2394 2246 illam
2441 2193 2747 2259 historiam,
2798 2194 2842 2248 si
2884 2209 3117 2263 unquam
3150 2193 3364 2255 accidit,

1788 2282 2144 2338 determinato
2176 2297 2320 2336 anno
2347 2281 2482 2336 1082
2501 2291 2658 2353 cogat
2686 2283 2977 2338 innectere.
3004 2281 3142 2349 Quid
3169 2284 3211 2337 si
3238 2296 3368 2350 ergo

1789 2374 1899 2439 illa,
1929 2374 1973 2429 si
2003 2374 2248 2445 contigit,
2279 2375 2395 2444 ipso
2439 2390 2581 2429 anno
2611 2375 2771 2438 1083,
2801 2376 2866 2429 ad
2901 2376 3062 2429 linem
3108 2374 3221 2430 fere
3251 2374 3366 2442 jam

1788 2472 2062 2534 provecto,
2096 2465 2271 2534 reipsa
2308 2465 2492 2528 etiam,
2551 2465 2626 2519 uti
2678 2479 2745 2518 ex
2797 2465 2955 2518 dictis
3001 2463 3116 2517 fieri
3167 2471 3364 2532 potest,

1789 2555 2079 2626 contigisse
2129 2563 2419 2620 statuatur,
2450 2555 2524 2609 ita
2555 2570 2688 2610 sane
2736 2555 2874 2609 hanc
2904 2554 3048 2608 inter
3094 2562 3149 2609 et
3194 2554 3367 2608 sancti

1790 2645 1842 2698 in
1891 2644 2194 2701 Carthusia:
2242 2661 2483 2701 eremum
2532 2661 2829 2713 secessum,
2877 2647 2967 2716 qui
3015 2661 3081 2701 ex
3125 2645 3372 2701 dicendis

1789 2750 1931 2789 anno
1960 2736 2095 2791 1084
2126 2737 2268 2792 circa
2311 2737 2475 2801 diem,
2508 2736 2565 2792 S.
2609 2736 2801 2792 .loanni
2832 2738 3083 2807 Baptista:
3124 2752 3367 2801 sacrum,

1790 2827 1988 2893 evenit,
2026 2843 2132 2882 non
2186 2828 2463 2903 biennium
2523 2828 2762 2892 circiter,
2809 2830 2905 2884 sed
2953 2830 3155 2885 arctius
3209 2830 3371 2898 longe

1791 2921 2048 2987 temporis
2076 2920 2311 2988 spatium
2343 2920 2730 2985 intercesserit,
2766 2921 2907 2989 quod
2947 2928 3167 2975 sanctus
3206 2920 3368 2974 rebus

1789 3010 1902 3063 suis
1933 3011 2316 3081 componendis
2360 3011 2742 3080 parandisque,
2787 3026 2906 3081 qua:
2945 3012 3012 3066 ad
3042 3010 3249 3066 consilii
3281 3010 3367 3065 sui

1791 3103 2193 3157 exsecutionem
2244 3112 2543 3172 opportuna
2599 3102 3005 3169 arbitrabatur,
3058 3101 3367 3173 impendere

154 3191 268 3255 cdo,
312 3192 631 3259 con'eprrit,
679 3193 795 3245 salu
826 3192 871 3246 is
912 3201 1126 3248 aeterna:
1184 3207 1471 3262 rerumque
1528 3192 1684 3246 cmle-
1715 3171 1754 3226 (ἶ
1790 3195 2043 3263 potuerit,
2077 3194 2349 3263 quodque,
2386 3193 2431 3248 si
2456 3194 2665 3264 longius
2693 3195 2871 3251 adhuc
2905 3194 3170 3260 videatur,
3201 3208 3366 3262 quam

154 3284 285 3336 stium
328 3284 589 3337 desiderio
636 3284 856 3337 minime
910 3286 1181 3354 congruit.
1239 3283 1347 3339 Nec
1400 3293 1502 3349 est,
1542 3286 1684 3354 quod

154 3388 364 3441 reponas,
400 3383 551 3429 tanto
583 3376 842 3443 temporis
884 3378 1063 3447 Spatio
1091 3379 1250 3431 rebus
1303 3378 1415 3431 suis
1462 3393 1682 3446 compo-

155 3464 333 3530 nendis,
358 3466 742 3536 parandisque,
774 3482 895 3537 quae
947 3468 1015 3522 ad
1064 3484 1260 3522 novum
1285 3469 1684 3538 suscipiendum:

153 3556 254 3609 rita;
285 3571 441 3627 genus
494 3574 632 3630 epus
680 3568 854 3623 erant,
913 3560 1210 3630 indiguisse
1252 3571 1519 3616 sanctum.
1571 3562 1683 3617 Etsi

152 3647 269 3700 enim
295 3648 636 3706 dubitandum
666 3668 771 3707 non
826 3652 897 3707 sit
932 3654 1063 3723 quin
1112 3663 1233 3723 post
1284 3655 1605 3725 prodigium,
1639 3654 1682 3709 si

153 3737 297 3805 reipsa
326 3740 492 3795 locum
536 3742 588 3796 id
628 3759 863 3813 unquam
919 3745 1129 3810 habuit,
1177 3747 1437 3815 temporis
1467 3746 1683 3815 aliquod

154 3827 370 3894 spatium,
410 3845 517 3898 quo
572 3846 660 3887 res
716 3847 842 3888 suas
868 3844 1239 3904 componeret,
1268 3836 1684 3905 necessariaque

152 3916 203 3969 ai
244 3934 425 3974 norum
464 3921 590 3976 vitm
645 3938 814 3994 genus
862 3935 1110 3995 pararet,
1162 3941 1289 3982 vere
1339 3928 1682 3997 impenderit,

150 4008 288 4065 fuisse
315 4022 489 4068 tamen
543 4014 669 4069 illud
716 4024 812 4071 aut
860 4033 983 4073 esse
1021 4019 1270 4075 debuisse
1300 4021 1528 4075 duormn
1579 4022 1685 4075 cir-

150 4098 262 4153 citer
299 4117 581 4170 annorum,
632 4106 776 4162 nuila
845 4110 1067 4164 omnino
1118 4112 1256 4165 ratio
1297 4112 1507 4167 suadet.
1545 4112 1682 4180 Quid

151 4191 189 4243 ni
232 4194 366 4248 enim
413 4197 571 4250 bonis
628 4199 744 4252 suis
794 4215 915 4255 sese
967 4201 1251 4267 abdicare,
1308 4205 1499 4259 amicis
1531 4206 1680 4259 νειΙοο

149 4280 315 4347 direre,
361 4300 672 4356 paucaque,
741 4304 862 4357 qua:
918 4291 1003 4355 ei,
1060 4295 1459 4362 pauperritnam
1516 4298 1680 4349 vitam

148 4371 366 4439 ducturo,
429 4380 735 4433 necessaria
786 4389 971 4434 essent
1036 4381 1254 4449 futura,
1306 4400 1500 4446 parare
1548 4386 1683 4441 duo-

1789 3296 1902 3340 uta
1927 3295 2116 3341 sancto
2156 3286 2316 3339 rebus
2355 3284 2467 3337 suis
2509 3284 2893 3353 componendis
2936 3283 3366 3351 necessariisque

1789 3377 1912 3429 vita:
1959 3375 2253 3431 eremiticze
2309 3374 2699 3445 amplectanda:
2747 3376 3001 3446 parandis
3060 3375 3363 3443 impensum

1786 3466 1954 3523 fuisse
2003 3468 2279 3530 credatur,
2331 3468 2578 3523 contrahi
2632 3468 2807 3522 adhuc
2858 3478 3034 3537 potest
3064 3466 3363 3521 dili'erendo

1786 3558 1948 3612 etiam
1980 3560 2048 3613 ad
2088 3574 2288 3612 annum
2319 3573 2490 3628 usque
2539 3558 2675 3614 1084
2702 3557 3007 3613 Parisieuse
3034 3559 3387 3629 prodigium,

1790 3659 1974 3718 utpote
2020 3650 2161 3718 quod
2211 3665 2311 3704 nec
2352 3650 2659 3705 necessario
2686 3658 2812 3705 ante
2860 3652 3003 3706 hunc
3046 3666 3246 3704 annum
3294 3665 3360 3703 ex

1780 3737 1893 3806 jam
1941 3739 2101 3793 dictis
2130 3739 2407 3794 acciderit.
2437 3740 2664 3810 Quoquo
2694 3740 2855 3795 modo
2893 3742 3077 3810 itaque
3126 3755 3214 3795 res
3262 3741 3362 3796 ha-

1787 3831 1936 3897 beat,
1984 3832 2186 3886 biennii
2242 3833 2460 3888 circiter
2503 3833 2736 3903 spatium
2793 3850 2993 3887 annum
3047 3834 3209 3899 inter,
3253 3849 3361 3903 quo

1786 3934 2007 3979 sanctus
2033 3925 2085 3978 in
2118 3924 2421 3980 Carthusia:
2448 3942 2690 3982 eremum
2712 3927 2867 3993 abiit,
2896 3928 3233 3998 prodigiique
3256 3926 3359 3981 Pa-
3382 3964 3383 3967 η

1786 4015 2031 4070 risiensis
2073 4016 2331 4085 epocham
2374 4016 2764 4083 intercessisse,
2789 4033 2854 4073 ex
2886 4019 2953 4072 iis
2985 4034 3106 4087 qua:
3152 4033 3360 4088 anony-

1786 4121 1904 4160 mus
1929 4107 2228 4176 primorum
2257 4107 2494 4177 quinque
2519 4106 2819 4163 Carthusize
2843 4108 3082 4178 priorum
3121 4109 3385 4164 chrono-V

1788 4199 1939 4271 logus
1962 4215 2055 4255 seu
2083 4200 2358 4270 antiquior
2385 4201 2557 4256 sancti
2583 4202 2753 4256 nostri
2791 4201 3118 4272 biographus
3151 4215 3357 4254 memo-
3382 4232 3385 4241 ι

1787 4290 1882 4343 ria:
1922 4291 2120 4359 prodit,
2151 4305 2487 4362 consequens
2522 4308 2627 4347 non
2678 4302 2779 4347 est.
2811 4293 2986 4362 Atque
3027 4292 3082 4346 id
3116 4292 3357 4361 quidem,

1788 4401 1886 4441 nee
1912 4387 2184 4443 immerito
2221 4390 2290 4444 ob
2325 4389 2437 4459 jam
2465 4389 2629 4453 dicta,
2658 4390 2968 4453 statuimus,
2997 4389 3358 4446 Carthusiano

150 4475 242 4516 rum
293 4467 453 4563 etiam
512 4468 777 4523 duntaxat
857 4470 1087 4527 triumve
1164 4472 1430 4528 mensium
1507 4476 1682 4544 spatio
1716 4510 1759 4563 ι)
1786 4489 1971 4535 nostro
1992 4495 2263 4551 anonymo
2292 4482 2484 4536 dantes
2505 4483 2787 4550 tantisper,
2810 4492 3055 4537 sanctum
3090 4492 3357 4549 nostrum,

149 4556 380 4617 potuerit?
422 4558 541 4621 Ast,
587 4558 760 4628 inquit
804 4559 1193 4617 Carthusianns
1242 4574 1425 4619 uoster
1474 4581 1687 4637 anony-
1716 4556 1752 4563 ”
1783 4589 1905 4628 cum
1948 4576 2149 4629 mundo
2186 4574 2548 4630 valedicturus
2582 4573 2766 4628 Remis
2810 4576 3064 4639 excessit,
3110 4586 3254 4631 recta
3302 4578 3357 4631 in

149 4657 257 4708 mus,
283 4658 525 4702 sanctum
567 4665 709 4706 anno
756 4650 892 4706 108i
930 4652 1227 4709 Carthusiae
1271 4670 1513 4712 eremum
1562 4674 1683 4714 csse

148 4732 428 4803 ingressum,
466 4737 761 4808 primorum
797 4743 1035 4813 quinque
1087 4744 1387 4800 Carthusiae
1439 4750 1679 4816 priorum

146 4824 465 4898 chronologus
493 4844 587 4883 seu
636 4833 909 4901 antiquior
944 4837 1110 4889 sancti
1141 4839 1308 4891 nostri
1353 4838 1681 4909 biographus

147 4924 263 4966 num.
306 4916 361 4970 ll
403 4918 606 4973 diserte
659 4921 840 4986 tradit,
873 4924 1049 4992 eique,
1097 4926 1187 4993 qui
1231 4937 1350 4995 post
1378 4926 1680 4983 floruerunt

147 5000 447 5061 Carthusiani
494 5009 608 5075 alii,
657 5026 754 5079 pm
802 5015 1105 5082 prodigiosa
1154 5015 1390 5072 doctoris
1439 5021 1676 5076 damnati

146 5097 345 5149 asastasi
390 5100 597 5163 testati,
632 5097 854 5171 jamque
894 5103 946 5157 in
978 5106 1209 5160 medium
1250 5106 1277 5179 ς
1326 5107 1393 5162 ΧΙ
1438 5109 1676 5175 adducti,

146 5185 276 5240 etiam
313 5192 673 5246 consentiunt.
704 5192 922 5260 Fateor,
954 5197 1033 5251 sic
1077 5196 1238 5253 habet
1272 5218 1284 5252 :
1321 5216 1502 5255 verum
1551 5204 1677 5272 quid

147 5279 262 5330 tum?
299 5278 555 5337 Sanctum
603 5284 849 5353 equidem
898 5298 1017 5357 post
1056 5288 1254 5345 factum
1285 5295 1586 5364 prodigium
1625 5295 1676 5349 iu

145 5366 564 5436 solitudinem,.ab
594 5389 778 5429 eremo
803 5377 1156 5434 Carthusiana
1200 5383 1490 5448 diversam,
1526 5397 1678 5440 ante—

146 5469 270 5522 quam
321 5462 457 5517 hanc
507 5464 704 5530 adiret,
763 5482 879 5521 sese
928 5482 1033 5522 non
1084 5470 1373 5538 abdidisse,
1431 5478 1675 5546 nuspiuut

145 5544 350 5604 allirmat.
398 5550 529 5619 Nec,
583 5556 686 5609 etsi
738 5556 789 5609 id
834 5556 1141 5623 affirmaret,
1180 5576 1517 5633 consequens
1537 5544 1678 5635 pro—

147 5647 291 5702 pterca
334 5645 502 5711 fieret,
540 5656 618 5711 ut,
652 5649 905 5717 spectatis
948 5650 1033 5715 iis,
1064 5668 1182 5719 quae
1210 5652 1254 5705 is
1286 5655 1518 5723 scriptor
1563 5675 1677 5714 me-

148 5732 295 5788 moria:
321 5737 513 5805 prodit,
546 5747 766 5794 sanctus
809 5749 1013 5808 noster,
1059 5750 1349 5813 antequam
1383 5746 1434 5800 in
1483 5748 1673 5802 solitu-

1782 4664 2084 4720 Cartbusia:
2106 4682 2347 4721 eremum
2382 4665 2696 4721 secessisse.
2725 4681 2817 4722 seu
2864 4668 2930 4720 ad
2962 4668 3019 4722 S.
3055 4667 3358 4736 Hugouem,

1782 4754 2341 4824 Gratianopolitauutn
2393 4763 2724 4834 episcOpum,
2773 4779 2803 4818 a
2855 4777 2961 4832 quo
2997 4761 3050 4816 in
3101 4761 3242 4816 hanc
3288 4774 3354 4816 ex

1782 4847 2021 4902 dicendis
2049 4850 2241 4904 ductus
2265 4850 2385 4918 fuit,
2413 4867 2532 4909 sese
2559 4856 2871 4912 contulisse.

1851 4937 1977 4991 414.
2011 4937 2206 4993 Verum
2237 4951 2474 5005 sanctus,
2516 4954 2803 5014 antequam
2830 4945 2934 5001 hoc
2972 4945 3198 5011 faceret,
3235 4945 3348 5001 soli

1784 5028 2021 5083 tudinem
2070 5044 2100 5082 a
2131 5029 2432 5086 Carthusize
2482 5049 2665 5089 eremo
2713 5035 2980 5090 diversam
3030 5036 3249 5099 adiisse,
3299 5036 3354 5088 in

1780 5133 1950 5187 eaque
2003 5118 2315 5188 aliquandiu
2368 5132 2730 5178 commoratus
2783 5124 2949 5180 fuisse
2993 5126 3224 5180 videtur.
3277 5124 3353 5178 Ita

1779 5207 2031 5275 opinandi
2085 5223 2273 5263 ansam
2324 5224 2417 5264 seu
2464 5209 2869 5267 fundamentum
2924 5216 3163 5284 praebent
3216 5214 3355 5267 varii

1782 5295 2033 5351 funebres
2058 5298 2228 5352 sancti
2258 5298 2442 5363 Tituli,
2474 5302 2548 5355 uti
2590 5304 2750 5356 etiam
2793 5303 3133 5359 Mabiilonius
3161 5304 3213 5357 in
3259 5318 3352 5358 or-

1779 5386 1920 5440 dinis
1942 5387 2022 5440 sui
2049 5386 2378 5443 Benedictini
2407 5390 2717 5455 Annalibus,
2756 5394 2849 5447 lib.
2895 5409 3036 5457 Lm,
3067 5409 3214 5447 num.
3260 5394 3352 5449 66.

1780 5476 1878 5532 Hic
1923 5479 2066 5531 enim
2112 5480 2344 5548 scriptor
2398 5481 2611 5546 ibidem,
2657 5484 2721 5536 de
2764 5492 2952 5537 sancto
2992 5492 3199 5548 nostro,
3235 5484 3333 5553 qui

1778 5568 2117 5623 Carthusiam
2174 5572 2378 5636 adiens,
2434 5574 2608 5643 magni
2665 5574 2895 5626 nominis
2951 5574 3256 5639 eremitam,
3304 5578 3352 5630 si

1778 5661 2168 5716 Blomeuvenna
2215 5679 2277 5717 ex
2312 5663 2540 5718 Henrico
2580 5664 2769 5723 calcar
2799 5672 2943 5718 recte
2974 5675 3138 5729 notet,
3172 5668 3224 5719 in
3260 5668 3348 5722 via

1780 5750 2126 5817 consuluerit,
2159 5766 2460 5807 sermonem
2505 5751 2728 5817 faciens,
2756 5751 2871 5807 haec
2898 5755 3177 5825 sequentia
3221 5773 3351 5826 pro»
