3814 6306
469 322 569 377 251

1291 314 1345 370 S.
1388 311 1732 368 llRiTNONlS
1772 309 2411 369 CARTliUSlANORUM
2450 312 2935 371 lNSTl'l'UTORlS

3624 313 3714 369 25‘!

469 435 551 492 dit
576 432 851 489 memoria:
883 447 897 483 :
936 446 956 479 ι
982 427 1215 494 Quinam
1246 428 1317 482 sit
1348 428 1433 483 ille
1464 428 1639 499 magni
1672 426 1903 481 nominis
1931 440 2049 478 ere—
2078 429 2124 484 Α
2150 426 2243 481 sia:
2297 428 2696 483 Beverlacensis
2751 428 3043 484 canonicus
3071 466 3084 491 ,
3142 434 3336 481 sancto
3399 424 3713 491 parentavit,

471 525 625 588 mita,
658 538 818 593 quem
861 518 1041 571 Burno
1084 518 1330 573 adeundo
1374 518 1718 573 Cartbusiam
1762 515 2051 579 consuluit,

473 630 636 670 “mlo
662 615 938 673 hactenus,
968 628 1033 666 ne
1059 611 1277 680 quidem
1308 607 1617 671 divinando,
1644 615 1922 660 assecutus
1951 613 2053 658 est.

473 703 840 774 Conjiciebam
900 704 1187 772 aliquando
1230 701 1398 755 fuisse
1436 698 1767 768 Stephanum
1799 697 2058 750 Tiernen-

476 812 615 862 sem,
663 796 754 865 qui
809 806 919 849 tum
973 794 1163 848 Mureti
1223 791 1364 861 apud
1417 788 1731 844 Lemovicos
1787 801 1903 840 non
1939 787 2059 840 sine

479 885 663 958 magni
721 885 957 939 nominis
1002 883 1143 937 fama
1183 880 1513 936 ercmiticam
1565 878 1726 930 vitam
1777 892 1899 931 cum
1944 877 2058 929 suis

477 977 692 1041 agebat.
722 976 790 1027 At
812 974 1131 1043 quibusdam
1168 968 1527 1024 monumentis
1555 967 1816 1030 adducor,
1843 973 1903 1018 ut.
1936 980 2056 1019 cre-

478 1065 627 1128 dam,
660 1064 805 1117 illum
835 1064 1011 1133 magni
1036 1060 1271 1115 nominis
1292 1058 1574 1112 eremitam
1599 1072 1706 1110 non
1748 1057 1911 1110 alium
1938 1071 2061 1110 esse

477 1171 639 1224 quam
686 1156 1009 1219 linbcrtum,
1042 1152 1290 1207 abbatem
1324 1150 1740 1204 Molismensem.
1773 1150 1960 1204 Exstat
2005 1148 2057 1201 in

476 1247 623 1300 illius
672 1246 983 1299 monasterii
1035 1242 1300 1297 tabulario
1334 1241 1611 1296 ‘Rainardi
1671 1243 1735 1295 de
1772 1240 1960 1305 Barro,
2007 1248 2062 1295 et

476 1335 738 1391 Johannis
786 1338 851 1389 de
902 1335 1138 1388 Laniaco
1188 1334 1398 1397 charta,
1449 1347 1551 1399 qua
1605 1350 1622 1381 ‹
1678 1340 1876 1385 terram
1920 1332 2060 1399 apud

479 1444 495 1473 ε
550 1424 1097 1477 Siccam-190nmnam
1129 1465 1142 1487 ,
1195 1424 1380 1476 labore
1427 1423 1703 1475 hominum
1762 1441 1793 1485 ,ι
1853 1423 2060 1491 ‘parlim

483 1532 507 1563 ι
552 1512 665 1583 jam
712 1514 1109 1583 cotnplanatam
1137 1555 1151 1577 ,
1197 1534 1215 1565 ι
1273 1514 1524 1566 ΙιευιΙιηιιυ
1578 1512 1829 1566 Valentia
1868 1515 2064 1568 comite

479 1605 734 1659 Brenensi
783 1614 837 1659 et
884 1606 1163 1671 Barrensi,
1211 1604 1363 1671 cujus
1419 1624 1436 1656 ‹
1478 1606 1578 1658 hoc
1623 1614 2058 1660 casanurntum.»

488 1704 617 1757 .rat,
642 1694 886 1747 ecclesia:
916 1694 1242 1773 Molismensi
1269 1694 1574 1747 conferunt.

2156 518 2475 575 hexametro
2507 508 2767 575 duntaxat
2798 528 3250 589 pentametroque
3283 525 3514 571 constat.

2225 611 2323 664 Det
2352 614 2516 681 pietas
2539 611 2733 666 Christi
2772 613 2883 677 tibi,
2916 611 3117 673 Bruno,
3148 610 3291 679 quod
3321 608 3571 661 meruisti.

2229 700 2429 755 Factus
2451 704 2503 757 in
2533 705 2630 756 hac
2658 705 2760 757 vita
2789 704 3072 756 monachus
3098 702 3271 772 prius,
3296 700 3416 751 hinc
3440 698 3659 751 eremita.

2159 793 2414 860 Quartus,
2445 809 2538 849 seu
2588 794 2691 849 M3
2746 795 2886 848 inter
2943 794 3306 855 recudendns,
3358 804 3515 859 quem
3557 798 3720 843 sancto

2159 884 2467 940 Castrensis
2499 885 2555 940 S.
2590 885 2739 940 Petri
2778 886 3005 940 ecclesia
3050 883 3354 954 inscripsit,
3386 883 3532 936 hisce
3573 880 3719 950 potis-

2159 975 2355 1029 sinmrn
2381 976 2661 1031 versiculis
2686 976 2988 1045 concipitur
3016 991 3032 1027 :

2230 1063 2413 1118 Gloria
2434 1066 2725 1135 justorum,
2756 1065 2945 1119 solatia
2972 1067 3085 1119 sola
3114 1079 3329 1117 reorum

2299 1154 2481 1208 Brimo
2503 1155 2603 1221 fuit
2632 1155 2822 1218 vivens,
2850 1172 3044 1225 parque
3070 1154 3226 1207 dolor
3248 1153 3497 1206 moriens.

2236 1243 2414 1297 Totius
2445 1244 2569 1298 cleri
2595 1246 2774 1310 decus,
2805 1247 3069 1315 exenzplar
3095 1261 3303 1315 quoque
3335 1245 3443 1296 reri

2309 1334 2454 1387 Mors
2480 1334 2631 1388 dolor
2652 1337 2866 1405 eripuit,
2900 1337 3023 1388 dum
3061 1335 3225 1387 Pater
3256 1334 3514 1387 occubuit.

2236 1423 2466 1492 E/fectus
2504 1427 2787 1477 monac/tus
2826 1427 2990 1493 prius,
3021 1427 3142 1477 hinc
3169 1426 3487 1492 eremitaque
3520 1432 3689 1484 rectus,

2305 1516 2492 1571 Gratia
2519 1534 2726 1570 summa
2753 1517 2846 1570 Dei
2872 1518 3185 1585 propitietur
3213 1516 3282 1568 ei.

2168 1611 2403 1666 Sanetus
2441 1611 2641 1679 itaque,
2683 1610 2760 1662 uti
2792 1625 2857 1663 ex
2897 1610 3045 1662 hisee
3086 1607 3202 1676 jam
3239 1604 3480 1659 recitatis
3524 1602 3728 1654 funebri-

2170 1704 2266 1756 bus
2322 1701 2495 1756 titulis
2543 1701 2659 1769 ejus
2706 1708 2959 1769 apparet,
3012 1698 3343 1753 monachum
3394 1696 3537 1764 prius
3582 1693 3727 1745 induit

544 1786 671 1840 M5.
708 1806 725 1837 ι
762 1789 895 1842 Cum
937 1802 1063 1840 vero
1116 1785 1346 1839 ecclesia
1382 1783 1479 1837 loci
1519 1784 1683 1849 illius,
1711 1801 1870 1854 quam
1898 1786 2067 1839 aedili-
2102 1779 2145 1833 Β
2172 1794 2405 1863 egitque,
2452 1808 2613 1862 quam
2663 1793 2828 1846 vitam
2878 1791 3219 1845 cremiticam
3256 1787 3418 1840 fuerit
3460 1784 3727 1853 amplexas.

482 1899 503 1932 ι
538 1888 797 1934 caverant
832 1880 1024 1934 Petrus
1065 1887 1121 1931 ct
1149 1877 1488 1937 Lambertus,
1524 1876 1767 1947 discipuli
1820 1879 2065 1944 magistri

483 1988 507 2022 c
542 1969 832 2032 Brunonis,
864 1971 955 2038 qui
1001 1985 1122 2023 cum
1169 1986 1234 2024 eo
1266 1970 1315 2023 in
1350 1970 1623 2023 territorio
1670 1968 1760 2021 illo
1795 1977 1972 2030 erant,
2015 1977 2070 2021 et

484 2078 506 2112 ι
538 2060 817 2115 eremitice
847 2060 1112 2122 vixerant,
1156 2075 1184 2114 a
1216 2060 1415 2113 domno
1460 2059 1694 2113 Roberto
1743 2058 2065 2128 Lingonensi

486 2171 506 2202 ι
548 2152 802 2219 episcopo
846 2151 895 2204 in
944 2152 1146 2206 honore
1192 2152 1360 2205 beata:
1393 2167 1607 2220 semper
1637 2151 1860 2218 virginis
1892 2151 2072 2203 Mariae

486 2262 504 2290 ι
543 2241 908 2306 dedicaretur,
944 2242 1253 2309 atriumque.
1301 2242 1734 2304 benedicerelur,
1782 2243 2073 2311 praulictns

491 2353 515 2387 ι
550 2351 735 2389 comes
758 2344 814 2388 et
844 2335 981 2388 idem
1016 2335 1334 2404 liaynardus
1367 2344 1419 2388 et
1442 2333 1710 2387 Acelenns
1733 2348 1855 2385 cum
1890 2333 2072 2388 multis

488 2446 509 2478 ε
544 2424 666 2480 aliis
707 2421 999 2496 priesent'es
1047 2424 1283 2479 fuertmt.
1321 2444 1339 2476 ι
1377 2425 1454 2478 Ex
1491 2426 1687 2492 quibus
1735 2424 2071 2493 intelligitur,

487 2515 789 2569 Brunonem
838 2517 976 2584 apud
1032 2514 1599 2577 Siccam—Fontanam,
1658 2514 1746 2582 qui
1798 2513 1946 2568 locus
1993 2523 2076 2567 est

486 2605 735 2659 dioecesis
772 2603 1131 2674 Lingonensis
1159 2605 1210 2657 in
1242 2605 1686 2658 archidiaconatu
1734 2605 1883 2657 Barri
1915 2620 2077 2673 super

487 2697 697 2762 Albam,
735 2698 1049 2765 aliquamliu
1094 2698 1372 2752 eremitice
1420 2698 1619 2752 vixisse
1647 2714 1768 2751 cum
1806 2696 2076 2768 przedictis

489 2785 651 2841 Petro
692 2798 747 2841 et
790 2787 1079 2842 Lamberto
1110 2788 1280 2855 ipsius
1311 2788 1593 2855 discipulis
1642 2796 1697 2840 et
1736 2789 1800 2842 de
1831 2789 2078 2857 proximo

488 2879 771 2934 consulere
818 2881 1059 2950 potuisse
1111 2880 1431 2934 Rotbertum
1483 2879 1883 2933 Molismensem
1919 2880 2080 2949 abba-

490 2979 620 3036 tem,
659 2972 840 3038 magni
891 2980 1002 3025 tum
1055 2972 1312 3037 nominis,
1357 2972 1447 3041 qui
1498 2972 1834 3026 eremiticam
1882 2972 2077 3041 passim

498 3061 663 3115 vitam
688 3062 902 3132 agebat.
934 3061 1085 3116 Nulla
1113 3062 1370 3130 praedicto
1411 3063 1767 3117 instrumento
1795 3063 2083 3132 apponitur

498 3151 766 3208 Chronica
816 3163 971 3217 nota;
1008 3155 1098 3208 sed
1147 3154 1212 3207 ad
1250 3154 1545 3223 marginem
1588 3155 1876 3208 recentiori
1918 3169 2080 3207 tnanu

491 3246 765 3314 ascriptus
809 3254 892 3299 est
948 3260 1122 3299 annus
1179 3246 1348 3309 1081,
1413 3245 1502 3313 qui
1560 3246 1784 3311 tempori
1837 3258 2084 3298 secessus

492 3335 762 3389 Brunonis
814 3335 1059 3404 apprime
1108 3334 1400 3387 convenire
1458 3344 1651 3401 potest.
1710 3334 1818 3387 Nec
1879 3336 2082 3398 obstat,

493 3427 637 3497 quod
679 3426 973 3481 Rothertus
997 3426 1296 3496 Lingonum
1352 3424 1546 3493 prmsul
1572 3435 1625 3480 et
1661 3427 1777 3495 ipse
1820 3426 2085 3480 Brunonis

494 3519 816 3589 discipulus,
858 3521 948 3589 qui
980 3520 1435 3573 Siccae-Fontanus:
1462 3518 1746 3573 ecclesiam
1793 3518 2084 3584 dedicavit,

496 3624 604 3668 ron
627 3620 752 3666 ante
787 3628 987 3665 annnnt
1020 3611 1158 3667 1085
1193 3613 1330 3665 hanc
1362 3611 1543 3666 sedem
1576 3612 1777 3667 inierit.
1816 3612 1949 3665 Nam
1972 3612 2087 3666 haec

498 3704 770 3761 dedicatio
806 3705 1082 3774 aliquanto
1133 3715 1254 3776 post
1311 3721 1578 3762 recessum
1633 3706 1898 3761 Brunonis
1947 3706 2085 3761 facta

498 3802 605 3851 est.
655 3795 815 3850 Certe
864 3796 1100 3850 Brunoni
1134 3796 1333 3851 ‘Retnis
1388 3798 1811 3868 Gratianopolim
1865 3798 2087 3852 adeunti

498 3887 718 3942 obvium
770 3896 892 3943 erat
943 3886 1286 3944 Molismense
1357 3889 1786 3953 tuonasterinm,
1822 3890 2088 3956 adeoque

500 3977 796 4036 Rotbertus
823 3980 939 4048 ejus
960 3980 1151 4048 abbas,
1183 3996 1342 4050 quem
1381 3981 1557 4034 nullus
1589 3991 1699 4033 tum
1737 3980 2089 4036 eremitarum

498 4079 594 4125 aut
633 4071 1044 4137 monachorum,
1076 4074 1141 4125 ad
1188 4072 1573 4141 perfectionem
1619 4071 1722 4126 illis
1763 4071 1814 4125 in
1848 4072 2091 4140 partibus

499 4162 966 4226 contendentium,
998 4179 1103 4217 non
1154 4172 1417 4216 rectorem
1453 4177 1517 4216 ac
1544 4163 1732 4216 ducem
1764 4161 1963 4216 habere
1987 4176 2086 4216 cu-

499 4254 702 4322 piebat.
741 4273 758 4306 »
794 4253 867 4307 lta
896 4253 1017 4308 ille:
1050 4269 1081 4307 e
1110 4254 1279 4308 titulis
1321 4262 1500 4307 autem
1531 4252 1867 4318 funebribus,
1899 4269 1929 4308 e
1965 4253 2088 4322 qui-

500 4342 642 4411 bus,
689 4353 936 4400 sanctum
980 4356 1128 4399 recta
1184 4344 1235 4397 in
1287 4343 1674 4407 Carthusiam,
1720 4357 1840 4397 cum
1892 4342 2091 4397 mundo

2170 1884 2246 1937 Ita
2279 1884 2505 1946 scilicet,
2539 1882 2990 1951 quemadmodum
3022 1880 3278 1935 ilistorim
3302 1877 3569 1932 litterariae
3590 1874 3728 1928 Fran-

2172 1975 2268 2029 cia).
2299 1974 2589 2041 scriptores
2635 1981 2765 2025 tom.
2801 1972 2894 2037 1X,
2924 1988 3047 2041 pag.
3080 1971 3187 2023 237
3216 1969 3505 2023 ObSchattl
3526 2007 3539 2029 ,
3580 1964 3729 2017 titulo-

2176 2080 2294 2117 rum
2330 2062 2543 2116 illorum
2591 2072 2840 2117 auctores
2893 2062 3180 2132 designare
3217 2057 3488 2112 voluerint
3533 2064 3727 2123 tempus.

2174 2172 2280 2226 quo
2312 2164 2551 2215 sanctus,
2584 2164 2873 2223 antequam
2902 2155 2955 2207 in
3002 2153 3310 2208 Cartbusia:
3340 2164 3573 2205 eremmn
3609 2160 3723 2201 sece-

2175 2252 2350 2314 deret,
2402 2248 2745 2305 solitudinem
2794 2244 3137 2308 inhabitavit,
3192 2259 3329 2306 seu,
3384 2240 3522 2311 quod
3570 2238 3730 2293 eodem

2177 2343 2392 2408 recidit,
2425 2341 2768 2397 solitudinem
2820 2354 2851 2392 a
2892 2336 3195 2391 Carthasim
3246 2351 3430 2389 eremo
3479 2332 3729 2389 diversam,

2178 2441 2469 2501 antequam
2502 2430 2554 2483 in
2590 2430 2726 2483 hanc
2773 2443 2894 2482 sese
2922 2427 3184 2491 abderet,
3233 2432 3477 2479 sanctum
3522 2424 3728 2474 nostrutr

2182 2522 2533 2585 inhabitasse,
2565 2519 2837 2588 vitamque
2862 2517 2912 2571 in
2944 2530 3007 2569 ea
3044 2515 3427 2570 monachicam
3463 2509 3677 2565 duxisse.

2249 2614 2374 2668 M7.
2407 2613 2483 2665 Ita
2512 2612 2623 2665 fere
2648 2620 2908 2679 quantum
2940 2608 3005 2662 ad
3038 2606 3405 2661 substantiam
3434 2601 3527 2665 illi,
3561 2598 3733 2652 adden—

2181 2713 2263 2758 tes
2290 2703 2453 2757 etiam
2483 2701 2680 2765 locum,
2707 2700 2763 2753 in
2803 2714 2910 2768 quo
2936 2705 3190 2762 sanctus,
3221 2705 3506 2763 antequam
3540 2690 3588 2744 in
3624 2687 3732 2741 Car-

2184 2797 2376 2851 thusiae
2404 2809 2649 2848 erenmm
2687 2794 2989 2858 secederet,
3031 2789 3351 2859 aliquandiu
3382 2785 3480 2839 fuit
3506 2788 3733 2842 versatus,

2183 2885 2641 2941 Siccus-Fontanus
2682 2883 3026 2937 solitudinem
3072 2881 3372 2935 exstitisse.
3418 2877 3482 2931 Et
3526 2877 3734 2928 sanctum

2183 2992 2314 3033 sane
2344 2977 2396 3030 in
2424 2978 2546 3037 hac,
2575 2985 2864 3043 antequam
2890 2972 3178 3027 Cartbusia
3191 2987 3241 3026 nt
3264 2968 3474 3031 adierit,
3500 2965 3734 3049 aliquanto

2187 3068 2444 3137 temporis
2488 3068 2662 3136 spatio
2708 3064 3003 3129 habitasse,
3038 3063 3169 3117 mihi
3223 3070 3309 3116 sat
3351 3053 3733 3116 vcrosimile,ne

2188 3161 2361 3213 dicam
2411 3167 2660 3217 certum,
2711 3156 2956 3217 faciunt,
3016 3168 3135 3223 qua:
3190 3148 3561 3207 Mabillonius,
3607 3156 3734 3211 quem

2185 3250 2346 3304 etiam
2380 3249 2433 3302 in
2465 3248 2710 3317 margine
2759 3246 3000 3309 laudant,
3036 3244 3153 3297 loco
3183 3257 3346 3312 supra
3379 3240 3539 3294 citato
3565 3234 3611 3288 in
3644 3243 3732 3285 mc-

2187 3342 2334 3395 dium
2383 3339 2621 3394 adducit.
2682 3338 2881 3393 Verum
2935 3353 3058 3392 cum
3090 3351 3157 3391 ex
3204 3336 3354 3389 hisce
3410 3330 3614 3391 ibidem,
3650 3335 3733 3375 non

2188 3429 2606 3493 monachicam,
2671 3428 2765 3483 sed
2852 3426 3196 3482 eremiticam
3250 3426 3537 3479 duntaxat
3602 3414 3735 3467 vitam

2189 3522 2406 3577 duxisse
2452 3530 2670 3575 sanctus
2722 3518 3086 3589 intelligatur,
3137 3532 3246 3585 qua
3315 3514 3514 3569 ratione
3558 3500 3734 3559 veritati

2187 3621 2494 3684 congruunt
2526 3612 2661 3667 tituli
2708 3611 2908 3666 diversi
2958 3609 3217 3665 funebres
3256 3605 3498 3676 proxime
3536 3591 3731 3684 recitari.

2188 3705 2385 3773 quibus
2441 3704 2746 3757 Brunonem
2810 3701 2987 3771 primo
3042 3697 3414 3758 monachum,
3468 3705 3529 3744 ac
3579 3678 3731 3739 deindt

2189 3797 2474 3851 eremitam
2508 3795 2711 3850 factum
2737 3808 2858 3848 esse
2896 3792 3191 3847 docemur?
3228 3786 3463 3844 DitIicitis
3503 3774 3733 3870 sanciat

2189 3887 2529 3955 plicatusque
2558 3884 2713 3939 valde
2742 3885 2830 3938 hic
2874 3884 3046 3938 nodus
3072 3883 3309 3937 videtur.
3342 3882 3535 3935 Verum
3562 3865 3674 3939 quid
3697 3865 3734 3964 si

2190 3988 2412 4033 sanctus
2465 3991 2495 4029 a
2526 3976 2846 4030 monachico
2898 3975 3124 4037 habitu,
3165 3988 3330 4043 quem
3384 3982 3522 4027 mox,
3564 3968 3734 4055 cntutu

2192 4069 2650 4123 Siccae-Fontanze
2695 4067 3037 4121 solitudinem
3083 4080 3204 4120 sese
3253 4061 3474 4123 abdidit,
3520 4051 3722 4144 induerit

2191 4162 2367 4229 primo
2417 4160 2634 4230 quidem
2686 4159 3000 4223 monachus,
3056 4158 3285 4212 cremita
3316 4167 3439 4206 vero
3468 4152 3579 4217 post
3621 4156 3645 4192 a

2194 4252 2350 4305 vendi
2400 4266 2610 4315 norma,
2643 4266 2806 4321 quam
2861 4260 2916 4304 et
2968 4260 3095 4303 tunc
3125 4249 3322 4302 deinde
3369 4239 3630 4310 amplexus
3664 4236 3736 4321 sit,

2193 4344 2369 4398 factus
2406 4344 2571 4399 fuisse
2602 4315 2936 4413 in—przefatis
2966 4341 3133 4395 titulis
3176 4336 3490 4393 funebribus
3530 4315 3735 4413 dicatur?

499 4435 780 4503 valedixit,
810 4452 915 4492 non
947 4438 1258 4503 secessisse,
1287 4436 1559 4499 existimo,
1603 4435 1810 4503 primus
1838 4434 1894 4488 S.
1942 4434 2084 4489 Petri
2121 4458 2164 4512 ι)
2192 4438 2330 4504 Quid
2372 4438 2416 4493 si
2465 4439 2628 4491 etiam
2665 4436 2715 4490 id
2749 4436 2865 4500 fiat,
2899 4435 3040 4503 quod
3084 4434 3136 4487 in
3182 4423 3507 4485 Mnlismensi
3537 4411 3737 4512 abbatia.

502 4525 796 4583 Treeorum
847 4539 952 4596 est,
1011 4530 1300 4600 locmnque
1349 4532 1492 4585 inter
1520 4532 1758 4587 edendos
1787 4531 1855 4585 47
1902 4541 2090 4586 tenens

503 4617 589 4674 sic
610 4618 771 4675 habet
800 4637 814 4674 :

578 4711 648 4766 Ut
688 4711 893 4768 Titulus
915 4714 1061 4779 dicit,
1093 4717 1276 4770 mundi
1305 4721 1587 4774 tentamina
1612 4720 1733 4774 vicit

645 4804 826 4859 Bruuo
852 4806 933 4859 vir
962 4808 1166 4876 sapiens
1186 4809 1341 4877 jussu
1370 4810 1467 4863 Dei
1492 4813 1710 4879 faciens.

576 4900 779 4972 Sprevit
809 4917 927 4971 opes
954 4901 1168 4967 multas,
1195 4903 1295 4956 sibi
1321 4919 1411 4956 nec
1435 4904 1532 4970 fuit
1563 4905 1669 4958 ulla
1692 4904 1952 4972 facultas;

651 4990 756 5048 Sed
782 4993 1034 5064 quidquid
1060 4996 1250 5060 potuit,
1277 4996 1529 5063 fratribus
1558 4997 1811 5049 eJhilmit.

578 5082 741 5153 Fugit
766 5085 831 5138 ab
860 5084 960 5137 hac
983 5085 1106 5149 vita,
1140 5087 1428 5139 monachus
1454 5087 1511 5155 ﬁt
1541 5097 1587 5139 et
1623 5089 1741 5139 hinc
1764 5088 1994 5140 eremita.

642 5174 782 5228 Dum
810 5174 885 5227 sic
911 5173 1174 5235 abstinuit,
1211 5191 1367 5244 regna
1397 5176 1501 5245 puli
1532 5176 1739 5239 meruit,
1774 5184 1879 5229 etc.

578 5263 703 5320 416.
736 5262 1041 5328 Secundus,
1076 5263 1167 5331 qui
1210 5264 1524 5318 monialium
1572 5265 1736 5317 'l‘itnli
1786 5264 1842 5318 S.
1872 5263 2095 5318 Joannis

508 5353 764 5425 Baptistae
789 5360 892 5417 est,
917 5352 1144 5419 locoque
1174 5352 1241 5406 68
1269 5354 1575 5418 recudezur,
1615 5354 1770 5407 binos
1800 5354 1962 5407 hosce
1993 5369 2093 5406 una

509 5462 636 5501 cum
668 5445 788 5499 aliis
810 5443 1082 5500 nonnullis
1111 5443 1488 5513 complectitur
1516 5446 1811 5500 versiculos
1844 5464 1856 5499 :

593 5538 729 5595 Vivit
757 5541 927 5594 adhuc
959 5538 1163 5602 Bruno,
1192 5538 1289 5592 sibi
1310 5538 1539 5592 traditur
1561 5556 1593 5591 a
1625 5537 1779 5593 Putre
1810 5539 1934 5592 vita.

581 5631 815 5687 Clericus
840 5633 946 5704 ipse
974 5632 1098 5702 fuit,
1126 5631 1183 5699 ﬁt
1207 5632 1510 5696 monachus,
1537 5632 1655 5684 hinc
1683 5631 1914 5685 eremita.

524 5720 754 5792 Tertius,
786 5723 926 5783 inter
963 5721 1294 5780 recudendos
1328 5722 1448 5779 159.
1478 5737 1585 5792 quo
1615 5721 1883 5787 Albcitus,
1909 5721 2090 5775 Eccle-

2198 4528 2663 4583 Sicr'te—Fontana:
2686 4525 2960 4581 solitudini
2988 4524 3184 4585 vicina,
3222 4523 3396 4590 reipsa
3432 4507 3737 4604 monachum.

2199 4620 2516 4674 monachico
2538 4620 2700 4674 etiam
2732 4617 2915 4671 habitu
2956 4627 3256 4685 assumpto,
3286 4608 3475 4680 egeril.
3501 4616 3559 4655 π
3581 4588 3737 4691 limi!"

2199 4723 2309 4766 tum
2338 4714 2388 4766 in
2415 4712 2869 4767 Siccaz-Fontanzc
2900 4709 3209 4771 solitudine,
3242 4716 3351 4759 tum
3397 4705 3447 4753 in
3480 4689 3738 4783 (Larti-wsij

2197 4806 2568 4874 Calairixﬂue
2613 4804 2814 4859 eremis
2867 4802 2991 4855 vit-.c
3022 4799 3316 4854 eremitiere
3368 4804 3482 4847 sese
3532 4768 3738 4837 dederit?

2198 4897 2341 4952 Sane
2392 4906 2451 4949 nt
2508 4905 2839 4965 postremum
2890 4894 2993 4948 hoc
3045 4887 3502 4945 verosimillimnm
3550 4879 3737 4966 putent.

2201 4990 2407 5042 iaciunt
2460 4999 2571 5042 tum
2614 4988 2742 5043 dicti
2794 4985 2931 5039 tituli
2984 4985 3261 5047 funebres,
3311 4988 3420 5032 tum
3472 4976 3635 5021 votum
3675 4969 3736 5007 m-

2198 5082 2396 5137 duendi
2433 5082 2781 5143 monachum,
2809 5094 2835 5131 a
2866 5086 3054 5132 sancto
3080 5092 3144 5129 ex
3172 5073 3327 5129 dictis
3350 5076 3471 5122 ante
3493 5055 3734 5146 ezniSSfll";

2199 5181 2256 5225 ut
2286 5182 2464 5224 autem
2493 5171 2809 5223 alterutrum
2839 5175 3149 5230 astruatur,
3183 5162 3409 5218 suadere
3441 5151 3589 5206 etiam
3616 5135 3735 5188 γιίῖθί

2199 5271 2307 5323 tur,
2348 5276 2455 5329 quo
2486 5269 2672 5314 saneto
2714 5260 2781 5313 ab
2811 5258 3064 5313 Ecclesiae
3091 5272 3184 5312 seu
3213 5249 3433 5307 abbatizc
3469 5236 3735 5329 ilolismctl'

2199 5356 2273 5409 sis
2331 5369 2425 5408 seu
2484 5352 2858 5407 Molcrnit‘nsis
2912 5350 3194 5406 monachis
3247 5345 3570 5414 parentatum
3621 5321 3731 5420 {ltili

2200 5446 2442 5500 funebris
2480 5445 2695 5509 titulus,
2744 5445 2884 5499 inter
2936 5440 3269 5497 recudendas
3319 5432 3404 5487 i0.
3452 5422 3730 5509 Hocentﬂt:

2203 5536 2687 5591 familiarissimum
2738 5536 2839 5590 sibi
2887 5534 3056 5587 fuisse
3104 5530 3162 5585 S.
3206 5528 3522 5581 Brinnonem.

2205 5627 2452 5685 monachi
2481 5628 2735 5698 produnt.
2762 5630 2784 5676 ι
2822 5625 3029 5679 Nostris
3064 5620 3329 5691 inquiunt,
3364 5596 3729 5698 versielllfim‘li"

2205 5682 2510 5775 habitamus
2536 5718 2851 5774 Molernium
2872 5714 3130 5770 addentes
3146 5710 3313 5767 vobis,
3329 5701 3413 5771 qui
3438 5690 3557 5749 estis
3580 5682 3723 5736 Tum.
