3814 6306
94 365 168 421 εδδ
1550 339 1752 418 ACTA.

3167 377 3276 440 231

93 474 426 538 ἰηηοιδοὶωυε.
456 474 594 544 quod
639 488 738 544 pro
785 473 1013 529 Domino
1059 475 1311 530 Brunone
1362 481 1593 543 patrono
1621 477 1929 534 Acouilnio
1976 480 2234 537 dioecesis
2279 482 2490 538 Diensis
2524 494 2607 539 cst
2649 485 2840 542 civitas
2878 489 3276 564 Gratianopolis

93 576 256 633 vestro,
307 575 485 621 nostro
543 578 726 620 autem
785 565 1246 632 familiarissima,
1303 568 1595 622 missarum

92 655 286 712 solemnia
325 655 504 709 diebus
534 641 752 726 triginta
798 656 1225 720 celebravimus;
1267 655 1432 710 etiam
1478 655 1596 725 ejus

92 748 219 803 obitus
250 747 664 802 anniversarium
691 749 832 802 diem
867 749 924 802 in
951 748 1200 820 catalogo
1239 748 1472 804 fratrum
1497 765 1595 805 no-

91 846 264 892 strorum
284 834 712 905 conscripsimus.
750 856 768 889 ι

135 924 508 1000 tl8.At_vero,
550 926 802 996 inquies,
853 927 957 983 etsi
1006 928 1306 999 primorum
1357 932 1594 1003 quinque

90 1015 316 1070 Carthasim
334 1015 568 1085 priorum
610 1018 972 1090 cbronologus
1001 1036 1096 1074 seu
1123 1021 1396 1091 antiquior
1421 1027 1590 1080 sancti

90 1104 208 1158 nostri
230 1104 539 1175 biographus
561 1106 762 1178 aliique
786 1111 1120 1166 recentiores
1141 1127 1248 1165 non
1277 1111 1588 1182 impediant,

91 1211 162 1264 quo
179 1196 324 1249 minus
349 1195 651 1252 Parisiense
683 1200 1011 1269 prodigium,
1061 1201 1108 1256 si
1151 1217 1388 1271 unquam
1416 1206 1591 1260 couti-

89 1289 152 1356 git,
175 1286 287 1340 ultra
323 1303 516 1342 annuat
563 1289 700 1344 1082
745 1299 912 1358 queat
939 1291 1168 1358 dill‘erri,
1207 1295 1478 1350 stantibus
1509 1307 1592 1350 ta-

89 1390 170 1428 men
189 1375 256 1440 iis,
291 1393 401 1446 qua:
439 1377 713 1443 scribunt,
745 1389 966 1436 sanctus
999 1391 1199 1444 noster.
1227 1399 1351 1439 cum
1395 1385 1594 1440 saeculo

90 1467 292 1535 valedixit,
331 1479 474 1524 recta
515 1471 573 1525 in
626 1471 972 1528 Carthusiam
1027 1476 1318 1532 secessisse
1358 1478 1590 1545 videtur,

90 1575 153 1614 nec
186 1560 306 1625 alibi,
349 1572 640 1633 antequam
685 1580 750 1619 eo
787 1581 907 1622 sese
949 1567 1240 1634 conferret,
1279 1569 1591 1639 aliquandiu

88 1665 166 1706 esse
197 1665 553 1708 commoratus.
587 1655 821 1722 Etenim,
855 1668 913 1712 ut
949 1658 1019 1714 ab
1061 1659 1353 1729 antiquiori
1405 1669 1592 1718 nostro

88 1739 307 1814 biographo
328 1743 556 1799 ducatur
579 1745 816 1808 initium,
843 1763 966 1803 mox
1001 1749 1112 1814 hic,
1137 1751 1402 1805 recensita
1430 1768 1589 1822 quam

1697 577 1860 638 atque
1889 569 1942 624 in
1972 585 2033 624 ea
2083 571 2272 628 beatus
2300 573 2472 644 Hugo,
2499 575 2744 644 ejusdem
2793 580 3031 637 civitatis
3066 586 3275 652 episeo-

1695 677 1814 732 pus,
1836 679 1995 732 quem
2029 663 2340 735 frequenter
2361 668 2596 724 vidimus
2623 679 2678 724 et
2702 675 3076 739 cognoscimus
3099 677 3271 733 virum

1695 753 1882 822 utique
1928 764 2210 820 sanctum,
2263 756 2464 824 justum
2516 769 2572 813 et
2619 768 2824 814 rectum
2877 779 2940 816 ac
2997 763 3273 822 timentem

1694 846 1883 910 Deum,
1909 846 2086 900 virum
2143 848 2195 901 in
2246 850 2394 902 omni
2445 850 2644 906 virtute
2691 853 3054 908 exercitatum
3108 866 3272 924 atque

1694 937 2012 1010 pet-fectum.
2045 939 2093 992 ls
2126 939 2289 996 habet
2330 941 2382 994 in
2411 941 2636 997 dicecesi
2681 959 2778 998 sua
2820 954 3029 1000 montes
3075 947 3273 1002 altissi-

1695 1046 1834 1094 mos,
1863 1030 1917 1083 in
1950 1031 2146 1100 quibus
2177 1040 2306 1085 sunt
2330 1033 2542 1088 deserta
2572 1035 2688 1090 loca
2731 1036 2984 1105 plurima,
3017 1039 3082 1094 ab
3124 1041 3270 1094 omni

1695 1120 1974 1175 hominum
2007 1121 2236 1175 transitu
2264 1130 2320 1176 et
2349 1125 2623 1178 consortio
2652 1139 2922 1196 separata,
2951 1133 3016 1182 a'c
3043 1145 3141 1198 per
3168 1131 3273 1184 hoc

1695 1210 1764 1264 ad
1813 1211 2200 1280 ptenitcntiam
2253 1213 2514 1280 agendam
2546 1217 3124 1284 accommodatissima.
3165 1218 3272 1273 Iste

1693 1301 1882 1366 etiam,
1908 1291 2157 1370 exetiiplo
2203 1311 2258 1356 et
2301 1303 2520 1358 monitis
2563 1305 2629 1357 ad
2675 1307 3048 1374 pmnitcntiam
3082 1325 3270 1363 omnes

1694 1391 1955 1453 inritans,
1988 1392 2039 1446 in
2069 1393 2299 1446 adventu
2333 1401 2540 1458 nostro,
2571 1394 2614 1447 si
2644 1395 2818 1462 ipsum
2857 1399 3268 1463 accesserimus,

1693 1482 1946 1552 gaudebit
1993 1492 2047 1536 et
2091 1483 2197 1536 voti
2247 1493 2525 1552 compotes
2567 1483 2746 1538 faciet.
2783 1486 2872 1539 Est
2921 1488 3063 1541 enim
3104 1504 3269 1557 supra

1695 1577 1912 1630 modum
1940 1575 2078 1644 pius,
2109 1574 2372 1644 benignus
2409 1584 2463 1628 et
2505 1577 2836 1630 misericors.
2862 1577 2968 1632 Nos
2998 1594 3145 1642 vero,
3171 1583 3264 1648 qui

1693 1664 1865 1729 viam,
1891 1679 1996 1733 qua
2020 1663 2087 1716 ad
2114 1679 2235 1718 eum
2269 1664 2402 1728 itur,
2437 1663 2745 1734 frequenter
2766 1667 3178 1733 ambulavimus,
3202 1669 3272 1724 ad

1695 1753 1871 1822 ipsum
1904 1768 2001 1808 vos
2036 1755 2234 1809 ducere
2267 1753 2535 1819 valemus;
2574 1774 2592 1806 ι
2649 1771 2712 1808 ae
2750 1757 2941 1811 deinde
2969 1757 3058 1826 qui
3087 1757 3271 1812 Braeo

89 1841 264 1900 sanctus,
306 1835 414 1890 viso
459 1835 711 1890 horribili
767 1839 1100 1908 spectaculo,
1150 1841 1420 1910 habuerit,
1468 1860 1594 1899 ora-
1623 1813 1665 1870 Β
1695 1847 1918 1916 ejusque
1943 1847 2094 1911 socii,
2145 1847 2371 1914 probato
2411 1863 2538 1900 mox
2583 1848 2820 1901 omnium
2851 1813 3096 1912 ealculis,
3125 1849 3270 1918 quod

89 1919 202 1987 tione,
226 1923 286 1976 ita
311 1925 659 1994 prosequitur
710 1944 724 1981 :
765 1945 783 1976 ι
844 1928 940 1984 llis
990 1929 1073 1983 vel
1102 1931 1369 1986 similibus
1414 1932 1592 1989 verbis

91 2019 201 2079 atque
220 2016 483 2071 sententiis
508 2017 750 2086 seipsum
781 2028 835 2074 et
862 2021 1122 2089 quosdam
1149 2023 1283 2078 alios
1312 2023 1592 2094 alloquens

88 2102 377 2160 etexhortans
403 2105 850 2163 deliberaverunt
897 2110 1011 2178 ipse
1053 2119 1108 2166 et
1153 2126 1249 2169 sex
1299 2113 1389 2168 alii
1437 2116 1590 2184 probi

87 2191 154 2244 viti
178 2207 326 2258 secum
375 2198 766 2260 abrenuntiare
806 2202 1006 2257 mundo
1047 2213 1101 2257 et
1131 2205 1342 2276 pompis
1371 2207 1508 2274 ejus,
1537 2219 1593 2263 et

88 2278 130 2332 ad
157 2295 422 2354 perpetuam
463 2289 847 2357 pmnitentiam
887 2285 1248 2363 peragendam
1303 2297 1470 2352 eremi
1499 2299 1595 2354 de-

88 2379 186 2424 serta
202 2379 538 2446 competentia
571 2396 837 2450 qutercre,
867 2393 922 2438 et
951 2385 1170 2453 ibidem,
1198 2387 1398 2443 relictis
1425 2392 1592 2445 omni-

88 2456 153 2512 bus
183 2461 352 2520 divitiis
399 2477 453 2521 et
482 2469 696 2527 deliciis
724 2482 778 2526 et
835 2475 1130 2532 honoribus
1181 2478 1339 2548 hujus
1385 2482 1588 2546 mundi,

91 2553 269 2622 accipere
307 2557 497 2630 singuli
535 2577 727 2618 cruces
783 2580 908 2621 suas
955 2575 1011 2623 et
1064 2571 1264 2623 nudum
1317 2570 1588 2627 Christum

87 2645 187 2711 δεψιὶ
203 2661 282 2715 per
304 2664 503 2708 arctam
532 2655 680 2708 viam
708 2673 826 2725 quae
873 2659 1020 2714 ducit
1042 2662 1110 2715 ad
1134 2663 1318 2728 vitam,
1349 2673 1403 2718 ct
1427 2665 1588 2720 latam

89 2739 388 2803 acspatiosam
430 2743 714 2810 deserere,
747 2763 866 2816 qua:
891 2761 1162 2806 amatores
1205 2763 1260 2807 et
1293 2763 1590 2810 sectatores

89 2825 216 2879 mundi
253 2832 486 2898 perducit
517 2833 589 2888 ad
619 2837 876 2906 supplicia
908 2839 1412 2908 damnatorum..Et
1438 2845 1587 2910 ideo,

88 2919 171 2986 quia
209 2921 464 2978 audierant
514 2925 718 2981 famam
778 2931 1079 2986 sanctitatis
1129 2935 1302 2989 sancti
1354 2934 1592 3007 llugouis

87 3010 254 3082 episcopi
279 3013 787 3087 Gratianopolitani,
818 3022 909 3091 qui
949 3024 1098 3092 prius
1127 3025 1308 3095 aliquo
1349 3036 1590 3097 tempore

1695 1933 1847 1988 hisce
1877 1931 2056 1986 verbis
2087 1932 2400 1996 includitur,
2425 1933 2705 2001 utriusque
2734 1933 2992 2002 Stephani
3011 1935 3266 1999 consilio,

1694 2025 1762 2078 ad
1813 2023 2088 2092 llugonem
2124 2021 2689 2091 Gratiatmpolitanum
2721 2023 3066 2092 episcopum,
3108 2025 3270 2078 rebus

1694 2116 1806 2172 suis
1835 2113 2179 2186 compositis,
2210 2113 2563 2182 consultoque
2611 2114 2662 2166 in
2693 2113 2776 2166 via
2818 2114 2995 2182 magni
3037 2113 3271 2168 notuinis

1693 2205 1948 2269 eremita,‘
2005 2217 2125 2259 sese
2171 2202 2532 2266 contulerint,
2581 2203 2833 2272 exponit,
2881 2204 3024 2256 nulla
3079 2203 3267 2273 plane,

1692 2311 1813 2365 quae
1846 2295 2060 2350 illorum
2112 2295 2178 2348 ad
2207 2295 2350 2349 hunc
2381 2295 2623 2348 accessui
2663 2295 2934 2362 przeiverit
2964 2335 2978 2358 ,
3034 2305 3272 2349 commeo

1694 2387 1920 2443 rationis
1950 2387 2058 2441 alio
2089 2387 2140 2440 iu
2168 2386 2288 2440 loco
2315 2386 2588 2441 mentione
2617 2385 2776 2440 facta.
2809 2385 3078 2440 Puzcanus
3108 2401 3271 2456 porro

1692 2479 1745 2534 in
1771 2479 1980 2534 edenda
1999 2518 2013 2542 ,
2045 2493 2204 2547 quam
2227 2476 2568 2531 concinnavit
2593 2515 2608 2540 ,
2637 2477 2808 2530 sancti
2839 2475 2962 2530 Vita
3000 2478 3064 2529 ad
3088 2493 3268 2530 amus-

1692 2570 1795 2625 sim
1818 2569 1934 2624 fere
1960 2569 2161 2636 (neque
2186 2567 2361 2630 enim,
2391 2581 2512 2620 eum
2552 2565 2781 2620 consulti
2810 2567 2864 2618 in
2904 2566 2987 2619 via
3029 2565 3271 2620 eremitze

1692 2677 1799 2716 non
1835 2659 2152 2716 meminisse
2176 2698 2190 2722 ,
2233 2657 2524 2727 quidquam
2563 2655 2630 2709 ad
2667 2671 2778 2710 rem
2823 2657 2910 2708 hic
2950 2655 3100 2724 facit)
3147 2654 3270 2708 Blo-

1693 2766 2008 2806 menvennte
2070 2758 2380 2814 consonat,
2431 2756 2490 2802 ut
2544 2747 2766 2817 proinde
2818 2757 2926 2801 tam
2973 2748 3269 2801 secundum

1693 2846 1857 2900 hosce
1913 2843 2087 2899 sancti
2135 2842 2305 2896 nostri
2351 2839 2714 2910 hiographos,
2761 2853 2921 2907 quam
2973 2838 3269 2892 secundum

1692 2938 1949 2999 alterum,
1984 2951 2134 2990 num.
2165 2934 2398 3004 prteced.
2436 2940 2790 2988 memoratum
2837 2944 2929 2984 seu
2973 2929 3269 2998 primorum

1693 3026 1931 3095 quinque
1988 3023 2289 3079 Cartltusite
2360 3023 2602 3092 priorum
2645 3019 3033 3087 chronologum
3087 3017 3274 3069 Bruno

89 3098 259 3166 eiusdem
297 3107 540 3178 magistri
585 3108 851 3167 Brunouis
886 3113 938 3167 in
983 3115 1183 3169 scholis
1226 3118 1464 3172 creditur
1505 3132 1590 3173 so-

1695 3113 1920 3184 cjusque
1941 3113 2102 3177 socii,
2146 3129 2269 3167 cum
2304 3111 2502 3166 saeculo
2545 3110 2802 3164 nuncium
2855 3107 3114 3161 remisere
3158 3119 3270 3158 ere-

88 3191 164 3246 citts
194 3196 430 3265 extitisse,
460 3208 655 3255 sancto
704 3201 907 3272 Spiritu
957 3203 1272 3274 inspirante,
1302 3223 1593 3277 preposue-

91 3291 173 3337 runt
193 3287 246 3341 ad
284 3300 641 3346 memoratum
678 3279 926 3348 salictum
967 3295 1280 3365 episcopum
1315 3297 1476 3352 simul
1503 3313 1592 3354 ac-

89 3373 221 3430 cedere
242 3387 290 3432 et
322 3379 564 3448 ejusdem
591 3382 850 3438 auxilium
888 3394 942 3439 et
973 3385 1256 3440 consilium
1290 3387 1586 3456 requirere,

89 3474 126 3518 ut
157 3467 195 3522 in
217 3469 316 3537 ejus
349 3471 595 3540 ditecesi,
627 3489 786 3544 quam
832 3476 1116 3530 audierant
1147 3477 1332 3532 multis
1365 3478 1592 3532 desertis

89 3556 289 3615 montibus
321 3563 632 3627 abundare,
688 3574 1028 3620 mererentur
1081 3565 1256 3624 locum
1295 3583 1589 3639 congruum

89 3640 340 3716 obtinere,ln
361 3668 642 3722 quosuum
673 3665 918 3710 sanctum
932 3664 988 3712 et
1013 3655 1230 3712 salubre
1257 3659 1590 3728 propositum

89 3747 244 3800 possent
287 3742 492 3800 effectui
549 3747 877 3816 mancipare.
927 3747 1146 3818 Septem
1201 3749 1364 3818 igitur
1417 3749 1590 3808 sancti

90 3826 155 3881 tiri
174 3845 305 3902 supra
333 3835 522 3906 scripti
571 3835 825 3906 praedicta
869 3837 934 3891 tle
964 3853 1123 3892 causa
1171 3839 1240 3892 ad
1273 3838 1589 3908 prmdictum

91 3931 272 3977 sanetum
301 3926 635 3996 episcopum,
660 3925 797 3981 duce
837 3936 1024 3982 sancto
1069 3926 1295 3997 Spiritu,
1325 3921 1588 4000 pervenc-

91 4019 190 4066 runt.
235 4033 252 4068 ι
291 4015 418 4072 Cum
469 4018 640 4088 igitur
692 4019 946 4085 orationi,
995 4035 1028 4074 a
1072 4020 1131 4075 S.
1171 4020 1421 4076 Brunoue
1473 4031 1593 4091 prst

90 4104 316 4174 prodigium
343 4111 565 4176 habitae,
591 4127 710 4165 mox
741 4111 896 4179 hujus
919 4112 1294 4182 sociorumque
1315 4113 1590 4184 llugouem

91 4196 308 4254 accedendi
338 4201 652 4269 consilium,
679 4190 1030 4273 plexitncque
1065 4205 1318 4259 saxulum
1357 4207 1422 4260 ad
1461 4223 1590 4263 san-

92 4291 190 4339 ctum
211 4288 333 4345 hunc
354 4292 666 4362 episcopum
690 4309 990 4359 accessum,
1015 4295 1209 4350 nullius
1237 4310 1458 4366 prorsus
1488 4299 1589 4364 rei,

93 4383 169 4438 qua
185 4381 334 4433 media
363 4382 752 4447 intercesserit,
781 4385 1049 4440 mentione
1077 4383 1240 4452 facta,
1279 4387 1588 4459 subjungat,

1696 3217 1952 3272 mumque
1978 3203 2214 3272 petiere.
2253 3209 2398 3254 recta
2428 3213 2548 3255 sese
2570 3201 2638 3254 ad
2669 3197 2944 3268 llugouem
2979 3193 3270 3249 Gratiano-

1693 3294 1992 3363 politanum
2007 3293 2338 3362 episcopum,
2361 3307 2390 3345 a
2418 3306 2524 3360 quo
2535 3305 2602 3344 ex
2617 3289 2861 3344 dicendis
2886 3289 2940 3342 in
2970 3285 3272 3344 Carthuske

1694 3383 2038 3440 solitudinem
2060 3384 2201 3439 haud
2227 3384 2396 3439 multo
2423 3394 2544 3455 post
2567 3383 2711 3439 ducti
2740 3380 2890 3436 fuere
2906 3421 2921 3447 ,
2945 3394 3063 3434 sese
3078 3387 3270 3434 contu-

1694 3475 1873 3530 lerint.

1762 3569 1892 3622 ΗΟ..
1923 3568 2120 3624 Verum
2147 3584 2268 3622 cum
2285 3566 2563 3622 Puteanus
2580 3576 2634 3621 et
2655 3566 3050 3620 Blomenvenna
3071 3562 3280 3617 saeculo

1695 3659 1910 3713 demum
1937 3668 2091 3712 sexto
2113 3659 2322 3712 decimo
2343 3673 2495 3712 suam
2521 3659 2586 3711 de
2613 3666 2804 3710 sancto
2840 3654 3270 3708 lucubrationum

1693 3747 2056 3810 elaborarint,
2120 3747 2312 3815 hisque
2367 3745 2640 3814 antiquior
2690 3745 2984 3812 primorum
3032 3741 3276 3811 quinque

1693 3836 1993 3894 Carthusia:
2028 3837 2267 3907 priorum
2303 3834 2662 3904 chronologus
2697 3850 2802 3889 non
2834 3834 2982 3904 prius
3007 3848 3076 3887 ex
3106 3847 3270 3900 supra

1694 3928 1893 3992 dictis,
1953 3942 2112 3996 quam
2171 3941 2294 3980 cum
2345 3924 2455 3994 jam
2504 3925 2631 3979 anni
2684 3924 2916 3993 amplius
2970 3932 3184 3978 centum
3235 3936 3272 3974 a

1693 4019 1964 4074 Brunonis
1985 4026 2164 4072 essent
2192 4017 2340 4072 obitu
2379 4015 2588 4085 elapsi,
2626 4013 2898 4078 ﬂoruerit,
2944 4013 3272 4067 recentiores

1693 4111 2120 4179 remotioresque
2143 4109 2211 4163 ab
2226 4107 2382 4179 hujus
2407 4107 2773 4162 inCat-tbusia:
2793 4119 3272 4161 ercmum-secessu

1693 4219 1883 4258 outncs
1919 4211 2080 4268 sunt,
2129 4217 2289 4271 quam
2337 4209 2396 4256 ut
2443 4201 2508 4255 iis
2557 4213 2844 4268 umquam,
2890 4209 3010 4265 quae
3057 4195 3124 4248 de
3168 4194 3274 4246 hoc

1696 4303 1950 4359 narrant,
2012 4291 2172 4346 ﬁdem
2217 4298 2423 4346 certam
2480 4298 2640 4359 atque
2694 4286 3046 4342 indubitatam
3097 4281 3274 4335 facere

1694 4385 1935 4454 possint,
1961 4382 2155 4436 nedum
2185 4381 2402 4450 quando
2423 4395 2543 4432 cuin
2571 4376 2859 4444 antiquiori
2894 4373 3019 4427 tidci
3048 4372 3272 4439 integra:

93 4476 270 4525 sanctum
309 4490 454 4540 sane,
485 4474 629 4530 Facto
679 4475 965 4531 Parisiensi
1014 4479 1294 4548 prodigio,
1329 4489 1474 4535 recta
1523 4481 1589 4535 ad
1619 4483 1668 4540 Ι)
1697 4482 2045 4529 monumento
2071 4481 2310 4542 pugnant
2337 4486 2351 4535 ;
2392 4469 2568 4523 locum
2610 4477 2788 4522 autem
2812 4466 2915 4520 hoc
2940 4471 3272 4534 postremum

94 4548 297 4639 llugonem
334 4564 894 4635 GratianOpolitanum
943 4569 1252 4639 episcopum
1300 4586 1359 4626 se
1403 4583 1592 4626 contu-

93 4631 191 4706 lisse,
213 4657 296 4700 nec
332 4646 453 4704 alibi
491 4656 620 4704 ante
661 4649 975 4720 aliquandiu
1020 4631 1141 4707 esse
1176 4666 1590 4723 commoratum,

93 4735 162 4780 non
181 4731 378 4790 obscure
418 4737 639 4802 indicat,
681 4739 758 4793 uti
799 4731 1047 4810 quisque,
1077 4751 1335 4811 quantum
1375 4743 1590 4814 Opinor,

94 4827 168 4874 tctn
184 4832 357 4882 attente
382 4827 752 4895 considerans,
779 4831 937 4887 facile
959 4843 1234 4904 agnoscet.

137 4911 226 4968 ll9.
249 4915 345 4974 Nec
373 4921 551 4976 minus
579 4922 722 4977 clare
749 4923 801 4976 id
826 4924 998 4992 ipsum
1024 4925 1226 4980 indicat
1257 4927 1310 4980 itt
1337 4935 1592 4983 contexta

95 5010 165 5056 ate
181 5010 340 5082 sancti|
363 5013 532 5067 nostri
563 5013 681 5068 Vita
706 5014 1122 5070 Blomeuvenna.
1148 5018 1406 5074 Oratione
1425 5021 1589 5088 enim,

95 5101 161 5156 tua
184 5094 352 5167 Bruno,
379 5103 496 5159 viso
519 5105 778 5159 doctoris“
797 5104 1038 5160 damnati
1068 5103 1396 5177 Spectaculo,
1434 5127 1593 5167 voca-

97 5189 218 5244 ωςεά
253 5209 360 5250 sese
387 5213 418 5251 e
456 5197 731 5266 discipulis
776 5201 889 5254 suis
935 5199 1402 5273 familiaribusquc
1452 5221 1590 5260 nou-

98 5275 216 5334 nullos
258 5285 509 5344 allocutus
558 5299 720 5358 atque
780 5293 846 5345 ad
899 5292 1273 5360 pmttitentiam
1329 5296 1588 5364 agendam

99 5367 333 5434 Idhortatus
362 5382 591 5450 primum
637 5383 819 5449 fuerit,
854 5386 1138 5451 recensita,
1183 5387 1318 5440 duos
1365 5387 1593 5456 Stepha-

99 5474 177 5550 905.
216 5469 521 5545 Burgenscm
569 5494 773 5542 unutn,
829 5479 1078 5533 Dicusem
1133 5465 1401 5541 alterum,
1455 5497 1590 5550 quos

101 5548 202 5640 Pisce
233 5577 484 5633 accenset,
511 5568 578 5622 ita
609 5569 781 5638 primo
823 5569 1102 5640 loquentes
1132 5572 1337 5627 inducit
1369 5592 1381 5625 :
1419 5591 1436 5622 ι
1472 5548 1586 5626 Non

101 5636 205 5714 longe
243 5668 269 5706 a
313 5657 524 5713 civitate
579 5657 870 5728 Valentim,
920 5663 1006 5716 cui
1056 5672 1295 5718 nostrum
1351 5665 1592 5718 adhaeret

101 5744 408 5806 Nasutum
457 5752 626 5807 sancti
662 5752 782 5808 Ruﬁ
819 5767 986 5825 prolie
1023 5755 1225 5811 ﬂuenta
1271 5755 1479 5812 Rodani
1533 5757 1586 5812 in

1702 4569 1791 4624 hic
1819 4567 2046 4621 obtinet.
2078 4564 2340 4619 Sanctum
2370 4563 2513 4616 enim
2533 4601 2548 4624 ,
2581 4570 2868 4628 antequam
2896 4560 2949 4613 in
2975 4557 3286 4631 Carthusiaa

1695 4674 1938 4714 ercmum
1969 4672 2086 4711 sese
2123 4655 2376 4720 abderet,
2400 4655 2453 4708 in
2487 4651 2940 4708 Siccae-Fontaua:
2981 4649 3290 4710 solitudine,

1697 4751 1862 4804 vitam
1919 4748 2250 4803 eremiticam
2306 4745 2620 4814 aliquandiu
2683 4745 2958 4808 duxisse,.
2999 4743 3268 4811 antiqua,

1697 4858 1858 4912 quam
1910 4839 2090 4895 verbis
2138 4853 2298 4906 supra
2357 4836 2599 4891 recitatis
2665 4833 3002 4890 Mabillouius
3051 4831 3270 4896 laudat,

1696 4932 2010 4988 monasterii
2049 4929 2408 4986 Molismcnsis
2446 4929 2633 4983 charta
2671 4925 2877 4994 prodit,
2920 4941 3020 4979 nec
3066 4924 3171 4980 ullo
3199 4938 3266 4978 ex

1697 5026 1872 5096 capite
1909 5035 2062 5080 vetus
2109 5024 2214 5078 hoc
2258 5031 2554 5090 sanctoque
2607 5027 2792 5084 nostro
2831 5017 3034 5086 mquale
3081 5031 3272 5072 tuonu-

1700 5126 1938 5174 mentum
1998 5114 2396 5184 supposititium
2427 5111 2738 5182 spuriumvc
2761 5115 3004 5178 apparet.
3043 5104 3126 5160 Ad
3156 5107 3278 5169 haec.

1697 5208 1962 5278 opinioni,
2000 5223 2120 5275 qua:
2157 5214 2440 5269 sanctum,
2493 5218 2615 5258 cum
2664 5199 2863 5254 mundo
2889 5197 3180 5261 valedixit,
3213 5197 3268 5250 in

1697 5300 1996 5356 Carthasim
2033 5314 2274 5353 ercmum
2325 5313 2431 5351 non
2479 5304 2626 5350 recta
2677 5291 2998 5355 secessisse,
3040 5288 3270 5361 statuit,

1697 5393 1857 5446 etiam
1885 5391 2081 5460 Guigo,
2110 5389 2332 5458 quintus
2358 5387 2656 5442 Carthttsite
2688 5385 2862 5454 prior,
2887 5385 2938 5435 in
2963 5380 3270 5450 conscripta

1696 5500 1725 5535 a
1749 5499 1807 5536 se
1834 5481 1892 5536 S.
1925 5475 2913 5551 llugouisGratianopolitaniepiscopi
2937 5473 3054 5527 Vita
3077 5471 3278 5526 sull'ra-

1695 5583 1872 5642 gatur.
1903 5573 2136 5636 Etenim,
2164 5573 2249 5625 tthi
2278 5570 2542 5624 Brunouis
2570 5568 2948 5634 sociorumque
2975 5565 3090 5634 ejus
3138 5565 3280 5636 (atii,

1695 5681 1902 5733 quatex
1926 5681 1990 5719 ea
2017 5681 2167 5718 num.
2202 5663 2307 5716 49.2
2349 5663 2451 5714 huc
2486 5657 2941 5717 transeribentur,
2987 5659 3171 5728 Verba)
3205 5659 3278 5712 ad

1699 5756 1976 5827 llugoncm
2029 5770 2304 5812 accessum
2361 5752 2570 5816 rcl'ert,
2637 5750 2709 5804 ita
2759 5751 2822 5804 de
2887 5749 2988 5805 illis
3041 5751 3278 5814 scrLbita
