3814 6306
474 284 586 341 ass

1293 285 1348 340 S.
1395 282 1737 341 BRUNONIS
1776 281 2418 339 CARTIIUSIANOHUM
2454 282 2949 357 lNSTlTUTORIS'

3644 289 3731 350 256

484 419 503 452 ι
535 396 860 474 Quterebant
884 409 1062 454 autem
1080 399 1588 467 locum,eremiticae
1606 403 2059 472 vitzeeougruum,
2092 396 2194 467 A§
2243 396 2405 474 χιιγ.
2457 398 2645 454 Sancti
2687 402 2756 453 ad
2812 401 3088 474 "agonem
3121 441 3135 464 ,
3207 401 3735 474 Gratianopolitanum

482 494 823 561 necdumque
846 501 1185 561 repererant.
1224 513 1249 555 ι
1272 476 1479 560 Quibus
1505 495 1686 550 verbis
1707 510 1812 549 non
1840 495 2067 550 obscure

484 583 718 648 indicat,
772 582 1079 637 Brunonem
1127 584 1351 655 ejusque
1413 587 1616 651 socios,
1664 595 1950 655 antequam
2000 586 2066 641 ad

484 670 765 742 Hugonem
794 675 1100 741 venissent,
1141 691 1360 745 Operam
1403 677 1514 747 jam
1542 678 1756 731 dedisse
1800 686 1857 730 ut
1890 676 2067 731 locum

485 763 780 820 eremitieze
804 765 926 820 vitm
960 774 1142 835 aptum
1172 767 1505 833 invenirent;
1555 768 1682 823 hinc
1736 778 1916 823 autem
1964 770 2023 822 fit
2053 808 2069 835 ,

487 857 667 926 primo
686 858 922 928 quidem,
941 868 999 912 ut
1021 874 1051 913 a
1072 874 1200 914 vero
1224 859 1455 915 alienum
1472 860 1741 925 videatur,
1765 860 2073 915 Brunonem

489 949 715 1020 ejusque
744 950 951 1015 socios,
977 967 1101 1006 cum
1132 961 1254 1020 post
1277 952 1580 1022 prodigium
1599 950 1712 1019 jam
1732 952 1845 1023 jam
1877 954 2074 1009 mundo

490 1041 810 1096 valedicturi
858 1052 1080 1109 essent,
1136 1045 1411 1100 communi
1453 1044 1714 1109 consilio,
1772 1052 1830 1097 ut
1876 1044 2077 1102 laudati

493 1146 620 1185 mox
674 1131 958 1203 biographi
1016 1135 1236 1199 docent,
1289 1135 1575 1199 statuisse,
1640 1134 1706 1189 ad
1765 1134 2077 1205 Hugoneni,

491 1222 1048 1295 Gratianopolitauum
1076 1227 1387 1298 episcopum
1415 1268 1431 1294 ,
1483 1236 1541 1281 ut
1570 1228 1637 1281 ab
1663 1241 1728 1280 eo
1753 1226 1805 1279 in
1832 1228 2082 1285 dimcesis

491 1315 1006 1388 Gratianopolitanze
1064 1320 1337 1375 montibus
1381 1319 1559 1374 locum
1611 1317 1905 1373 eremiticaa
1958 1319 2081 1374 vitae

423 1466 426 1480 λ
494 1418 681 1476 aptum
713 1408 1102 1477 impetrarent,
1130 1426 1268 1465 sese
1295 1409 1576 1474 conferre;
1604 1409 1799 1463 deinde
1831 1424 1996 1474 vero,
2027 1420 2085 1464 ιιι

496 1499 581 1552 Vel
612 1500 764 1566 hinc,
791 1510 1037 1556 sanctttm
1071 1510 1345 1564 nostrum,
1380 1510 1670 1569 antequam
1697 1500 1764 1554 ad
1804 1499 2083 1570 Hugonem

497 1604 529 1644 a
548 1591 801 1658 ‘cederet,
821 1592 873 1647 iu
894 1591 1352 1649 Siccae-Fontana:
1375 1591 1680 1655 solitudine,
1706 1607 1830 1661 quo,
1848 1608 1913 1645 an
1940 1592 2087 1648 locus

500 1681 589 1736 hic
634 1682 757 1737 vitae
805 1685 1099 1739 eremitica:
1156 1693 1315 1755 aptus
1364 1691 1540 1748 esset,
1597 1684 1936 1753 exploraret,
1985 1684 2086 1738 ali-

2238 470 2529 539 episcopum
2555 510 2572 530 .
2604 488 2841 525 accessus
2864 513 2879 535 ,
2905 470 3104 542 iqunles
3143 474 3265 540 ejus
3289 472 3485 541 fuerint
3522 478 3639 531 socii
3665 519 3677 543 ,
3700 490 3738 533 et

2239 555 2306 591 an
2332 549 2453 592 tunc
2474 543 2768 595 sacerdotio
2795 543 3037 597 initiatus
3060 546 3354 597 exstiterit.

2245 675 2378 730 Cum
2417 684 2636 730 sanctus
2672 668 2899 743 noster,
2936 692 3151 747 sexque
3195 676 3318 747 ejus
3358 679 3525 747 Socii,
3576 681 3743 749 quibus

2176 766 2294 832 ille,
2331 776 2387 821 ut
2422 776 2678 838 apparet,
2727 770 3021 826 eremiticae
3070 770 3204 825 vitae
3235 771 3564 826 desiderium
3602 773 3744 844 inSpi-

2177 867 2347 924 rarat,
2371 859 2547 914 locum
2569 859 2832 917 hactenus
2859 860 2984 916 huic
3007 862 3142 917 vita:
3170 862 3363 932 generi
3394 863 3527 918 satis
3556 874 3745 934 aptum,

2179 964 2238 1010 ut
2280 966 2339 1009 ut
2389 954 2675 1026 diligenter
2724 956 3041 1025 quaesitum,
3099 955 3252 1010 haud
3305 955 3652 1018 invenissent,
3695 959 3749 1012 ad

2180 1050 2459 1120 Hugonem
2493 1049 2705 1104 tandem
2735 1046 3314 1118 Gratianopolitanum
3344 1046 3670 1117 episcopum,
3705 1058 3750 1101 ut

2182 1142 2251 1197 ab
2279 1158 2372 1203 eo,
2420 1141 2489 1198 de
2535 1139 2687 1210 cujus
2739 1141 3031 1197 virtutibus
3080 1139 3248 1211 plane
3293 1139 3509 1193 eximiis
3556 1139 3753 1207 vitatque

2182 1234 2470 1291 sanctitate
2514 1233 2883 1298 inaudierant,
2942 1233 3125 1288 locum
3176 1231 3473 1300 quemdam
3513 1232 3753 1299 proposito

2184 1341 2282 1381 suo
2304 1326 2553 1381 idoneum
2582 1327 2961 1396 impetrarent,
2992 1332 3394 1396 pervenerunt.
3427 1322 3547 1378 llzec
3572 1322 3754 1391 aliaque

2188 1418 2441 1474 nonnulla
2482 1419 2564 1474 fas
2591 1428 2675 1475 est
2709 1418 2965 1490 colligere
2995 1435 3062 1473 ex
3096 1416 3356 1486 Guigone
3381 1455 3396 1479 ,
3427 1415 3609 1485 quinto
3645 1413 3755 1469 Car-

2188 1512 2380 1568 thusiaz
2412 1512 2625 1583 priore,
2655 1512 2712 1565 in
2736 1512 2910 1566 sancti
2953 1510 3098 1565 illius
3127 1507 3404 1563 antistitis
3437 1507 3590 1569 Vita,
3640 1506 3757 1574 apud

2187 1619 2287 1660 nos
2321 1611 2450 1659 tom.
2479 1604 2722 1674 [Aprilis
2748 1603 2890 1659 edita
2925 1618 3074 1658 num.
3108 1602 3173 1656 ll
3216 1600 3291 1655 ita
3323 1598 3629 1655 scribente:
3668 1614 3683 1647 ι
3714 1596 3756 1650 1η

2192 1696 2278 1750 his
2308 1696 2553 1764 (sanctus
2576 1696 2747 1767 Hugo)
2772 1695 3004 1768 agebat,
3033 1703 3120 1758 et,
3156 1708 3325 1759 ecce,
3360 1689 3531 1746 tribus
3562 1687 3755 1743 necdum

508 1774 750 1842 quandiu
807 1773 973 1830 fuisse
1022 1784 1446 1840 commoratum,
1488 1774 1798 1829 verosimile
1861 1776 2088 1842 evadat,
2121 1744 2163 1803 Β
2192 1794 2246 1841 in
2268 1744 2578 1857 episcopatu
2607 1828 2622 1853 ,
2651 1744 2773 1857 post
2806 1744 3135 1845 inenasterii
3184 1782 3424 1837 reditum
3454 1820 3468 1844 ,
3518 1777 3759 1847 compieiis

502 1880 567 1920 ac
579 1865 806 1936 proinde
829 1866 874 1919 la
884 1868 1058 1922 udatze
1084 1885 1113 1925 a
1128 1867 1438 1923 Mabillonio
1459 1868 1769 1922 monasterii
1783 1866 2094 1923 Molismem

503 1958 580 2013 sis
604 1959 806 2013 chartae
828 2000 844 2023 ,
891 1974 1011 2028 quae
1042 1960 1093 2015 id
1118 1974 1184 2015 ex
1213 1959 1373 2015 dictis
1401 1958 1603 2014 factum
1629 1958 1841 2027 prodit,
1885 1959 2095 2029 pondus

502 2050 879 2121 qualecunque
910 2052 1156 2109 accedat.

576 2142 703 2198 421.
752 2142 1034 2198 Accedunt
1070 2143 1211 2198 tituli
1238 2143 1495 2199 funebres
1532 2157 1693 2211 supra
1724 2141 1957 2207 laudati,
1981 2141 2094 2210 qui,

508 2234 554 2288 si
586 2243 808 2290 sanctus
850 2244 1067 2299 noster,
1109 2250 1231 2290 cum
1282 2235 1483 2289 mundo
1511 2232 1799 2297 valedixit,
1852 2241 1997 2287 recta
2040 2233 2095 2287 in

506 2323 875 2390 Cartbusiam,
907 2326 995 2379 ubi
1014 2326 1351 2381 eremiticam
1377 2325 1540 2379 vitam
1564 2324 1745 2389 duxit,
1775 2326 2095 2390 secesserit,

505 2415 723 2470 veritati
769 2417 912 2471 haud
963 2418 1097 2473 satis
1147 2428 1273 2487 apte
1337 2417 1711 2488 intelligentur
1770 2432 2091 2487 congruere.

507 2505 773 2563 Omnibus
816 2509 1000 2578 itaque
1044 2510 1235 2565 sedulo
1278 2510 1592 2581 perpensis,
1627 2509 1980 2563 dubitandum
2010 2507 2096 2562 vix

511 2608 739 2669 apparet
772 2600 904 2670 quin
950 2610 1192 2664 sanctus,
1221 2616 1342 2655 cum
1368 2600 1565 2655 szeculo
1598 2600 1842 2654 nuntium
1870 2600 2097 2666 remisit,

512 2704 622 2744 non
647 2700 795 2745 recta
820 2691 874 2745 in
898 2692 1241 2748 Cartbusiam
1261 2733 1276 2759 ,
1310 2693 1405 2749 sed
1434 2692 1540 2747 alio
1568 2693 1719 2762 prius
1745 2693 2098 2747 concesserit.

513 2781 582 2837 Et
600 2782 773 2836 locum
790 2784 1032 2851 quidem,
1054 2800 1214 2855 quem
1241 2795 1369 2840 tunc
1385 2785 1568 2855 petiit,
1598 2794 1759 2855 atque
1791 2785 2100 2853 aliquandiu

517 2874 874 2940 inhabitavit,
909 2874 1364 2952 Sicca-Fontanus:
1392 2876 1734 2930 solitudinem
1761 2877 1958 2941 luisse,
1988 2877 2104 2931 lau-

510 2963 639 3019 data
691 2980 853 3036 supra
915 2980 947 3020 a
995 2966 1304 3024 Mabillonio
1363 2968 1679 3023 monasterii
1743 2966 2104 3025 Molismensis

2194 1877 2381 1943 annis,
2431 1878 2584 1932 adest
2614 1876 2876 1946 magister
2904 1875 3123 1940 Bruno,
3174 1872 3263 1926 vir
3311 1869 3570 1941 religione
3617 1867 3759 1921 scien-

2196 1970 2380 2039 tiaque
2422 1967 2693 2033 famosus,
2728 1964 3029 2021 honestatis
3074 1972 3133 2018 et
3191 1960 3485 2033 gravitatis
3533 1972 3592 2011 ac
3631 1955 3761 2008 totirs

2195 2058 2528 2114 maturitatis
2576 2058 2733 2129 quasi
2789 2056 3060 2128 quoddam
3116 2053 3502 2110 simulacrum.
3556 2047 3761 2102 Habebat

2197 2162 2377 2207 autem
2397 2153 2575 2209 socios
2599 2152 2919 2223 magistrum
2952 2147 3307 2203 Landuinum
3328 2186 3343 2210 ,
3390 2143 3481 2213 qui
3525 2149 3635 2212 pust
3660 2154 3758 2193 eum

2198 2245 2501 2300 Carthusim
2521 2244 2669 2315 prior
2696 2242 2926 2305 exstitit,
2952 2240 3088 2295 duas
3117 2233 3758 2308 Stephanos,Burgensem

2199 2346 2253 2390 et
2278 2336 2524 2390 Diensem
2557 2334 2634 2405 (hi
2668 2333 2724 2389 S.
2758 2331 2879 2386 Rufi
2932 2329 3186 2385 canonici
3234 2328 3485 2388 fuerant,
3527 2322 3613 2378 sed
3643 2318 3760 2374 desi-

2200 2428 2352 2483 derio
2375 2428 2498 2481 vitae
2518 2424 2774 2481 solitariae
2795 2423 2843 2478 ei
2864 2463 2877 2488 ,
2906 2422 3100 2476 abbate
3133 2420 3360 2474 favente
3379 2458 3393 2481 ,
3434 2429 3549 2471 sese
3570 2409 3757 2477 conjun-

2202 2519 2419 2590 xerant)
2444 2518 2723 2589 Hugonem
2747 2516 3116 2584 etiam,quem
3143 2499 3763 2582 cognominabantCapel~

2203 2610 2415 2673 ianum,
2453 2624 2517 2663 eo
2539 2607 2684 2679 quod
2727 2606 2877 2661 solus
2909 2619 2975 2660 ex
3017 2605 3098 2659 eis
3130 2600 3439 2658 sacerdotis
3491 2596 3761 2666 fungeretur

2203 2698 2406 2763 oiiicio;
2466 2700 2601 2754 duos
2631 2697 2832 2762 laieos,
2892 2710 3028 2765 quos
3080 2691 3426 2764 appellamus
3481 2697 3758 2745 conversos,

2204 2793 2477 2847 Andream
2533 2798 2589 2843 et
2634 2788 2955 2845 Guarinum.
3008 2784 3345 2853 Quterebant
3390 2788 3564 2834 autem
3615 2774 3755 2827 locum

2206 2883 2500 2938 erentitica:
2545 2882 2671 2936 vitte
2709 2892 3008 2949 congruum
3055 2876 3407 2943 necdumque
3464 2872 3759 2939 repererant.

2208 2974 2319 3029 llac
2350 2988 2480 3041 ergo
2507 2987 2634 3042 spe,
2662 2969 2822 3026 simul
2853 2980 2906 3025 et
2948 2968 3100 3024 suavi
3134 2976 3344 3022 sanctae
3378 2952 3762 3017 conversationis

518 3056 709 3110 charta
736 3057 895 3113 fidem
931 3058 1081 3114 facit.
1115 3060 1313 3116 Verum
1344 3070 1548 3129 quanto
1587 3058 1804 3127 quidem
1847 3062 2105 3130 temporis
2134 3087 2178 3148 ρ
2211 3064 2329 3134 ejus
2352 3066 2517 3121 odore
2542 3063 2791 3118 trahente
2815 3100 2831 3125 ,
2877 3061 2945 3114 ad
2990 3059 3167 3113 virum
3220 3064 3468 3113 sanctum
3518 3054 3758 3103 venerunt.

511 3136 690 3217 spatio
716 3149 897 3205 Bruuo
933 3152 985 3207 in
1030 3153 1163 3216 hac,
1219 3160 1513 3221 antequam
1544 3153 1611 3206 ad
1640 3151 1943 3207 Carthasim
1986 3169 2105 3210 ere-

512 3255 662 3296 mum
692 3255 786 3297 seu
808 3242 875 3296 ad
904 3242 1181 3312 llugonem
1204 3243 1766 3311 Gratianopolitanuut
1792 3245 2105 3315 episcopum

513 3345 574 3387 se
598 3333 907 3398 conferret,
957 3334 1056 3387 fuit
1093 3335 1372 3389 moratus?
1403 3333 1546 3387 Nihil
1589 3334 1842 3400 omnino,
1892 3344 1951 3388 ut
1980 3336 2109 3404 quid

517 3425 653 3478 certi
682 3424 785 3478 hac
826 3424 896 3479 de
925 3440 981 3479 re
1012 3433 1314 3487 statuatur,
1374 3425 1632 3478 occurrit.
1688 3424 1823 3479 Cum
1862 3424 2109 3481 ecclesiae

514 3529 611 3570 seu
629 3514 944 3570 monasterii
966 3515 1342 3581 Molismensis,
1360 3515 1633 3570 solitudini
1655 3515 2111 3572 Siccae—Fontanus:

517 3603 818 3674 adiacentis
846 3645 861 3671 ,
889 3608 1141 3662 monachi
1169 3608 1221 3661 in
1247 3606 1403 3663 titulo
1427 3605 1674 3673 funebri,
1725 3625 1833 3679 quo
1864 3610 2107 3667 Brunoui

515 3706 873 3766 parentarunt
900 3739 915 3764 ,
948 3698 1435 3755 familiarissimum
1478 3715 1636 3756 suum
1680 3719 1747 3756 ex
1786 3701 1897 3771 jam
1946 3703 2111 3759 dictis

518 3804 645 3844 eum
679 3790 976 3861 appellent,
1012 3800 1261 3847 sanctum
1303 3808 1465 3856 sane,
1509 3808 1617 3862 quo
1647 3795 1728 3850 eis
1769 3796 1906 3852 adeo
1950 3806 2110 3853 notus

520 3895 643 3937 esse
672 3882 908 3952 potuerit
936 3924 950 3947 ,
989 3882 1251 3953 temporis
1274 3884 1450 3954 spatio
1476 3886 1610 3940 satis
1640 3886 1800 3955 longo
1843 3888 1897 3942 in
1921 3887 2113 3943 solitu-

521 3971 650 4027 dine
673 3973 765 4027 illa
788 3984 879 4028 aut
906 3974 1070 4030 etiam
1104 3975 1155 4028 in
1187 3975 1336 4044 ipso,
1386 3976 1439 4030 in
1486 3992 1594 4045 quo
1630 3992 1695 4031 ex
1728 3978 1889 4033 dictis
1924 3994 2113 4034 mona-

521 4064 684 4121 chum
712 4065 917 4137 egerit,
971 4066 1299 4121 Molismeusi
1334 4070 1665 4124 monasterio
1706 4085 1826 4125 esse
1866 4086 2111 4125 commn-

522 4168 741 4225 ratum,
799 4168 882 4214 sat
921 4160 1228 4214 verosimile
1279 4169 1519 4231 apparet.
1576 4162 1713 4228 Quid
1764 4162 1807 4217 si
1858 4178 1988 4233 ergo
2019 4180 2114 4234 per

525 4267 726 4307 annum
758 4251 980 4307 circiter
1023 4262 1114 4306 aut
1152 4252 1330 4307 adhuc
1367 4252 1570 4307 diutius
1609 4254 1805 4308 ibidem
1842 4255 2064 4311 haeserit
2097 4298 2112 4322 ,

523 4361 588 4399 ac
616 4354 727 4398 tum
753 4345 1003 4411 demum,
1036 4360 1158 4400 cum
1192 4345 1368 4401 locum
1414 4345 1539 4400 vitae
1579 4346 1901 4411 eremitiezn,
1935 4348 2020 4402 cui
2056 4363 2115 4402 se

2210 3157 2356 3223 Quos
2395 3156 2483 3210 ille
2526 3171 2633 3209 non
2676 3153 2849 3209 solum
2899 3158 3203 3219 gratanter,
3262 3148 3358 3203 sed
3400 3154 3456 3200 et
3496 3145 3763 3197 reverenter

2211 3248 2483 3316 suscepit,
2515 3243 2767 3298 tractavit
2790 3250 2847 3298 et
2883 3241 2991 3295 voti
3019 3248 3304 3309 compotes
3330 3235 3477 3292 fecit.
3510 3231 3617 3302 Ipso
3639 3238 3757 3279 nam-

2210 3354 2317 3407 que
2366 3335 2681 3393 consulente
2709 3374 2724 3400 ,
2796 3332 3062 3403 juvante,
3120 3333 3453 3394 comitante,
3499 3316 3760 3380 Carthusiiﬁ

2212 3427 2554 3483 solitudinem
2589 3427 2927 3481 intraverunt
2958 3433 3122 3495 atque
3169 3424 3547 3479 extruxerunt.
3582 3411 3763 3466 Viderat

2214 3533 2395 3580 autem
2425 3524 2571 3579 circa
2621 3523 2674 3578 id
2718 3532 2932 3592 tempus
2953 3537 3050 3592 per
3075 3521 3355 3576 somnium
3384 3518 3436 3570 in
3465 3511 3639 3569 eadem
3663 3503 3761 3559 soli-

2216 3617 2401 3672 tudine
2418 3616 2584 3671 Deum
2604 3657 2618 3679 ,
2642 3629 2752 3670 sua:
2774 3614 3068 3685 dignationi
3092 3609 3465 3668 habitaculum
3489 3611 3762 3661 cunstrueu-

2216 3718 2320 3763 tem
2347 3748 2361 3772 ,
2400 3706 2580 3762 stellas
2610 3707 2773 3763 etiam
2800 3714 3036 3774 septem,
3069 3704 3330 3758 ducatum
3358 3699 3456 3757 sibi
3487 3696 3763 3767 pra-stantes

2216 3797 2444 3852 itineris.
2483 3797 2649 3851 Erant
2677 3811 2807 3853 vero
2835 3804 2889 3850 et
2911 3795 2963 3849 hi
2988 3805 3217 3865 septem.
3258 3814 3279 3847 ι

2283 3887 2408 3941 425.
2455 3885 2700 3957 Scriptor
2715 3900 3017 3957 anonymus
3032 3926 3045 3948 ,
3078 3885 3168 3955 qui
3191 3900 3224 3940 e
3245 3883 3540 3955 primorum
3560 3872 3760 3945 quintille

2217 3976 2523 4031 Carrhusia:
2575 3976 2816 4045 priorum
2877 3974 3207 4046 cbronologo
3284 3987 3447 4042 supra
3510 3962 3761 4034 strpissime

2217 4069 2470 4135 laudato,
2534 4068 2764 4137 aliisque
2827 4067 3047 4122 brevem
3122 4066 3334 4121 ordinis
3405 4048 3761 4117 Carthusicnsis

2216 4161 2537 4223 historiam,
2597 4175 2625 4213 a
2662 4158 2937 4214 Marteneo
2972 4165 3101 4214 tom.
3137 4154 3206 4212 VI
3249 4153 3587 4226 amplissimae
3624 4141 3757 4199 culleo

2217 4254 2411 4309 ctionis
2442 4268 2472 4307 a
2497 4252 2600 4308 col.
2630 4252 2727 4307 l51
2760 4252 3043 4316 insertam,
3086 4250 3393 4314 contexuit,
3444 4239 3761 4329 narrationem

2217 4359 2434 4415 quoque
2456 4384 2469 4406 ,
2502 4356 2607 4412 qua
2629 4383 2645 4408 ,
2676 4342 2749 4395 uti
2783 4342 2870 4397 hic
2899 4357 2928 4395 a
2951 4340 3196 4411 Guigone
3229 4342 3320 4407 fit,
3349 4347 3402 4393 et
3436 4332 3597 4391 sancti
3623 4332 3759 4381 nostri

525 4437 764 4501 dederit,
822 4439 1000 4492 minus
1058 4449 1241 4507 aptum
1296 4437 1664 4506 experiretur,
1719 4439 1787 4493 ad
1838 4438 2116 4507 Hugonem
2151 4427 2621 4503 Dadllugoncm,
2656 4431 3217 4503 Gratianopolitanum
3244 4426 3760 4507 episcopum,act‘05'

526 4527 1122 4597 Gratianopolitantun,
1174 4538 1234 4583 ut
1280 4528 1348 4583 ab
1396 4544 1460 4584 eo
1492 4530 1757 4599 aptiorem
1810 4530 2117 4597 obtineret,

527 4633 650 4675 sese
684 4618 1017 4673 contulerit?
1055 4620 1109 4673 Id
1142 4635 1274 4675 sane
1322 4636 1353 4674 a
1399 4622 1872 4677 verisimilitudine
1898 4622 2123 4678 minime

528 4711 827 4767 abhorrere
856 4711 987 4765 ntihi
1016 4710 1247 4767 videtur.
1275 4712 1393 4767 Jam
1421 4728 1572 4779 vero,
1604 4730 1726 4770 cum
1750 4716 1863 4771 haec
1890 4715 1964 4770 ita
1989 4716 2119 4782 sint,

530 4814 892 4874 sanctusque,
924 4811 983 4857 ut
1010 4819 1170 4872 supra
1203 4805 1359 4859 docui
1387 4845 1402 4869 ,
1431 4816 1581 4860 certe
1610 4822 1714 4860 non
1751 4816 1879 4862 ante
1919 4822 2120 4861 annum

532 4894 665 4953 {081
702 4894 756 4948 in
792 4894 1167 4961 solitudinem,
1221 4896 1420 4951 saeculo
1467 4896 1682 4963 relicto,
1741 4899 1963 4962 abierit,
2024 4914 2125 4953 nec

531 4986 709 5041 serius
729 5000 796 5041 ex
825 4985 1067 5041 dicendis
1092 5027 1108 5051 ,
1144 5002 1309 5057 quam
1354 5003 1498 5043 anno
1537 4988 1675 5045 1084
1710 4989 1854 5045 circa
1889 4989 2032 5044 diem
2063 4988 2122 5043 S.

533 5076 762 5133 Joannis
813 5077 1066 5147 Baptistae
1124 5093 1337 5134 sacrum
1390 5078 1693 5135 Carthusire
1747 5095 1987 5134 eremum
2057 5081 2129 5135 sit

537 5170 815 5241 ingressus
840 5200 856 5235 ,
878 5184 1215 5240 consequens
1239 5170 1319 5237 ﬁt,
1349 5180 1408 5226 ut
1434 5170 1516 5226 vel
1534 5186 1675 5225 anno
1697 5170 1829 5226 1081
1859 5171 1939 5226 vel
1956 5171 2126 5227 altero

536 5263 737 5320 ebinis
765 5262 1118 5333 sequentibus
1149 5264 1203 5318 in
1251 5263 1635 5329 solitudinem,
1679 5278 1799 5334 (prae
1845 5278 1911 5318 ex
1971 5262 2129 5317 dictis

528 5356 1002 5412 -Siec:e-Fontanae
1026 5356 1243 5412 indubie
1266 5356 1451 5421 fuerit,
1480 5371 1601 5413 sese
1625 5397 1639 5421 ,
1673 5354 1873 5410 sreculo
1903 5353 2093 5409 relicto
2111 5393 2126 5418 ,

503 5440 779 5519 “:primurn
804 5450 1090 5506 abdiderit.
1116 5450 1258 5515 Alia,
1289 5460 1347 5505 ut
1378 5458 1607 5521 tempus,
1638 5463 1746 5519 quo
1785 5446 1836 5501 id
1861 5445 2129 5510 evenerit,

547 5540 768 5612 propius
802 5542 1155 5597 determinem
1175 5582 1190 5608 ,
1221 5542 1463 5597 invenire
1493 5542 1635 5596 haud
1666 5540 1834 5610 quivi.
1900 5537 1979 5592 Ad
2026 5536 2128 5590 alia

550 5634 740 5699 modo,
770 5639 889 5704 qute'
922 5644 1041 5707 post
1080 5644 1264 5694 secuta
1311 5644 1469 5700 sunt,
1529 5631 1870 5691 discutienda
1914 5641 2133 5699 progre-

551 5724 778 5782 diamut-.

2224 4539 2342 4579 smn
2398 4534 2454 4579 et
2507 4525 2771 4580 visionem
2832 4525 2960 4579 huic
3018 4524 3277 4579 divinitus
3327 4522 3555 4577 oblatam
3603 4506 3758 4607 τςῖετξν

2225 4616 2567 4687 suppeditat;
2632 4631 2818 4671 verum
2852 4630 2883 4670 a
2918 4614 3027 4684 jam
3057 4616 3161 4671 huc
3199 4614 3516 4683 transcripta
3545 4601 3761 4672 Ουίὲθπίδ

2227 4711 2537 4768 narratione
2558 4727 2662 4768 non
2707 4712 2840 4766 nihil
2863 4713 3164 4782 discrepat,
3195 4712 3320 4768 licet
3351 4707 3554 4766 interim
3577 4712 3625 4757 et
3650 4700 3758 4751 hanc

2226 4820 2256 4860 e
2287 4805 2530 4876 Guigone
2562 4818 2590 4856 a
2630 4803 2870 4872 quinque
2914 4802 3213 4871 primorum
3242 4796 3537 4856 (Ζτιι-ιΙιιιδίειξ
3559 4789 3758 4876 priortmt

2225 4872 2557 4962 chrouulogo
2584 4906 2705 4946 esse
2730 4891 3101 4961 depromptum
3123 4931 3137 4955 ,
3189 4900 3244 4945 et
3273 4891 3413 4945 hunc
3448 4882 3569 4954 ipsis
3599 4872 3761 4971 Guigtr

2229 4987 2312 5040 nis
2340 4986 2520 5041 verbis
2550 5000 2704 5040 usum
2741 4983 2942 5050 fuisse,
2998 4984 3340 5055 profiteatur.
3395 4978 3558 5034 Lubet
3599 4977 3645 5022 et
3670 4973 3759 5055 et'_ls

2229 5081 2393 5134 verba
2444 5078 2549 5134 huc
2598 5079 2934 5149 spectantia,
3005 5076 3147 5147 quod
3200 5072 3453 5130 nonnulla
3496 5051 3757 5153 annotanda

2229 5167 2460 5224 oderant
2482 5207 2497 5233 ,
2533 5136 2643 5221 huc
2661 5136 3045 5222 transcribere:
3081 5164 3160 5218 Ab
3186 5164 3253 5219 iis
3273 5203 3288 5229 ,
3319 5159 3507 5231 quibus
3531 5136 3757 5243 Saltcli‘flti

2232 5259 2511 5330 llugonem
2555 5274 2833 5314 accessum
2886 5257 3111 5328 eitponit
3140 5295 3156 5319 ,
3214 5255 3352 5310 duco
3424 5244 3653 5335 iuitiutth.

2234 5328 2474 5406 habent:
2534 5367 2554 5401 ι
2595 5349 2763 5405 Adest
2826 5348 3085 5418 magister
3131 5344 3345 5409 Bruno,
3397 5338 3476 5394 vir
3522 5328 3757 5421 religiosi?

2236 5444 2572 5513 scientiaque
2593 5441 2865 5506 famosus,
2902 5439 3221 5501 honestatis,
3256 5429 3527 5508 gravitatis
3552 5419 3760 5513 ac

2238 5499 2568 5601 maturitatis
2618 5531 2776 5601 quasi
2822 5529 3094 5600 quoddam
3143 5499 3512 5582 simulacrum,

2236 5598 2416 5679 autem
2448 5624 2590 5679 idem
2623 5623 2799 5679 socios
2824 5620 3083 5693 propositi
3110 5618 3195 5673 sui
3223 5659 3237 5683 ,
3265 5613 3563 5684 magistrum
3587 5590 3757 5693 sciltcci

2238 5714 2614 5782 Landuinum,
2644 5712 2733 5783 qui
2768 5689 2886 5781 post
2916 5689 3035 5764 cum
3062 5708 3264 5765 exstitit
3295 5705 3435 5769 prior
3472 5689 3724 5754 Cartbusm‘
