  <div class='ocr_page' id='page_1' title='image "/cluster/home/n/w/nwhite01/storage/ocr_20150623/152/hvd.32044015473804/134.png"; bbox 0 0 3814 6306; ppageno 0'>
   <div class='ocr_carea' id='block_1_1' title="bbox 102 329 1738 407">
    <p class='ocr_par' dir='ltr' id='par_1_1' title="bbox 102 329 1738 407">
     <span class='ocr_line' id='line_1_1' title="bbox 102 329 1738 407; baseline 0.001 -30"><span class='ocrx_word' id='word_1_1' title='bbox 102 352 172 407; x_wconf 43' lang='lat'><strong>,“</strong></span> <span class='ocrx_word' id='word_1_2' title='bbox 1536 329 1738 382; x_wconf 70' lang='lat' dir='ltr'><strong>acra.</strong></span> 
     </span>
    </p>
   </div>
   <div class='ocr_carea' id='block_1_2' title="bbox 3170 326 3274 383">
    <p class='ocr_par' dir='ltr' id='par_1_2' title="bbox 3170 326 3274 383">
     <span class='ocr_line' id='line_1_2' title="bbox 3170 326 3274 383; baseline 0 -3"><span class='ocrx_word' id='word_1_3' title='bbox 3170 326 3274 383; x_wconf 70' lang='lat'><strong>258</strong></span> 
     </span>
    </p>
   </div>
   <div class='ocr_carea' id='block_1_3' title="bbox 99 436 3274 521">
    <p class='ocr_par' dir='ltr' id='par_1_3' title="bbox 99 436 3274 521">
     <span class='ocr_line' id='line_1_3' title="bbox 99 436 3274 521; baseline -0.002 -16"><span class='ocrx_word' id='word_1_4' title='bbox 99 464 252 516; x_wconf 55' lang='lat' dir='ltr'><strong>manus</strong></span> <span class='ocrx_word' id='word_1_5' title='bbox 273 453 587 521; x_wconf 76' lang='lat' dir='ltr'><strong>Stephanus,</strong></span> <span class='ocrx_word' id='word_1_6' title='bbox 609 449 939 519; x_wconf 84' lang='lat' dir='ltr'><strong>Burgensem</strong></span> <span class='ocrx_word' id='word_1_7' title='bbox 966 454 1020 500; x_wconf 92' lang='lat' dir='ltr'><strong>et</strong></span> <span class='ocrx_word' id='word_1_8' title='bbox 1048 446 1296 500; x_wconf 87' lang='lat' dir='ltr'><strong>Diensem</strong></span> <span class='ocrx_word' id='word_1_9' title='bbox 1328 458 1342 495; x_wconf 90' lang='lat'><strong>:</strong></span> <span class='ocrx_word' id='word_1_10' title='bbox 1371 442 1404 495; x_wconf 91' lang='lat' dir='ltr'><strong>ii</strong></span> <span class='ocrx_word' id='word_1_11' title='bbox 1430 443 1590 495; x_wconf 90' lang='lat' dir='ltr'><strong>ambo</strong></span> <span class='ocrx_word' id='word_1_12' title='bbox 1618 448 1664 500; x_wconf 76' lang='grc' dir='ltr'><strong>Α</strong></span> <span class='ocrx_word' id='word_1_13' title='bbox 1694 439 1810 507; x_wconf 90' lang='lat' dir='ltr'><strong>plar</strong></span> <span class='ocrx_word' id='word_1_14' title='bbox 1830 477 1844 500; x_wconf 95' lang='lat'><strong>,</strong></span> <span class='ocrx_word' id='word_1_15' title='bbox 1887 436 1951 493; x_wconf 84' lang='lat' dir='ltr'><strong>iis</strong></span> <span class='ocrx_word' id='word_1_16' title='bbox 1989 436 2257 505; x_wconf 79' lang='lat' dir='ltr'><strong>atljunctis</strong></span> <span class='ocrx_word' id='word_1_17' title='bbox 2295 446 2510 492; x_wconf 89' lang='lat' dir='ltr'><strong>auctum</strong></span> <span class='ocrx_word' id='word_1_18' title='bbox 2532 481 2546 503; x_wconf 93' lang='lat'><strong>,</strong></span> <span class='ocrx_word' id='word_1_19' title='bbox 2604 453 2727 507; x_wconf 76' lang='lat' dir='ltr'><strong>qua:</strong></span> <span class='ocrx_word' id='word_1_20' title='bbox 2752 480 2765 504; x_wconf 94' lang='lat'><strong>,</strong></span> <span class='ocrx_word' id='word_1_21' title='bbox 2822 439 2912 507; x_wconf 90' lang='lat' dir='ltr'><strong>qui</strong></span> <span class='ocrx_word' id='word_1_22' title='bbox 2959 439 3045 494; x_wconf 88' lang='lat' dir='ltr'><strong>illa</strong></span> <span class='ocrx_word' id='word_1_23' title='bbox 3099 442 3274 498; x_wconf 83' lang='lat' dir='ltr'><strong>eidem</strong></span> 
     </span>
    </p>
   </div>
   <div class='ocr_carea' id='block_1_4' title="bbox 100 531 1588 605">
    <p class='ocr_par' dir='ltr' id='par_1_4' title="bbox 100 531 1588 605">
     <span class='ocr_line' id='line_1_4' title="bbox 100 531 1588 605; baseline -0.011 -5"><span class='ocrx_word' id='word_1_24' title='bbox 100 549 203 605; x_wconf 77' lang='lat' dir='ltr'><strong>Beati</strong></span> <span class='ocrx_word' id='word_1_25' title='bbox 228 544 327 598; x_wconf 75' lang='lat' dir='ltr'><strong>[tuli</strong></span> <span class='ocrx_word' id='word_1_26' title='bbox 354 539 587 595; x_wconf 84' lang='lat' dir='ltr'><strong>canonici</strong></span> <span class='ocrx_word' id='word_1_27' title='bbox 622 540 868 599; x_wconf 88' lang='lat' dir='ltr'><strong>fuerunt;</strong></span> <span class='ocrx_word' id='word_1_28' title='bbox 902 538 996 593; x_wconf 90' lang='lat' dir='ltr'><strong>sed</strong></span> <span class='ocrx_word' id='word_1_29' title='bbox 1026 533 1291 591; x_wconf 89' lang='lat' dir='ltr'><strong>desiderio</strong></span> <span class='ocrx_word' id='word_1_30' title='bbox 1330 531 1588 587; x_wconf 69' lang='lat' dir='ltr'><strong>solitariae</strong></span> 
     </span>
    </p>
   </div>
   <div class='ocr_carea' id='block_1_5' title="bbox 99 624 1585 703">
    <p class='ocr_par' dir='ltr' id='par_1_5' title="bbox 99 624 1585 703">
     <span class='ocr_line' id='line_1_5' title="bbox 99 624 1585 703; baseline -0.013 -9"><span class='ocrx_word' id='word_1_31' title='bbox 99 642 194 703; x_wconf 67' lang='lat' dir='ltr'><strong>vita,</strong></span> <span class='ocrx_word' id='word_1_32' title='bbox 215 637 280 691; x_wconf 85' lang='lat' dir='ltr'><strong>eis</strong></span> <span class='ocrx_word' id='word_1_33' title='bbox 296 632 475 687; x_wconf 84' lang='lat' dir='ltr'><strong>abbate</strong></span> <span class='ocrx_word' id='word_1_34' title='bbox 494 645 678 685; x_wconf 89' lang='lat' dir='ltr'><strong>eorum</strong></span> <span class='ocrx_word' id='word_1_35' title='bbox 703 629 938 691; x_wconf 89' lang='lat' dir='ltr'><strong>favente,</strong></span> <span class='ocrx_word' id='word_1_36' title='bbox 964 641 1083 682; x_wconf 89' lang='lat' dir='ltr'><strong>sese</strong></span> <span class='ocrx_word' id='word_1_37' title='bbox 1093 627 1145 681; x_wconf 92' lang='lat' dir='ltr'><strong>ei</strong></span> <span class='ocrx_word' id='word_1_38' title='bbox 1163 624 1585 691; x_wconf 81' lang='lat' dir='ltr'><strong>conjunxerant;</strong></span> 
     </span>
    </p>
   </div>
   <div class='ocr_carea' id='block_1_6' title="bbox 97 714 1588 800">
    <p class='ocr_par' dir='ltr' id='par_1_6' title="bbox 97 714 1588 800">
     <span class='ocr_line' id='line_1_6' title="bbox 97 714 1588 800; baseline -0.01 -16"><span class='ocrx_word' id='word_1_39' title='bbox 97 731 304 800; x_wconf 80' lang='lat' dir='ltr'><strong>Hugonem</strong></span> <span class='ocrx_word' id='word_1_40' title='bbox 331 735 727 791; x_wconf 90' lang='lat' dir='ltr'><strong>quoque,qnem</strong></span> <span class='ocrx_word' id='word_1_41' title='bbox 743 718 1196 791; x_wconf 79' lang='lat' dir='ltr'><strong>cognominabant</strong></span> <span class='ocrx_word' id='word_1_42' title='bbox 1219 714 1588 785; x_wconf 90' lang='lat' dir='ltr'><strong>Capellanum,</strong></span> 
     </span>
    </p>
   </div>
   <div class='ocr_carea' id='block_1_7' title="bbox 96 807 1590 890">
    <p class='ocr_par' dir='ltr' id='par_1_7' title="bbox 96 807 1590 890">
     <span class='ocr_line' id='line_1_7' title="bbox 96 807 1590 890; baseline -0.009 -14"><span class='ocrx_word' id='word_1_43' title='bbox 96 818 259 890; x_wconf 78' lang='lat' dir='ltr'><strong>ecquod</strong></span> <span class='ocrx_word' id='word_1_44' title='bbox 294 815 431 871; x_wconf 86' lang='lat' dir='ltr'><strong>solus</strong></span> <span class='ocrx_word' id='word_1_45' title='bbox 476 827 541 867; x_wconf 78' lang='lat' dir='ltr'><strong>ex</strong></span> <span class='ocrx_word' id='word_1_46' title='bbox 594 813 662 868; x_wconf 91' lang='lat' dir='ltr'><strong>iis</strong></span> <span class='ocrx_word' id='word_1_47' title='bbox 714 810 1019 866; x_wconf 89' lang='lat' dir='ltr'><strong>sacerdotio</strong></span> <span class='ocrx_word' id='word_1_48' title='bbox 1072 807 1590 879; x_wconf 88' lang='lat' dir='ltr'><strong>fungeretur,duos</strong></span> 
     </span>
    </p>
   </div>
   <div class='ocr_carea' id='block_1_8' title="bbox 96 900 1588 974">
    <p class='ocr_par' dir='ltr' id='par_1_8' title="bbox 96 900 1588 974">
     <span class='ocr_line' id='line_1_8' title="bbox 96 900 1588 974; baseline -0.009 -9"><span class='ocrx_word' id='word_1_49' title='bbox 96 922 221 966; x_wconf 79' lang='lat' dir='ltr'><strong>autem</strong></span> <span class='ocrx_word' id='word_1_50' title='bbox 241 908 384 962; x_wconf 84' lang='lat' dir='ltr'><strong>laicos</strong></span> <span class='ocrx_word' id='word_1_51' title='bbox 406 946 422 969; x_wconf 91' lang='lat'><strong>,</strong></span> <span class='ocrx_word' id='word_1_52' title='bbox 473 920 610 974; x_wconf 90' lang='lat' dir='ltr'><strong>quos</strong></span> <span class='ocrx_word' id='word_1_53' title='bbox 637 903 912 973; x_wconf 88' lang='lat' dir='ltr'><strong>appellant</strong></span> <span class='ocrx_word' id='word_1_54' title='bbox 938 916 1232 957; x_wconf 90' lang='lat' dir='ltr'><strong>conversos</strong></span> <span class='ocrx_word' id='word_1_55' title='bbox 1252 941 1266 964; x_wconf 92' lang='lat'><strong>,</strong></span> <span class='ocrx_word' id='word_1_56' title='bbox 1318 900 1588 955; x_wconf 79' lang='lat' dir='ltr'><strong>Andream</strong></span> 
     </span>
    </p>
   </div>
   <div class='ocr_carea' id='block_1_9' title="bbox 96 991 1590 1064">
    <p class='ocr_par' dir='ltr' id='par_1_9' title="bbox 96 991 1590 1064">
     <span class='ocr_line' id='line_1_9' title="bbox 96 991 1590 1064; baseline -0.01 -5"><span class='ocrx_word' id='word_1_57' title='bbox 96 1002 239 1059; x_wconf 72' lang='lat' dir='ltr'><strong>scilicet</strong></span> <span class='ocrx_word' id='word_1_58' title='bbox 260 1010 308 1053; x_wconf 90' lang='lat' dir='ltr'><strong>et</strong></span> <span class='ocrx_word' id='word_1_59' title='bbox 331 997 641 1053; x_wconf 81' lang='lat' dir='ltr'><strong>Guarinum.</strong></span> <span class='ocrx_word' id='word_1_60' title='bbox 683 995 1006 1064; x_wconf 78' lang='lat' dir='ltr'><strong>Qmerebant</strong></span> <span class='ocrx_word' id='word_1_61' title='bbox 1048 1003 1229 1047; x_wconf 91' lang='lat' dir='ltr'><strong>autem</strong></span> <span class='ocrx_word' id='word_1_62' title='bbox 1263 991 1437 1045; x_wconf 91' lang='lat' dir='ltr'><strong>locum</strong></span> <span class='ocrx_word' id='word_1_63' title='bbox 1467 1007 1590 1045; x_wconf 85' lang='lat' dir='ltr'><strong>ere-</strong></span> 
     </span>
    </p>
   </div>
   <div class='ocr_carea' id='block_1_10' title="bbox 95 1082 1589 1157">
    <p class='ocr_par' dir='ltr' id='par_1_10' title="bbox 95 1082 1589 1157">
     <span class='ocr_line' id='line_1_10' title="bbox 95 1082 1589 1157; baseline -0.006 -14"><span class='ocrx_word' id='word_1_64' title='bbox 95 1093 233 1145; x_wconf 72' lang='lat' dir='ltr'><strong>mitica:</strong></span> <span class='ocrx_word' id='word_1_65' title='bbox 253 1090 363 1142; x_wconf 68' lang='lat' dir='ltr'><strong>vitm</strong></span> <span class='ocrx_word' id='word_1_66' title='bbox 390 1102 684 1157; x_wconf 84' lang='lat' dir='ltr'><strong>congruum</strong></span> <span class='ocrx_word' id='word_1_67' title='bbox 715 1096 769 1140; x_wconf 90' lang='lat' dir='ltr'><strong>et</strong></span> <span class='ocrx_word' id='word_1_68' title='bbox 797 1086 1022 1139; x_wconf 88' lang='lat' dir='ltr'><strong>necdum</strong></span> <span class='ocrx_word' id='word_1_69' title='bbox 1053 1093 1364 1154; x_wconf 81' lang='lat' dir='ltr'><strong>repererunt</strong></span> <span class='ocrx_word' id='word_1_70' title='bbox 1392 1100 1404 1136; x_wconf 89' lang='lat'><strong>:</strong></span> <span class='ocrx_word' id='word_1_71' title='bbox 1449 1082 1589 1153; x_wconf 76' lang='lat' dir='ltr'><strong>vigi-</strong></span> 
     </span>
    </p>
   </div>
   <div class='ocr_carea' id='block_1_11' title="bbox 97 1175 1588 1248">
    <p class='ocr_par' dir='ltr' id='par_1_11' title="bbox 97 1175 1588 1248">
     <span class='ocr_line' id='line_1_11' title="bbox 97 1175 1588 1248; baseline -0.006 -11"><span class='ocrx_word' id='word_1_72' title='bbox 97 1185 194 1237; x_wconf 77' lang='lat' dir='ltr'><strong>lante</strong></span> <span class='ocrx_word' id='word_1_73' title='bbox 210 1191 361 1235; x_wconf 88' lang='lat' dir='ltr'><strong>autem</strong></span> <span class='ocrx_word' id='word_1_74' title='bbox 382 1180 639 1248; x_wconf 79' lang='lat' dir='ltr'><strong>praedicto</strong></span> <span class='ocrx_word' id='word_1_75' title='bbox 669 1177 919 1247; x_wconf 91' lang='lat' dir='ltr'><strong>episcopo</strong></span> <span class='ocrx_word' id='word_1_76' title='bbox 957 1184 1010 1231; x_wconf 90' lang='lat' dir='ltr'><strong>et</strong></span> <span class='ocrx_word' id='word_1_77' title='bbox 1044 1176 1112 1231; x_wconf 90' lang='lat' dir='ltr'><strong>de</strong></span> <span class='ocrx_word' id='word_1_78' title='bbox 1145 1175 1352 1231; x_wconf 78' lang='lat' dir='ltr'><strong>visione</strong></span> <span class='ocrx_word' id='word_1_79' title='bbox 1384 1184 1588 1245; x_wconf 90' lang='lat' dir='ltr'><strong>septem</strong></span> 
     </span>
    </p>
   </div>
   <div class='ocr_carea' id='block_1_12' title="bbox 95 1263 1588 1338">
    <p class='ocr_par' dir='ltr' id='par_1_12' title="bbox 95 1263 1588 1338">
     <span class='ocr_line' id='line_1_12' title="bbox 95 1263 1588 1338; baseline -0.007 -12"><span class='ocrx_word' id='word_1_80' title='bbox 95 1273 298 1326; x_wconf 76' lang='lat' dir='ltr'><strong>stellarum</strong></span> <span class='ocrx_word' id='word_1_81' title='bbox 333 1272 468 1338; x_wconf 63' lang='lat' dir='ltr'><strong>(qua!</strong></span> <span class='ocrx_word' id='word_1_82' title='bbox 504 1269 553 1323; x_wconf 90' lang='lat' dir='ltr'><strong>ei</strong></span> <span class='ocrx_word' id='word_1_83' title='bbox 586 1268 796 1323; x_wconf 84' lang='lat' dir='ltr'><strong>scilicet</strong></span> <span class='ocrx_word' id='word_1_84' title='bbox 823 1266 981 1337; x_wconf 87' lang='lat' dir='ltr'><strong>paulo</strong></span> <span class='ocrx_word' id='word_1_85' title='bbox 1014 1274 1140 1319; x_wconf 89' lang='lat' dir='ltr'><strong>ante</strong></span> <span class='ocrx_word' id='word_1_86' title='bbox 1174 1263 1351 1320; x_wconf 78' lang='lat' dir='ltr'><strong>fuerat</strong></span> <span class='ocrx_word' id='word_1_87' title='bbox 1386 1264 1588 1334; x_wconf 89' lang='lat' dir='ltr'><strong>oblata)</strong></span> 
     </span>
    </p>
   </div>
   <div class='ocr_carea' id='block_1_13' title="bbox 96 1355 1593 1431">
    <p class='ocr_par' dir='ltr' id='par_1_13' title="bbox 96 1355 1593 1431">
     <span class='ocr_line' id='line_1_13' title="bbox 96 1355 1593 1431; baseline -0.007 -15"><span class='ocrx_word' id='word_1_88' title='bbox 96 1361 318 1431; x_wconf 76' lang='lat' dir='ltr'><strong>cogitante,</strong></span> <span class='ocrx_word' id='word_1_89' title='bbox 345 1359 537 1413; x_wconf 79' lang='lat' dir='ltr'><strong>adsunt</strong></span> <span class='ocrx_word' id='word_1_90' title='bbox 561 1356 772 1428; x_wconf 65' lang='lat' dir='ltr'><strong>praefati</strong></span> <span class='ocrx_word' id='word_1_91' title='bbox 804 1366 1010 1426; x_wconf 87' lang='lat' dir='ltr'><strong>septem</strong></span> <span class='ocrx_word' id='word_1_92' title='bbox 1043 1356 1181 1420; x_wconf 87' lang='lat' dir='ltr'><strong>viri,</strong></span> <span class='ocrx_word' id='word_1_93' title='bbox 1236 1355 1445 1411; x_wconf 92' lang='lat' dir='ltr'><strong>scilicet</strong></span> <span class='ocrx_word' id='word_1_94' title='bbox 1477 1371 1593 1407; x_wconf 85' lang='lat' dir='ltr'><strong>tua-</strong></span> 
     </span>
    </p>
   </div>
   <div class='ocr_carea' id='block_1_14' title="bbox 96 1450 1585 1521">
    <p class='ocr_par' dir='ltr' id='par_1_14' title="bbox 96 1450 1585 1521">
     <span class='ocr_line' id='line_1_14' title="bbox 96 1450 1585 1521; baseline -0.001 -17"><span class='ocrx_word' id='word_1_95' title='bbox 96 1453 209 1521; x_wconf 78' lang='lat' dir='ltr'><strong>gister</strong></span> <span class='ocrx_word' id='word_1_96' title='bbox 234 1452 389 1519; x_wconf 84' lang='lat' dir='ltr'><strong>Bruno</strong></span> <span class='ocrx_word' id='word_1_97' title='bbox 432 1465 558 1505; x_wconf 91' lang='lat' dir='ltr'><strong>cum</strong></span> <span class='ocrx_word' id='word_1_98' title='bbox 602 1465 699 1505; x_wconf 81' lang='lat' dir='ltr'><strong>sex</strong></span> <span class='ocrx_word' id='word_1_99' title='bbox 735 1450 973 1521; x_wconf 62' lang='lat' dir='ltr'><strong>praefatis</strong></span> <span class='ocrx_word' id='word_1_100' title='bbox 1001 1451 1163 1505; x_wconf 89' lang='lat' dir='ltr'><strong>sociis</strong></span> <span class='ocrx_word' id='word_1_101' title='bbox 1202 1450 1336 1505; x_wconf 89' lang='lat' dir='ltr'><strong>suis.</strong></span> <span class='ocrx_word' id='word_1_102' title='bbox 1380 1450 1585 1506; x_wconf 87' lang='lat' dir='ltr'><strong>Caden-</strong></span> 
     </span>
    </p>
   </div>
   <div class='ocr_carea' id='block_1_15' title="bbox 95 1539 1592 1610">
    <p class='ocr_par' dir='ltr' id='par_1_15' title="bbox 95 1539 1592 1610">
     <span class='ocr_line' id='line_1_15' title="bbox 95 1539 1592 1610; baseline -0.001 -17"><span class='ocrx_word' id='word_1_103' title='bbox 95 1541 189 1594; x_wconf 89' lang='lat' dir='ltr'><strong>tibus</strong></span> <span class='ocrx_word' id='word_1_104' title='bbox 210 1542 361 1593; x_wconf 75' lang='lat' dir='ltr'><strong>autem</strong></span> <span class='ocrx_word' id='word_1_105' title='bbox 394 1540 461 1594; x_wconf 91' lang='lat' dir='ltr'><strong>iis</strong></span> <span class='ocrx_word' id='word_1_106' title='bbox 488 1549 699 1610; x_wconf 88' lang='lat' dir='ltr'><strong>septem</strong></span> <span class='ocrx_word' id='word_1_107' title='bbox 727 1548 853 1599; x_wconf 88' lang='lat' dir='ltr'><strong>ante</strong></span> <span class='ocrx_word' id='word_1_108' title='bbox 890 1540 1053 1610; x_wconf 87' lang='lat' dir='ltr'><strong>pedes</strong></span> <span class='ocrx_word' id='word_1_109' title='bbox 1080 1541 1253 1596; x_wconf 90' lang='lat' dir='ltr'><strong>sancti</strong></span> <span class='ocrx_word' id='word_1_110' title='bbox 1289 1539 1423 1603; x_wconf 91' lang='lat' dir='ltr'><strong>viri,</strong></span> <span class='ocrx_word' id='word_1_111' title='bbox 1464 1553 1592 1592; x_wconf 83' lang='lat' dir='ltr'><strong>con-</strong></span> 
     </span>
    </p>
   </div>
   <div class='ocr_carea' id='block_1_16' title="bbox 94 1631 1588 1701">
    <p class='ocr_par' dir='ltr' id='par_1_16' title="bbox 94 1631 1588 1701">
     <span class='ocr_line' id='line_1_16' title="bbox 94 1631 1588 1701; baseline 0 -18"><span class='ocrx_word' id='word_1_112' title='bbox 94 1631 238 1684; x_wconf 81' lang='lat' dir='ltr'><strong>ferebat</strong></span> <span class='ocrx_word' id='word_1_113' title='bbox 278 1632 381 1699; x_wconf 87' lang='lat' dir='ltr'><strong>ipse</strong></span> <span class='ocrx_word' id='word_1_114' title='bbox 418 1641 643 1686; x_wconf 88' lang='lat' dir='ltr'><strong>sanctus</strong></span> <span class='ocrx_word' id='word_1_115' title='bbox 690 1633 774 1686; x_wconf 88' lang='lat' dir='ltr'><strong>vir</strong></span> <span class='ocrx_word' id='word_1_116' title='bbox 820 1633 872 1686; x_wconf 91' lang='lat' dir='ltr'><strong>in</strong></span> <span class='ocrx_word' id='word_1_117' title='bbox 925 1633 1089 1688; x_wconf 92' lang='lat' dir='ltr'><strong>corde</strong></span> <span class='ocrx_word' id='word_1_118' title='bbox 1144 1647 1241 1687; x_wconf 89' lang='lat' dir='ltr'><strong>suo</strong></span> <span class='ocrx_word' id='word_1_119' title='bbox 1270 1634 1335 1686; x_wconf 92' lang='lat' dir='ltr'><strong>de</strong></span> <span class='ocrx_word' id='word_1_120' title='bbox 1385 1641 1588 1701; x_wconf 88' lang='lat' dir='ltr'><strong>septem</strong></span> 
     </span>
    </p>
   </div>
   <div class='ocr_carea' id='block_1_17' title="bbox 95 1719 1590 1790">
    <p class='ocr_par' dir='ltr' id='par_1_17' title="bbox 95 1719 1590 1790">
     <span class='ocr_line' id='line_1_17' title="bbox 95 1719 1590 1790; baseline -0.001 -18"><span class='ocrx_word' id='word_1_121' title='bbox 95 1719 209 1772; x_wconf 80' lang='lat' dir='ltr'><strong>stellis</strong></span> <span class='ocrx_word' id='word_1_122' title='bbox 250 1735 369 1788; x_wconf 88' lang='lat' dir='ltr'><strong>quas</strong></span> <span class='ocrx_word' id='word_1_123' title='bbox 417 1722 471 1774; x_wconf 91' lang='lat' dir='ltr'><strong>in</strong></span> <span class='ocrx_word' id='word_1_124' title='bbox 521 1720 737 1775; x_wconf 78' lang='lat' dir='ltr'><strong>visione</strong></span> <span class='ocrx_word' id='word_1_125' title='bbox 784 1720 1024 1786; x_wconf 80' lang='lat' dir='ltr'><strong>viderat;</strong></span> <span class='ocrx_word' id='word_1_126' title='bbox 1076 1721 1167 1790; x_wconf 91' lang='lat' dir='ltr'><strong>qui</strong></span> <span class='ocrx_word' id='word_1_127' title='bbox 1216 1735 1309 1775; x_wconf 89' lang='lat' dir='ltr'><strong>eos</strong></span> <span class='ocrx_word' id='word_1_128' title='bbox 1359 1720 1590 1789; x_wconf 71' lang='lat' dir='ltr'><strong>benigne</strong></span> 
     </span>
    </p>
   </div>
   <div class='ocr_carea' id='block_1_18' title="bbox 94 1810 1589 1885">
    <p class='ocr_par' dir='ltr' id='par_1_18' title="bbox 94 1810 1589 1885">
     <span class='ocr_line' id='line_1_18' title="bbox 94 1810 1589 1885; baseline 0.001 -21"><span class='ocrx_word' id='word_1_129' title='bbox 94 1810 227 1864; x_wconf 78' lang='lat' dir='ltr'><strong>levarit</strong></span> <span class='ocrx_word' id='word_1_130' title='bbox 254 1814 310 1865; x_wconf 89' lang='lat' dir='ltr'><strong>ad</strong></span> <span class='ocrx_word' id='word_1_131' title='bbox 338 1813 482 1881; x_wconf 90' lang='lat' dir='ltr'><strong>pacis</strong></span> <span class='ocrx_word' id='word_1_132' title='bbox 510 1814 791 1879; x_wconf 88' lang='lat' dir='ltr'><strong>osculum,</strong></span> <span class='ocrx_word' id='word_1_133' title='bbox 841 1821 895 1868; x_wconf 92' lang='lat' dir='ltr'><strong>et</strong></span> <span class='ocrx_word' id='word_1_134' title='bbox 930 1814 1184 1884; x_wconf 88' lang='lat' dir='ltr'><strong>inquisita</strong></span> <span class='ocrx_word' id='word_1_135' title='bbox 1214 1823 1268 1868; x_wconf 91' lang='lat' dir='ltr'><strong>et</strong></span> <span class='ocrx_word' id='word_1_136' title='bbox 1306 1812 1589 1885; x_wconf 80' lang='lat' dir='ltr'><strong>diligenter</strong></span> 
     </span>
    </p>
   </div>
   <div class='ocr_carea' id='block_1_19' title="bbox 94 1901 1587 1974">
    <p class='ocr_par' dir='ltr' id='par_1_19' title="bbox 94 1901 1587 1974">
     <span class='ocr_line' id='line_1_19' title="bbox 94 1901 1587 1974; baseline 0.001 -21"><span class='ocrx_word' id='word_1_137' title='bbox 94 1901 315 1968; x_wconf 83' lang='lat' dir='ltr'><strong>intellecta,</strong></span> <span class='ocrx_word' id='word_1_138' title='bbox 374 1920 479 1974; x_wconf 92' lang='lat' dir='ltr'><strong>qua</strong></span> <span class='ocrx_word' id='word_1_139' title='bbox 526 1907 600 1960; x_wconf 91' lang='lat' dir='ltr'><strong>de</strong></span> <span class='ocrx_word' id='word_1_140' title='bbox 654 1920 851 1971; x_wconf 89' lang='lat' dir='ltr'><strong>causa,</strong></span> <span class='ocrx_word' id='word_1_141' title='bbox 905 1906 1222 1969; x_wconf 79' lang='lat' dir='ltr'><strong>venissent,</strong></span> <span class='ocrx_word' id='word_1_142' title='bbox 1280 1906 1415 1960; x_wconf 80' lang='lat' dir='ltr'><strong>dixit</strong></span> <span class='ocrx_word' id='word_1_143' title='bbox 1469 1904 1587 1959; x_wconf 88' lang='lat' dir='ltr'><strong>eis:</strong></span> 
     </span>
    </p>
   </div>
   <div class='ocr_carea' id='block_1_20' title="bbox 95 1990 1592 2065">
    <p class='ocr_par' dir='ltr' id='par_1_20' title="bbox 95 1990 1592 2065">
     <span class='ocr_line' id='line_1_20' title="bbox 95 1990 1592 2065; baseline 0.003 -22"><span class='ocrx_word' id='word_1_144' title='bbox 95 1990 176 2044; x_wconf 83' lang='lat' dir='ltr'><strong>Scio</strong></span> <span class='ocrx_word' id='word_1_145' title='bbox 197 1992 339 2047; x_wconf 89' lang='lat' dir='ltr'><strong>locum</strong></span> <span class='ocrx_word' id='word_1_146' title='bbox 368 2004 610 2049; x_wconf 86' lang='lat' dir='ltr'><strong>vestrum</strong></span> <span class='ocrx_word' id='word_1_147' title='bbox 632 2038 646 2061; x_wconf 90' lang='lat'><strong>,</strong></span> <span class='ocrx_word' id='word_1_148' title='bbox 682 2012 711 2049; x_wconf 92' lang='lat' dir='ltr'><strong>a</strong></span> <span class='ocrx_word' id='word_1_149' title='bbox 756 1996 863 2052; x_wconf 86' lang='lat' dir='ltr'><strong>Deo</strong></span> <span class='ocrx_word' id='word_1_150' title='bbox 890 1997 1043 2051; x_wconf 82' lang='lat' dir='ltr'><strong>vobis</strong></span> <span class='ocrx_word' id='word_1_151' title='bbox 1067 2003 1333 2065; x_wconf 90' lang='lat' dir='ltr'><strong>paratum,</strong></span> <span class='ocrx_word' id='word_1_152' title='bbox 1359 2004 1415 2050; x_wconf 89' lang='lat' dir='ltr'><strong>et</strong></span> <span class='ocrx_word' id='word_1_153' title='bbox 1440 1996 1592 2050; x_wconf 77' lang='lat' dir='ltr'><strong>duxit</strong></span> 
     </span>
    </p>
   </div>
   <div class='ocr_carea' id='block_1_21' title="bbox 94 2086 1592 2158">
    <p class='ocr_par' dir='ltr' id='par_1_21' title="bbox 94 2086 1592 2158">
     <span class='ocr_line' id='line_1_21' title="bbox 94 2086 1592 2158; baseline 0.003 -24"><span class='ocrx_word' id='word_1_154' title='bbox 94 2096 250 2137; x_wconf 69' lang='lat' dir='ltr'><strong>uisum:</strong></span> <span class='ocrx_word' id='word_1_155' title='bbox 274 2086 376 2139; x_wconf 87' lang='lat' dir='ltr'><strong>sine</strong></span> <span class='ocrx_word' id='word_1_156' title='bbox 401 2089 596 2158; x_wconf 80' lang='lat' dir='ltr'><strong>grandi</strong></span> <span class='ocrx_word' id='word_1_157' title='bbox 633 2088 816 2143; x_wconf 91' lang='lat' dir='ltr'><strong>labore</strong></span> <span class='ocrx_word' id='word_1_158' title='bbox 845 2091 911 2141; x_wconf 86' lang='lat' dir='ltr'><strong>ad</strong></span> <span class='ocrx_word' id='word_1_159' title='bbox 948 2089 1123 2143; x_wconf 90' lang='lat' dir='ltr'><strong>locum</strong></span> <span class='ocrx_word' id='word_1_160' title='bbox 1145 2129 1159 2151; x_wconf 91' lang='lat'><strong>,</strong></span> <span class='ocrx_word' id='word_1_161' title='bbox 1208 2088 1298 2142; x_wconf 91' lang='lat' dir='ltr'><strong>ubi</strong></span> <span class='ocrx_word' id='word_1_162' title='bbox 1328 2086 1592 2143; x_wconf 82' lang='lat' dir='ltr'><strong>steterunt</strong></span> 
     </span>
    </p>
   </div>
   <div class='ocr_carea' id='block_1_22' title="bbox 94 2171 1289 2242">
    <p class='ocr_par' dir='ltr' id='par_1_22' title="bbox 94 2171 1289 2242">
     <span class='ocr_line' id='line_1_22' title="bbox 94 2171 1289 2242; baseline 0.004 -18"><span class='ocrx_word' id='word_1_163' title='bbox 94 2171 205 2224; x_wconf 60' lang='lat' dir='ltr'><strong>stella:</strong></span> <span class='ocrx_word' id='word_1_164' title='bbox 224 2183 428 2242; x_wconf 87' lang='lat' dir='ltr'><strong>septem,</strong></span> <span class='ocrx_word' id='word_1_165' title='bbox 458 2185 514 2230; x_wconf 89' lang='lat' dir='ltr'><strong>et</strong></span> <span class='ocrx_word' id='word_1_166' title='bbox 544 2177 652 2230; x_wconf 86' lang='lat' dir='ltr'><strong>ait:</strong></span> <span class='ocrx_word' id='word_1_167' title='bbox 687 2178 824 2233; x_wconf 85' lang='lat' dir='ltr'><strong>Ecce</strong></span> <span class='ocrx_word' id='word_1_168' title='bbox 847 2178 996 2232; x_wconf 91' lang='lat' dir='ltr'><strong>locus</strong></span> <span class='ocrx_word' id='word_1_169' title='bbox 1026 2187 1226 2232; x_wconf 87' lang='lat' dir='ltr'><strong>vester.</strong></span> <span class='ocrx_word' id='word_1_170' title='bbox 1272 2197 1289 2229; x_wconf 72' lang='grc' dir='ltr'><strong>ι</strong></span> 
     </span>
    </p>
   </div>
   <div class='ocr_carea' id='block_1_23' title="bbox 134 2263 1591 2337">
    <p class='ocr_par' dir='ltr' id='par_1_23' title="bbox 134 2263 1591 2337">
     <span class='ocr_line' id='line_1_23' title="bbox 134 2263 1591 2337; baseline 0.004 -23"><span class='ocrx_word' id='word_1_171' title='bbox 134 2263 223 2316; x_wconf 68' lang='grc' dir='ltr'><strong>ω.</strong></span> <span class='ocrx_word' id='word_1_172' title='bbox 258 2264 320 2318; x_wconf 84' lang='lat' dir='ltr'><strong>lta</strong></span> <span class='ocrx_word' id='word_1_173' title='bbox 346 2282 651 2337; x_wconf 83' lang='lat' dir='ltr'><strong>anonymus</strong></span> <span class='ocrx_word' id='word_1_174' title='bbox 686 2269 915 2324; x_wconf 70' lang='lat' dir='ltr'><strong>laudatm</strong></span> <span class='ocrx_word' id='word_1_175' title='bbox 948 2268 1195 2324; x_wconf 66' lang='lat' dir='ltr'><strong>Historia:</strong></span> <span class='ocrx_word' id='word_1_176' title='bbox 1221 2269 1429 2325; x_wconf 86' lang='lat' dir='ltr'><strong>ordinis</strong></span> <span class='ocrx_word' id='word_1_177' title='bbox 1458 2268 1591 2324; x_wconf 87' lang='lat' dir='ltr'><strong>Car-</strong></span> 
     </span>
    </p>
   </div>
   <div class='ocr_carea' id='block_1_24' title="bbox 95 2353 1592 2429">
    <p class='ocr_par' dir='ltr' id='par_1_24' title="bbox 95 2353 1592 2429">
     <span class='ocr_line' id='line_1_24' title="bbox 95 2353 1592 2429; baseline 0.005 -25"><span class='ocrx_word' id='word_1_178' title='bbox 95 2353 306 2410; x_wconf 83' lang='lat' dir='ltr'><strong>tbusieusis</strong></span> <span class='ocrx_word' id='word_1_179' title='bbox 331 2367 520 2411; x_wconf 89' lang='lat' dir='ltr'><strong>auctor</strong></span> <span class='ocrx_word' id='word_1_180' title='bbox 550 2399 564 2423; x_wconf 91' lang='lat'><strong>,</strong></span> <span class='ocrx_word' id='word_1_181' title='bbox 589 2360 831 2414; x_wconf 89' lang='lat' dir='ltr'><strong>nonnihil</strong></span> <span class='ocrx_word' id='word_1_182' title='bbox 858 2375 988 2415; x_wconf 87' lang='lat' dir='ltr'><strong>sane</strong></span> <span class='ocrx_word' id='word_1_183' title='bbox 1014 2369 1068 2415; x_wconf 86' lang='lat' dir='ltr'><strong>et</strong></span> <span class='ocrx_word' id='word_1_184' title='bbox 1101 2376 1129 2414; x_wconf 92' lang='lat' dir='ltr'><strong>a</strong></span> <span class='ocrx_word' id='word_1_185' title='bbox 1161 2360 1406 2429; x_wconf 80' lang='lat' dir='ltr'><strong>Guigone</strong></span> <span class='ocrx_word' id='word_1_186' title='bbox 1444 2370 1497 2414; x_wconf 94' lang='lat' dir='ltr'><strong>et</strong></span> <span class='ocrx_word' id='word_1_187' title='bbox 1525 2361 1592 2413; x_wconf 74' lang='lat' dir='ltr'><strong>ah‘</strong></span> 
     </span>
    </p>
   </div>
   <div class='ocr_carea' id='block_1_25' title="bbox 95 2447 1588 2520">
    <p class='ocr_par' dir='ltr' id='par_1_25' title="bbox 95 2447 1588 2520">
     <span class='ocr_line' id='line_1_25' title="bbox 95 2447 1588 2520; baseline 0.005 -26"><span class='ocrx_word' id='word_1_188' title='bbox 95 2457 310 2513; x_wconf 75' lang='lat' dir='ltr'><strong>anonymo,</strong></span> <span class='ocrx_word' id='word_1_189' title='bbox 348 2449 435 2515; x_wconf 87' lang='lat' dir='ltr'><strong>qui</strong></span> <span class='ocrx_word' id='word_1_190' title='bbox 483 2447 752 2518; x_wconf 82' lang='lat' dir='ltr'><strong>Guigonis</strong></span> <span class='ocrx_word' id='word_1_191' title='bbox 798 2451 963 2504; x_wconf 87' lang='lat' dir='ltr'><strong>verba</strong></span> <span class='ocrx_word' id='word_1_192' title='bbox 1008 2451 1255 2520; x_wconf 80' lang='lat' dir='ltr'><strong>proxime</strong></span> <span class='ocrx_word' id='word_1_193' title='bbox 1287 2450 1507 2505; x_wconf 89' lang='lat' dir='ltr'><strong>recitata</strong></span> <span class='ocrx_word' id='word_1_194' title='bbox 1536 2450 1588 2502; x_wconf 94' lang='lat' dir='ltr'><strong>in</strong></span> 
     </span>
    </p>
   </div>
   <div class='ocr_carea' id='block_1_26' title="bbox 95 2533 1594 2611">
    <p class='ocr_par' dir='ltr' id='par_1_26' title="bbox 95 2533 1594 2611">
     <span class='ocr_line' id='line_1_26' title="bbox 95 2533 1594 2611; baseline 0.007 -28"><span class='ocrx_word' id='word_1_195' title='bbox 95 2533 325 2599; x_wconf 78' lang='lat' dir='ltr'><strong>opusculum</strong></span> <span class='ocrx_word' id='word_1_196' title='bbox 370 2552 533 2591; x_wconf 87' lang='lat' dir='ltr'><strong>suum</strong></span> <span class='ocrx_word' id='word_1_197' title='bbox 585 2538 801 2601; x_wconf 86' lang='lat' dir='ltr'><strong>intulit,</strong></span> <span class='ocrx_word' id='word_1_198' title='bbox 843 2540 1138 2609; x_wconf 90' lang='lat' dir='ltr'><strong>primorum</strong></span> <span class='ocrx_word' id='word_1_199' title='bbox 1189 2541 1427 2611; x_wconf 89' lang='lat' dir='ltr'><strong>quinque</strong></span> <span class='ocrx_word' id='word_1_200' title='bbox 1460 2539 1594 2595; x_wconf 88' lang='lat' dir='ltr'><strong>Car-</strong></span> 
     </span>
    </p>
   </div>
   <div class='ocr_carea' id='block_1_27' title="bbox 96 2624 1591 2701">
    <p class='ocr_par' dir='ltr' id='par_1_27' title="bbox 96 2624 1591 2701">
     <span class='ocr_line' id='line_1_27' title="bbox 96 2624 1591 2701; baseline 0.005 -27"><span class='ocrx_word' id='word_1_201' title='bbox 96 2624 223 2679; x_wconf 81' lang='lat' dir='ltr'><strong>thusue</strong></span> <span class='ocrx_word' id='word_1_202' title='bbox 244 2627 461 2695; x_wconf 88' lang='lat' dir='ltr'><strong>priorum</strong></span> <span class='ocrx_word' id='word_1_203' title='bbox 491 2630 912 2699; x_wconf 79' lang='lat' dir='ltr'><strong>chronograpbo</strong></span> <span class='ocrx_word' id='word_1_204' title='bbox 937 2645 1028 2684; x_wconf 92' lang='lat' dir='ltr'><strong>seu</strong></span> <span class='ocrx_word' id='word_1_205' title='bbox 1072 2631 1375 2701; x_wconf 84' lang='lat' dir='ltr'><strong>antiquiore</strong></span> <span class='ocrx_word' id='word_1_206' title='bbox 1406 2630 1591 2685; x_wconf 79' lang='lat' dir='ltr'><strong>Saneti</strong></span> 
     </span>
    </p>
   </div>
   <div class='ocr_carea' id='block_1_28' title="bbox 97 2715 1591 2791">
    <p class='ocr_par' dir='ltr' id='par_1_28' title="bbox 97 2715 1591 2791">
     <span class='ocr_line' id='line_1_28' title="bbox 97 2715 1591 2791; baseline 0.007 -26"><span class='ocrx_word' id='word_1_207' title='bbox 97 2716 207 2768; x_wconf 76' lang='lat' dir='ltr'><strong>nostri</strong></span> <span class='ocrx_word' id='word_1_208' title='bbox 232 2715 504 2787; x_wconf 84' lang='lat' dir='ltr'><strong>biographo</strong></span> <span class='ocrx_word' id='word_1_209' title='bbox 543 2718 856 2784; x_wconf 88' lang='lat' dir='ltr'><strong>dissonans,</strong></span> <span class='ocrx_word' id='word_1_210' title='bbox 892 2727 951 2773; x_wconf 87' lang='lat' dir='ltr'><strong>ut</strong></span> <span class='ocrx_word' id='word_1_211' title='bbox 994 2720 1135 2775; x_wconf 89' lang='lat' dir='ltr'><strong>illius</strong></span> <span class='ocrx_word' id='word_1_212' title='bbox 1163 2721 1324 2775; x_wconf 91' lang='lat' dir='ltr'><strong>verba</strong></span> <span class='ocrx_word' id='word_1_213' title='bbox 1349 2722 1591 2791; x_wconf 78' lang='lat' dir='ltr'><strong>proxime</strong></span> 
     </span>
    </p>
   </div>
   <div class='ocr_carea' id='block_1_29' title="bbox 95 2811 1592 2886">
    <p class='ocr_par' dir='ltr' id='par_1_29' title="bbox 95 2811 1592 2886">
     <span class='ocr_line' id='line_1_29' title="bbox 95 2811 1592 2886; baseline 0.007 -24"><span class='ocrx_word' id='word_1_214' title='bbox 95 2811 233 2876; x_wconf 75' lang='lat' dir='ltr'><strong>pariter</strong></span> <span class='ocrx_word' id='word_1_215' title='bbox 251 2812 324 2867; x_wconf 88' lang='lat' dir='ltr'><strong>hic</strong></span> <span class='ocrx_word' id='word_1_216' title='bbox 350 2814 577 2868; x_wconf 88' lang='lat' dir='ltr'><strong>recitata</strong></span> <span class='ocrx_word' id='word_1_217' title='bbox 608 2828 730 2868; x_wconf 92' lang='lat' dir='ltr'><strong>cum</strong></span> <span class='ocrx_word' id='word_1_218' title='bbox 780 2814 1040 2886; x_wconf 81' lang='lat' dir='ltr'><strong>Gnigonis</strong></span> <span class='ocrx_word' id='word_1_219' title='bbox 1080 2817 1260 2873; x_wconf 89' lang='lat' dir='ltr'><strong>verbis</strong></span> <span class='ocrx_word' id='word_1_220' title='bbox 1292 2817 1592 2873; x_wconf 89' lang='lat' dir='ltr'><strong>conferemi</strong></span> 
     </span>
    </p>
   </div>
   <div class='ocr_carea' id='block_1_30' title="bbox 96 2900 1591 2976">
    <p class='ocr_par' dir='ltr' id='par_1_30' title="bbox 96 2900 1591 2976">
     <span class='ocr_line' id='line_1_30' title="bbox 96 2900 1591 2976; baseline 0.006 -25"><span class='ocrx_word' id='word_1_221' title='bbox 96 2900 249 2965; x_wconf 79' lang='lat' dir='ltr'><strong>patebit.</strong></span> <span class='ocrx_word' id='word_1_222' title='bbox 286 2902 410 2958; x_wconf 79' lang='lat' dir='ltr'><strong>Audi</strong></span> <span class='ocrx_word' id='word_1_223' title='bbox 443 2905 640 2969; x_wconf 86' lang='lat' dir='ltr'><strong>modo,</strong></span> <span class='ocrx_word' id='word_1_224' title='bbox 670 2904 759 2973; x_wconf 88' lang='lat' dir='ltr'><strong>qui</strong></span> <span class='ocrx_word' id='word_1_225' title='bbox 789 2945 803 2969; x_wconf 94' lang='lat'><strong>,</strong></span> <span class='ocrx_word' id='word_1_226' title='bbox 840 2904 1049 2974; x_wconf 80' lang='lat' dir='ltr'><strong>llugoni</strong></span> <span class='ocrx_word' id='word_1_227' title='bbox 1092 2905 1591 2976; x_wconf 83' lang='lat' dir='ltr'><strong>GratianOpolitano</strong></span> 
     </span>
    </p>
   </div>
   <div class='ocr_carea' id='block_1_31' title="bbox 96 2988 1592 3060">
    <p class='ocr_par' dir='ltr' id='par_1_31' title="bbox 96 2988 1592 3060">
     <span class='ocr_line' id='line_1_31' title="bbox 96 2988 1592 3060; baseline 0 -13"><span class='ocrx_word' id='word_1_228' title='bbox 96 2988 273 3060; x_wconf 64' lang='lat' dir='ltr'><strong>episcopo</strong></span> <span class='ocrx_word' id='word_1_229' title='bbox 293 3033 305 3055; x_wconf 93' lang='lat'><strong>,</strong></span> <span class='ocrx_word' id='word_1_230' title='bbox 333 3009 448 3047; x_wconf 91' lang='lat' dir='ltr'><strong>cum</strong></span> <span class='ocrx_word' id='word_1_231' title='bbox 487 2995 564 3047; x_wconf 87' lang='lat' dir='ltr'><strong>ad</strong></span> <span class='ocrx_word' id='word_1_232' title='bbox 585 3005 830 3049; x_wconf 91' lang='lat' dir='ltr'><strong>sanctum</strong></span> <span class='ocrx_word' id='word_1_233' title='bbox 868 2996 1013 3051; x_wconf 91' lang='lat' dir='ltr'><strong>hunc</strong></span> <span class='ocrx_word' id='word_1_234' title='bbox 1042 2995 1336 3049; x_wconf 88' lang='lat' dir='ltr'><strong>antistitem</strong></span> <span class='ocrx_word' id='word_1_235' title='bbox 1370 3005 1592 3051; x_wconf 88' lang='lat' dir='ltr'><strong>sanctus</strong></span> 
     </span>
    </p>
   </div>
   <div class='ocr_carea' id='block_1_32' title="bbox 1692 528 3275 601">
    <p class='ocr_par' dir='ltr' id='par_1_32' title="bbox 1692 528 3275 601">
     <span class='ocr_line' id='line_1_32' title="bbox 1692 528 3275 601; baseline 0.004 -17"><span class='ocrx_word' id='word_1_236' title='bbox 1692 528 1923 597; x_wconf 89' lang='lat' dir='ltr'><strong>adjecit,</strong></span> <span class='ocrx_word' id='word_1_237' title='bbox 1957 531 2192 600; x_wconf 85' lang='lat' dir='ltr'><strong>scriptor</strong></span> <span class='ocrx_word' id='word_1_238' title='bbox 2212 531 2484 586; x_wconf 90' lang='lat' dir='ltr'><strong>recentior</strong></span> <span class='ocrx_word' id='word_1_239' title='bbox 2505 531 2833 586; x_wconf 90' lang='lat' dir='ltr'><strong>verosimilia</strong></span> <span class='ocrx_word' id='word_1_240' title='bbox 2850 533 3142 589; x_wconf 75' lang='lat' dir='ltr'><strong>arbitratus</strong></span> <span class='ocrx_word' id='word_1_241' title='bbox 3170 546 3275 601; x_wconf 90' lang='lat' dir='ltr'><strong>est,</strong></span> 
     </span>
    </p>
   </div>
   <div class='ocr_carea' id='block_1_33' title="bbox 1692 622 3279 692">
    <p class='ocr_par' dir='ltr' id='par_1_33' title="bbox 1692 622 3279 692">
     <span class='ocr_line' id='line_1_33' title="bbox 1692 622 3279 692; baseline 0.005 -18"><span class='ocrx_word' id='word_1_242' title='bbox 1692 636 1793 676; x_wconf 91' lang='lat' dir='ltr'><strong>nec</strong></span> <span class='ocrx_word' id='word_1_243' title='bbox 1824 629 2035 686; x_wconf 90' lang='lat' dir='ltr'><strong>tamen,</strong></span> <span class='ocrx_word' id='word_1_244' title='bbox 2067 632 2327 691; x_wconf 91' lang='lat' dir='ltr'><strong>quantum</strong></span> <span class='ocrx_word' id='word_1_245' title='bbox 2359 622 2580 692; x_wconf 90' lang='lat' dir='ltr'><strong>opinor,</strong></span> <span class='ocrx_word' id='word_1_246' title='bbox 2628 623 2679 677; x_wconf 92' lang='lat' dir='ltr'><strong>in</strong></span> <span class='ocrx_word' id='word_1_247' title='bbox 2708 633 2928 679; x_wconf 88' lang='lat' dir='ltr'><strong>auctore</strong></span> <span class='ocrx_word' id='word_1_248' title='bbox 2957 640 3279 682; x_wconf 84' lang='lat' dir='ltr'><strong>monumen-</strong></span> 
     </span>
    </p>
   </div>
   <div class='ocr_carea' id='block_1_34' title="bbox 1693 715 2375 770">
    <p class='ocr_par' dir='ltr' id='par_1_34' title="bbox 1693 715 2375 770">
     <span class='ocr_line' id='line_1_34' title="bbox 1693 715 2375 770; baseline -0.003 -1"><span class='ocrx_word' id='word_1_249' title='bbox 1693 723 1817 770; x_wconf 86' lang='lat' dir='ltr'><strong>tove</strong></span> <span class='ocrx_word' id='word_1_250' title='bbox 1847 715 2127 769; x_wconf 86' lang='lat' dir='ltr'><strong>vetustiori</strong></span> <span class='ocrx_word' id='word_1_251' title='bbox 2153 716 2375 769; x_wconf 88' lang='lat' dir='ltr'><strong>invenit.</strong></span> 
     </span>
    </p>
   </div>
   <div class='ocr_carea' id='block_1_35' title="bbox 1761 802 3273 878">
    <p class='ocr_par' dir='ltr' id='par_1_35' title="bbox 1761 802 3273 878">
     <span class='ocr_line' id='line_1_35' title="bbox 1761 802 3273 878; baseline 0.006 -22"><span class='ocrx_word' id='word_1_252' title='bbox 1761 802 1889 856; x_wconf 65' lang='grc'><strong>425.</strong></span> <span class='ocrx_word' id='word_1_253' title='bbox 1930 802 2008 856; x_wconf 82' lang='lat' dir='ltr'><strong>l&#39;a</strong></span> <span class='ocrx_word' id='word_1_254' title='bbox 2041 803 2126 857; x_wconf 88' lang='lat' dir='ltr'><strong>vel</strong></span> <span class='ocrx_word' id='word_1_255' title='bbox 2162 805 2363 859; x_wconf 90' lang='lat' dir='ltr'><strong>idcirco</strong></span> <span class='ocrx_word' id='word_1_256' title='bbox 2390 813 2651 874; x_wconf 83' lang='lat' dir='ltr'><strong>quantum</strong></span> <span class='ocrx_word' id='word_1_257' title='bbox 2697 805 2763 860; x_wconf 92' lang='lat' dir='ltr'><strong>ad</strong></span> <span class='ocrx_word' id='word_1_258' title='bbox 2801 808 2901 861; x_wconf 91' lang='lat' dir='ltr'><strong>hoc</strong></span> <span class='ocrx_word' id='word_1_259' title='bbox 2938 814 3273 878; x_wconf 84' lang='lat' dir='ltr'><strong>postremum</strong></span> 
     </span>
    </p>
   </div>
   <div class='ocr_carea' id='block_1_36' title="bbox 1693 895 3277 973">
    <p class='ocr_par' dir='ltr' id='par_1_36' title="bbox 1693 895 3277 973">
     <span class='ocr_line' id='line_1_36' title="bbox 1693 895 3277 973; baseline 0.006 -23"><span class='ocrx_word' id='word_1_260' title='bbox 1693 905 1936 962; x_wconf 88' lang='lat' dir='ltr'><strong>autumo,</strong></span> <span class='ocrx_word' id='word_1_261' title='bbox 1965 895 2105 964; x_wconf 91' lang='lat' dir='ltr'><strong>quod</strong></span> <span class='ocrx_word' id='word_1_262' title='bbox 2137 904 2247 949; x_wconf 91' lang='lat' dir='ltr'><strong>tum</strong></span> <span class='ocrx_word' id='word_1_263' title='bbox 2274 898 2528 966; x_wconf 87' lang='lat' dir='ltr'><strong>primmn,</strong></span> <span class='ocrx_word' id='word_1_264' title='bbox 2556 914 2677 953; x_wconf 88' lang='lat' dir='ltr'><strong>cum</strong></span> <span class='ocrx_word' id='word_1_265' title='bbox 2702 898 2813 968; x_wconf 90' lang='lat' dir='ltr'><strong>jam</strong></span> <span class='ocrx_word' id='word_1_266' title='bbox 2846 900 3027 957; x_wconf 85' lang='lat' dir='ltr'><strong>Bruno</strong></span> <span class='ocrx_word' id='word_1_267' title='bbox 3050 904 3277 973; x_wconf 87' lang='lat' dir='ltr'><strong>ejusque</strong></span> 
     </span>
    </p>
   </div>
   <div class='ocr_carea' id='block_1_37' title="bbox 1693 987 3274 1062">
    <p class='ocr_par' dir='ltr' id='par_1_37' title="bbox 1693 987 3274 1062">
     <span class='ocr_line' id='line_1_37' title="bbox 1693 987 3274 1062; baseline 0.004 -20"><span class='ocrx_word' id='word_1_268' title='bbox 1693 1003 1788 1043; x_wconf 81' lang='lat' dir='ltr'><strong>sex</strong></span> <span class='ocrx_word' id='word_1_269' title='bbox 1815 988 1947 1041; x_wconf 90' lang='lat' dir='ltr'><strong>socii</strong></span> <span class='ocrx_word' id='word_1_270' title='bbox 1994 988 2181 1042; x_wconf 86' lang='lat' dir='ltr'><strong>urbem</strong></span> <span class='ocrx_word' id='word_1_271' title='bbox 2225 987 2785 1058; x_wconf 81' lang='lat' dir='ltr'><strong>GratianOpOIitanam</strong></span> <span class='ocrx_word' id='word_1_272' title='bbox 2825 993 3274 1062; x_wconf 80' lang='lat' dir='ltr'><strong>ingrederentur,</strong></span> 
     </span>
    </p>
   </div>
   <div class='ocr_carea' id='block_1_38' title="bbox 1692 1080 3275 1160">
    <p class='ocr_par' dir='ltr' id='par_1_38' title="bbox 1692 1080 3275 1160">
     <span class='ocr_line' id='line_1_38' title="bbox 1692 1080 3275 1160; baseline 0.007 -25"><span class='ocrx_word' id='word_1_273' title='bbox 1692 1081 1955 1136; x_wconf 86' lang='lat' dir='ltr'><strong>visionem</strong></span> <span class='ocrx_word' id='word_1_274' title='bbox 2011 1080 2067 1135; x_wconf 90' lang='lat' dir='ltr'><strong>S.</strong></span> <span class='ocrx_word' id='word_1_275' title='bbox 2128 1082 2373 1151; x_wconf 82' lang='lat' dir='ltr'><strong>llugoni,</strong></span> <span class='ocrx_word' id='word_1_276' title='bbox 2429 1083 2930 1156; x_wconf 75' lang='lat' dir='ltr'><strong>Gratianopolitano</strong></span> <span class='ocrx_word' id='word_1_277' title='bbox 2988 1091 3275 1160; x_wconf 80' lang='lat' dir='ltr'><strong>episcopo,</strong></span> 
     </span>
    </p>
   </div>
   <div class='ocr_carea' id='block_1_39' title="bbox 1693 1173 3280 1242">
    <p class='ocr_par' dir='ltr' id='par_1_39' title="bbox 1693 1173 3280 1242">
     <span class='ocr_line' id='line_1_39' title="bbox 1693 1173 3280 1242; baseline 0.003 -13"><span class='ocrx_word' id='word_1_278' title='bbox 1693 1173 1931 1229; x_wconf 88' lang='lat' dir='ltr'><strong>oblatam</strong></span> <span class='ocrx_word' id='word_1_279' title='bbox 1960 1173 2124 1229; x_wconf 90' lang='lat' dir='ltr'><strong>fuisse</strong></span> <span class='ocrx_word' id='word_1_280' title='bbox 2152 1174 2392 1241; x_wconf 89' lang='lat' dir='ltr'><strong>scribat,</strong></span> <span class='ocrx_word' id='word_1_281' title='bbox 2440 1175 2598 1242; x_wconf 80' lang='lat' dir='ltr'><strong>idque</strong></span> <span class='ocrx_word' id='word_1_282' title='bbox 2642 1195 2762 1231; x_wconf 89' lang='lat' dir='ltr'><strong>cum</strong></span> <span class='ocrx_word' id='word_1_283' title='bbox 2798 1181 3105 1236; x_wconf 87' lang='lat' dir='ltr'><strong>narratione</strong></span> <span class='ocrx_word' id='word_1_284' title='bbox 3148 1180 3280 1235; x_wconf 83' lang='lat' dir='ltr'><strong>Gni-</strong></span> 
     </span>
    </p>
   </div>
   <div class='ocr_carea' id='block_1_40' title="bbox 1693 1263 3275 1343">
    <p class='ocr_par' dir='ltr' id='par_1_40' title="bbox 1693 1263 3275 1343">
     <span class='ocr_line' id='line_1_40' title="bbox 1693 1263 3275 1343; baseline 0.006 -26"><span class='ocrx_word' id='word_1_285' title='bbox 1693 1263 1848 1335; x_wconf 88' lang='lat' dir='ltr'><strong>gonis</strong></span> <span class='ocrx_word' id='word_1_286' title='bbox 1876 1279 1981 1318; x_wconf 91' lang='lat' dir='ltr'><strong>non</strong></span> <span class='ocrx_word' id='word_1_287' title='bbox 2007 1266 2139 1319; x_wconf 83' lang='lat' dir='ltr'><strong>satis</strong></span> <span class='ocrx_word' id='word_1_288' title='bbox 2168 1267 2471 1320; x_wconf 85' lang='lat' dir='ltr'><strong>conveniat.</strong></span> <span class='ocrx_word' id='word_1_289' title='bbox 2507 1267 2638 1322; x_wconf 92' lang='lat' dir='ltr'><strong>lllud</strong></span> <span class='ocrx_word' id='word_1_290' title='bbox 2664 1272 2807 1323; x_wconf 85' lang='lat' dir='ltr'><strong>enim</strong></span> <span class='ocrx_word' id='word_1_291' title='bbox 2836 1272 2925 1326; x_wconf 91' lang='lat' dir='ltr'><strong>hic</strong></span> <span class='ocrx_word' id='word_1_292' title='bbox 2948 1272 3003 1326; x_wconf 89' lang='lat' dir='ltr'><strong>S.</strong></span> <span class='ocrx_word' id='word_1_293' title='bbox 3032 1272 3275 1343; x_wconf 81' lang='lat' dir='ltr'><strong>ilugonis</strong></span> 
     </span>
    </p>
   </div>
   <div class='ocr_carea' id='block_1_41' title="bbox 1692 1353 3272 1434">
    <p class='ocr_par' dir='ltr' id='par_1_41' title="bbox 1692 1353 3272 1434">
     <span class='ocr_line' id='line_1_41' title="bbox 1692 1353 3272 1434; baseline 0.003 -25"><span class='ocrx_word' id='word_1_294' title='bbox 1692 1353 2057 1424; x_wconf 81' lang='lat' dir='ltr'><strong>biographns,</strong></span> <span class='ocrx_word' id='word_1_295' title='bbox 2089 1371 2194 1410; x_wconf 91' lang='lat' dir='ltr'><strong>non</strong></span> <span class='ocrx_word' id='word_1_296' title='bbox 2222 1371 2350 1425; x_wconf 93' lang='lat' dir='ltr'><strong>per,</strong></span> <span class='ocrx_word' id='word_1_297' title='bbox 2384 1358 2511 1424; x_wconf 89' lang='lat' dir='ltr'><strong>sed,</strong></span> <span class='ocrx_word' id='word_1_298' title='bbox 2549 1360 2745 1426; x_wconf 72' lang='lat' dir='ltr'><strong>«circa</strong></span> <span class='ocrx_word' id='word_1_299' title='bbox 2787 1362 2928 1416; x_wconf 88' lang='lat' dir='ltr'><strong>idem</strong></span> <span class='ocrx_word' id='word_1_300' title='bbox 2970 1373 3215 1434; x_wconf 77' lang='lat' dir='ltr'><strong>tempus‘,</strong></span> <span class='ocrx_word' id='word_1_301' title='bbox 3254 1382 3272 1414; x_wconf 74' lang='grc' dir='ltr'><strong>ι</strong></span> 
     </span>
    </p>
   </div>
   <div class='ocr_carea' id='block_1_42' title="bbox 1692 1445 3269 1520">
    <p class='ocr_par' dir='ltr' id='par_1_42' title="bbox 1692 1445 3269 1520">
     <span class='ocr_line' id='line_1_42' title="bbox 1692 1445 3269 1520; baseline 0.005 -21"><span class='ocrx_word' id='word_1_302' title='bbox 1692 1462 1799 1516; x_wconf 91' lang='lat' dir='ltr'><strong>quo</strong></span> <span class='ocrx_word' id='word_1_303' title='bbox 1834 1446 2016 1500; x_wconf 90' lang='lat' dir='ltr'><strong>Bruuo</strong></span> <span class='ocrx_word' id='word_1_304' title='bbox 2059 1445 2281 1517; x_wconf 86' lang='lat' dir='ltr'><strong>ejusque</strong></span> <span class='ocrx_word' id='word_1_305' title='bbox 2314 1448 2446 1503; x_wconf 90' lang='lat' dir='ltr'><strong>socii</strong></span> <span class='ocrx_word' id='word_1_306' title='bbox 2497 1448 2925 1520; x_wconf 85' lang='lat' dir='ltr'><strong>Gratianopolim</strong></span> <span class='ocrx_word' id='word_1_307' title='bbox 2960 1463 3226 1507; x_wconf 90' lang='lat' dir='ltr'><strong>venerunt</strong></span> <span class='ocrx_word' id='word_1_308' title='bbox 3255 1496 3269 1520; x_wconf 92' lang='lat'><strong>,</strong></span> 
     </span>
    </p>
   </div>
   <div class='ocr_carea' id='block_1_43' title="bbox 1695 1537 3279 1614">
    <p class='ocr_par' dir='ltr' id='par_1_43' title="bbox 1695 1537 3279 1614">
     <span class='ocr_line' id='line_1_43' title="bbox 1695 1537 3279 1614; baseline 0.004 -23"><span class='ocrx_word' id='word_1_309' title='bbox 1695 1537 1897 1595; x_wconf 85' lang='lat' dir='ltr'><strong>factum</strong></span> <span class='ocrx_word' id='word_1_310' title='bbox 1922 1539 2133 1608; x_wconf 91' lang='lat' dir='ltr'><strong>prodit,</strong></span> <span class='ocrx_word' id='word_1_311' title='bbox 2163 1548 2222 1593; x_wconf 92' lang='lat' dir='ltr'><strong>ut</strong></span> <span class='ocrx_word' id='word_1_312' title='bbox 2252 1540 2500 1610; x_wconf 90' lang='lat' dir='ltr'><strong>proinde,</strong></span> <span class='ocrx_word' id='word_1_313' title='bbox 2533 1550 2771 1611; x_wconf 90' lang='lat' dir='ltr'><strong>spectata</strong></span> <span class='ocrx_word' id='word_1_314' title='bbox 2797 1543 3054 1614; x_wconf 83' lang='lat' dir='ltr'><strong>Guigonis</strong></span> <span class='ocrx_word' id='word_1_315' title='bbox 3093 1557 3279 1599; x_wconf 84' lang='lat' dir='ltr'><strong>aucto-</strong></span> 
     </span>
    </p>
   </div>
   <div class='ocr_carea' id='block_1_44' title="bbox 1695 1630 3272 1703">
    <p class='ocr_par' dir='ltr' id='par_1_44' title="bbox 1695 1630 3272 1703">
     <span class='ocr_line' id='line_1_44' title="bbox 1695 1630 3272 1703; baseline 0.003 -18"><span class='ocrx_word' id='word_1_316' title='bbox 1695 1633 1884 1700; x_wconf 85' lang='lat' dir='ltr'><strong>ritate,</strong></span> <span class='ocrx_word' id='word_1_317' title='bbox 1918 1632 2097 1687; x_wconf 87' lang='lat' dir='ltr'><strong>oblata</strong></span> <span class='ocrx_word' id='word_1_318' title='bbox 2131 1630 2185 1686; x_wconf 91' lang='lat' dir='ltr'><strong>S.</strong></span> <span class='ocrx_word' id='word_1_319' title='bbox 2232 1630 2437 1700; x_wconf 81' lang='lat' dir='ltr'><strong>llugoni</strong></span> <span class='ocrx_word' id='word_1_320' title='bbox 2483 1632 2617 1687; x_wconf 85' lang='lat' dir='ltr'><strong>visio</strong></span> <span class='ocrx_word' id='word_1_321' title='bbox 2676 1632 2952 1701; x_wconf 89' lang='lat' dir='ltr'><strong>aliquanto</strong></span> <span class='ocrx_word' id='word_1_322' title='bbox 3011 1636 3272 1703; x_wconf 89' lang='lat' dir='ltr'><strong>temporis</strong></span> 
     </span>
    </p>
   </div>
   <div class='ocr_carea' id='block_1_45' title="bbox 1695 1718 3276 1794">
    <p class='ocr_par' dir='ltr' id='par_1_45' title="bbox 1695 1718 3276 1794">
     <span class='ocr_line' id='line_1_45' title="bbox 1695 1718 3276 1794; baseline -0.001 -17"><span class='ocrx_word' id='word_1_323' title='bbox 1695 1722 1871 1791; x_wconf 90' lang='lat' dir='ltr'><strong>spatio</strong></span> <span class='ocrx_word' id='word_1_324' title='bbox 1894 1721 2070 1776; x_wconf 86' lang='lat' dir='ltr'><strong>sancti</strong></span> <span class='ocrx_word' id='word_1_325' title='bbox 2099 1722 2151 1776; x_wconf 90' lang='lat' dir='ltr'><strong>in</strong></span> <span class='ocrx_word' id='word_1_326' title='bbox 2175 1718 2361 1774; x_wconf 90' lang='lat' dir='ltr'><strong>urbem</strong></span> <span class='ocrx_word' id='word_1_327' title='bbox 2390 1718 2938 1790; x_wconf 83' lang='lat' dir='ltr'><strong>Gratianopolitanam</strong></span> <span class='ocrx_word' id='word_1_328' title='bbox 2971 1722 3276 1794; x_wconf 88' lang='lat' dir='ltr'><strong>ingressum</strong></span> 
     </span>
    </p>
   </div>
   <div class='ocr_carea' id='block_1_46' title="bbox 1698 1812 3276 1884">
    <p class='ocr_par' dir='ltr' id='par_1_46' title="bbox 1698 1812 3276 1884">
     <span class='ocr_line' id='line_1_46' title="bbox 1698 1812 3276 1884; baseline 0.001 -16"><span class='ocrx_word' id='word_1_329' title='bbox 1698 1814 2054 1883; x_wconf 74' lang='lat' dir='ltr'><strong>przrcesserit.</strong></span> <span class='ocrx_word' id='word_1_330' title='bbox 2106 1812 2460 1867; x_wconf 81' lang='lat' dir='ltr'><strong>Recentiores</strong></span> <span class='ocrx_word' id='word_1_331' title='bbox 2504 1812 2674 1866; x_wconf 90' lang='lat' dir='ltr'><strong>sancti</strong></span> <span class='ocrx_word' id='word_1_332' title='bbox 2729 1814 2896 1868; x_wconf 89' lang='lat' dir='ltr'><strong>nostri</strong></span> <span class='ocrx_word' id='word_1_333' title='bbox 2953 1815 3276 1884; x_wconf 85' lang='lat' dir='ltr'><strong>biographi,</strong></span> 
     </span>
    </p>
   </div>
   <div class='ocr_carea' id='block_1_47' title="bbox 1695 1899 3278 1972">
    <p class='ocr_par' dir='ltr' id='par_1_47' title="bbox 1695 1899 3278 1972">
     <span class='ocr_line' id='line_1_47' title="bbox 1695 1899 3278 1972; baseline 0.001 -16"><span class='ocrx_word' id='word_1_334' title='bbox 1695 1902 1972 1957; x_wconf 87' lang='lat' dir='ltr'><strong>Puteanus</strong></span> <span class='ocrx_word' id='word_1_335' title='bbox 2018 1901 2303 1967; x_wconf 87' lang='lat' dir='ltr'><strong>videlicet,</strong></span> <span class='ocrx_word' id='word_1_336' title='bbox 2362 1899 2759 1955; x_wconf 84' lang='lat' dir='ltr'><strong>Blomenvenna</strong></span> <span class='ocrx_word' id='word_1_337' title='bbox 2806 1908 2861 1956; x_wconf 90' lang='lat' dir='ltr'><strong>et</strong></span> <span class='ocrx_word' id='word_1_338' title='bbox 2911 1900 3134 1969; x_wconf 87' lang='lat' dir='ltr'><strong>Surius,</strong></span> <span class='ocrx_word' id='word_1_339' title='bbox 3187 1905 3278 1972; x_wconf 92' lang='lat' dir='ltr'><strong>qui</strong></span> 
     </span>
    </p>
   </div>
   <div class='ocr_carea' id='block_1_48' title="bbox 1696 1989 3276 2064">
    <p class='ocr_par' dir='ltr' id='par_1_48' title="bbox 1696 1989 3276 2064">
     <span class='ocr_line' id='line_1_48' title="bbox 1696 1989 3276 2064; baseline 0.003 -19"><span class='ocrx_word' id='word_1_340' title='bbox 1696 1992 1863 2047; x_wconf 91' lang='lat' dir='ltr'><strong>variis</strong></span> <span class='ocrx_word' id='word_1_341' title='bbox 1892 1992 2161 2062; x_wconf 85' lang='lat' dir='ltr'><strong>adjunctis</strong></span> <span class='ocrx_word' id='word_1_342' title='bbox 2184 2033 2197 2055; x_wconf 95' lang='lat'><strong>,</strong></span> <span class='ocrx_word' id='word_1_343' title='bbox 2238 2002 2334 2046; x_wconf 89' lang='lat' dir='ltr'><strong>nec</strong></span> <span class='ocrx_word' id='word_1_344' title='bbox 2360 2005 2391 2044; x_wconf 90' lang='lat' dir='ltr'><strong>a</strong></span> <span class='ocrx_word' id='word_1_345' title='bbox 2418 1989 2660 2060; x_wconf 84' lang='lat' dir='ltr'><strong>Guigone</strong></span> <span class='ocrx_word' id='word_1_346' title='bbox 2686 2031 2703 2057; x_wconf 93' lang='lat'><strong>,</strong></span> <span class='ocrx_word' id='word_1_347' title='bbox 2741 2006 2841 2047; x_wconf 89' lang='lat' dir='ltr'><strong>nec</strong></span> <span class='ocrx_word' id='word_1_348' title='bbox 2870 1993 2938 2047; x_wconf 92' lang='lat' dir='ltr'><strong>ab</strong></span> <span class='ocrx_word' id='word_1_349' title='bbox 2972 1995 3276 2064; x_wconf 76' lang='lat' dir='ltr'><strong>antiquiore</strong></span> 
     </span>
    </p>
   </div>
   <div class='ocr_carea' id='block_1_49' title="bbox 1697 2081 3277 2151">
    <p class='ocr_par' dir='ltr' id='par_1_49' title="bbox 1697 2081 3277 2151">
     <span class='ocr_line' id='line_1_49' title="bbox 1697 2081 3277 2151; baseline 0.003 -17"><span class='ocrx_word' id='word_1_350' title='bbox 1697 2090 1884 2135; x_wconf 89' lang='lat' dir='ltr'><strong>nostro</strong></span> <span class='ocrx_word' id='word_1_351' title='bbox 1938 2082 2236 2151; x_wconf 77' lang='lat' dir='ltr'><strong>biograplio</strong></span> <span class='ocrx_word' id='word_1_352' title='bbox 2276 2081 2579 2148; x_wconf 78' lang='lat' dir='ltr'><strong>expressis,</strong></span> <span class='ocrx_word' id='word_1_353' title='bbox 2644 2082 2820 2136; x_wconf 87' lang='lat' dir='ltr'><strong>sancti</strong></span> <span class='ocrx_word' id='word_1_354' title='bbox 2874 2082 3042 2137; x_wconf 89' lang='lat' dir='ltr'><strong>nostri</strong></span> <span class='ocrx_word' id='word_1_355' title='bbox 3102 2084 3168 2136; x_wconf 86' lang='lat' dir='ltr'><strong>ad</strong></span> <span class='ocrx_word' id='word_1_356' title='bbox 3217 2083 3277 2138; x_wconf 91' lang='grc'>8.</span> 
     </span>
    </p>
   </div>
   <div class='ocr_carea' id='block_1_50' title="bbox 1697 2171 3281 2249">
    <p class='ocr_par' dir='ltr' id='par_1_50' title="bbox 1697 2171 3281 2249">
     <span class='ocr_line' id='line_1_50' title="bbox 1697 2171 3281 2249; baseline 0.001 -24"><span class='ocrx_word' id='word_1_357' title='bbox 1697 2171 1973 2243; x_wconf 80' lang='lat' dir='ltr'><strong>llugonem</strong></span> <span class='ocrx_word' id='word_1_358' title='bbox 1994 2171 2555 2241; x_wconf 87' lang='lat' dir='ltr'><strong>Gratianopolitanum</strong></span> <span class='ocrx_word' id='word_1_359' title='bbox 2579 2187 2859 2227; x_wconf 89' lang='lat' dir='ltr'><strong>accessum</strong></span> <span class='ocrx_word' id='word_1_360' title='bbox 2888 2214 2903 2238; x_wconf 91' lang='lat'><strong>,</strong></span> <span class='ocrx_word' id='word_1_361' title='bbox 2933 2173 3281 2249; x_wconf 84' lang='lat' dir='ltr'><strong>oblatamque</strong></span> 
     </span>
    </p>
   </div>
   <div class='ocr_carea' id='block_1_51' title="bbox 1697 2263 3282 2334">
    <p class='ocr_par' dir='ltr' id='par_1_51' title="bbox 1697 2263 3282 2334">
     <span class='ocr_line' id='line_1_51' title="bbox 1697 2263 3282 2334; baseline 0.002 -18"><span class='ocrx_word' id='word_1_362' title='bbox 1697 2263 1821 2317; x_wconf 89' lang='lat' dir='ltr'><strong>huic</strong></span> <span class='ocrx_word' id='word_1_363' title='bbox 1877 2263 2139 2317; x_wconf 89' lang='lat' dir='ltr'><strong>visionem</strong></span> <span class='ocrx_word' id='word_1_364' title='bbox 2192 2272 2500 2328; x_wconf 80' lang='lat' dir='ltr'><strong>exornant,</strong></span> <span class='ocrx_word' id='word_1_365' title='bbox 2571 2263 2638 2318; x_wconf 90' lang='lat' dir='ltr'><strong>de</strong></span> <span class='ocrx_word' id='word_1_366' title='bbox 2684 2272 2956 2333; x_wconf 89' lang='lat' dir='ltr'><strong>tempore,</strong></span> <span class='ocrx_word' id='word_1_367' title='bbox 3015 2280 3123 2334; x_wconf 92' lang='lat' dir='ltr'><strong>quo</strong></span> <span class='ocrx_word' id='word_1_368' title='bbox 3166 2266 3282 2320; x_wconf 70' lang='lat' dir='ltr'><strong>haec</strong></span> 
     </span>
    </p>
   </div>
   <div class='ocr_carea' id='block_1_52' title="bbox 1697 2354 3279 2427">
    <p class='ocr_par' dir='ltr' id='par_1_52' title="bbox 1697 2354 3279 2427">
     <span class='ocr_line' id='line_1_52' title="bbox 1697 2354 3279 2427; baseline 0.003 -20"><span class='ocrx_word' id='word_1_369' title='bbox 1697 2355 1989 2418; x_wconf 86' lang='lat' dir='ltr'><strong>acciderit,</strong></span> <span class='ocrx_word' id='word_1_370' title='bbox 2023 2354 2385 2409; x_wconf 86' lang='lat' dir='ltr'><strong>verosimilins</strong></span> <span class='ocrx_word' id='word_1_371' title='bbox 2418 2364 2578 2424; x_wconf 90' lang='lat' dir='ltr'><strong>atque</strong></span> <span class='ocrx_word' id='word_1_372' title='bbox 2611 2357 2677 2411; x_wconf 91' lang='lat' dir='ltr'><strong>ad</strong></span> <span class='ocrx_word' id='word_1_373' title='bbox 2704 2356 2963 2427; x_wconf 85' lang='lat' dir='ltr'><strong>Guigouis</strong></span> <span class='ocrx_word' id='word_1_374' title='bbox 3008 2359 3279 2412; x_wconf 90' lang='lat' dir='ltr'><strong>narratio-</strong></span> 
     </span>
    </p>
   </div>
   <div class='ocr_carea' id='block_1_53' title="bbox 1698 2445 3284 2517">
    <p class='ocr_par' dir='ltr' id='par_1_53' title="bbox 1698 2445 3284 2517">
     <span class='ocr_line' id='line_1_53' title="bbox 1698 2445 3284 2517; baseline 0.003 -20"><span class='ocrx_word' id='word_1_375' title='bbox 1698 2459 1818 2497; x_wconf 90' lang='lat' dir='ltr'><strong>nem</strong></span> <span class='ocrx_word' id='word_1_376' title='bbox 1849 2447 2312 2501; x_wconf 85' lang='lat' dir='ltr'><strong>accommodatius</strong></span> <span class='ocrx_word' id='word_1_377' title='bbox 2365 2446 2681 2517; x_wconf 91' lang='lat' dir='ltr'><strong>loqunntnr.</strong></span> <span class='ocrx_word' id='word_1_378' title='bbox 2746 2445 2825 2502; x_wconf 81' lang='lat' dir='ltr'><strong>Ac</strong></span> <span class='ocrx_word' id='word_1_379' title='bbox 2864 2445 3139 2503; x_wconf 88' lang='lat' dir='ltr'><strong>Puteanus</strong></span> <span class='ocrx_word' id='word_1_380' title='bbox 3166 2452 3284 2516; x_wconf 82' lang='lat' dir='ltr'><strong>qni-</strong></span> 
     </span>
    </p>
   </div>
   <div class='ocr_carea' id='block_1_54' title="bbox 1696 2535 3284 2609">
    <p class='ocr_par' dir='ltr' id='par_1_54' title="bbox 1696 2535 3284 2609">
     <span class='ocr_line' id='line_1_54' title="bbox 1696 2535 3284 2609; baseline 0.003 -21"><span class='ocrx_word' id='word_1_381' title='bbox 1696 2535 1814 2589; x_wconf 89' lang='lat' dir='ltr'><strong>dem</strong></span> <span class='ocrx_word' id='word_1_382' title='bbox 1863 2537 2124 2591; x_wconf 90' lang='lat' dir='ltr'><strong>visionem</strong></span> <span class='ocrx_word' id='word_1_383' title='bbox 2182 2547 2368 2604; x_wconf 90' lang='lat' dir='ltr'><strong>nocte,</strong></span> <span class='ocrx_word' id='word_1_384' title='bbox 2418 2546 2539 2609; x_wconf 73' lang='lat' dir='ltr'><strong>quze‘</strong></span> <span class='ocrx_word' id='word_1_385' title='bbox 2584 2540 2853 2595; x_wconf 89' lang='lat' dir='ltr'><strong>Brunonis</strong></span> <span class='ocrx_word' id='word_1_386' title='bbox 2901 2540 3284 2608; x_wconf 85' lang='lat' dir='ltr'><strong>sociorumque</strong></span> 
     </span>
    </p>
   </div>
   <div class='ocr_carea' id='block_1_55' title="bbox 1696 2625 3283 2701">
    <p class='ocr_par' dir='ltr' id='par_1_55' title="bbox 1696 2625 3283 2701">
     <span class='ocr_line' id='line_1_55' title="bbox 1696 2625 3283 2701; baseline 0.005 -25"><span class='ocrx_word' id='word_1_387' title='bbox 1696 2625 1812 2694; x_wconf 86' lang='lat' dir='ltr'><strong>ejus</strong></span> <span class='ocrx_word' id='word_1_388' title='bbox 1858 2627 1911 2681; x_wconf 87' lang='lat' dir='ltr'><strong>in</strong></span> <span class='ocrx_word' id='word_1_389' title='bbox 1964 2630 2150 2682; x_wconf 90' lang='lat' dir='ltr'><strong>urbem</strong></span> <span class='ocrx_word' id='word_1_390' title='bbox 2202 2629 2756 2699; x_wconf 85' lang='lat' dir='ltr'><strong>Gratianopolitauam</strong></span> <span class='ocrx_word' id='word_1_391' title='bbox 2811 2632 3100 2686; x_wconf 90' lang='lat' dir='ltr'><strong>adventum</strong></span> <span class='ocrx_word' id='word_1_392' title='bbox 3144 2646 3283 2701; x_wconf 71' lang='lat' dir='ltr'><strong>pra:-</strong></span> 
     </span>
    </p>
   </div>
   <div class='ocr_carea' id='block_1_56' title="bbox 1696 2719 3283 2791">
    <p class='ocr_par' dir='ltr' id='par_1_56' title="bbox 1696 2719 3283 2791">
     <span class='ocr_line' id='line_1_56' title="bbox 1696 2719 3283 2791; baseline 0.002 -18"><span class='ocrx_word' id='word_1_393' title='bbox 1696 2719 1895 2785; x_wconf 90' lang='lat' dir='ltr'><strong>cessit,</strong></span> <span class='ocrx_word' id='word_1_394' title='bbox 1928 2719 2131 2791; x_wconf 81' lang='lat' dir='ltr'><strong>llngoni</strong></span> <span class='ocrx_word' id='word_1_395' title='bbox 2158 2722 2392 2777; x_wconf 86' lang='lat' dir='ltr'><strong>oblatam</strong></span> <span class='ocrx_word' id='word_1_396' title='bbox 2420 2722 2617 2789; x_wconf 90' lang='lat' dir='ltr'><strong>refert,</strong></span> <span class='ocrx_word' id='word_1_397' title='bbox 2643 2723 3039 2779; x_wconf 87' lang='lat' dir='ltr'><strong>Blomenvenna</strong></span> <span class='ocrx_word' id='word_1_398' title='bbox 3079 2738 3205 2778; x_wconf 91' lang='lat' dir='ltr'><strong>vero</strong></span> <span class='ocrx_word' id='word_1_399' title='bbox 3226 2734 3283 2777; x_wconf 83' lang='lat' dir='ltr'><strong>et</strong></span> 
     </span>
    </p>
   </div>
   <div class='ocr_carea' id='block_1_57' title="bbox 1695 2811 3283 2887">
    <p class='ocr_par' dir='ltr' id='par_1_57' title="bbox 1695 2811 3283 2887">
     <span class='ocr_line' id='line_1_57' title="bbox 1695 2811 3283 2887; baseline 0.004 -23"><span class='ocrx_word' id='word_1_400' title='bbox 1695 2823 1761 2865; x_wconf 87' lang='lat' dir='ltr'><strong>ex</strong></span> <span class='ocrx_word' id='word_1_401' title='bbox 1784 2812 1884 2865; x_wconf 89' lang='lat' dir='ltr'><strong>hoc</strong></span> <span class='ocrx_word' id='word_1_402' title='bbox 1916 2811 2107 2868; x_wconf 90' lang='lat' dir='ltr'><strong>Surius</strong></span> <span class='ocrx_word' id='word_1_403' title='bbox 2145 2824 2297 2879; x_wconf 92' lang='lat' dir='ltr'><strong>tunc,</strong></span> <span class='ocrx_word' id='word_1_404' title='bbox 2327 2830 2448 2870; x_wconf 93' lang='lat' dir='ltr'><strong>cum</strong></span> <span class='ocrx_word' id='word_1_405' title='bbox 2475 2816 2705 2871; x_wconf 89' lang='lat' dir='ltr'><strong>Sanctus</strong></span> <span class='ocrx_word' id='word_1_406' title='bbox 2730 2827 2912 2872; x_wconf 91' lang='lat' dir='ltr'><strong>noster</strong></span> <span class='ocrx_word' id='word_1_407' title='bbox 2935 2831 3139 2887; x_wconf 77' lang='lat' dir='ltr'><strong>sexque</strong></span> <span class='ocrx_word' id='word_1_408' title='bbox 3162 2817 3283 2886; x_wconf 91' lang='lat' dir='ltr'><strong>ejns</strong></span> 
     </span>
    </p>
   </div>
   <div class='ocr_carea' id='block_1_58' title="bbox 1696 2901 3281 2976">
    <p class='ocr_par' dir='ltr' id='par_1_58' title="bbox 1696 2901 3281 2976">
     <span class='ocr_line' id='line_1_58' title="bbox 1696 2901 3281 2976; baseline 0.005 -21"><span class='ocrx_word' id='word_1_409' title='bbox 1696 2902 1826 2955; x_wconf 90' lang='lat' dir='ltr'><strong>socii</strong></span> <span class='ocrx_word' id='word_1_410' title='bbox 1851 2901 2272 2973; x_wconf 90' lang='lat' dir='ltr'><strong>Gratianopolim</strong></span> <span class='ocrx_word' id='word_1_411' title='bbox 2298 2914 2610 2976; x_wconf 91' lang='lat' dir='ltr'><strong>pergerent.</strong></span> <span class='ocrx_word' id='word_1_412' title='bbox 2640 2906 2831 2961; x_wconf 89' lang='lat' dir='ltr'><strong>Omnia</strong></span> <span class='ocrx_word' id='word_1_413' title='bbox 2863 2907 3281 2963; x_wconf 65' lang='lat' dir='ltr'><strong>Blomenvennae</strong></span> 
     </span>
    </p>
   </div>
   <div class='ocr_carea' id='block_1_59' title="bbox 1696 2992 3280 3068">
    <p class='ocr_par' dir='ltr' id='par_1_59' title="bbox 1696 2992 3280 3068">
     <span class='ocr_line' id='line_1_59' title="bbox 1696 2992 3280 3068; baseline 0.006 -25"><span class='ocrx_word' id='word_1_414' title='bbox 1696 2992 1860 3046; x_wconf 88' lang='lat' dir='ltr'><strong>verba</strong></span> <span class='ocrx_word' id='word_1_415' title='bbox 1882 3033 1896 3057; x_wconf 97' lang='lat'><strong>,</strong></span> <span class='ocrx_word' id='word_1_416' title='bbox 1936 2994 2203 3049; x_wconf 86' lang='lat' dir='ltr'><strong>visionem</strong></span> <span class='ocrx_word' id='word_1_417' title='bbox 2244 2997 2389 3051; x_wconf 88' lang='lat' dir='ltr'><strong>illam</strong></span> <span class='ocrx_word' id='word_1_418' title='bbox 2423 2999 2704 3068; x_wconf 86' lang='lat' dir='ltr'><strong>sanctique</strong></span> <span class='ocrx_word' id='word_1_419' title='bbox 2733 3000 2899 3054; x_wconf 90' lang='lat' dir='ltr'><strong>nostri</strong></span> <span class='ocrx_word' id='word_1_420' title='bbox 2926 3002 2990 3055; x_wconf 87' lang='lat' dir='ltr'><strong>ad</strong></span> <span class='ocrx_word' id='word_1_421' title='bbox 3014 3000 3068 3055; x_wconf 88' lang='grc'>8.</span> <span class='ocrx_word' id='word_1_422' title='bbox 3106 2999 3280 3067; x_wconf 84' lang='lat' dir='ltr'><strong>Hugo-</strong></span> 
     </span>
    </p>
   </div>
   <div class='ocr_carea' id='block_1_60' title="bbox 97 3085 3276 3176">
    <p class='ocr_par' dir='ltr' id='par_1_60' title="bbox 97 3085 3276 3176">
     <span class='ocr_line' id='line_1_60' title="bbox 97 3085 3276 3176; baseline 0.003 -44"><span class='ocrx_word' id='word_1_423' title='bbox 97 3088 219 3134; x_wconf 80' lang='lat' dir='ltr'><strong>uoster</strong></span> <span class='ocrx_word' id='word_1_424' title='bbox 250 3085 491 3146; x_wconf 85' lang='lat' dir='ltr'><strong>accessit,</strong></span> <span class='ocrx_word' id='word_1_425' title='bbox 535 3085 799 3139; x_wconf 89' lang='lat' dir='ltr'><strong>visionem</strong></span> <span class='ocrx_word' id='word_1_426' title='bbox 822 3125 836 3150; x_wconf 94' lang='lat'><strong>,</strong></span> <span class='ocrx_word' id='word_1_427' title='bbox 885 3086 954 3141; x_wconf 88' lang='lat' dir='ltr'><strong>de</strong></span> <span class='ocrx_word' id='word_1_428' title='bbox 1008 3101 1111 3156; x_wconf 91' lang='lat' dir='ltr'><strong>qua</strong></span> <span class='ocrx_word' id='word_1_429' title='bbox 1139 3101 1203 3140; x_wconf 80' lang='lat' dir='ltr'><strong>ex</strong></span> <span class='ocrx_word' id='word_1_430' title='bbox 1245 3085 1402 3140; x_wconf 91' lang='lat' dir='ltr'><strong>dictis</strong></span> <span class='ocrx_word' id='word_1_431' title='bbox 1428 3086 1588 3140; x_wconf 89' lang='lat' dir='ltr'><strong>etiam</strong></span> <span class='ocrx_word' id='word_1_432' title='bbox 1619 3115 1663 3176; x_wconf 64' lang='grc' dir='ltr'>Ο</span> <span class='ocrx_word' id='word_1_433' title='bbox 1699 3094 1823 3133; x_wconf 87' lang='lat' dir='ltr'><strong>nem</strong></span> <span class='ocrx_word' id='word_1_434' title='bbox 1846 3095 2123 3137; x_wconf 84' lang='lat' dir='ltr'><strong>accessum</strong></span> <span class='ocrx_word' id='word_1_435' title='bbox 2150 3087 2446 3155; x_wconf 85' lang='lat' dir='ltr'><strong>spectantia</strong></span> <span class='ocrx_word' id='word_1_436' title='bbox 2470 3130 2483 3151; x_wconf 95' lang='lat'><strong>,</strong></span> <span class='ocrx_word' id='word_1_437' title='bbox 2513 3089 2582 3143; x_wconf 93' lang='lat' dir='ltr'><strong>ob</strong></span> <span class='ocrx_word' id='word_1_438' title='bbox 2610 3102 2697 3156; x_wconf 86' lang='lat' dir='ltr'><strong>ea,</strong></span> <span class='ocrx_word' id='word_1_439' title='bbox 2721 3104 2840 3158; x_wconf 66' lang='lat' dir='ltr'><strong>quae</strong></span> <span class='ocrx_word' id='word_1_440' title='bbox 2864 3105 3010 3143; x_wconf 90' lang='lat' dir='ltr'><strong>num.</strong></span> <span class='ocrx_word' id='word_1_441' title='bbox 3035 3089 3107 3143; x_wconf 75' lang='lat'><strong>25</strong></span> <span class='ocrx_word' id='word_1_442' title='bbox 3134 3089 3276 3154; x_wconf 79' lang='lat' dir='ltr'><strong>dixi,</strong></span> 
     </span>
    </p>
   </div>
   <div class='ocr_carea' id='block_1_61' title="bbox 97 3169 1588 3243">
    <p class='ocr_par' dir='ltr' id='par_1_61' title="bbox 97 3169 1588 3243">
     <span class='ocr_line' id='line_1_61' title="bbox 97 3169 1588 3243; baseline 0.005 -23"><span class='ocrx_word' id='word_1_443' title='bbox 97 3169 237 3240; x_wconf 78' lang='lat' dir='ltr'><strong>Guigo,</strong></span> <span class='ocrx_word' id='word_1_444' title='bbox 280 3175 525 3230; x_wconf 80' lang='lat' dir='ltr'><strong>divinitus</strong></span> <span class='ocrx_word' id='word_1_445' title='bbox 586 3174 823 3230; x_wconf 89' lang='lat' dir='ltr'><strong>oblatam</strong></span> <span class='ocrx_word' id='word_1_446' title='bbox 882 3176 1101 3231; x_wconf 83' lang='lat' dir='ltr'><strong>referat.</strong></span> <span class='ocrx_word' id='word_1_447' title='bbox 1165 3175 1345 3241; x_wconf 78' lang='lat' dir='ltr'><strong>Hanc,</strong></span> <span class='ocrx_word' id='word_1_448' title='bbox 1425 3189 1588 3243; x_wconf 89' lang='lat' dir='ltr'><strong>quam</strong></span> 
     </span>
    </p>
   </div>
   <div class='ocr_carea' id='block_1_62' title="bbox 98 3260 1590 3337">
    <p class='ocr_par' dir='ltr' id='par_1_62' title="bbox 98 3260 1590 3337">
     <span class='ocr_line' id='line_1_62' title="bbox 98 3260 1590 3337; baseline 0.006 -25"><span class='ocrx_word' id='word_1_449' title='bbox 98 3260 212 3333; x_wconf 79' lang='lat' dir='ltr'><strong>Guigo</strong></span> <span class='ocrx_word' id='word_1_450' title='bbox 236 3307 248 3331; x_wconf 90' lang='lat'><strong>,</strong></span> <span class='ocrx_word' id='word_1_451' title='bbox 273 3267 508 3337; x_wconf 79' lang='lat' dir='ltr'><strong>hancque</strong></span> <span class='ocrx_word' id='word_1_452' title='bbox 535 3277 759 3322; x_wconf 84' lang='lat' dir='ltr'><strong>secutus</strong></span> <span class='ocrx_word' id='word_1_453' title='bbox 798 3268 972 3322; x_wconf 90' lang='lat' dir='ltr'><strong>dictus</strong></span> <span class='ocrx_word' id='word_1_454' title='bbox 1018 3283 1319 3337; x_wconf 85' lang='lat' dir='ltr'><strong>anonymus</strong></span> <span class='ocrx_word' id='word_1_455' title='bbox 1340 3309 1353 3329; x_wconf 94' lang='lat'><strong>,</strong></span> <span class='ocrx_word' id='word_1_456' title='bbox 1406 3266 1590 3337; x_wconf 87' lang='lat' dir='ltr'><strong>paucis</strong></span> 
     </span>
    </p>
   </div>
   <div class='ocr_carea' id='block_1_63' title="bbox 101 3352 1586 3422">
    <p class='ocr_par' dir='ltr' id='par_1_63' title="bbox 101 3352 1586 3422">
     <span class='ocr_line' id='line_1_63' title="bbox 101 3352 1586 3422; baseline 0.006 -20"><span class='ocrx_word' id='word_1_457' title='bbox 101 3352 284 3410; x_wconf 77' lang='lat' dir='ltr'><strong>duntaxat</strong></span> <span class='ocrx_word' id='word_1_458' title='bbox 309 3360 447 3413; x_wconf 89' lang='lat' dir='ltr'><strong>hisce</strong></span> <span class='ocrx_word' id='word_1_459' title='bbox 486 3359 675 3413; x_wconf 81' lang='lat' dir='ltr'><strong>verbis</strong></span> <span class='ocrx_word' id='word_1_460' title='bbox 711 3369 1044 3422; x_wconf 90' lang='lat' dir='ltr'><strong>memorant,</strong></span> <span class='ocrx_word' id='word_1_461' title='bbox 1081 3377 1100 3408; x_wconf 69' lang='grc' dir='ltr'><strong><em>ο</em></strong></span> <span class='ocrx_word' id='word_1_462' title='bbox 1144 3357 1364 3413; x_wconf 84' lang='lat' dir='ltr'><strong>Viderat</strong></span> <span class='ocrx_word' id='word_1_463' title='bbox 1408 3368 1586 3412; x_wconf 75' lang='lat' dir='ltr'><strong>autem</strong></span> 
     </span>
    </p>
   </div>
   <div class='ocr_carea' id='block_1_64' title="bbox 99 3444 1589 3519">
    <p class='ocr_par' dir='ltr' id='par_1_64' title="bbox 99 3444 1589 3519">
     <span class='ocr_line' id='line_1_64' title="bbox 99 3444 1589 3519; baseline 0.006 -24"><span class='ocrx_word' id='word_1_464' title='bbox 99 3444 277 3507; x_wconf 55' lang='lat' dir='ltr'><strong>palatus</strong></span> <span class='ocrx_word' id='word_1_465' title='bbox 298 3449 576 3519; x_wconf 83' lang='lat' dir='ltr'><strong>episcopus</strong></span> <span class='ocrx_word' id='word_1_466' title='bbox 622 3449 797 3519; x_wconf 88' lang='lat' dir='ltr'><strong>(Hugo</strong></span> <span class='ocrx_word' id='word_1_467' title='bbox 830 3448 1058 3516; x_wconf 90' lang='lat' dir='ltr'><strong>scilicet)</strong></span> <span class='ocrx_word' id='word_1_468' title='bbox 1091 3448 1235 3503; x_wconf 91' lang='lat' dir='ltr'><strong>circa</strong></span> <span class='ocrx_word' id='word_1_469' title='bbox 1274 3448 1414 3503; x_wconf 91' lang='lat' dir='ltr'><strong>idem</strong></span> <span class='ocrx_word' id='word_1_470' title='bbox 1455 3458 1589 3503; x_wconf 89' lang='lat' dir='ltr'><strong>tem-</strong></span> 
     </span>
    </p>
   </div>
   <div class='ocr_carea' id='block_1_65' title="bbox 100 3537 1588 3609">
    <p class='ocr_par' dir='ltr' id='par_1_65' title="bbox 100 3537 1588 3609">
     <span class='ocr_line' id='line_1_65' title="bbox 100 3537 1588 3609; baseline 0.005 -23"><span class='ocrx_word' id='word_1_471' title='bbox 100 3542 280 3603; x_wconf 84' lang='lat' dir='ltr'><strong>pus(quo</strong></span> <span class='ocrx_word' id='word_1_472' title='bbox 306 3554 489 3609; x_wconf 87' lang='lat' dir='ltr'><strong>nempe</strong></span> <span class='ocrx_word' id='word_1_473' title='bbox 543 3540 615 3593; x_wconf 88' lang='lat' dir='ltr'><strong>ad</strong></span> <span class='ocrx_word' id='word_1_474' title='bbox 662 3554 784 3593; x_wconf 91' lang='lat' dir='ltr'><strong>eum</strong></span> <span class='ocrx_word' id='word_1_475' title='bbox 832 3539 890 3594; x_wconf 93' lang='lat' dir='ltr'><strong>S.</strong></span> <span class='ocrx_word' id='word_1_476' title='bbox 950 3537 1131 3592; x_wconf 91' lang='lat' dir='ltr'><strong>Bruno</strong></span> <span class='ocrx_word' id='word_1_477' title='bbox 1185 3537 1410 3609; x_wconf 89' lang='lat' dir='ltr'><strong>ejusque</strong></span> <span class='ocrx_word' id='word_1_478' title='bbox 1456 3540 1588 3594; x_wconf 91' lang='lat' dir='ltr'><strong>socii</strong></span> 
     </span>
    </p>
   </div>
   <div class='ocr_carea' id='block_1_66' title="bbox 101 3624 1590 3699">
    <p class='ocr_par' dir='ltr' id='par_1_66' title="bbox 101 3624 1590 3699">
     <span class='ocr_line' id='line_1_66' title="bbox 101 3624 1590 3699; baseline 0.003 -21"><span class='ocrx_word' id='word_1_479' title='bbox 101 3624 359 3698; x_wconf 68' lang='lat' dir='ltr'><strong>accedebant)</strong></span> <span class='ocrx_word' id='word_1_480' title='bbox 387 3643 480 3697; x_wconf 86' lang='lat' dir='ltr'><strong>per</strong></span> <span class='ocrx_word' id='word_1_481' title='bbox 522 3628 797 3684; x_wconf 88' lang='lat' dir='ltr'><strong>somnium</strong></span> <span class='ocrx_word' id='word_1_482' title='bbox 830 3629 883 3683; x_wconf 93' lang='lat' dir='ltr'><strong>in</strong></span> <span class='ocrx_word' id='word_1_483' title='bbox 917 3629 1104 3683; x_wconf 88' lang='lat' dir='ltr'><strong>eadem</strong></span> <span class='ocrx_word' id='word_1_484' title='bbox 1131 3627 1472 3699; x_wconf 64' lang='lat' dir='ltr'><strong>(Carthusiar)</strong></span> <span class='ocrx_word' id='word_1_485' title='bbox 1502 3645 1590 3682; x_wconf 85' lang='lat' dir='ltr'><strong>so-</strong></span> 
     </span>
    </p>
   </div>
   <div class='ocr_carea' id='block_1_67' title="bbox 100 3707 1592 3786">
    <p class='ocr_par' dir='ltr' id='par_1_67' title="bbox 100 3707 1592 3786">
     <span class='ocr_line' id='line_1_67' title="bbox 100 3707 1592 3786; baseline 0.009 -27"><span class='ocrx_word' id='word_1_486' title='bbox 100 3707 254 3768; x_wconf 79' lang='lat' dir='ltr'><strong>litudine</strong></span> <span class='ocrx_word' id='word_1_487' title='bbox 274 3716 545 3772; x_wconf 87' lang='lat' dir='ltr'><strong>Dominum</strong></span> <span class='ocrx_word' id='word_1_488' title='bbox 572 3734 687 3773; x_wconf 71' lang='lat' dir='ltr'><strong>sua:</strong></span> <span class='ocrx_word' id='word_1_489' title='bbox 710 3718 1006 3786; x_wconf 78' lang='lat' dir='ltr'><strong>dignationi</strong></span> <span class='ocrx_word' id='word_1_490' title='bbox 1054 3718 1416 3773; x_wconf 85' lang='lat' dir='ltr'><strong>habitaculum</strong></span> <span class='ocrx_word' id='word_1_491' title='bbox 1462 3735 1592 3776; x_wconf 84' lang='lat' dir='ltr'><strong>con-</strong></span> 
     </span>
    </p>
   </div>
   <div class='ocr_carea' id='block_1_68' title="bbox 100 3808 1589 3878">
    <p class='ocr_par' dir='ltr' id='par_1_68' title="bbox 100 3808 1589 3878">
     <span class='ocr_line' id='line_1_68' title="bbox 100 3808 1589 3878; baseline 0.009 -28"><span class='ocrx_word' id='word_1_492' title='bbox 100 3808 349 3870; x_wconf 80' lang='lat' dir='ltr'><strong>stmentem,</strong></span> <span class='ocrx_word' id='word_1_493' title='bbox 428 3809 620 3864; x_wconf 87' lang='lat' dir='ltr'><strong>stellas</strong></span> <span class='ocrx_word' id='word_1_494' title='bbox 681 3810 844 3863; x_wconf 87' lang='lat' dir='ltr'><strong>etiam</strong></span> <span class='ocrx_word' id='word_1_495' title='bbox 910 3818 1113 3878; x_wconf 90' lang='lat' dir='ltr'><strong>septem</strong></span> <span class='ocrx_word' id='word_1_496' title='bbox 1170 3810 1423 3865; x_wconf 88' lang='lat' dir='ltr'><strong>ducatum</strong></span> <span class='ocrx_word' id='word_1_497' title='bbox 1486 3812 1589 3864; x_wconf 93' lang='lat' dir='ltr'><strong>sibi</strong></span> 
     </span>
    </p>
   </div>
   <div class='ocr_carea' id='block_1_69' title="bbox 100 3899 1589 3967">
    <p class='ocr_par' dir='ltr' id='par_1_69' title="bbox 100 3899 1589 3967">
     <span class='ocr_line' id='line_1_69' title="bbox 100 3899 1589 3967; baseline 0.001 -15"><span class='ocrx_word' id='word_1_498' title='bbox 100 3901 334 3952; x_wconf 64' lang='lat' dir='ltr'><strong>Prmstautes</strong></span> <span class='ocrx_word' id='word_1_499' title='bbox 362 3899 605 3963; x_wconf 88' lang='lat' dir='ltr'><strong>itineris,</strong></span> <span class='ocrx_word' id='word_1_500' title='bbox 669 3917 688 3951; x_wconf 74' lang='grc' dir='ltr'><strong><em>ι</em></strong></span> <span class='ocrx_word' id='word_1_501' title='bbox 721 3899 983 3967; x_wconf 78' lang='lat' dir='ltr'><strong>prolixius</strong></span> <span class='ocrx_word' id='word_1_502' title='bbox 1024 3900 1112 3954; x_wconf 89' lang='lat' dir='ltr'><strong>ille</strong></span> <span class='ocrx_word' id='word_1_503' title='bbox 1136 3940 1152 3965; x_wconf 94' lang='lat'><strong>,</strong></span> <span class='ocrx_word' id='word_1_504' title='bbox 1196 3901 1393 3954; x_wconf 86' lang='lat' dir='ltr'><strong>additis</strong></span> <span class='ocrx_word' id='word_1_505' title='bbox 1429 3901 1589 3955; x_wconf 90' lang='lat' dir='ltr'><strong>etiam</strong></span> 
     </span>
    </p>
   </div>
   <div class='ocr_carea' id='block_1_70' title="bbox 101 3986 1593 4061">
    <p class='ocr_par' dir='ltr' id='par_1_70' title="bbox 101 3986 1593 4061">
     <span class='ocr_line' id='line_1_70' title="bbox 101 3986 1593 4061; baseline 0.013 -32"><span class='ocrx_word' id='word_1_506' title='bbox 101 3986 319 4051; x_wconf 86' lang='lat' dir='ltr'><strong>nonnullis,</strong></span> <span class='ocrx_word' id='word_1_507' title='bbox 356 4006 471 4058; x_wconf 62' lang='lat' dir='ltr'><strong>quae</strong></span> <span class='ocrx_word' id='word_1_508' title='bbox 499 4007 527 4044; x_wconf 88' lang='lat' dir='ltr'><strong>a</strong></span> <span class='ocrx_word' id='word_1_509' title='bbox 557 3991 804 4059; x_wconf 79' lang='lat' dir='ltr'><strong>Guigone</strong></span> <span class='ocrx_word' id='word_1_510' title='bbox 826 3992 1058 4056; x_wconf 84' lang='lat' dir='ltr'><strong>absunt,</strong></span> <span class='ocrx_word' id='word_1_511' title='bbox 1101 3990 1372 4061; x_wconf 86' lang='lat' dir='ltr'><strong>adjunctis</strong></span> <span class='ocrx_word' id='word_1_512' title='bbox 1400 4033 1413 4053; x_wconf 89' lang='lat'><strong>,</strong></span> <span class='ocrx_word' id='word_1_513' title='bbox 1453 3993 1593 4049; x_wconf 85' lang='lat' dir='ltr'><strong>hunc</strong></span> 
     </span>
    </p>
   </div>
   <div class='ocr_carea' id='block_1_71' title="bbox 100 4068 1595 4155">
    <p class='ocr_par' dir='ltr' id='par_1_71' title="bbox 100 4068 1595 4155">
     <span class='ocr_line' id='line_1_71' title="bbox 100 4068 1595 4155; baseline 0.007 -27"><span class='ocrx_word' id='word_1_514' title='bbox 100 4068 132 4123; x_wconf 81' lang='lat' dir='ltr'><strong>in</strong></span> <span class='ocrx_word' id='word_1_515' title='bbox 153 4078 319 4133; x_wconf 85' lang='lat' dir='ltr'><strong>modum</strong></span> <span class='ocrx_word' id='word_1_516' title='bbox 348 4086 594 4152; x_wconf 79' lang='lat' dir='ltr'><strong>proxime</strong></span> <span class='ocrx_word' id='word_1_517' title='bbox 624 4094 750 4137; x_wconf 87' lang='lat' dir='ltr'><strong>ante</strong></span> <span class='ocrx_word' id='word_1_518' title='bbox 779 4085 945 4139; x_wconf 89' lang='lat' dir='ltr'><strong>verba</strong></span> <span class='ocrx_word' id='word_1_519' title='bbox 984 4100 1146 4153; x_wconf 89' lang='lat' dir='ltr'><strong>supra</strong></span> <span class='ocrx_word' id='word_1_520' title='bbox 1177 4085 1400 4139; x_wconf 89' lang='lat' dir='ltr'><strong>recitata</strong></span> <span class='ocrx_word' id='word_1_521' title='bbox 1427 4101 1595 4155; x_wconf 85' lang='lat' dir='ltr'><strong>expo-</strong></span> 
     </span>
    </p>
   </div>
   <div class='ocr_carea' id='block_1_72' title="bbox 101 4162 1593 4245">
    <p class='ocr_par' dir='ltr' id='par_1_72' title="bbox 101 4162 1593 4245">
     <span class='ocr_line' id='line_1_72' title="bbox 101 4162 1593 4245; baseline 0.014 -33"><span class='ocrx_word' id='word_1_522' title='bbox 101 4162 168 4227; x_wconf 84' lang='lat' dir='ltr'><strong>nit,</strong></span> <span class='ocrx_word' id='word_1_523' title='bbox 206 4186 221 4217; x_wconf 73' lang='grc' dir='ltr'><strong>ε</strong></span> <span class='ocrx_word' id='word_1_524' title='bbox 255 4169 452 4241; x_wconf 86' lang='lat' dir='ltr'><strong>Septem</strong></span> <span class='ocrx_word' id='word_1_525' title='bbox 503 4175 672 4243; x_wconf 73' lang='lat' dir='ltr'><strong>igitur</strong></span> <span class='ocrx_word' id='word_1_526' title='bbox 720 4175 820 4229; x_wconf 85' lang='lat' dir='ltr'><strong>viri</strong></span> <span class='ocrx_word' id='word_1_527' title='bbox 877 4174 1014 4229; x_wconf 91' lang='lat' dir='ltr'><strong>infra</strong></span> <span class='ocrx_word' id='word_1_528' title='bbox 1072 4175 1329 4245; x_wconf 86' lang='lat' dir='ltr'><strong>deseripti</strong></span> <span class='ocrx_word' id='word_1_529' title='bbox 1393 4173 1593 4245; x_wconf 75' lang='lat' dir='ltr'><strong>(Bruuo</strong></span> 
     </span>
    </p>
   </div>
   <div class='ocr_carea' id='block_1_73' title="bbox 100 4253 1595 4336">
    <p class='ocr_par' dir='ltr' id='par_1_73' title="bbox 100 4253 1595 4336">
     <span class='ocr_line' id='line_1_73' title="bbox 100 4253 1595 4336; baseline 0.009 -34"><span class='ocrx_word' id='word_1_530' title='bbox 100 4253 275 4313; x_wconf 70' lang='lat' dir='ltr'><strong>titlelicet</strong></span> <span class='ocrx_word' id='word_1_531' title='bbox 312 4279 507 4335; x_wconf 77' lang='lat' dir='ltr'><strong>sexque</strong></span> <span class='ocrx_word' id='word_1_532' title='bbox 564 4266 682 4334; x_wconf 85' lang='lat' dir='ltr'><strong>ejus</strong></span> <span class='ocrx_word' id='word_1_533' title='bbox 734 4266 889 4335; x_wconf 87' lang='lat' dir='ltr'><strong>socii)</strong></span> <span class='ocrx_word' id='word_1_534' title='bbox 941 4265 1161 4336; x_wconf 64' lang='lat' dir='ltr'><strong>prarfala</strong></span> <span class='ocrx_word' id='word_1_535' title='bbox 1207 4266 1276 4320; x_wconf 88' lang='lat' dir='ltr'><strong>de</strong></span> <span class='ocrx_word' id='word_1_536' title='bbox 1313 4281 1473 4319; x_wconf 84' lang='lat' dir='ltr'><strong>causa</strong></span> <span class='ocrx_word' id='word_1_537' title='bbox 1515 4266 1595 4332; x_wconf 69' lang='lat' dir='ltr'><strong>(ut.</strong></span> 
     </span>
    </p>
   </div>
   <div class='ocr_carea' id='block_1_74' title="bbox 102 4351 1593 4425">
    <p class='ocr_par' dir='ltr' id='par_1_74' title="bbox 102 4351 1593 4425">
     <span class='ocr_line' id='line_1_74' title="bbox 102 4351 1593 4425; baseline -0.003 -16"><span class='ocrx_word' id='word_1_538' title='bbox 102 4358 229 4416; x_wconf 66' lang='lat' dir='ltr'><strong>mlle</strong></span> <span class='ocrx_word' id='word_1_539' title='bbox 252 4351 407 4409; x_wconf 82' lang='lat' dir='ltr'><strong>locum</strong></span> <span class='ocrx_word' id='word_1_540' title='bbox 444 4358 571 4411; x_wconf 67' lang='lat' dir='ltr'><strong>vitae</strong></span> <span class='ocrx_word' id='word_1_541' title='bbox 600 4357 892 4414; x_wconf 69' lang='lat' dir='ltr'><strong>eremitica:</strong></span> <span class='ocrx_word' id='word_1_542' title='bbox 946 4366 1129 4425; x_wconf 88' lang='lat' dir='ltr'><strong>aptum</strong></span> <span class='ocrx_word' id='word_1_543' title='bbox 1170 4354 1496 4423; x_wconf 78' lang='lat' dir='ltr'><strong>invenirent)</strong></span> <span class='ocrx_word' id='word_1_544' title='bbox 1527 4353 1593 4405; x_wconf 91' lang='lat' dir='ltr'><strong>ad</strong></span> 
     </span>
    </p>
   </div>
   <div class='ocr_carea' id='block_1_75' title="bbox 1694 3167 3273 3246">
    <p class='ocr_par' dir='ltr' id='par_1_75' title="bbox 1694 3167 3273 3246">
     <span class='ocr_line' id='line_1_75' title="bbox 1694 3167 3273 3246; baseline 0.005 -24"><span class='ocrx_word' id='word_1_545' title='bbox 1694 3167 1800 3223; x_wconf 88' lang='lat' dir='ltr'><strong>huc</strong></span> <span class='ocrx_word' id='word_1_546' title='bbox 1853 3173 2175 3227; x_wconf 88' lang='lat' dir='ltr'><strong>transcribo.</strong></span> <span class='ocrx_word' id='word_1_547' title='bbox 2224 3175 2406 3230; x_wconf 83' lang='lat' dir='ltr'><strong>Primo</strong></span> <span class='ocrx_word' id='word_1_548' title='bbox 2438 3176 2648 3246; x_wconf 85' lang='lat' dir='ltr'><strong>itaque,</strong></span> <span class='ocrx_word' id='word_1_549' title='bbox 2701 3187 2951 3232; x_wconf 89' lang='lat' dir='ltr'><strong>sanctum</strong></span> <span class='ocrx_word' id='word_1_550' title='bbox 2996 3189 3273 3242; x_wconf 89' lang='lat' dir='ltr'><strong>nostrum,</strong></span> 
     </span>
    </p>
   </div>
   <div class='ocr_carea' id='block_1_76' title="bbox 1693 3255 3279 3338">
    <p class='ocr_par' dir='ltr' id='par_1_76' title="bbox 1693 3255 3279 3338">
     <span class='ocr_line' id='line_1_76' title="bbox 1693 3255 3279 3338; baseline 0.007 -28"><span class='ocrx_word' id='word_1_551' title='bbox 1693 3255 2121 3328; x_wconf 84' lang='lat' dir='ltr'><strong>Gratianopolim</strong></span> <span class='ocrx_word' id='word_1_552' title='bbox 2155 3274 2503 3333; x_wconf 74' lang='lat' dir='ltr'><strong>pergentem,</strong></span> <span class='ocrx_word' id='word_1_553' title='bbox 2546 3266 2722 3338; x_wconf 83' lang='lat' dir='ltr'><strong>magni</strong></span> <span class='ocrx_word' id='word_1_554' title='bbox 2771 3267 3006 3321; x_wconf 90' lang='lat' dir='ltr'><strong>nominis</strong></span> <span class='ocrx_word' id='word_1_555' title='bbox 3051 3267 3279 3322; x_wconf 86' lang='lat' dir='ltr'><strong>eremita</strong></span> 
     </span>
    </p>
   </div>
   <div class='ocr_carea' id='block_1_77' title="bbox 1694 3343 3278 3423">
    <p class='ocr_par' dir='ltr' id='par_1_77' title="bbox 1694 3343 3278 3423">
     <span class='ocr_line' id='line_1_77' title="bbox 1694 3343 3278 3423; baseline 0.009 -26"><span class='ocrx_word' id='word_1_556' title='bbox 1694 3343 1747 3398; x_wconf 92' lang='lat' dir='ltr'><strong>in</strong></span> <span class='ocrx_word' id='word_1_557' title='bbox 1771 3347 1858 3401; x_wconf 86' lang='lat' dir='ltr'><strong>via</strong></span> <span class='ocrx_word' id='word_1_558' title='bbox 1888 3350 2136 3405; x_wconf 90' lang='lat' dir='ltr'><strong>consulto</strong></span> <span class='ocrx_word' id='word_1_559' title='bbox 2158 3394 2172 3417; x_wconf 92' lang='lat'><strong>,</strong></span> <span class='ocrx_word' id='word_1_560' title='bbox 2205 3351 2308 3407; x_wconf 90' lang='lat' dir='ltr'><strong>iter</strong></span> <span class='ocrx_word' id='word_1_561' title='bbox 2332 3363 2677 3422; x_wconf 90' lang='lat' dir='ltr'><strong>prosecutum</strong></span> <span class='ocrx_word' id='word_1_562' title='bbox 2708 3355 2874 3411; x_wconf 86' lang='lat' dir='ltr'><strong>fuisse</strong></span> <span class='ocrx_word' id='word_1_563' title='bbox 2898 3398 2912 3421; x_wconf 96' lang='lat'><strong>,</strong></span> <span class='ocrx_word' id='word_1_564' title='bbox 2955 3364 3172 3423; x_wconf 90' lang='lat' dir='ltr'><strong>narrat,</strong></span> <span class='ocrx_word' id='word_1_565' title='bbox 3214 3371 3278 3411; x_wconf 88' lang='lat' dir='ltr'><strong>ac</strong></span> 
     </span>
    </p>
   </div>
   <div class='ocr_carea' id='block_1_78' title="bbox 1692 3436 3273 3517">
    <p class='ocr_par' dir='ltr' id='par_1_78' title="bbox 1692 3436 3273 3517">
     <span class='ocr_line' id='line_1_78' title="bbox 1692 3436 3273 3517; baseline 0.008 -26"><span class='ocrx_word' id='word_1_566' title='bbox 1692 3436 1917 3506; x_wconf 90' lang='lat' dir='ltr'><strong>deinde,</strong></span> <span class='ocrx_word' id='word_1_567' title='bbox 1945 3457 2064 3511; x_wconf 76' lang='lat' dir='ltr'><strong>qua:</strong></span> <span class='ocrx_word' id='word_1_568' title='bbox 2097 3443 2163 3497; x_wconf 91' lang='lat' dir='ltr'><strong>ad</strong></span> <span class='ocrx_word' id='word_1_569' title='bbox 2200 3443 2506 3499; x_wconf 89' lang='lat' dir='ltr'><strong>institutum</strong></span> <span class='ocrx_word' id='word_1_570' title='bbox 2529 3461 2771 3517; x_wconf 84' lang='lat' dir='ltr'><strong>praesens</strong></span> <span class='ocrx_word' id='word_1_571' title='bbox 2810 3447 3120 3517; x_wconf 87' lang='lat' dir='ltr'><strong>pertinent,</strong></span> <span class='ocrx_word' id='word_1_572' title='bbox 3150 3446 3273 3503; x_wconf 85' lang='lat' dir='ltr'><strong>sub-</strong></span> 
     </span>
    </p>
   </div>
   <div class='ocr_carea' id='block_1_79' title="bbox 1688 3526 1884 3597">
    <p class='ocr_par' dir='ltr' id='par_1_79' title="bbox 1688 3526 1884 3597">
     <span class='ocr_line' id='line_1_79' title="bbox 1688 3526 1884 3597; baseline 0.02 -18"><span class='ocrx_word' id='word_1_573' title='bbox 1688 3526 1884 3597; x_wconf 81' lang='lat' dir='ltr'><strong>jungit.</strong></span> 
     </span>
    </p>
   </div>
   <div class='ocr_carea' id='block_1_80' title="bbox 1761 3620 3277 3686">
    <p class='ocr_par' dir='ltr' id='par_1_80' title="bbox 1761 3620 3277 3686">
     <span class='ocr_line' id='line_1_80' title="bbox 1761 3620 3277 3686; baseline 0.009 -13"><span class='ocrx_word' id='word_1_574' title='bbox 1761 3620 1887 3677; x_wconf 68' lang='lat'><strong>426.</strong></span> <span class='ocrx_word' id='word_1_575' title='bbox 1970 3624 2107 3678; x_wconf 75' lang='lat' dir='ltr'><strong>Sunt</strong></span> <span class='ocrx_word' id='word_1_576' title='bbox 2191 3636 2371 3680; x_wconf 89' lang='lat' dir='ltr'><strong>autem</strong></span> <span class='ocrx_word' id='word_1_577' title='bbox 2428 3627 2606 3682; x_wconf 84' lang='lat' dir='ltr'><strong>haec:</strong></span> <span class='ocrx_word' id='word_1_578' title='bbox 2700 3646 2720 3680; x_wconf 70' lang='grc' dir='ltr'><strong><em>ι</em></strong></span> <span class='ocrx_word' id='word_1_579' title='bbox 2790 3628 3011 3684; x_wconf 81' lang='lat' dir='ltr'><strong>Viderat</strong></span> <span class='ocrx_word' id='word_1_580' title='bbox 3085 3628 3277 3686; x_wconf 88' lang='lat' dir='ltr'><strong>eodem</strong></span> 
     </span>
    </p>
   </div>
   <div class='ocr_carea' id='block_1_81' title="bbox 1695 3716 3274 3788">
    <p class='ocr_par' dir='ltr' id='par_1_81' title="bbox 1695 3716 3274 3788">
     <span class='ocr_line' id='line_1_81' title="bbox 1695 3716 3274 3788; baseline 0.004 -18"><span class='ocrx_word' id='word_1_581' title='bbox 1695 3724 1938 3786; x_wconf 86' lang='lat' dir='ltr'><strong>tempore</strong></span> <span class='ocrx_word' id='word_1_582' title='bbox 1983 3725 2202 3770; x_wconf 90' lang='lat' dir='ltr'><strong>sanctus</strong></span> <span class='ocrx_word' id='word_1_583' title='bbox 2256 3716 2717 3788; x_wconf 83' lang='lat' dir='ltr'><strong>Hngoepiscopus</strong></span> <span class='ocrx_word' id='word_1_584' title='bbox 2766 3720 2819 3774; x_wconf 92' lang='lat' dir='ltr'><strong>in</strong></span> <span class='ocrx_word' id='word_1_585' title='bbox 2868 3722 3075 3776; x_wconf 90' lang='lat' dir='ltr'><strong>somnis</strong></span> <span class='ocrx_word' id='word_1_586' title='bbox 3107 3728 3274 3782; x_wconf 88' lang='lat' dir='ltr'><strong>Deum</strong></span> 
     </span>
    </p>
   </div>
   <div class='ocr_carea' id='block_1_82' title="bbox 1693 3806 3278 3883">
    <p class='ocr_par' dir='ltr' id='par_1_82' title="bbox 1693 3806 3278 3883">
     <span class='ocr_line' id='line_1_82' title="bbox 1693 3806 3278 3883; baseline 0.008 -22"><span class='ocrx_word' id='word_1_587' title='bbox 1693 3808 1747 3861; x_wconf 93' lang='lat' dir='ltr'><strong>in</strong></span> <span class='ocrx_word' id='word_1_588' title='bbox 1819 3806 2112 3860; x_wconf 86' lang='lat' dir='ltr'><strong>solitudine</strong></span> <span class='ocrx_word' id='word_1_589' title='bbox 2166 3806 2469 3863; x_wconf 71' lang='lat' dir='ltr'><strong>Carthusia:</strong></span> <span class='ocrx_word' id='word_1_590' title='bbox 2552 3826 2662 3866; x_wconf 74' lang='lat' dir='ltr'><strong>sua:</strong></span> <span class='ocrx_word' id='word_1_591' title='bbox 2721 3813 3017 3883; x_wconf 83' lang='lat' dir='ltr'><strong>dignationi</strong></span> <span class='ocrx_word' id='word_1_592' title='bbox 3065 3817 3278 3873; x_wconf 88' lang='lat' dir='ltr'><strong>habita-</strong></span> 
     </span>
    </p>
   </div>
   <div class='ocr_carea' id='block_1_83' title="bbox 1692 3898 3278 3976">
    <p class='ocr_par' dir='ltr' id='par_1_83' title="bbox 1692 3898 3278 3976">
     <span class='ocr_line' id='line_1_83' title="bbox 1692 3898 3278 3976; baseline 0.009 -25"><span class='ocrx_word' id='word_1_593' title='bbox 1692 3898 1871 3952; x_wconf 87' lang='lat' dir='ltr'><strong>culum</strong></span> <span class='ocrx_word' id='word_1_594' title='bbox 1959 3908 2404 3965; x_wconf 89' lang='lat' dir='ltr'><strong>constrnenlem;</strong></span> <span class='ocrx_word' id='word_1_595' title='bbox 2498 3914 2704 3972; x_wconf 91' lang='lat' dir='ltr'><strong>septem</strong></span> <span class='ocrx_word' id='word_1_596' title='bbox 2798 3921 3013 3976; x_wconf 90' lang='lat' dir='ltr'><strong>quoque</strong></span> <span class='ocrx_word' id='word_1_597' title='bbox 3080 3904 3278 3967; x_wconf 80' lang='lat' dir='ltr'><strong>stellas</strong></span> 
     </span>
    </p>
   </div>
   <div class='ocr_carea' id='block_1_84' title="bbox 1693 3988 3272 4070">
    <p class='ocr_par' dir='ltr' id='par_1_84' title="bbox 1693 3988 3272 4070">
     <span class='ocr_line' id='line_1_84' title="bbox 1693 3988 3272 4070; baseline 0.009 -27"><span class='ocrx_word' id='word_1_598' title='bbox 1693 4005 1888 4044; x_wconf 90' lang='lat' dir='ltr'><strong>aureas</strong></span> <span class='ocrx_word' id='word_1_599' title='bbox 1960 3988 2012 4041; x_wconf 90' lang='lat' dir='ltr'><strong>in</strong></span> <span class='ocrx_word' id='word_1_600' title='bbox 2093 3990 2312 4044; x_wconf 83' lang='lat' dir='ltr'><strong>modum</strong></span> <span class='ocrx_word' id='word_1_601' title='bbox 2388 4008 2600 4048; x_wconf 69' lang='lat' dir='ltr'><strong>corona:</strong></span> <span class='ocrx_word' id='word_1_602' title='bbox 2658 3995 2945 4065; x_wconf 86' lang='lat' dir='ltr'><strong>dispositas</strong></span> <span class='ocrx_word' id='word_1_603' title='bbox 3017 4009 3181 4070; x_wconf 90' lang='lat' dir='ltr'><strong>atque</strong></span> <span class='ocrx_word' id='word_1_604' title='bbox 3242 4019 3272 4057; x_wconf 89' lang='lat' dir='ltr'><strong>a</strong></span> 
     </span>
    </p>
   </div>
   <div class='ocr_carea' id='block_1_85' title="bbox 1695 4083 3277 4153">
    <p class='ocr_par' dir='ltr' id='par_1_85' title="bbox 1695 4083 3277 4153">
     <span class='ocr_line' id='line_1_85' title="bbox 1695 4083 3277 4153; baseline 0.006 -16"><span class='ocrx_word' id='word_1_605' title='bbox 1695 4091 1837 4138; x_wconf 89' lang='lat' dir='ltr'><strong>terra</strong></span> <span class='ocrx_word' id='word_1_606' title='bbox 1889 4085 2164 4153; x_wconf 89' lang='lat' dir='ltr'><strong>paululum</strong></span> <span class='ocrx_word' id='word_1_607' title='bbox 2207 4083 2467 4149; x_wconf 87' lang='lat' dir='ltr'><strong>elevatas,</strong></span> <span class='ocrx_word' id='word_1_608' title='bbox 2506 4101 2534 4138; x_wconf 90' lang='lat' dir='ltr'><strong>a</strong></span> <span class='ocrx_word' id='word_1_609' title='bbox 2583 4088 2795 4143; x_wconf 62' lang='lat' dir='ltr'><strong>caeteris</strong></span> <span class='ocrx_word' id='word_1_610' title='bbox 2843 4090 2895 4143; x_wconf 93' lang='lat' dir='ltr'><strong>in</strong></span> <span class='ocrx_word' id='word_1_611' title='bbox 2930 4088 3277 4147; x_wconf 78' lang='lat' dir='ltr'><strong>firmamento</strong></span> 
     </span>
    </p>
   </div>
   <div class='ocr_carea' id='block_1_86' title="bbox 1695 4175 3276 4249">
    <p class='ocr_par' dir='ltr' id='par_1_86' title="bbox 1695 4175 3276 4249">
     <span class='ocr_line' id='line_1_86' title="bbox 1695 4175 3276 4249; baseline 0.004 -21"><span class='ocrx_word' id='word_1_612' title='bbox 1695 4175 1816 4230; x_wconf 84' lang='lat' dir='ltr'><strong>fixis</strong></span> <span class='ocrx_word' id='word_1_613' title='bbox 1848 4177 1977 4238; x_wconf 90' lang='lat' dir='ltr'><strong>situ,</strong></span> <span class='ocrx_word' id='word_1_614' title='bbox 2006 4187 2179 4240; x_wconf 91' lang='lat' dir='ltr'><strong>motu,</strong></span> <span class='ocrx_word' id='word_1_615' title='bbox 2206 4177 2386 4232; x_wconf 91' lang='lat' dir='ltr'><strong>colore</strong></span> <span class='ocrx_word' id='word_1_616' title='bbox 2415 4187 2469 4232; x_wconf 90' lang='lat' dir='ltr'><strong>et</strong></span> <span class='ocrx_word' id='word_1_617' title='bbox 2494 4178 2780 4249; x_wconf 84' lang='lat' dir='ltr'><strong>splendore</strong></span> <span class='ocrx_word' id='word_1_618' title='bbox 2818 4180 3151 4248; x_wconf 75' lang='lat' dir='ltr'><strong>differentes,</strong></span> <span class='ocrx_word' id='word_1_619' title='bbox 3185 4185 3276 4238; x_wconf 87' lang='lat' dir='ltr'><strong>iti-</strong></span> 
     </span>
    </p>
   </div>
   <div class='ocr_carea' id='block_1_87' title="bbox 1695 4265 3276 4341">
    <p class='ocr_par' dir='ltr' id='par_1_87' title="bbox 1695 4265 3276 4341">
     <span class='ocr_line' id='line_1_87' title="bbox 1695 4265 3276 4341; baseline 0.005 -23"><span class='ocrx_word' id='word_1_620' title='bbox 1695 4265 1840 4321; x_wconf 90' lang='lat' dir='ltr'><strong>neris</strong></span> <span class='ocrx_word' id='word_1_621' title='bbox 1885 4266 1985 4321; x_wconf 91' lang='lat' dir='ltr'><strong>sibi</strong></span> <span class='ocrx_word' id='word_1_622' title='bbox 2019 4267 2273 4321; x_wconf 90' lang='lat' dir='ltr'><strong>ducatum</strong></span> <span class='ocrx_word' id='word_1_623' title='bbox 2304 4279 2643 4338; x_wconf 66' lang='lat' dir='ltr'><strong>praestantes.</strong></span> <span class='ocrx_word' id='word_1_624' title='bbox 2682 4268 2961 4341; x_wconf 89' lang='lat' dir='ltr'><strong>Cogitante</strong></span> <span class='ocrx_word' id='word_1_625' title='bbox 2991 4282 3172 4326; x_wconf 89' lang='lat' dir='ltr'><strong>autem</strong></span> <span class='ocrx_word' id='word_1_626' title='bbox 3210 4290 3276 4327; x_wconf 87' lang='lat' dir='ltr'><strong>eo</strong></span> 
     </span>
    </p>
   </div>
   <div class='ocr_carea' id='block_1_88' title="bbox 1696 4353 3277 4430">
    <p class='ocr_par' dir='ltr' id='par_1_88' title="bbox 1696 4353 3277 4430">
     <span class='ocr_line' id='line_1_88' title="bbox 1696 4353 3277 4430; baseline 0.006 -24"><span class='ocrx_word' id='word_1_627' title='bbox 1696 4353 2014 4419; x_wconf 90' lang='lat' dir='ltr'><strong>devisione,</strong></span> <span class='ocrx_word' id='word_1_628' title='bbox 2048 4354 2438 4411; x_wconf 82' lang='lat' dir='ltr'><strong>affueruntviri</strong></span> <span class='ocrx_word' id='word_1_629' title='bbox 2486 4373 2647 4426; x_wconf 87' lang='lat' dir='ltr'><strong>supra</strong></span> <span class='ocrx_word' id='word_1_630' title='bbox 2696 4359 2825 4413; x_wconf 86' lang='lat' dir='ltr'><strong>dicti</strong></span> <span class='ocrx_word' id='word_1_631' title='bbox 2866 4360 3066 4430; x_wconf 91' lang='lat' dir='ltr'><strong>(Brnno</strong></span> <span class='ocrx_word' id='word_1_632' title='bbox 3118 4363 3277 4416; x_wconf 85' lang='lat' dir='ltr'><strong>nimi-</strong></span> 
     </span>
    </p>
   </div>
   <div class='ocr_carea' id='block_1_89' title="bbox 100 4441 3273 4522">
    <p class='ocr_par' dir='ltr' id='par_1_89' title="bbox 100 4441 3273 4522">
     <span class='ocr_line' id='line_1_89' title="bbox 100 4441 3273 4522; baseline 0.002 -20"><span class='ocrx_word' id='word_1_633' title='bbox 100 4441 329 4502; x_wconf 64' lang='lat' dir='ltr'><strong>Wictum</strong></span> <span class='ocrx_word' id='word_1_634' title='bbox 357 4461 601 4503; x_wconf 88' lang='lat' dir='ltr'><strong>sanctmn</strong></span> <span class='ocrx_word' id='word_1_635' title='bbox 629 4449 939 4519; x_wconf 89' lang='lat' dir='ltr'><strong>episcopum</strong></span> <span class='ocrx_word' id='word_1_636' title='bbox 978 4448 1277 4518; x_wconf 87' lang='lat' dir='ltr'><strong>(llugonem</strong></span> <span class='ocrx_word' id='word_1_637' title='bbox 1302 4447 1587 4501; x_wconf 84' lang='lat' dir='ltr'><strong>Gratiano-</strong></span> <span class='ocrx_word' id='word_1_638' title='bbox 1625 4451 1670 4510; x_wconf 83' lang='grc' dir='ltr'>υ</span> <span class='ocrx_word' id='word_1_639' title='bbox 1699 4459 1818 4498; x_wconf 91' lang='lat' dir='ltr'><strong>rum</strong></span> <span class='ocrx_word' id='word_1_640' title='bbox 1849 4445 2075 4516; x_wconf 87' lang='lat' dir='ltr'><strong>ejusque</strong></span> <span class='ocrx_word' id='word_1_641' title='bbox 2122 4448 2277 4517; x_wconf 88' lang='lat' dir='ltr'><strong>socii)</strong></span> <span class='ocrx_word' id='word_1_642' title='bbox 2318 4462 2427 4516; x_wconf 69' lang='lat' dir='ltr'><strong>prze</strong></span> <span class='ocrx_word' id='word_1_643' title='bbox 2473 4447 2681 4501; x_wconf 88' lang='lat' dir='ltr'><strong>foribus</strong></span> <span class='ocrx_word' id='word_1_644' title='bbox 2723 4450 2907 4517; x_wconf 88' lang='lat' dir='ltr'><strong>palatii</strong></span> <span class='ocrx_word' id='word_1_645' title='bbox 2930 4452 3273 4522; x_wconf 86' lang='lat' dir='ltr'><strong>episcopalis.</strong></span> 
     </span>
    </p>
   </div>
   <div class='ocr_carea' id='block_1_90' title="bbox 102 4529 1588 4609">
    <p class='ocr_par' dir='ltr' id='par_1_90' title="bbox 102 4529 1588 4609">
     <span class='ocr_line' id='line_1_90' title="bbox 102 4529 1588 4609; baseline 0 -19"><span class='ocrx_word' id='word_1_646' title='bbox 102 4529 357 4607; x_wconf 67' lang='lat' dir='ltr'><strong>Milanum),</strong></span> <span class='ocrx_word' id='word_1_647' title='bbox 410 4541 548 4595; x_wconf 89' lang='lat' dir='ltr'><strong>duce</strong></span> <span class='ocrx_word' id='word_1_648' title='bbox 632 4539 835 4609; x_wconf 85' lang='lat' dir='ltr'><strong>Spiritu</strong></span> <span class='ocrx_word' id='word_1_649' title='bbox 897 4552 1123 4604; x_wconf 89' lang='lat' dir='ltr'><strong>sancto,</strong></span> <span class='ocrx_word' id='word_1_650' title='bbox 1206 4547 1588 4607; x_wconf 89' lang='lat' dir='ltr'><strong>pervenerunt.</strong></span> 
     </span>
    </p>
   </div>
   <div class='ocr_carea' id='block_1_91' title="bbox 102 4612 1592 4699">
    <p class='ocr_par' dir='ltr' id='par_1_91' title="bbox 102 4612 1592 4699">
     <span class='ocr_line' id='line_1_91' title="bbox 102 4612 1592 4699; baseline 0.008 -32"><span class='ocrx_word' id='word_1_651' title='bbox 102 4612 271 4689; x_wconf 69' lang='lat' dir='ltr'><strong>Curaque</strong></span> <span class='ocrx_word' id='word_1_652' title='bbox 303 4627 561 4684; x_wconf 81' lang='lat' dir='ltr'><strong>intrarent</strong></span> <span class='ocrx_word' id='word_1_653' title='bbox 598 4628 875 4699; x_wconf 62' lang='lat' dir='ltr'><strong>praefatam</strong></span> <span class='ocrx_word' id='word_1_654' title='bbox 907 4629 1179 4683; x_wconf 88' lang='lat' dir='ltr'><strong>civitatem</strong></span> <span class='ocrx_word' id='word_1_655' title='bbox 1210 4628 1592 4696; x_wconf 86' lang='lat' dir='ltr'><strong>(Gratianopo-</strong></span> 
     </span>
    </p>
   </div>
   <div class='ocr_carea' id='block_1_92' title="bbox 103 4703 1587 4790">
    <p class='ocr_par' dir='ltr' id='par_1_92' title="bbox 103 4703 1587 4790">
     <span class='ocr_line' id='line_1_92' title="bbox 103 4703 1587 4790; baseline -0.003 -13"><span class='ocrx_word' id='word_1_656' title='bbox 103 4703 174 4777; x_wconf 63' lang='grc' dir='ltr'><strong>Ιίίιὶ)</strong></span> <span class='ocrx_word' id='word_1_657' title='bbox 218 4719 444 4788; x_wconf 77' lang='lat' dir='ltr'><strong>contigit,</strong></span> <span class='ocrx_word' id='word_1_658' title='bbox 498 4729 557 4773; x_wconf 91' lang='lat' dir='ltr'><strong>ut</strong></span> <span class='ocrx_word' id='word_1_659' title='bbox 612 4719 869 4790; x_wconf 53' lang='lat' dir='ltr'><strong>praefatus</strong></span> <span class='ocrx_word' id='word_1_660' title='bbox 933 4728 1153 4776; x_wconf 89' lang='lat' dir='ltr'><strong>sanctus</strong></span> <span class='ocrx_word' id='word_1_661' title='bbox 1202 4719 1484 4789; x_wconf 86' lang='lat' dir='ltr'><strong>episcopus</strong></span> <span class='ocrx_word' id='word_1_662' title='bbox 1534 4720 1587 4773; x_wconf 91' lang='lat' dir='ltr'><strong>in</strong></span> 
     </span>
    </p>
   </div>
   <div class='ocr_carea' id='block_1_93' title="bbox 103 4811 1589 4883">
    <p class='ocr_par' dir='ltr' id='par_1_93' title="bbox 103 4811 1589 4883">
     <span class='ocr_line' id='line_1_93' title="bbox 103 4811 1589 4883; baseline 0.001 -18"><span class='ocrx_word' id='word_1_663' title='bbox 103 4811 248 4859; x_wconf 60' lang='lat' dir='ltr'><strong>“tum</strong></span> <span class='ocrx_word' id='word_1_664' title='bbox 266 4824 349 4865; x_wconf 80' lang='lat' dir='ltr'><strong>sua</strong></span> <span class='ocrx_word' id='word_1_665' title='bbox 372 4813 704 4869; x_wconf 91' lang='lat' dir='ltr'><strong>obdormiret</strong></span> <span class='ocrx_word' id='word_1_666' title='bbox 727 4832 740 4867; x_wconf 87' lang='lat'><strong>:</strong></span> <span class='ocrx_word' id='word_1_667' title='bbox 775 4814 1015 4883; x_wconf 88' lang='lat' dir='ltr'><strong>viditque</strong></span> <span class='ocrx_word' id='word_1_668' title='bbox 1038 4813 1318 4868; x_wconf 91' lang='lat' dir='ltr'><strong>insomnis</strong></span> <span class='ocrx_word' id='word_1_669' title='bbox 1346 4821 1589 4867; x_wconf 86' lang='lat' dir='ltr'><strong>sanctam</strong></span> 
     </span>
    </p>
   </div>
   <div class='ocr_carea' id='block_1_94' title="bbox 106 4890 1592 4975">
    <p class='ocr_par' dir='ltr' id='par_1_94' title="bbox 106 4890 1592 4975">
     <span class='ocr_line' id='line_1_94' title="bbox 106 4890 1592 4975; baseline 0.004 -26"><span class='ocrx_word' id='word_1_670' title='bbox 106 4890 323 4955; x_wconf 65' lang='lat' dir='ltr'><strong>titionem:</strong></span> <span class='ocrx_word' id='word_1_671' title='bbox 378 4912 434 4958; x_wconf 90' lang='lat' dir='ltr'><strong>et.</strong></span> <span class='ocrx_word' id='word_1_672' title='bbox 488 4918 650 4969; x_wconf 89' lang='lat' dir='ltr'><strong>ecce,</strong></span> <span class='ocrx_word' id='word_1_673' title='bbox 702 4915 907 4975; x_wconf 89' lang='lat' dir='ltr'><strong>septem</strong></span> <span class='ocrx_word' id='word_1_674' title='bbox 956 4903 1125 4959; x_wconf 77' lang='lat' dir='ltr'><strong>stella:</strong></span> <span class='ocrx_word' id='word_1_675' title='bbox 1161 4901 1426 4957; x_wconf 88' lang='lat' dir='ltr'><strong>cadebant</strong></span> <span class='ocrx_word' id='word_1_676' title='bbox 1468 4911 1592 4956; x_wconf 80' lang='lat' dir='ltr'><strong>ante</strong></span> 
     </span>
    </p>
   </div>
   <div class='ocr_carea' id='block_1_95' title="bbox 106 4983 1593 5064">
    <p class='ocr_par' dir='ltr' id='par_1_95' title="bbox 106 4983 1593 5064">
     <span class='ocr_line' id='line_1_95' title="bbox 106 4983 1593 5064; baseline 0.002 -19"><span class='ocrx_word' id='word_1_677' title='bbox 106 4983 211 5045; x_wconf 62' lang='lat' dir='ltr'><strong>Pedes</strong></span> <span class='ocrx_word' id='word_1_678' title='bbox 244 4989 375 5059; x_wconf 87' lang='lat' dir='ltr'><strong>ejus,</strong></span> <span class='ocrx_word' id='word_1_679' title='bbox 423 5004 479 5049; x_wconf 92' lang='lat' dir='ltr'><strong>et</strong></span> <span class='ocrx_word' id='word_1_680' title='bbox 530 5005 712 5064; x_wconf 87' lang='lat' dir='ltr'><strong>postea</strong></span> <span class='ocrx_word' id='word_1_681' title='bbox 781 4996 1151 5051; x_wconf 81' lang='lat' dir='ltr'><strong>ascendebant</strong></span> <span class='ocrx_word' id='word_1_682' title='bbox 1202 5008 1301 5063; x_wconf 90' lang='lat' dir='ltr'><strong>per</strong></span> <span class='ocrx_word' id='word_1_683' title='bbox 1350 4993 1593 5048; x_wconf 85' lang='lat' dir='ltr'><strong>diversos</strong></span> 
     </span>
    </p>
   </div>
   <div class='ocr_carea' id='block_1_96' title="bbox 107 5083 1589 5155">
    <p class='ocr_par' dir='ltr' id='par_1_96' title="bbox 107 5083 1589 5155">
     <span class='ocr_line' id='line_1_96' title="bbox 107 5083 1589 5155; baseline 0.001 -21"><span class='ocrx_word' id='word_1_684' title='bbox 107 5086 249 5134; x_wconf 72' lang='lat' dir='ltr'><strong>montes</strong></span> <span class='ocrx_word' id='word_1_685' title='bbox 264 5092 309 5136; x_wconf 86' lang='lat' dir='ltr'><strong>et</strong></span> <span class='ocrx_word' id='word_1_686' title='bbox 334 5087 492 5140; x_wconf 91' lang='lat' dir='ltr'><strong>multa</strong></span> <span class='ocrx_word' id='word_1_687' title='bbox 522 5087 736 5142; x_wconf 88' lang='lat' dir='ltr'><strong>deserta</strong></span> <span class='ocrx_word' id='word_1_688' title='bbox 770 5101 939 5155; x_wconf 89' lang='lat' dir='ltr'><strong>usque</strong></span> <span class='ocrx_word' id='word_1_689' title='bbox 983 5086 1050 5139; x_wconf 89' lang='lat' dir='ltr'><strong>ad</strong></span> <span class='ocrx_word' id='word_1_690' title='bbox 1092 5084 1379 5154; x_wconf 88' lang='lat' dir='ltr'><strong>quemdam</strong></span> <span class='ocrx_word' id='word_1_691' title='bbox 1416 5083 1589 5137; x_wconf 88' lang='lat' dir='ltr'><strong>locum</strong></span> 
     </span>
    </p>
   </div>
   <div class='ocr_carea' id='block_1_97' title="bbox 107 5159 1591 5247">
    <p class='ocr_par' dir='ltr' id='par_1_97' title="bbox 107 5159 1591 5247">
     <span class='ocr_line' id='line_1_97' title="bbox 107 5159 1591 5247; baseline 0.006 -28"><span class='ocrx_word' id='word_1_692' title='bbox 107 5159 310 5227; x_wconf 76' lang='lat' dir='ltr'><strong>horridum</strong></span> <span class='ocrx_word' id='word_1_693' title='bbox 328 5176 510 5243; x_wconf 85' lang='lat' dir='ltr'><strong>valde,</strong></span> <span class='ocrx_word' id='word_1_694' title='bbox 561 5186 617 5232; x_wconf 91' lang='lat' dir='ltr'><strong>et</strong></span> <span class='ocrx_word' id='word_1_695' title='bbox 651 5192 680 5230; x_wconf 91' lang='lat' dir='ltr'><strong>a</strong></span> <span class='ocrx_word' id='word_1_696' title='bbox 711 5177 923 5247; x_wconf 85' lang='lat' dir='ltr'><strong>populis</strong></span> <span class='ocrx_word' id='word_1_697' title='bbox 951 5185 1248 5241; x_wconf 88' lang='lat' dir='ltr'><strong>remotum,</strong></span> <span class='ocrx_word' id='word_1_698' title='bbox 1284 5174 1591 5229; x_wconf 69' lang='lat' dir='ltr'><strong>‘Carthusia</strong></span> 
     </span>
    </p>
   </div>
   <div class='ocr_carea' id='block_1_98' title="bbox 109 5264 1590 5337">
    <p class='ocr_par' dir='ltr' id='par_1_98' title="bbox 109 5264 1590 5337">
     <span class='ocr_line' id='line_1_98' title="bbox 109 5264 1590 5337; baseline 0.001 -21"><span class='ocrx_word' id='word_1_699' title='bbox 109 5266 419 5333; x_wconf 56' lang='lat' dir='ltr'><strong>B“tenuatum,</strong></span> <span class='ocrx_word' id='word_1_700' title='bbox 447 5277 823 5337; x_wconf 86' lang='lat' dir='ltr'><strong>steteruntque</strong></span> <span class='ocrx_word' id='word_1_701' title='bbox 849 5268 942 5322; x_wconf 91' lang='lat' dir='ltr'><strong>ibi.</strong></span> <span class='ocrx_word' id='word_1_702' title='bbox 981 5288 1001 5320; x_wconf 76' lang='grc' dir='ltr'>ι</span> <span class='ocrx_word' id='word_1_703' title='bbox 1053 5266 1324 5321; x_wconf 84' lang='lat' dir='ltr'><strong>Hactenus</strong></span> <span class='ocrx_word' id='word_1_704' title='bbox 1361 5264 1590 5318; x_wconf 69' lang='lat' dir='ltr'><strong>laudatae</strong></span> 
     </span>
    </p>
   </div>
   <div class='ocr_carea' id='block_1_99' title="bbox 110 5344 1590 5423">
    <p class='ocr_par' dir='ltr' id='par_1_99' title="bbox 110 5344 1590 5423">
     <span class='ocr_line' id='line_1_99' title="bbox 110 5344 1590 5423; baseline 0.012 -28"><span class='ocrx_word' id='word_1_705' title='bbox 110 5344 246 5405; x_wconf 79' lang='lat' dir='ltr'><strong>ordinis</strong></span> <span class='ocrx_word' id='word_1_706' title='bbox 281 5352 665 5413; x_wconf 83' lang='lat' dir='ltr'><strong>Carthusiensis</strong></span> <span class='ocrx_word' id='word_1_707' title='bbox 708 5357 960 5412; x_wconf 69' lang='lat' dir='ltr'><strong>Historia:</strong></span> <span class='ocrx_word' id='word_1_708' title='bbox 999 5367 1225 5419; x_wconf 89' lang='lat' dir='ltr'><strong>auctor;</strong></span> <span class='ocrx_word' id='word_1_709' title='bbox 1283 5354 1406 5423; x_wconf 86' lang='lat' dir='ltr'><strong>qui,</strong></span> <span class='ocrx_word' id='word_1_710' title='bbox 1467 5368 1590 5406; x_wconf 82' lang='lat' dir='ltr'><strong>cum</strong></span> 
     </span>
    </p>
   </div>
   <div class='ocr_carea' id='block_1_100' title="bbox 111 5446 1591 5522">
    <p class='ocr_par' dir='ltr' id='par_1_100' title="bbox 111 5446 1591 5522">
     <span class='ocr_line' id='line_1_100' title="bbox 111 5446 1591 5522; baseline 0.002 -23"><span class='ocrx_word' id='word_1_711' title='bbox 111 5446 726 5518; x_wconf 43' lang='lat' dir='ltr'><strong>Mremnarrationem,</strong></span> <span class='ocrx_word' id='word_1_712' title='bbox 776 5468 923 5506; x_wconf 89' lang='lat' dir='ltr'><strong>num.</strong></span> <span class='ocrx_word' id='word_1_713' title='bbox 956 5452 1186 5522; x_wconf 66' lang='lat' dir='ltr'><strong>praeced.</strong></span> <span class='ocrx_word' id='word_1_714' title='bbox 1227 5451 1369 5504; x_wconf 87' lang='lat' dir='ltr'><strong>hunc</strong></span> <span class='ocrx_word' id='word_1_715' title='bbox 1409 5459 1591 5503; x_wconf 56' lang='lat' dir='ltr'><strong>transv</strong></span> 
     </span>
    </p>
   </div>
   <div class='ocr_carea' id='block_1_101' title="bbox 111 5523 1590 5610">
    <p class='ocr_par' dir='ltr' id='par_1_101' title="bbox 111 5523 1590 5610">
     <span class='ocr_line' id='line_1_101' title="bbox 111 5523 1590 5610; baseline 0.001 -19"><span class='ocrx_word' id='word_1_716' title='bbox 111 5523 293 5610; x_wconf 49' lang='lat' dir='ltr'><strong>“litium,</strong></span> <span class='ocrx_word' id='word_1_717' title='bbox 319 5537 564 5609; x_wconf 86' lang='lat' dir='ltr'><strong>daturus,</strong></span> <span class='ocrx_word' id='word_1_718' title='bbox 599 5541 730 5609; x_wconf 89' lang='lat' dir='ltr'><strong>ipsis</strong></span> <span class='ocrx_word' id='word_1_719' title='bbox 764 5555 885 5596; x_wconf 87' lang='lat' dir='ltr'><strong>sese</strong></span> <span class='ocrx_word' id='word_1_720' title='bbox 938 5542 988 5596; x_wconf 88' lang='lat' dir='ltr'><strong>id</strong></span> <span class='ocrx_word' id='word_1_721' title='bbox 1022 5540 1317 5610; x_wconf 87' lang='lat' dir='ltr'><strong>primorum</strong></span> <span class='ocrx_word' id='word_1_722' title='bbox 1353 5539 1590 5607; x_wconf 83' lang='lat' dir='ltr'><strong>quinque</strong></span> 
     </span>
    </p>
   </div>
   <div class='ocr_carea' id='block_1_102' title="bbox 115 5608 1585 5696">
    <p class='ocr_par' dir='ltr' id='par_1_102' title="bbox 115 5608 1585 5696">
     <span class='ocr_line' id='line_1_102' title="bbox 115 5608 1585 5696; baseline 0.007 -24"><span class='ocrx_word' id='word_1_723' title='bbox 115 5608 331 5677; x_wconf 56' lang='lat' dir='ltr'><strong>utiliusne</strong></span> <span class='ocrx_word' id='word_1_724' title='bbox 342 5630 570 5696; x_wconf 85' lang='lat' dir='ltr'><strong>priorum</strong></span> <span class='ocrx_word' id='word_1_725' title='bbox 585 5608 836 5687; x_wconf 12' lang='lat' dir='ltr'><strong>Cibronici</strong></span> <span class='ocrx_word' id='word_1_726' title='bbox 854 5608 1033 5687; x_wconf 82' lang='lat' dir='ltr'><strong>verbis</strong></span> <span class='ocrx_word' id='word_1_727' title='bbox 1048 5631 1312 5685; x_wconf 90' lang='lat' dir='ltr'><strong>facturum</strong></span> <span class='ocrx_word' id='word_1_728' title='bbox 1333 5630 1585 5695; x_wconf 86' lang='lat' dir='ltr'><strong>insinuet,</strong></span> 
     </span>
    </p>
   </div>
   <div class='ocr_carea' id='block_1_103' title="bbox 116 5710 1588 5792">
    <p class='ocr_par' dir='ltr' id='par_1_103' title="bbox 116 5710 1588 5792">
     <span class='ocr_line' id='line_1_103' title="bbox 116 5710 1588 5792; baseline 0.003 -26"><span class='ocrx_word' id='word_1_729' title='bbox 116 5710 401 5772; x_wconf 53' lang='lat' dir='ltr'><strong>immanibus</strong></span> <span class='ocrx_word' id='word_1_730' title='bbox 425 5720 670 5777; x_wconf 88' lang='lat' dir='ltr'><strong>habuisse</strong></span> <span class='ocrx_word' id='word_1_731' title='bbox 694 5723 904 5777; x_wconf 85' lang='lat' dir='ltr'><strong>videtur</strong></span> <span class='ocrx_word' id='word_1_732' title='bbox 930 5721 1170 5792; x_wconf 77' lang='lat' dir='ltr'><strong>opusculi</strong></span> <span class='ocrx_word' id='word_1_733' title='bbox 1209 5719 1366 5789; x_wconf 80' lang='lat' dir='ltr'><strong>hujus</strong></span> <span class='ocrx_word' id='word_1_734' title='bbox 1406 5735 1588 5774; x_wconf 76' lang='lat' dir='ltr'><strong>cxcni-</strong></span> 
     </span>
    </p>
   </div>
   <div class='ocr_carea' id='block_1_104' title="bbox 1696 4533 3273 4614">
    <p class='ocr_par' dir='ltr' id='par_1_104' title="bbox 1696 4533 3273 4614">
     <span class='ocr_line' id='line_1_104' title="bbox 1696 4533 3273 4614; baseline 0.006 -26"><span class='ocrx_word' id='word_1_735' title='bbox 1696 4533 1865 4601; x_wconf 79' lang='lat' dir='ltr'><strong>llujus</strong></span> <span class='ocrx_word' id='word_1_736' title='bbox 1890 4537 1962 4589; x_wconf 89' lang='lat' dir='ltr'><strong>rei</strong></span> <span class='ocrx_word' id='word_1_737' title='bbox 1991 4539 2236 4591; x_wconf 88' lang='lat' dir='ltr'><strong>meminit</strong></span> <span class='ocrx_word' id='word_1_738' title='bbox 2260 4539 2342 4590; x_wconf 91' lang='lat' dir='ltr'><strong>vir</strong></span> <span class='ocrx_word' id='word_1_739' title='bbox 2359 4537 2678 4591; x_wconf 85' lang='lat' dir='ltr'><strong>venerabilis</strong></span> <span class='ocrx_word' id='word_1_740' title='bbox 2700 4538 2873 4608; x_wconf 81' lang='lat' dir='ltr'><strong>Guigo</strong></span> <span class='ocrx_word' id='word_1_741' title='bbox 2898 4541 2949 4595; x_wconf 90' lang='lat' dir='ltr'><strong>in</strong></span> <span class='ocrx_word' id='word_1_742' title='bbox 2984 4541 3098 4596; x_wconf 86' lang='lat' dir='ltr'><strong>Vita</strong></span> <span class='ocrx_word' id='word_1_743' title='bbox 3124 4544 3273 4614; x_wconf 79' lang='lat' dir='ltr'><strong>ejus-</strong></span> 
     </span>
    </p>
   </div>
   <div class='ocr_carea' id='block_1_105' title="bbox 1692 4625 3272 4701">
    <p class='ocr_par' dir='ltr' id='par_1_105' title="bbox 1692 4625 3272 4701">
     <span class='ocr_line' id='line_1_105' title="bbox 1692 4625 3272 4701; baseline 0.007 -23"><span class='ocrx_word' id='word_1_744' title='bbox 1692 4625 1812 4679; x_wconf 87' lang='lat' dir='ltr'><strong>dem</strong></span> <span class='ocrx_word' id='word_1_745' title='bbox 1842 4626 2011 4680; x_wconf 88' lang='lat' dir='ltr'><strong>sancti</strong></span> <span class='ocrx_word' id='word_1_746' title='bbox 2034 4625 2270 4695; x_wconf 86' lang='lat' dir='ltr'><strong>llugonis</strong></span> <span class='ocrx_word' id='word_1_747' title='bbox 2293 4628 2343 4681; x_wconf 91' lang='lat' dir='ltr'><strong>in</strong></span> <span class='ocrx_word' id='word_1_748' title='bbox 2378 4626 2488 4680; x_wconf 81' lang='lat' dir='ltr'><strong>haec</strong></span> <span class='ocrx_word' id='word_1_749' title='bbox 2518 4626 2678 4680; x_wconf 84' lang='lat' dir='ltr'><strong>verba</strong></span> <span class='ocrx_word' id='word_1_750' title='bbox 2701 4645 2713 4680; x_wconf 92' lang='lat'>:</span> <span class='ocrx_word' id='word_1_751' title='bbox 2736 4646 2755 4679; x_wconf 70' lang='grc' dir='ltr'><em>ς</em></span> <span class='ocrx_word' id='word_1_752' title='bbox 2786 4629 2974 4695; x_wconf 86' lang='lat' dir='ltr'><strong>Adest,</strong></span> <span class='ocrx_word' id='word_1_753' title='bbox 2998 4631 3272 4701; x_wconf 89' lang='lat' dir='ltr'><strong>inquiens,</strong></span> 
     </span>
    </p>
   </div>
   <div class='ocr_carea' id='block_1_106' title="bbox 1696 4714 3276 4788">
    <p class='ocr_par' dir='ltr' id='par_1_106' title="bbox 1696 4714 3276 4788">
     <span class='ocr_line' id='line_1_106' title="bbox 1696 4714 3276 4788; baseline 0.008 -23"><span class='ocrx_word' id='word_1_754' title='bbox 1696 4734 1714 4765; x_wconf 82' lang='grc'><strong><em>‹</em></strong></span> <span class='ocrx_word' id='word_1_755' title='bbox 1761 4716 2018 4786; x_wconf 84' lang='lat' dir='ltr'><strong>magister</strong></span> <span class='ocrx_word' id='word_1_756' title='bbox 2038 4714 2233 4777; x_wconf 83' lang='lat' dir='ltr'><strong>Bruno,</strong></span> <span class='ocrx_word' id='word_1_757' title='bbox 2254 4716 2336 4769; x_wconf 89' lang='lat' dir='ltr'><strong>vir</strong></span> <span class='ocrx_word' id='word_1_758' title='bbox 2353 4716 2638 4787; x_wconf 80' lang='lat' dir='ltr'><strong>religiosus</strong></span> <span class='ocrx_word' id='word_1_759' title='bbox 2656 4716 2992 4787; x_wconf 90' lang='lat' dir='ltr'><strong>scientiaque</strong></span> <span class='ocrx_word' id='word_1_760' title='bbox 3010 4718 3276 4788; x_wconf 86' lang='lat' dir='ltr'><strong>famosus,</strong></span> 
     </span>
    </p>
   </div>
   <div class='ocr_carea' id='block_1_107' title="bbox 1697 4808 3270 4880">
    <p class='ocr_par' dir='ltr' id='par_1_107' title="bbox 1697 4808 3270 4880">
     <span class='ocr_line' id='line_1_107' title="bbox 1697 4808 3270 4880; baseline 0.007 -23"><span class='ocrx_word' id='word_1_761' title='bbox 1697 4825 1716 4857; x_wconf 73' lang='grc' dir='ltr'>ι</span> <span class='ocrx_word' id='word_1_762' title='bbox 1765 4808 2066 4861; x_wconf 88' lang='lat' dir='ltr'><strong>honestatis</strong></span> <span class='ocrx_word' id='word_1_763' title='bbox 2088 4818 2141 4861; x_wconf 93' lang='lat' dir='ltr'><strong>et</strong></span> <span class='ocrx_word' id='word_1_764' title='bbox 2161 4808 2439 4876; x_wconf 84' lang='lat' dir='ltr'><strong>gravitatis</strong></span> <span class='ocrx_word' id='word_1_765' title='bbox 2471 4822 2534 4862; x_wconf 87' lang='lat' dir='ltr'><strong>ac</strong></span> <span class='ocrx_word' id='word_1_766' title='bbox 2569 4808 2733 4862; x_wconf 90' lang='lat' dir='ltr'><strong>totius</strong></span> <span class='ocrx_word' id='word_1_767' title='bbox 2765 4809 3092 4865; x_wconf 88' lang='lat' dir='ltr'><strong>maturitatis</strong></span> <span class='ocrx_word' id='word_1_768' title='bbox 3119 4814 3270 4880; x_wconf 83' lang='lat' dir='ltr'><strong>quasi</strong></span> 
     </span>
    </p>
   </div>
   <div class='ocr_carea' id='block_1_108' title="bbox 1699 4895 3275 4967">
    <p class='ocr_par' dir='ltr' id='par_1_108' title="bbox 1699 4895 3275 4967">
     <span class='ocr_line' id='line_1_108' title="bbox 1699 4895 3275 4967; baseline 0.006 -20"><span class='ocrx_word' id='word_1_769' title='bbox 1699 4915 1717 4947; x_wconf 74' lang='grc' dir='ltr'><strong><em>ι</em></strong></span> <span class='ocrx_word' id='word_1_770' title='bbox 1763 4897 2031 4967; x_wconf 79' lang='lat' dir='ltr'><strong>quoddam</strong></span> <span class='ocrx_word' id='word_1_771' title='bbox 2075 4896 2447 4950; x_wconf 89' lang='lat' dir='ltr'><strong>simulacrum.</strong></span> <span class='ocrx_word' id='word_1_772' title='bbox 2478 4895 2726 4952; x_wconf 84' lang='lat' dir='ltr'><strong>Habebat</strong></span> <span class='ocrx_word' id='word_1_773' title='bbox 2763 4908 2943 4953; x_wconf 88' lang='lat' dir='ltr'><strong>autem</strong></span> <span class='ocrx_word' id='word_1_774' title='bbox 2981 4900 3159 4955; x_wconf 87' lang='lat' dir='ltr'><strong>socios</strong></span> <span class='ocrx_word' id='word_1_775' title='bbox 3186 4916 3275 4956; x_wconf 81' lang='lat' dir='ltr'><strong>su-</strong></span> 
     </span>
    </p>
   </div>
   <div class='ocr_carea' id='block_1_109' title="bbox 1697 4986 3273 5058">
    <p class='ocr_par' dir='ltr' id='par_1_109' title="bbox 1697 4986 3273 5058">
     <span class='ocr_line' id='line_1_109' title="bbox 1697 4986 3273 5058; baseline 0.003 -18"><span class='ocrx_word' id='word_1_776' title='bbox 1697 5008 1719 5039; x_wconf 72' lang='grc' dir='ltr'><strong>ε</strong></span> <span class='ocrx_word' id='word_1_777' title='bbox 1765 5002 1863 5058; x_wconf 84' lang='lat' dir='ltr'><strong>pra</strong></span> <span class='ocrx_word' id='word_1_778' title='bbox 1888 4986 2213 5040; x_wconf 83' lang='lat' dir='ltr'><strong>nominatos.</strong></span> <span class='ocrx_word' id='word_1_779' title='bbox 2249 5003 2269 5037; x_wconf 74' lang='grc' dir='ltr'><strong>ι</strong></span> <span class='ocrx_word' id='word_1_780' title='bbox 2310 4986 2634 5054; x_wconf 68' lang='lat' dir='ltr'><strong>Quaerebam</strong></span> <span class='ocrx_word' id='word_1_781' title='bbox 2683 5003 2831 5043; x_wconf 89' lang='lat' dir='ltr'><strong>vero-</strong></span> <span class='ocrx_word' id='word_1_782' title='bbox 2858 4988 3035 5043; x_wconf 89' lang='lat' dir='ltr'><strong>locum</strong></span> <span class='ocrx_word' id='word_1_783' title='bbox 3075 4993 3273 5045; x_wconf 84' lang='lat' dir='ltr'><strong>eremi-</strong></span> 
     </span>
    </p>
   </div>
   <div class='ocr_carea' id='block_1_110' title="bbox 1696 5076 3272 5148">
    <p class='ocr_par' dir='ltr' id='par_1_110' title="bbox 1696 5076 3272 5148">
     <span class='ocr_line' id='line_1_110' title="bbox 1696 5076 3272 5148; baseline 0.001 -16"><span class='ocrx_word' id='word_1_784' title='bbox 1696 5078 1815 5132; x_wconf 78' lang='lat' dir='ltr'><strong>tica:</strong></span> <span class='ocrx_word' id='word_1_785' title='bbox 1851 5076 1972 5130; x_wconf 74' lang='lat' dir='ltr'><strong>vitae</strong></span> <span class='ocrx_word' id='word_1_786' title='bbox 2017 5090 2339 5146; x_wconf 85' lang='lat' dir='ltr'><strong>congruum,</strong></span> <span class='ocrx_word' id='word_1_787' title='bbox 2379 5078 2721 5148; x_wconf 87' lang='lat' dir='ltr'><strong>necdumque</strong></span> <span class='ocrx_word' id='word_1_788' title='bbox 2767 5089 3100 5147; x_wconf 83' lang='lat' dir='ltr'><strong>rcpererant.</strong></span> <span class='ocrx_word' id='word_1_789' title='bbox 3139 5079 3272 5134; x_wconf 86' lang='lat' dir='ltr'><strong>Cum</strong></span> 
     </span>
    </p>
   </div>
   <div class='ocr_carea' id='block_1_111' title="bbox 1691 5167 3274 5243">
    <p class='ocr_par' dir='ltr' id='par_1_111' title="bbox 1691 5167 3274 5243">
     <span class='ocr_line' id='line_1_111' title="bbox 1691 5167 3274 5243; baseline 0.002 -21"><span class='ocrx_word' id='word_1_790' title='bbox 1691 5181 1821 5237; x_wconf 83' lang='lat' dir='ltr'><strong>ergo</strong></span> <span class='ocrx_word' id='word_1_791' title='bbox 1872 5168 2188 5223; x_wconf 85' lang='lat' dir='ltr'><strong>nunciatum</strong></span> <span class='ocrx_word' id='word_1_792' title='bbox 2240 5169 2493 5238; x_wconf 80' lang='lat' dir='ltr'><strong>cpiscopo</strong></span> <span class='ocrx_word' id='word_1_793' title='bbox 2549 5167 2762 5235; x_wconf 84' lang='lat' dir='ltr'><strong>fuisset,</strong></span> <span class='ocrx_word' id='word_1_794' title='bbox 2805 5170 2953 5243; x_wconf 80' lang='lat' dir='ltr'><strong>viros</strong></span> <span class='ocrx_word' id='word_1_795' title='bbox 3018 5169 3274 5240; x_wconf 67' lang='lat' dir='ltr'><strong>praefatos</strong></span> 
     </span>
    </p>
   </div>
   <div class='ocr_carea' id='block_1_112' title="bbox 1692 5255 3272 5328">
    <p class='ocr_par' dir='ltr' id='par_1_112' title="bbox 1692 5255 3272 5328">
     <span class='ocr_line' id='line_1_112' title="bbox 1692 5255 3272 5328; baseline -0.002 -18"><span class='ocrx_word' id='word_1_796' title='bbox 1692 5255 1861 5325; x_wconf 89' lang='lat' dir='ltr'><strong>ipsius</strong></span> <span class='ocrx_word' id='word_1_797' title='bbox 1903 5256 2235 5325; x_wconf 86' lang='lat' dir='ltr'><strong>postulantes</strong></span> <span class='ocrx_word' id='word_1_798' title='bbox 2283 5257 2608 5328; x_wconf 89' lang='lat' dir='ltr'><strong>colloquium</strong></span> <span class='ocrx_word' id='word_1_799' title='bbox 2636 5273 2749 5327; x_wconf 77' lang='lat' dir='ltr'><strong>prae</strong></span> <span class='ocrx_word' id='word_1_800' title='bbox 2794 5257 3002 5312; x_wconf 89' lang='lat' dir='ltr'><strong>foribus</strong></span> <span class='ocrx_word' id='word_1_801' title='bbox 3043 5269 3272 5327; x_wconf 59' lang='lat' dir='ltr'><strong>praesuta</strong></span> 
     </span>
    </p>
   </div>
   <div class='ocr_carea' id='block_1_113' title="bbox 1693 5346 3271 5421">
    <p class='ocr_par' dir='ltr' id='par_1_113' title="bbox 1693 5346 3271 5421">
     <span class='ocr_line' id='line_1_113' title="bbox 1693 5346 3271 5421; baseline 0.003 -21"><span class='ocrx_word' id='word_1_802' title='bbox 1693 5347 1813 5413; x_wconf 89' lang='lat' dir='ltr'><strong>lari,</strong></span> <span class='ocrx_word' id='word_1_803' title='bbox 1841 5346 2551 5413; x_wconf 73' lang='lat' dir='ltr'><strong>confestimeosintroduci</strong></span> <span class='ocrx_word' id='word_1_804' title='bbox 2570 5348 2743 5418; x_wconf 81' lang='lat' dir='ltr'><strong>jubet.</strong></span> <span class='ocrx_word' id='word_1_805' title='bbox 2776 5349 2983 5418; x_wconf 84' lang='lat' dir='ltr'><strong>Quibus</strong></span> <span class='ocrx_word' id='word_1_806' title='bbox 3014 5350 3271 5421; x_wconf 79' lang='lat' dir='ltr'><strong>ingressis</strong></span> 
     </span>
    </p>
   </div>
   <div class='ocr_carea' id='block_1_114' title="bbox 1689 5443 3311 5516">
    <p class='ocr_par' dir='ltr' id='par_1_114' title="bbox 1689 5443 3311 5516">
     <span class='ocr_line' id='line_1_114' title="bbox 1689 5443 3311 5516; baseline 0.005 -19"><span class='ocrx_word' id='word_1_807' title='bbox 1689 5452 1746 5497; x_wconf 89' lang='lat' dir='ltr'><strong>et</strong></span> <span class='ocrx_word' id='word_1_808' title='bbox 1771 5444 1838 5498; x_wconf 90' lang='lat' dir='ltr'><strong>ad</strong></span> <span class='ocrx_word' id='word_1_809' title='bbox 1877 5446 2038 5513; x_wconf 88' lang='lat' dir='ltr'><strong>pedes</strong></span> <span class='ocrx_word' id='word_1_810' title='bbox 2060 5443 2176 5511; x_wconf 89' lang='lat' dir='ltr'><strong>ejus</strong></span> <span class='ocrx_word' id='word_1_811' title='bbox 2206 5444 2481 5500; x_wconf 90' lang='lat' dir='ltr'><strong>humiliter</strong></span> <span class='ocrx_word' id='word_1_812' title='bbox 2508 5447 2799 5516; x_wconf 86' lang='lat' dir='ltr'><strong>prostratis</strong></span> <span class='ocrx_word' id='word_1_813' title='bbox 2823 5455 3061 5516; x_wconf 83' lang='lat' dir='ltr'><strong>optatam</strong></span> <span class='ocrx_word' id='word_1_814' title='bbox 3103 5444 3271 5516; x_wconf 82' lang='lat' dir='ltr'><strong>largi-</strong></span> <span class='ocrx_word' id='word_1_815' title='bbox 3308 5502 3311 5505; x_wconf 37' lang='grc' dir='ltr'><strong><em>λ</em></strong></span> 
     </span>
    </p>
   </div>
   <div class='ocr_carea' id='block_1_115' title="bbox 1691 5533 3277 5603">
    <p class='ocr_par' dir='ltr' id='par_1_115' title="bbox 1691 5533 3277 5603">
     <span class='ocr_line' id='line_1_115' title="bbox 1691 5533 3277 5603; baseline 0.001 -14"><span class='ocrx_word' id='word_1_816' title='bbox 1691 5544 1777 5589; x_wconf 89' lang='lat' dir='ltr'><strong>tus</strong></span> <span class='ocrx_word' id='word_1_817' title='bbox 1826 5545 1909 5590; x_wconf 89' lang='lat' dir='ltr'><strong>est</strong></span> <span class='ocrx_word' id='word_1_818' title='bbox 1958 5536 2410 5591; x_wconf 75' lang='lat' dir='ltr'><strong>benedictionem.</strong></span> <span class='ocrx_word' id='word_1_819' title='bbox 2459 5535 2595 5592; x_wconf 86' lang='lat' dir='ltr'><strong>Cum</strong></span> <span class='ocrx_word' id='word_1_820' title='bbox 2639 5552 2772 5590; x_wconf 84' lang='lat' dir='ltr'><strong>vero</strong></span> <span class='ocrx_word' id='word_1_821' title='bbox 2810 5534 3001 5588; x_wconf 85' lang='lat' dir='ltr'><strong>elevati</strong></span> <span class='ocrx_word' id='word_1_822' title='bbox 3041 5533 3112 5588; x_wconf 87' lang='lat' dir='ltr'><strong>ab</strong></span> <span class='ocrx_word' id='word_1_823' title='bbox 3154 5534 3277 5603; x_wconf 88' lang='lat' dir='ltr'><strong>ipso</strong></span> 
     </span>
    </p>
   </div>
   <div class='ocr_carea' id='block_1_116' title="bbox 1690 5623 3275 5695">
    <p class='ocr_par' dir='ltr' id='par_1_116' title="bbox 1690 5623 3275 5695">
     <span class='ocr_line' id='line_1_116' title="bbox 1690 5623 3275 5695; baseline -0.002 -13"><span class='ocrx_word' id='word_1_824' title='bbox 1690 5642 1873 5682; x_wconf 89' lang='lat' dir='ltr'><strong>secum</strong></span> <span class='ocrx_word' id='word_1_825' title='bbox 1903 5628 2109 5695; x_wconf 83' lang='lat' dir='ltr'><strong>pariter</strong></span> <span class='ocrx_word' id='word_1_826' title='bbox 2138 5626 2531 5692; x_wconf 87' lang='lat' dir='ltr'><strong>consedissent,</strong></span> <span class='ocrx_word' id='word_1_827' title='bbox 2570 5638 2791 5679; x_wconf 86' lang='lat' dir='ltr'><strong>causam</strong></span> <span class='ocrx_word' id='word_1_828' title='bbox 2833 5624 3093 5679; x_wconf 84' lang='lat' dir='ltr'><strong>adventus</strong></span> <span class='ocrx_word' id='word_1_829' title='bbox 3128 5623 3275 5695; x_wconf 78' lang='lat' dir='ltr'><strong>ipso-</strong></span> 
     </span>
    </p>
   </div>
   <div class='ocr_carea' id='block_1_117' title="bbox 1693 5712 3268 5787">
    <p class='ocr_par' dir='ltr' id='par_1_117' title="bbox 1693 5712 3268 5787">
     <span class='ocr_line' id='line_1_117' title="bbox 1693 5712 3268 5787; baseline -0.003 -16"><span class='ocrx_word' id='word_1_830' title='bbox 1693 5732 1809 5773; x_wconf 88' lang='lat' dir='ltr'><strong>rum</strong></span> <span class='ocrx_word' id='word_1_831' title='bbox 1857 5715 2142 5787; x_wconf 80' lang='lat' dir='ltr'><strong>diligenter</strong></span> <span class='ocrx_word' id='word_1_832' title='bbox 2176 5716 2483 5770; x_wconf 77' lang='lat' dir='ltr'><strong>sciscitatus</strong></span> <span class='ocrx_word' id='word_1_833' title='bbox 2512 5723 2612 5769; x_wconf 88' lang='lat' dir='ltr'><strong>cst.</strong></span> <span class='ocrx_word' id='word_1_834' title='bbox 2657 5712 2906 5766; x_wconf 84' lang='lat' dir='ltr'><strong>Brunone</strong></span> <span class='ocrx_word' id='word_1_835' title='bbox 2934 5720 3112 5767; x_wconf 84' lang='lat' dir='ltr'><strong>autem</strong></span> <span class='ocrx_word' id='word_1_836' title='bbox 3138 5727 3268 5783; x_wconf 88' lang='lat' dir='ltr'><strong>pro-</strong></span> 
     </span>
    </p>
   </div>
  </div>
