3814 6306
509 250 618 306 959

1305 238 2434 302 'SfliR'US‘ONISCAltTllUSlANORUM
2474 244 2956 304 lNSTlTUTOBlS

3649 254 3737 312 260

507 371 769 436 sequente
815 377 902 426 ea,
933 377 1052 430 qum
1101 361 1341 416 Parisinus
1388 363 1441 416 in
1473 361 1804 416 clamoribus
1846 360 2085 428 prmdicti
2117 367 2162 419 Α
2189 342 2630 430 ingrederentur,
2691 359 2900 430 linguai
2953 359 3122 414 fuerit
3173 361 3396 428 oblata,
3448 363 3740 437 dubiumque

513 455 750 511 doctoris
807 461 925 506 acta
985 452 1220 514 fuerant,
1253 466 1350 506 nec
1403 467 1512 505 nou
1571 451 2089 505 ennlmtlerationcm

515 557 755 604 mutuam
793 543 843 597 in
876 544 1152 611 proposito
1178 542 1430 596 solitaria:
1463 543 1609 604 vitae,
1637 541 1894 594 auxilium
1929 542 2092 594 etiam

515 637 580 692 ad
610 635 988 690 inveniendmn
1022 634 1194 688 locum
1224 643 1408 704 aptum
1439 634 1774 703 poenitentiae
1803 633 2088 700 rogitante,

511 727 798 795 episc0pus
840 739 950 794 pra:
991 724 1228 776 novitate
1275 723 1348 775 rei
1383 723 1616 791 primum
1666 719 1982 787 obstupuit,
2025 719 2092 774 ad

515 819 754 886 ipsorum
789 825 962 870 tamen
1005 813 1438 872 conversionem,
1483 811 1647 864 animi
1701 811 2092 872 stabilitatem,

516 909 671 964 ardui
701 906 979 977 propositi,
1025 905 1271 974 pluribus
1303 903 1566 972 profuturi
1609 903 1820 971 sibique
1865 912 2096 957 ostensa:

513 1000 708 1054 visioni
737 997 1068 1052 accommodi
1093 996 1377 1050 utilitatem
1407 994 1594 1050 oculos
1623 995 1936 1058 deﬂectens,
1983 1008 2099 1046 am-

518 1089 751 1158 plexans
781 1089 924 1140 viros
970 1103 1094 1140 cum
1141 1086 1341 1156 ingenti
1380 1084 1573 1160 gaudio
1623 1100 1728 1138 non
1767 1085 1940 1138 solum
1977 1098 2100 1153 gra-

521 1187 722 1242 tanter,
750 1192 936 1230 verum
973 1177 1134 1229 etiam
1174 1184 1485 1229 reverenter
1504 1175 1759 1244 suscepit,
1791 1185 1845 1226 et
1871 1173 2099 1243 benigne

522 1268 794 1321 tractavit.
841 1266 1008 1320 Facto
1049 1279 1264 1335 quoque
1308 1265 1361 1316 in
1413 1279 1472 1317 se
1503 1265 1706 1333 Spiritu
1742 1263 1974 1327 Domini,
2014 1264 2098 1315 in-

520 1358 730 1414 tellexit
761 1358 1018 1412 visionem
1066 1357 1256 1424 eisque
1301 1370 1398 1423 per
1444 1355 1690 1408 ordinem
1736 1364 1950 1418 cuncta,
1983 1367 2101 1421 quae

522 1450 752 1513 viderat,
784 1448 1086 1514 enarravit,
1117 1457 1172 1501 et
1204 1447 1400 1510 locum,
1437 1462 1598 1516 quem
1632 1447 1964 1514 quaerebant,
1989 1445 2100 1515 jam

521 1543 621 1597 sibi
648 1543 908 1596 divinitus
949 1541 1244 1595 revelatum
1273 1540 1526 1593 asseruit.

591 1633 716 1688 427.
747 1653 765 1685 ‹
801 1633 1016 1703 Septem
1049 1632 1247 1702 quippe
1274 1633 1444 1696 viros,
1488 1639 1696 1685 terrena
1723 1629 2102 1699 despicientes,

524 1723 735 1776 deserta
771 1732 1077 1791 quaerentes
1141 1730 1195 1775 et
1237 1736 1336 1790 per
1382 1719 1707 1775 desiderium
1755 1729 2102 1784 aeternorum,

521 1813 671 1868 velut
723 1823 868 1868 astra
920 1813 1215 1876 micantes,
1271 1821 1477 1882 septem
1542 1811 1817 1865 stellarum
1879 1824 2103 1864 numero

521 1904 797 1974 designari
842 1918 948 1957 non
987 1901 1272 1956 lit-esitavit.
1311 1918 1330 1952 ι
1363 1900 1633 1954 Hactenus
1672 1899 2102 1962 Blomenvenna,

526 2001 585 2056 S.
641 1999 886 2070 liugoni,
939 1996 1440 2064 Gratianopolitano
1501 1995 1793 2064 episcopo,
1841 1992 2104 2047 visionem

525 2109 634 2150 non
674 2101 800 2146 tunc
837 2091 1071 2160 primum
1100 2127 1116 2154 ,
1170 2086 1426 2157 cumjam
1471 2085 1653 2140 Bruno
1702 2083 1923 2152 ejusque
1973 2081 2104 2136 socii

528 2185 717 2238 urbem
760 2179 1315 2249 Gratianopolitanam
1369 2176 1826 2246 ingrederentur,
1871 2171 1964 2227 sed
2008 2169 2108 2224 ali—

529 2275 746 2344 quando
772 2273 955 2336 citius,
1000 2285 1122 2324 cum
1153 2269 1362 2324 scilicet
1407 2268 1459 2322 in
1504 2267 1697 2320 itinere
1725 2278 1916 2325 versus
1966 2264 2110 2318 hanc

529 2365 708 2420 adhuc
749 2371 1118 2425 versarentur,
1155 2359 1325 2413 fuisse
1369 2357 1626 2420 oblatam,
1665 2354 1942 2408 memoria:
1987 2367 2111 2421 pro-

531 2458 688 2522 deus,
713 2465 771 2509 ιιι
817 2454 927 2524 jam
977 2453 1181 2507 monui.
1213 2451 1283 2506 Et
1331 2463 1460 2505 vero
1504 2448 1766 2501 visionem
1835 2445 1981 2499 illatn
2029 2443 2112 2498 vel

528 2557 662 2603 tunc
705 2545 788 2600 vel
827 2554 994 2607 certe,
1027 2553 1084 2596 ut
1137 2541 1408 2594 Puteanus
1449 2556 1516 2592 ex
1560 2536 1672 2604 jam
1719 2537 1876 2589 dictis
1927 2533 2110 2599 tradit,

533 2648 692 2697 nocte
726 2639 840 2703 illa,
869 2652 990 2708 qua:
1026 2633 1198 2690 sancti
1228 2631 1449 2708 ejusque
1495 2631 1765 2685 sociorum
1811 2628 1862 2680 in
1887 2639 2114 2695 praeme-

533 2739 890 2790 tnemoratam
941 2727 1128 2782 urbem
1183 2724 1476 2778 adventum
1529 2719 1774 2788 proxime
1819 2729 2114 2786 praegressa

531 2835 637 2890 est,
671 2840 778 2880 non
819 2829 1000 2877 autem
1056 2827 1184 2872 tunc
1224 2814 1483 2884 primum,
1513 2826 1636 2867 cum
1690 2807 2114 2877 Gratianopolim

534 2919 609 2973 illi
632 2918 744 2988 jam
767 2915 1196 2987 ingrederentur,
1237 2905 1482 2960 evenisse
1511 2901 1974 2957 verosm'tillintum
2010 2906 2112 2963 est,

537 3021 650 3068 tum
694 3010 835 3080 quod
885 3023 951 3062 ex
995 3004 1156 3060 dictis
1205 3012 1328 3056 cum
1381 2995 1643 3066 Guigonis
1693 2992 2008 3047 narratione
2063 2989 2115 3044 id

537 3118 710 3174 magis
747 3106 1040 3170 congruat,
1091 3105 1202 3152 tum
1247 3092 1391 3164 quod
1437 3089 1578 3145 visio
1619 3085 1743 3158 illa,
1789 3092 1976 3154 utpote
2020 3097 2118 3152 per

537 3197 807 3253 somnium
860 3189 1068 3259 lingoni
1097 3187 1300 3248 oblata,
1344 3194 1500 3238 nocte
1529 3177 1936 3236 verosimillime
1977 3175 2118 3228 acci-

538 3289 716 3351 derit,
767 3291 1093 3349 sanctusque
1143 3291 1209 3330 ac
1257 3273 1374 3341 ejus
1419 3272 1576 3335 socii,
1617 3287 1722 3326 non
1770 3266 1970 3330 noctis,
2023 3265 2120 3319 sed

540 3377 646 3432 diei
679 3383 942 3441 tempore,
973 3363 1403 3432 Gratianopolim
1439 3359 1845 3414 verosimdlime
1893 3355 2003 3409 sint
2042 3355 2122 3408 in-

542 3464 734 3534 gressi.
776 3461 894 3516 Alia
947 3458 1136 3518 modo,
1177 3468 1298 3522 qua:
1357 3451 1755 3505 Blomenvenna
1805 3449 2005 3518 aliique
2055 3449 2124 3503 de

546 3558 750 3612 visione
797 3549 1005 3622 Hugoni
1045 3546 1221 3602 ablata
1270 3551 1592 3604 memorant,
1642 3541 1805 3594 etiam
1861 3541 2114 3595 discutia-

547 3663 688 3704 mus.
719 3643 1027 3699 Sccundum
1078 3640 1220 3693 hunc
1266 3637 1589 3705 scriptorem
1638 3632 1789 3704 Hugo
1815 3634 2120 3704 episcopus,

547 3752 670 3792 eum
689 3735 798 3804 jam
829 3735 1009 3789 Bruno
1051 3727 1277 3796 ejusque
1329 3726 1462 3780 socii
1488 3723 1916 3794 Gratiatmpolim
1963 3728 2124 3778 adve-

548 3828 775 3890 nissent,
806 3838 1022 3894 prmque
1070 3818 1278 3873 foribus
1330 3815 1514 3885 palatii
1544 3815 1864 3884 episcopalis
1893 3823 2121 3878 starent,

547 3923 616 3977 de
641 3917 847 3972 visione
873 3913 974 3968 sibi
1003 3909 1262 3965 divinitus
1287 3907 1467 3962 oblata
1495 3909 1768 3976 cogitavit.
1795 3907 1936 3960 Idem
1959 3904 2124 3958 etiam

546 4009 824 4068 memoria:
867 4005 1045 4076 prodit
1100 4001 1420 4056 brevissima
1467 3999 1678 4054 ordinis
1725 3996 2127 4052 Carthusicnsis

549 4098 808 4164 Historia,
829 4112 861 4150 a
880 4095 1154 4149 Martcneo
1186 4099 1310 4144 tom.
1346 4087 1407 4142 Vl
1437 4086 1779 4156 amplissima:
1795 4084 2129 4141 collectionis

547 4211 613 4250 cx
663 4191 822 4248 dictis
871 4189 1112 4249 incerta,
1163 4183 1241 4237 uti
1289 4181 1454 4237 etiam
1496 4182 1548 4234 in
1595 4180 1768 4234 sancti
1807 4182 1974 4233 nostri
2008 4177 2129 4233 νήει

550 4302 700 4342 num.
739 4283 810 4338 29
862 4281 1152 4335 Puteanus.
1180 4275 1249 4330 Et
1286 4289 1438 4340 vero,
1485 4274 1532 4328 si
1577 4271 1662 4326 vel
1703 4280 1830 4327 tunc
1874 4272 2127 4340 primum,

553 4393 675 4432 cum
724 4375 903 4429 Bruno
949 4370 1175 4440 ejusque
1225 4365 1356 4421 socii
1409 4363 1832 4432 Gratianopolim
1886 4363 2134 4431 ingrede-

552 4477 762 4532 rentur,
803 4465 886 4520 vel
939 4471 1119 4526 nocte,
1163 4460 1290 4515 huic
1334 4473 1523 4514 eorum
1581 4457 1845 4526 ingressui
1889 4457 2133 4524 proxime

552 4559 778 4629 praevia,
827 4554 964 4608 visio
1006 4552 1097 4606 illa
1149 4549 1429 4615 acciderit,
1463 4546 1740 4618 Hugonem
1769 4561 1900 4602 sane
1951 4548 2019 4601 de
2068 4561 2132 4601 ea

557 4663 706 4712 tunc,
735 4661 856 4702 cum
881 4645 955 4698 illi
985 4644 1052 4697 ad
1096 4643 1316 4706 ostium,
1355 4641 1648 4710 alloquium
1690 4639 1809 4708 ejus
1864 4648 2130 4709 petentes,

555 4741 667 4810 iam
716 4737 1018 4798 adstarent,
1044 4731 1328 4803 cogitasse,
1377 4747 1507 4786 vero
1549 4731 1862 4801 neutiquam
1911 4739 2135 4800 apparet

559 4830 828 4892 absimile.

630 4919 756 4976 ηε.
787 4917 938 4972 Licet
961 4914 1127 4974 enim,
1146 4911 1421 4982 Hugonem
1442 4913 1774 4984 episcopum,
1798 4913 1924 4968 dum
1954 4913 2137 4969 Brimo

560 5015 785 5086 ejusque
828 5023 922 5064 sex
981 5006 1112 5062 socii
1148 5005 1197 5061 ei
1241 5005 1353 5075 jam
1402 5015 1698 5075 praesentes
1749 5015 2024 5070 astarent,
2073 5007 2138 5061 de

560 5105 772 5163 visione
805 5100 908 5156 sibi
954 5098 1134 5154 oblata
1185 5097 1476 5166 cogitasse,
1522 5095 1696 5167 Guigo
1747 5097 1927 5152 verbis
1975 5112 2136 5168 supra

562 5194 807 5254 recitatis
852 5193 1118 5247 duntaxat
1174 5189 1448 5252 insinuet,
1487 5187 1622 5241 nihil
1677 5200 1855 5242 tamen
1914 5187 2140 5257 impedit:

564 5305 673 5362 quo
709 5287 888 5342 minus
915 5292 969 5340 et
1017 5293 1144 5337 tunc
1175 5291 1232 5338 et
1275 5279 1436 5350 paulo
1486 5290 1634 5345 ante,
1680 5295 1803 5336 cum
1849 5281 2056 5336 scilicet
2086 5284 2137 5336 in

565 5379 803 5453 episcopi
847 5383 1194 5446 conspectum
1236 5373 1418 5427 Bruno
1453 5372 1677 5445 ejusque
1716 5374 1849 5429 socii
1904 5375 2140 5431 nondum

567 5472 797 5526 fuissent
834 5467 1072 5531 adducti,
1104 5468 1171 5522 de
1221 5466 1411 5522 eadem
1441 5467 1648 5522 visione
1681 5464 1832 5537 llugo
1871 5468 2139 5535 cogitarit.

568 5561 818 5614 Attamen
848 5572 970 5612 cum
998 5557 1112 5611 haec
1139 5570 1204 5610 cx
1242 5555 1400 5612 dictis
1429 5557 1830 5610 verosimillimc
1869 5572 1973 5611 non
2016 5568 2143 5614 tunc

571 5649 826 5721 primum,
881 5664 1002 5704 cum
1052 5648 1229 5703 Brinno
1276 5646 1498 5718 ejusque
1553 5647 1682 5704 socii
1719 5647 2141 5721 GratianOpnlim

2196 451 2377 505 itidem
2401 465 2464 503 ex
2494 451 2654 504 dictis
2677 452 2766 515 sit,
2805 461 3036 505 noctene
3068 452 3182 518 illa,
3227 467 3351 520 qua:
3377 455 3541 508 sancti
3588 457 3635 511 in
3675 476 3744 514 ur-

2195 539 2318 593 bem
2373 539 2932 620 GratianOpolitanam
2993 543 3310 609 ingressum
3360 544 3595 611 proxime
3633 563 3744 618 prae-

2194 632 2376 693 cessit,
2410 646 2477 684 an
2535 633 2812 700 aliquanto
2842 635 3002 688 citius
3043 636 3097 688 id
3139 635 3407 700 evenerit,
3443 651 3560 702 nec,
3581 639 3621 692 si
3665 656 3746 710 po-

2196 730 2456 775 stremum
2488 723 2589 777 hoc
2612 722 2788 778 locum
2818 725 3024 792 habuit,
3059 726 3170 779 ulla
3206 726 3348 782 ratio
3370 738 3628 796 suppetat,
3648 746 3745 800 qua:

2198 813 2472 883 Hugonem
2542 813 3106 885 Gratianopolitanum
3185 832 3537 888 episcopum,
3587 832 3748 876 sancto

2197 901 2312 968 ejus
2341 900 2633 971 alloquium
2665 905 2730 956 ad
2763 904 2943 972 palatii
2968 916 3173 960 ostium
3207 907 3387 961 adhuc
3415 908 3745 976 praestolante,

2197 992 2263 1044 de
2299 992 2506 1046 visione
2551 993 2865 1048 meditatum
2923 994 3092 1051 fuisse
3152 997 3406 1062 suadeat,
3451 987 3684 1054 feceritne
3705 1002 3746 1054 id

2202 1087 2327 1133 tunc
2358 1093 2484 1133 vere
2528 1090 2749 1134 sanctus
2772 1081 2862 1135 ille
2899 1084 3153 1147 antistes,
3189 1100 3290 1154 pro
3314 1093 3463 1140 certo
3487 1091 3747 1143 asseverari

2200 1188 2306 1226 non
2346 1182 2543 1242 potest,
2571 1191 2692 1228 cum
2717 1176 2768 1229 id
2816 1191 2918 1232 nec
2944 1179 2998 1232 in
3025 1177 3318 1247 Gnigonis,
3345 1194 3445 1234 nec
3475 1180 3526 1233 in
3561 1180 3750 1234 alterius

2200 1263 2569 1334 cujuscunque
2613 1266 2894 1336 scriptoris
2943 1269 3156 1338 antiqui
3228 1269 3549 1324 auctoritate
3594 1269 3751 1325 tunda-

2204 1364 2447 1410 mentnm
2478 1357 2702 1412 habeat.
2726 1358 2864 1412 Hinc
2893 1361 3081 1428 etiam,
3115 1374 3191 1415 an
3219 1359 3390 1416 stella
3418 1369 3631 1431 septem,
3656 1377 3751 1430 qua:

2204 1449 2412 1520 Hugoni
2439 1451 2490 1504 in
2517 1461 2808 1505 memorata
2835 1453 3042 1507 visione
3056 1461 3454 1522 apparuerunt,
3469 1452 3604 1506 tales’
3613 1452 3749 1506 exsti-

2207 1541 2390 1605 terim,
2426 1541 2612 1611 quales
2660 1558 2752 1597 eas
2803 1543 3067 1607 extitisse,
3110 1542 3633 1604 Blomcnvenna,eui
3670 1541 3752 1595 hac

2205 1631 2260 1686 in
2298 1646 2355 1685 re
2393 1632 2662 1686 Puteanus
2695 1634 2752 1687 in
2779 1633 2954 1687 sancti
2998 1632 3123 1687 Vita
3162 1648 3318 1686 num.
3342 1631 3413 1686 29
3453 1631 3606 1685 etiam
3649 1643 3754 1684 con-

2136 1712 2180 1770 Β
2208 1735 2383 1792 sonat,
2417 1725 2598 1779 verbis
2646 1726 2889 1795 proxime
2918 1727 3024 1782 huc
3053 1725 3406 1794 transcriptis
3447 1722 3622 1787 tradit,
3643 1721 3752 1775 milii

2207 1815 2494 1868 admodum
2539 1815 2760 1868 dubium
2805 1823 3050 1884 apparet,
3084 1816 3165 1868 uti
3205 1815 3373 1868 etiam
3409 1827 3489 1866 an
3517 1827 3577 1867 eo
3607 1813 3748 1872 modo,

2207 1919 2368 1972 quem
2401 1903 2484 1958 vel
2525 1903 2636 1958 bini
2687 1905 2739 1958 hi
2788 1904 2848 1958 S.
2897 1903 3174 1959 Brunonis
3219 1901 3524 1974 biographi,
3554 1901 3629 1955 vel
3656 1901 3752 1954 bre-

2207 1993 2426 2048 vissima
2446 1992 2566 2064 plus
2595 1993 2762 2048 semel
2787 1994 2898 2065 jam
2925 1993 3142 2050 laudata
3166 1993 3383 2048 ordinis
3399 1991 3752 2046 Cartltusiensis

2209 2081 2446 2138 llistoria
2475 2084 2737 2154 assignat,
2765 2099 2888 2139 sese
2914 2083 3129 2154 llugoni
3163 2083 3492 2154 spectandas
3523 2081 3746 2137 exhibue-

2211 2173 2338 2234 rint,
2393 2172 2629 2242 itemque
2675 2188 2744 2226 an
2791 2188 2896 2227 una
2945 2187 3010 2226 cx
3040 2173 3217 2234 hisce,
3253 2186 3361 2242 qua
3394 2171 3454 2226 S.
3494 2171 3656 2224 Bruno
3682 2168 3753 2221 dc-

2212 2263 2458 2333 signatus
2510 2263 2707 2328 fuerit,
2755 2263 2966 2318 caneris
3021 2263 3255 2317 lucidior
3311 2257 3750 2328 exstiterinquod

2211 2357 2375 2410 etiam
2403 2370 2506 2409 non
2535 2356 2750 2424 quidem
2789 2363 2931 2425 apud
2967 2355 3431 2410 Blomcnvennam
3462 2361 3550 2407 aut
3590 2351 3752 2404 Putea-

2213 2461 2362 2511 num,
2415 2446 2510 2500 sed
2558 2447 2698 2516 apud
2754 2446 3075 2502 Zachariam
3121 2447 3466 2500 Lencdictum
3517 2445 3566 2498 in
3611 2439 3750 2496 sancti

2216 2537 2388 2590 nos:ri
2421 2537 2560 2601 Vita,
2598 2536 2737 2606 style
2764 2537 2928 2607 ligato
2955 2541 3055 2592 sub
3079 2536 3269 2592 saeculi
3302 2537 3438 2591 sexti
3467 2534 3646 2589 decimi
3675 2530 3753 2584 ini-

2217 2628 2348 2680 tium
2379 2642 2446 2682 ex
2475 2643 2637 2697 supra
2665 2629 2825 2684 dictis
2856 2631 3189 2698 conscripta,
3223 2631 3467 2696 aliosque
3508 2621 3750 2679 nonnullos

2216 2719 2567 2783 recentiores,
2587 2733 2724 2787 quos
2759 2719 2846 2774 hic
2875 2719 3160 2777 nominare
3184 2719 3319 2774 nihil
3356 2718 3561 2780 attinet,
3588 2727 3751 2769 memo-

2218 2808 2312 2862 ria:
2341 2809 2610 2876 proditum
2635 2811 2870 2864 invenio.

2287 2900 2414 2955 429.
2453 2901 2650 2956 Versus
2678 2917 2886 2970 omnes,
2914 2902 3112 2974 quibus
3143 2913 3259 2960 tum
3292 2905 3366 2968 id,
3396 2911 3503 2956 tum
3533 2899 3751 2968 integram

2219 2991 2498 3046 stellarum
2546 3002 2750 3062 septem
2800 2994 3087 3059 visionem,
3130 2995 3346 3066 Hugoni
3389 2992 3628 3054 oblatam,
3669 3001 3754 3040 me-

2222 3087 2388 3141 tricus
2418 3087 2504 3142 ille
2539 3090 2710 3142 sancti
2742 3089 3071 3160 biographus
3100 3091 3271 3156 canit,
3311 3089 3458 3143 lubet
3487 3086 3603 3149 huc,
3642 3079 3754 3149 quod

2221 3176 2273 3231 id
2303 3175 2544 3232 futurum
2595 3194 2806 3249 sperem
2837 3181 3024 3236 lectori
3065 3197 3176 3237 non
3222 3183 3504 3253 ingratum,
3536 3171 3752 3231 transcri-

2222 3266 2371 3321 bere.
2399 3267 2490 3323 Sic
2516 3270 2741 3325 babent:
2987 3296 2993 3302 -
3467 3275 3471 3278 '

2293 3357 2518 3429 Jamque
2543 3363 2922 3432 prOpinquabat
2959 3363 3140 3418 Bruno
3161 3405 3178 3430 ,
3217 3364 3440 3433 stipante
3463 3370 3666 3419 ceteri-tn

2295 3451 2655 3523 Gratianopoli
2673 3471 2692 3519 ;
2724 3473 2752 3508 a
2776 3456 2961 3524 priscis
2997 3456 3095 3524 fuit
3127 3457 3256 3509 olim
3285 3455 3423 3508 dicta
3457 3449 3656 3504 Misera.

2224 3545 2302 3599 Ac
2324 3545 2538 3611 deinde,
2566 3548 2837 3602 nonnullis
2870 3548 3207 3616 interpositis
3235 3565 3248 3602 :

2305 3635 2426 3690 Illoa:
2451 3637 2612 3707 igitur
2628 3647 2818 3708 septem
2847 3639 3028 3694 stellas
3059 3656 3124 3693 ea:
3155 3641 3348 3694 art/tere
3370 3649 3562 3692 summa

2302 3728 2562 3783 Demisere
2590 3730 2728 3799 poli;
2762 3731 2949 3801 quibus
2984 3749 3088 3784 una
3121 3733 3371 3786 nitentior
3407 3728 3508 3782 ibat

2298 3821 2430 3875 Ante
2458 3821 2614 3883 alias,
2648 3839 2739 3875 nec
2768 3839 2873 3876 non
2909 3822 3093 3876 Phoebi
3124 3823 3390 3877 nascentis
3418 3818 3479 3871 ab
3505 3827 3610 3868 artu

2300 3913 2462 3968 Ferre
2487 3913 2762 3967 videbatur
2782 3930 3014 3983 gressum
3051 3914 3120 3966 ad
3155 3913 3401 3967 sublimia
3423 3917 3546 3963 tecta

2301 4003 2563 4083 Pra-‘sulis
2596 4005 2788 4075 Hugon
2813 4023 2860 4071 ε,
2885 4006 3224 4077 rigidumque
3253 4001 3524 4059 ascendere
3551 4001 3754 4048 montum

2303 4094 2405 4160 Qui
2437 4096 2632 4148 vicinus
2663 4103 2794 4160 erat,
2819 4095 3055 4166 celsoque
3083 4095 3384 4150 incumbere
3407 4104 3550 4146 saxa.

2303 4186 2478 4250 Talia,
2504 4203 2661 4256 quum
2685 4186 2825 4239 dulci
2849 4187 3172 4240 decumberet
3201 4186 3289 4240 ille
3314 4197 3520 4252 sopore,

2307 4278 2535 4348 Suspicit
2567 4295 2585 4342 ;
2621 4295 2648 4332 ε
2669 4294 2851 4331 somno
2883 4288 3155 4349 postquam
3189 4273 3572 4347 expergiscitur,
3593 4274 3715 4317 om"?

2306 4370 2480 4425 Mente
2512 4371 2675 4439 agitat
2703 4370 2924 4438 factum,
2957 4380 3139 4439 pensat
3171 4385 3345 4424 secum
3371 4375 3517 4434 atque
3543 4357 3753 4439 repeti-Wl-

2309 4463 2469 4529 Quid,
2509 4438 2662 4528 boue,
2706 4462 2833 4528 vult,
2861 4438 3024 4528 Deus,
3070 4464 3192 4529 hoc,
3239 4459 3424 4531 inquit,
3467 4445 3676 4611 mirqbile
3704 4438 3757 4551 si;

3601 4546 3747 4607 gnum.

3601 4546 3726 4607 gnum
3738 4566 3747 4576 .

2145 3054 2186 3110 C

2311 4645 2472 4712 Quid,
2498 4661 2642 4715 rogo,
2664 4645 2976 4714 portendunt
3005 4645 3114 4698 lucc
3141 4655 3331 4714 septem
3365 4638 3530 4696 sidera
3555 4615 3757 4685 inlunio!

2309 4737 2480 4790 Altius
2501 4736 2612 4788 lnt’c
2636 4735 2800 4805 igitur
2826 4737 2950 4788 dum
2972 4738 3186 4805 cogitat,
3214 4733 3445 4789 imminet
3473 4724 3581 4781 urbi

2312 4823 2420 4880 Sea:
2446 4825 2601 4878 sociis
2625 4825 2810 4878 doctor
2837 4826 3116 4879 comitatus
3147 4836 3196 4880 et
3225 4823 3400 4879 introii
3422 4817 3576 4875 autem

2313 4914 2610 4982 Pontiﬁcis,
2631 4933 2782 4987 quem
2817 4934 2872 4970 se
2897 4928 3095 4972 secreto
3124 4918 3374 4986 aﬂ'amine
3393 4910 3522 4966 dixit

2321 5006 2498 5061 Visere
2519 5007 2664 5062 velle.
2696 5006 2721 5060 1
2729 5019 2848 5061 ntra
2875 5009 3163 5078 penetralia
3187 5008 3466 5062 adducitur
3488 4996 3630 5055 αυιω.

2313 5098 2382 5152 Et
2403 5100 2616 5153 comites
2638 5101 2856 5169 pariter.
2897 5097 3138 5154 Flectens
3170 5115 3359 5170 genua,
3383 5091 3551 5149 oscula
3570 5082 3668 5153 ﬁat"

2315 5190 2553 5244 Sacratis
2591 5191 2831 5244 manibus
2858 5189 3060 5255 Brimo,
3079 5192 3255 5261 sicque
3287 5186 3460 5257 incipit
3495 5194 3592 5238 ore,
3617 5181 3732 5263 etc."

2313 5282 2442 5337 450.
2482 5281 2593 5337 Nec
2636 5292 2844 5337 tantum
2893 5283 3142 5347 visionis,
3176 5281 3380 5354 llugoni
3417 5254 3752 5354 Gratianopol"

2247 5383 2376 5430 tano
2417 5375 2672 5444 episcOpo
2721 5375 2940 5438 oblatae,
2988 5375 3240 5445 adjuncta
3264 5349 3522 5443 vproxime
3553 5349 3750 5445 hic'lf‘m

2247 5476 2568 5528 memorata,
2607 5481 2726 5534 qum
2777 5481 2806 5518 a
2855 5465 3120 5531 Puteano,
3152 5466 3558 5520 Βιοηιεηνριηιτι,
3586 5440 3752 5540 Zacha-

2249 5561 2327 5613 ria
2366 5557 2648 5612 bcncdicto
2679 5557 2908 5628 aliisque
2938 5559 3328 5613 recentioribus
3357 5544 3544 5616 absque
3571 5539 3750 5628 anlitlﬂ‘t

2250 5653 2384 5708 vade
2417 5650 2740 5715 referuntur,
2778 5649 3030 5721 ancipitis
3060 5650 3345 5709 admodum
3387 5657 3446 5698 ac
3477 5630 3630 5694 dubia:
3653 5623 3751 5676 sunt
