3814 6306
104 337 173 390 illi

1575 320 1694 374 Δ(ζί
1710 323 1770 371 Α.

3188 323 3298 380 Ξὸἰ

108 442 212 503 fidei,
250 450 411 492 verum
450 441 632 496 etiam,
659 432 802 502 quod
860 432 1262 489 Blomenvenna
1310 431 1438 502 (ad:
1489 427 1608 498 ejus

1749 426 2126 496 nniliarisqoe,
2177 445 2517 501 quaecunque
2567 431 2619 485 in
2679 430 2838 499 hujus
2891 432 3036 500 Vita,
3099 437 3301 492 summi

106 533 224 587 verba
248 527 471 598 proxime
501 526 606 579 huc
630 524 979 594 transcripta)
1005 524 1071 578 de
1103 524 1273 578 relata
1302 536 1331 575 a
1358 521 1611 574 Brunone

105 619 259 690 linguai
299 616 538 685 episcopo
583 614 826 668 luctuosa
876 612 1119 667 damnati
1171 613 1412 667 doctoris
1458 609 1614 664 Pari-

105 709 249 763 sicusis
283 704 495 759 historia
539 701 791 757 aiIirmat.
837 702 1208 773 Pratterquam
1254 702 1426 766 enim,
1470 701 1613 769 quod

105 800 191 854 huic
222 811 430 865 unquam
478 793 646 848 fuisse
685 793 885 857 locum,
918 801 1127 847 certum
1174 808 1241 846 ex
1278 792 1392 862 jam
1448 805 1611 860 supra

104 892 217 946 diuis
235 906 325 944 non
355 889 442 951 sit,
474 887 657 943 feralis
687 887 928 957 prodigii
945 887 1084 955 apud
1110 884 1388 955 llugonem
1424 885 1614 939 memi-

106 985 208 1038 nisse
231 990 454 1036 sanctum
496 988 769 1047 nostrum,
801 994 831 1032 a
869 980 1018 1033 nullo
1054 993 1279 1047 prorsus
1327 977 1434 1031 alio
1482 978 1616 1031 scri-

104 1083 229 1142 plere,
269 1072 348 1140 qui
400 1070 558 1123 {idem
613 1080 886 1138 utcunque
944 1070 1020 1123 rei
1066 1068 1248 1123 iacere
1288 1078 1449 1121 natus
1496 1069 1612 1132 sit,

106 1165 244 1218 litteris
281 1161 704 1217 commendatum
737 1160 974 1215 invenio.
1011 1161 1081 1216 Ut
1110 1169 1169 1214 ut
1207 1160 1258 1213 id
1292 1160 1363 1213 sit
1389 1175 1420 1214 e
1457 1162 1617 1215 modo

108 1256 281 1317 interim,
312 1269 416 1322 quo
460 1262 574 1307 tum
609 1253 1036 1312 Blomenvenna.
1080 1261 1191 1307 tum
1237 1252 1329 1306 alii
1359 1251 1472 1321 jam
1506 1251 1618 1305 lau-

108 1346 181 1399 dati
212 1346 479 1413 scriptorcs
524 1344 728 1397 dictam
778 1343 1059 1397 stellarum
1103 1352 1311 1413 septem
1354 1343 1617 1397 visionem

109 1439 311 1505 bujusque
335 1436 586 1506 adjuncta
614 1434 880 1498 referunt,
913 1435 1128 1489 veritati
1160 1435 1329 1504 liquet
1359 1449 1482 1489 esse
1531 1448 1622 1501 ap-

107 1529 230 1596 prime
249 1542 552 1590 consonum,
579 1528 724 1595 quod
764 1526 791 1596 §
823 1526 894 1579 22
918 1526 1099 1590 docui,
1134 1526 1187 1580 in
1220 1526 1383 1580 rebus
1412 1524 1620 1580 scilicet

107 1636 170 1673 seu
205 1620 340 1674 factis
380 1619 661 1673 historicis
710 1618 787 1672 rei
836 1617 1200 1671 substantiam
1253 1618 1323 1671 ab
1373 1616 1618 1686 ejusdem

108 1710 308 1777 adiunctis
331 1724 445 1765 esse
465 1708 933 1778 distinguendam,
952 1706 1181 1776 ﬁerique
1208 1722 1615 1775 nonnunquam,

111 1813 253 1870 utqna:
281 1802 541 1871 adjunetis
580 1802 667 1855 vel
694 1800 856 1855 nullis
886 1799 998 1855 fere
1029 1801 1222 1854 vestita
1253 1798 1337 1853 vel
1364 1799 1619 1852 omnibus
1650 1798 1693 1855 Β

108 1905 271 1961 prorsus
293 1892 542 1954 destituta
581 1891 721 1961 apud
754 1891 1053 1959 scriptores
1098 1890 1353 1958 antiquos
1404 1887 1621 1942 invene—

111 1994 197 2034 runt
220 1983 544 2044 recentiores,
575 1995 637 2034 ea
679 1979 778 2049 ipsi
807 1978 1099 2048 adjunctis,
1124 1993 1245 2049 qua:
1290 1976 1619 2032 verosimilia

110 2075 320 2136 rebantur,
362 2089 457 2143 pro
492 2074 705 2128 arbitro
749 2081 1033 2128 ornarent.
1080 2071 1253 2141 Gnigo
1299 2071 1355 2124 in
1386 2069 1509 2125 Vita
1558 2071 1617 2124 S.

112 2162 287 2232 llugonis
306 2162 789 2232 Gratianopolilani
839 2164 1078 2235 episcopi
1121 2164 1229 2233 (adi
1282 2162 1401 2232 ejus
1456 2164 1619 2218 verba

112 2269 213 2308 nuru.
247 2255 338 2308 4‘22
369 2257 622 2326 recitata)
655 2257 914 2312 visionem
957 2259 1224 2312 duntaxat
1268 2256 1462 2319 refert,
1512 2271 1620 2325 qua

113 2341 218 2412 litigo
241 2345 284 2399 in
307 2348 501 2400 mutuis
545 2347 740 2402 viderit
769 2347 961 2411 Deum,
990 2348 1043 2401 in
1073 2346 1379 2402 Carthusiaz
1432 2347 1621 2400 solitu-

112 2434 195 2487 dine
217 2435 481 2504 dignationi
513 2453 613 2491 seu
646 2436 915 2506 majestati
953 2454 1064 2492 sua:
1096 2437 1463 2492 habitaculum
1495 2453 1624 2492 con-

112 2532 358 2593 timentem,
385 2526 683 2595 stellasque
712 2537 969 2595 pratterea
997 2540 1230 2597 septem,
1248 2542 1368 2596 qure
1391 2528 1619 2589 itineris.

113 2613 156 2664 ad
178 2614 218 2667 id
248 2614 493 2683 ducentis,
525 2616 737 2687 llugoni
786 2632 905 2671 sese
956 2619 1123 2671 duces
1170 2616 1459 2684 utier-rent;
1490 2619 1624 2673 scri-

113 2710 240 2770 ptores
269 2716 430 2762 autem
486 2708 742 2778 proxime
782 2707 933 2763 citati
978 2716 1034 2763 et
1065 2710 1282 2763 modum
1313 2718 1368 2763 et
1414 2717 1623 2779 tempus

113 2795 274 2851 usionis
307 2800 513 2870 aliaque
562 2800 816 2870 adjuncta
866 2801 942 2854 rei
974 2799 1135 2869 hujus
1165 2802 1487 2855 substantie
1531 2802 1623 2855 ad-

111 2883 307 2955 imerent,
335 2907 448 2961 qua:
493 2903 681 2947 tamen
725 2894 905 2946 omnia
934 2902 991 2947 ct
1041 2893 1270 2961 singula,
1326 2901 1517 2948 contra
1560 2909 1625 2947 ac

114 2975 159 3027 illi
178 2978 471 3036 existimasse
522 2982 801 3049 videntur,
845 2983 1158 3037 verisimilia
1208 2999 1317 3036 non
1369 2992 1516 3049 sunt,
1548 2986 1621 3038 uti

114 3069 236 3131 palan:
267 3082 339 3123 est
383 3088 445 3127 ex
494 3072 613 3141 jam
646 3073 822 3127 dictis.
872 3073 942 3127 At
978 3089 1128 3137 vero,
1168 3074 1384 3128 invenio
1435 3073 1623 3136 etiam,

114 3160 172 3224 qui
198 3161 425 3218 visionem
476 3164 627 3218 illam
661 3164 837 3229 alteri,
870 3180 1033 3233 quam
1080 3164 1289 3234 llngoni
1336 3164 1622 3219 Gratiano-
1653 3145 1693 3201 (ἶ

115 3247 286 3313 ιιοιὶιειηο
325 3254 580 3324 episcopo
630 3255 867 3308 oblatam
913 3254 1082 3310 fuisse
1127 3254 1429 3324 scripserit.
1482 3252 1627 3309 Gau—

118 3340 247 3396 ireilus
269 3346 305 3398 is
329 3361 403 3400 εει
432 3346 715 3401 Vosiensis
740 3348 910 3416 prior.

158 3434 251 3486 451.
276 3434 370 3491 Res
406 3438 548 3502 hate,
597 3448 654 3490 ut
700 3438 857 3491 iidem
910 3452 1073 3506 supra
1122 3436 1305 3492 datam
1360 3436 1623 3501 liberem,

116 3523 224 3576 modo
250 3529 618 3602 examinanda.
653 3524 770 3581 Ilic'
800 3528 981 3595 itaque
1011 3527 1246 3596 scriptor
1274 3528 1327 3580 in
1358 3527 1627 3582 Chronico

116 3627 182 3665 tuo
215 3620 329 3685 apud
353 3619 631 3675 Lahbeum
659 3629 787 3672 tom.
815 3620 879 3681 ll,
913 3620 1252 3673 bibliotheca:
1283 3633 1435 3672 nova:
1459 3619 1625 3673 libro-

118 3717 196 3757 nm
233 3724 344 3764 mss.
370 3726 492 3782 pag.
533 3711 639 3766 289
683 3712 757 3764 ita
786 3719 1053 3764 meruerat
1087 3727 1099 3761 ε
1140 3730 1158 3760 ι
1198 3710 1344 3764 Ordo
1394 3710 1625 3764 Carthu-

118 3796 305 3854 rieasium
336 3806 718 3858 sanctissimus
757 3804 980 3873 ittcwpit
1008 3804 1111 3857 hoc
1154 3812 1396 3870 tempore
1421 3803 1630 3857 scilicet

119 3894 345 3948 anuol03l5
370 3898 499 3965 (into
533 3911 597 3950 ex
638 3896 883 3950 dicendis
926 3910 1067 3949 anno
1098 3894 1258 3964 1084)
1293 3910 1391 3963 per
1418 3895 1630 3949 Bruno¢

120 3992 201 4034 nem
224 3988 371 4042 virum
417 3999 691 4053 sanctum,
733 3991 949 4045 natione
977 3991 1339 4046 Alemannum
1372 3993 1439 4047 de
1467 3992 1630 4048 Colo-

28 4076 29 4129 Ϊ
118 4071 176 4125 nia
214 4076 507 4151 Agrippina,
554 4083 876 4153 magistrum
917 4084 968 4136 in
1021 4084 1321 4153 theologia,
1370 4100 1495 4138 eum
1535 4100 1629 4141 sex

122 4161 200 4216 aliis
230 4172 606 4239 venerabilibus
650 4171 784 4225 viris
816 4173 869 4226 in
921 4172 1142 4226 diazcesi
1169 4172 1629 4244 Gratianopolita-

120 4257 241 4311 pensi.
273 4261 359 4317 llic
406 4267 566 4328 ordo,
620 4273 756 4319 teste
793 4264 853 4318 B.
907 4263 1210 4331 Bernardo,
1263 4267 1404 4323 inter
1445 4282 1633 4322 omnes

121 4348 444 4411 ecclesiasticos
474 4357 700 4411 ordines
740 4356 1029 4425 primatum
1074 4365 1244 4423 tenet,
1275 4372 1379 4410 non
1422 4359 1631 4413 ratione

124 4445 337 4511 temporis,
365 4451 454 4502 sed
510 4451 695 4517 vigore
746 4448 1093 4513 sanctitatis;
1143 4451 1283 4503 unde
1318 4451 1430 4519 ipse
1474 4460 1631 4506 vocat

124 4543 204 4584 euut
250 4541 688 4606 speciosissimam
744 4543 1055 4596 columnam
1107 4542 1387 4596 Ecclesiie.
1446 4543 1629 4597 Victor
1661 4517 1710 4576 D

126 4627 351 4691 Medum
378 4643 521 4688 esset
548 4635 848 4689 monachus
868 4634 1228 4701 Cassinensis,
1245 4650 1342 4703 per
1361 4637 1629 4691 somnium

127 4712 215 4770 Vidit
250 4721 393 4778 Deum
431 4742 541 4781 sua:
579 4727 877 4797 dignationi
906 4729 958 4783 in
1010 4729 1301 4784 solitudine
1331 4729 1633 4785 Carthusiae

128 4799 416 4869 habitaculum
451 4826 883 4884 construentem,
913 4827 970 4873 et
999 4819 1218 4886 dicitur,
1251 4819 1394 4888 quod
1439 4821 1629 4890 spiritu

127 4903 352 4968 Prophetia:
397 4910 652 4979 pollebat.
686 4930 703 4963 ι
737 4910 1043 4966 Gaul'reilns
1066 4913 1264 4968 saeculo
1287 4914 1625 4980 duodecimo,

129 5000 168 5041 ιε
190 4997 376 5060 proinde
400 5003 556 5058 annis
582 5002 819 5057 nondum
837 5013 1079 5070 centum,
1099 5006 1207 5059 imo
1224 5004 1361 5061 forte
1390 5021 1455 5062 ne
1473 5008 1632 5077 quino

128 5085 319 5153 'lﬂiginta
368 5095 583 5163 quidem
637 5096 708 5151 ab
765 5095 916 5150 obitu
958 5094 1015 5149 S.
1061 5095 1365 5159 Brunonis~
1394 5096 1633 5167 elapsis,

130 5171 283 5243 lbruit;
309 5186 441 5241 unde
465 5187 636 5242 videri
672 5197 868 5255 potest,
901 5204 1022 5257 qua:
1051 5189 1118 5243 de
1142 5186 1394 5245 Brunone
1419 5189 1638 5244 institu-

133 5268 245 5330 ¹⁰ιΙιιε
282 5286 365 5339 per
389 5290 510 5330 eum
557 5276 751 5332 ordine
780 5277 835 5331 in
885 5278 1097 5334 litteras
1145 5282 1313 5348 misit,
1356 5289 1440 5335 sat
1472 5282 1640 5350 probe

134 5357 343 5423 ἓλῐιδοηιιλ
385 5368 637 5425 habuisse
668 5387 681 5423 :
708 5385 894 5425 verum
914 5412 929 5438 ,
963 5373 1226 5441 quidquid
1282 5375 1348 5429 de
1379 5372 1636 5439 Gaufredi

138 5454 246 5505 Ilalt:
291 5456 709 5533 auctoritaterjue
756 5465 846 5531 sit,
883 5466 986 5520 hac
1031 5469 1285 5537 equidem
1318 5472 1370 5524 in
1423 5486 1481 5525 re
1516 5472 1641 5526 Gui-

142 5551 248 5637 lvne,
288 5553 462 5618 quinto
512 5554 811 5612 Carthusiae
856 5560 1007 5627 prior
1061 5563 1347 5632 sanctique
1399 5563 1637 5632 llugonis

143 5629 363 5725 '_’:'“%”Dlto
412 5649 659 5702 standum
717 5659 825 5704 est.
867 5629 1438 5722 Prwterquam'enim
1489 5629 1637 5725 quod

147 5720 293 5796 Παίςῡηί
339 5736 824 5811 Gratianopolitano
885 5720 1138 5815 episcopo
1191 5746 1359 5819 fuerit
1416 5720 1637 5819 inqu-alis

1715 519 1987 587 pontiﬁcis
2010 519 2161 588 jussu
2197 536 2226 574 a
2253 537 2313 576 se
2351 531 2624 589 contexta,
2677 524 2953 578 memoriae
2996 528 3196 593 prodit,
3219 528 3307 581 vel

1715 608 1944 678 ipsemet
1969 611 2142 665 oculis
2172 613 2286 667 suis
2342 615 2574 682 aspexit,
2604 614 2690 667 vel
2720 629 2750 667 e
2800 616 3029 670 testibus
3074 618 3306 673 oculatis

1715 711 1808 755 aut
1835 718 1898 756 ex
1934 704 2052 772 ipso
2081 705 2245 758 etiam
2287 704 2347 759 S.
2399 706 2626 776 llugone
2672 707 2882 773 didicit,
2912 717 2975 761 ut
3003 708 3304 765 verosimil-

1715 794 1861 861 lime,
1879 804 1935 849 ct
1955 796 2097 864 quod
2131 798 2195 851 de
2222 798 2430 852 visione
2442 809 2855 866 pnememorata
2883 799 3094 869 llugoni
3119 802 3302 856 oblata

1716 886 1925 951 scribit,
1949 901 2014 939 ex
2044 888 2145 940 hoc
2173 888 2290 956 ipso
2315 889 2477 941 etiam
2508 889 2764 942 audierit.
2793 889 2912 955 Ast,
2939 889 3171 959 inquies,
3202 890 3304 945 etsi

1718 977 1771 1032 id
1801 980 1874 1032 ita
1904 980 1996 1044 sit,
2030 980 2269 1035 nondum
2322 990 2501 1034 tamen
2532 990 2616 1035 est
2667 995 3025 1047 consequens,
3063 991 3120 1034 ut
3162 981 3307 1035 Gau-

1718 1068 1902 1124 l'redus
1935 1072 2136 1125 Victori
2174 1071 2237 1124 lll
2263 1087 2437 1141 papre,
2483 1083 2639 1127 antea
2670 1073 2983 1131 Cassinensi
3030 1072 3303 1127 monacho

1720 1162 1940 1217 nomine
1992 1162 2288 1224 Desiderio,
2321 1162 2582 1216 visionem
2628 1178 2731 1232 qua
2759 1164 2847 1217 hic
2876 1163 3067 1229 Deum,
3108 1166 3160 1216 in
3217 1178 3308 1216 so-

1721 1254 1949 1308 litudine
1998 1253 2303 1309 Carthusia:
2336 1254 2705 1308 habitaculum
2741 1256 2843 1308 sibi
2894 1263 3302 1310 construentcm

1724 1346 1943 1412 viderit,
1988 1355 2305 1415 perpetuam
2357 1345 2615 1399 ascribat.
2663 1346 2805 1399 Deus
2836 1346 2982 1399 enim
3015 1356 3070 1401 et
3095 1344 3303 1400 Victori

1720 1449 1776 1493 et
1819 1437 2049 1508 Hugoni,
2087 1439 2217 1506 quid
2255 1438 2307 1490 in
2364 1435 2670 1491 Carthusiae
2722 1435 3012 1490 solitudine
3062 1437 3307 1491 facturus

1723 1538 1892 1594 esset,
1924 1529 2227 1584 visionibus
2264 1528 2474 1582 duabus
2508 1529 2740 1584 diversis
2766 1528 3011 1584 revelare
3041 1531 3234 1597 potuit.

1789 1618 1917 1675 432.
1949 1619 2165 1683 Fateor,
2189 1618 2270 1673 sic
2314 1617 2477 1672 habet
2508 1636 2520 1670 :
2554 1633 2742 1672 verum
2769 1618 2835 1671 de
2873 1633 2976 1670 una
3008 1618 3307 1683 eademque

1721 1713 1951 1780 visione,
1989 1714 2055 1767 de
2087 1728 2190 1781 qua
2215 1711 2445 1780 Guigoni
2477 1725 2657 1765 sermo
2682 1718 2785 1775 est,
2804 1722 3107 1763 sermonem
3143 1707 3306 1760 etiam

1720 1819 1841 1858 esse
1889 1803 2183 1869 Gaufredo,
2223 1802 2304 1857 vel
2351 1817 2417 1856 ex
2465 1816 2530 1857 eo
2584 1801 2779 1869 liquet,
2832 1800 2974 1868 quod
3024 1797 3308 1867 sequentia

1723 1897 1911 1964 verba,
1945 1914 1964 1945 ι
2004 1894 2153 1949 Vidit
2191 1895 2382 1960 Deum,
2413 1908 2524 1947 suae
2567 1891 2865 1963 dignationi
2914 1891 2969 1944 in
3018 1891 3310 1945 solitudine

1723 1988 2081 2042 Carthusiana
2141 1984 2509 2040 habitaculum
2569 1991 3010 2048 construentem,
3054 1999 3073 2032 ι
3112 1981 3311 2049 quibus

1725 2080 1814 2135 hic
1839 2079 1983 2133 illam
2028 2078 2270 2148 exponit,
2303 2077 2371 2130 ad
2412 2077 2620 2146 apicem
2648 2073 2763 2127 fere
2798 2073 2967 2127 etiam
3016 2078 3313 2126 occurrant

1725 2170 1780 2223 in
1812 2168 2126 2222 narratione
2170 2165 2457 2235 Guigonis,
2489 2180 2639 2218 num.
2695 2163 2803 2216 422
2831 2163 2977 2217 data.
3022 2161 3134 2215 ltllO
3181 2175 3313 2216 vero

1724 2260 1983 2329 consequi
2021 2258 2148 2313 hinc
2177 2258 2414 2324 videtur,
2438 2255 2770 2311 Gaufredum
2797 2254 2958 2307 verba
2984 2250 3072 2306 illa
3098 2266 3164 2306 ex
3193 2249 3312 2305 Vita

1727 2351 1785 2406 S.
1828 2350 2086 2419 llugonis,
2148 2365 2244 2420 per
2295 2348 2597 2419 Guigonem
2651 2346 2876 2414 scripta,
2922 2352 3014 2398 aut
3074 2352 3225 2399 certe
3279 2358 3312 2397 e

1725 2444 1932 2513 scripto
1962 2442 2090 2509 alio,
2138 2443 2189 2495 in
2220 2441 2363 2510 quod
2388 2440 2577 2494 eadem
2604 2454 2673 2493 ex
2721 2438 2824 2492 hac
2861 2436 3092 2493 fuissent
3140 2436 3314 2501 illata,

1728 2541 2032 2587 mutuatum
2091 2546 2234 2598 esse,
2276 2530 2670 2598 visionemque,
2701 2542 2801 2597 per
2852 2527 2942 2581 illa
2994 2526 3315 2581 sanctoisti

1726 2622 1954 2676 antistiti
1983 2622 2321 2687 attributam,
2343 2635 2469 2674 casu
2518 2619 2704 2673 nescio
2736 2632 2865 2688 quo,
2909 2617 3113 2672 Victori
3166 2630 3319 2685 papa:

1727 2730 2010 2787 perperam
2066 2714 2405 2783 ascripsisse.
2454 2713 2710 2776 Accedit,
2748 2728 2779 2765 a
2826 2708 3309 2780 Gaufredo,,duni

1730 2810 1831 2863 hoc
1861 2808 2013 2871 facit,
2044 2822 2180 2862 nova
2204 2816 2261 2861 et
2288 2807 2530 2861 inaudita
2557 2806 2805 2873 revelari,
2831 2816 2891 2861 ut
2921 2804 3317 2860 Carthusianus

1727 2913 2027 2970 anonymus
2064 2899 2355 2953 Annalium
2386 2900 2593 2955 ordinis
2622 2900 2704 2955 sui
2749 2899 2871 2953 libri
2903 2899 3080 2966 quarti
3130 2899 3313 2951 hacte-

1729 3007 1831 3046 nus
1860 3008 1967 3046 non
1996 2992 2198 3061 vulgati
2230 3001 2423 3047 auctor
2464 2992 2646 3046 verbis
2683 3006 2832 3044 num.
2865 2990 2970 3043 ’505
3011 2989 3115 3042 huc
3167 2990 3317 3041 tran-

1732 3081 1950 3150 scriptis
1975 3092 2121 3137 recte
2144 3078 2426 3148 observat;
2447 3096 2620 3151 neque
2639 3082 2782 3135 enim
2807 3080 3130 3149 scriptorum
3154 3079 3316 3135 etiam

1729 3170 1967 3238 illorum,
2000 3171 2091 3241 qui
2129 3171 2360 3225 Victoris
2409 3186 2563 3240 papa:
2606 3170 2990 3235 meminerunt,
3045 3168 3184 3222 ullus
3209 3176 3315 3235 est,

1729 3268 1845 3338 qui,
1877 3283 1980 3337 qua
2008 3267 2075 3321 de
2102 3267 2189 3321 hic
2219 3268 2453 3338 agimus,
2492 3266 2756 3321 visionem
2780 3265 2828 3319 ei
2861 3265 3025 3319 fuisse
3054 3262 3317 3327 oblatam,

1731 3359 2005 3413 memoria:
2043 3358 2252 3426 prodat.
2291 3359 2372 3413 Ad
2405 3359 2519 3412 lucc
2565 3372 2857 3426 quorsum,
2894 3369 3110 3425 quaeso,
3150 3353 3317 3408 visio-

1731 3462 1853 3502 nem
1893 3448 2197 3516 hnjusmodi
2240 3447 2442 3503 Victori
2482 3449 2665 3501 adhuc
2698 3446 3012 3502 Cassinensi
3046 3445 3314 3501 monacho

1732 3543 1993 3597 Dominus
2040 3542 2347 3606 obtulisset,
2387 3541 2598 3611 llugoni
2628 3548 2808 3593 autem
2848 3538 2992 3592 illam
3045 3538 3187 3593 Dens
3221 3538 3319 3594 ob-

1734 3633 1876 3697 tulit,
1908 3642 2019 3686 tmn
2054 3641 2111 3686 ut
2147 3634 2269 3702 quis
2302 3633 2535 3686 Brnnoni
2569 3630 2792 3700 ejusque
2838 3632 2999 3685 sociis
3028 3630 3321 3687 Gratiano-

1732 3722 1895 3791 poliin
1938 3724 2183 3778 venturis
2235 3724 2597 3792 assignandus
2649 3732 2795 3778 esset
2854 3722 3151 3777 eremitica:
3194 3722 3318 3777 vita:

1734 3814 1991 3867 ducendae
2039 3814 2206 3879 locus,
2236 3815 2444 3884 linguai
2485 3816 2745 3883 aperiret,
2786 3824 2897 3868 tnm
2932 3824 2991 3868 ut
3026 3814 3191 3881 hunc,
3213 3831 3321 3883 quo

1733 3905 1970 3958 Brunoni
1999 3903 2222 3972 ejusque
2262 3906 2428 3959 sociis
2457 3904 2698 3960 favorem
2736 3920 3005 3973 opemque
3043 3905 3323 3974 impende-

1736 4008 1839 4065 ret,
1886 3999 2169 4053 exeitarct.
2209 3998 2313 4052 Fas
2349 4008 2432 4053 est
2483 3999 2533 4052 id
2584 3999 2841 4069 colligere
2882 4014 2912 4051 e
2950 3997 3151 4063 verbis,
3199 4014 3321 4066 quin

1736 4085 1930 4157 Guigo,
1979 4104 2141 4157 quam
2193 4097 2400 4154 narrat,
2434 4086 2625 4141 visioni
2687 4086 2970 4156 prannittit
3015 4101 3081 4141 ac
3128 4087 3327 4141 deinde

1737 4178 1902 4232 etiam
1924 4178 2224 4247 snbjttngit.

1808 4268 1936 4323 A35.
1973 4270 2190 4323 Etenim
2249 4269 2427 4324 verbis
2468 4285 2619 4323 nunt.
2658 4268 2764 4322 422
2794 4269 2899 4322 huc
2953 4264 3324 4332 transcriptis,

1737 4359 1935 4430 quibus
1977 4360 2241 4413 visionem
2273 4358 2488 4429 llogoni
2530 4357 2790 4412 divinitus
2841 4354 3078 4409 oblatam
3135 4352 3324 4415 refert,

1740 4465 1863 4504 mox
1892 4448 2191 4519 subjungit:
2215 4468 2230 4498 ι
2251 4448 2420 4501 Erant
2447 4462 2575 4501 vero
2597 4457 2651 4499 et
2670 4446 2721 4500 hi
2744 4454 2970 4514 septem.
2986 4442 3328 4512 Quapropter

1740 4556 1846 4596 non
1880 4541 2104 4594 istormn
2166 4548 2403 4605 tantum,
2440 4539 2535 4593 sed
2580 4547 2633 4591 et
2668 4537 2757 4606 qui
2798 4542 3181 4591 successerunt
3206 4535 3286 4589 eis
3310 4578 3325 4597 ,

1740 4632 1964 4687 consilia
2008 4630 2237 4684 libenter
2263 4629 2545 4698 amplexus
2571 4640 2673 4695 est,
2707 4636 2762 4683 et
2793 4643 2962 4695 usque
2990 4627 3058 4680 ad
3094 4636 3325 4681 mortem

1739 4722 2042 4781 Carthasim
2070 4722 2403 4775 habitatores
2448 4719 2687 4775 consiliis
2729 4719 2863 4773 fovit
2892 4732 3105 4787 semper
3154 4717 3331 4773 ct-he-

1741 4814 1973 4870 neliciis.
2007 4832 2027 4864 ι
2070 4811 2276 4878 Quibus
2311 4809 2490 4865 verbis
2539 4826 2644 4864 non
2692 4809 2922 4865 obscure
2971 4807 3205 4873 indicat,
3235 4822 3332 4877 per

1746 4905 1933 4962 stellas
1970 4915 2201 4975 septem,
2233 4920 2353 4973 qua:
2396 4901 2454 4959 S.
2491 4901 2701 4973 llugoni
2733 4902 2787 4956 in
2820 4901 3027 4955 visione
3068 4913 3309 4968 apparoe

1742 5009 1904 5065 rant,
1952 4999 2262 5068 designatos
2312 4996 2479 5052 fuisse
2533 4996 2590 5050 S.
2626 4996 2930 5050 Brunoxem
2981 5007 3046 5047 ac
3079 5006 3177 5047 srx
3214 4991 3332 5061 ejus~

1743 5096 1943 5160 socios,
1971 5094 2205 5163 hincque
2263 5092 2486 5155 factum,
2530 5101 2589 5144 ut
2637 5099 2861 5145 sanctus
2902 5087 2991 5142 ille
3039 5084 3333 5141 Gratiano-

1745 5189 2014 5259 politanus
2045 5185 2267 5256 praesul,
2293 5184 2387 5254 qui
2415 5184 2468 5239 id
2491 5182 2628 5248 sibi,
2654 5190 2849 5252 agente
2869 5180 3016 5234 intus
3044 5179 3176 5241 Deo,
3205 5188 3333 5243 per-

1720 5296 1965 5336 suasum
1993 5280 2250 5342 habebat,
2276 5286 2391 5332 toto
2423 5277 2546 5331 vitae
2574 5290 2687 5329 suae
2730 5281 2974 5341 tempore
3004 5283 3108 5323 non
3158 5266 3331 5320 solum

1751 5377 1804 5430 in
1858 5373 1917 5428 S.
1952 5374 2286 5427 ABrunonem
2336 5369 2559 5440 ejusque
2609 5366 2812 5430 socios,
2841 5376 3027 5417 verum
3061 5357 3224 5413 etiam
3278 5357 3332 5410 in

1750 5465 2062 5523 corumdem
2118 5477 2381 5532 sequaces
2426 5459 2702 5515 beneﬁcus
2731 5453 3024 5511 exstiterit.
3061 5450 3175 5505 Nec
3216 5447 3333 5503 alia

1748 5562 1911 5617 etiam
1940 5574 2006 5612 ex
2033 5571 2195 5612 causa
2229 5555 2429 5610 factum
2461 5567 2601 5616 esse,
2626 5556 2703 5619 fut
2731 5547 2883 5615 [lngo
2914 5542 3149 5598 Brunoni
3189 5541 3334 5612 ejus-

1750 5669 1855 5721 que
1878 5651 2042 5707 sociis
2072 5648 2419 5705 Carthusiam
2453 5641 2861 5698 inhabitandam
2894 5635 3207 5707 assignarit,
3242 5649 3335 5689 co-

1752 5746 1936 5800 mitem
1972 5758 2091 5800 sese
2122 5743 2261 5798 hanc
2290 5731 2895 5805 adenntibusjunxcrit,
2921 5730 3334 5799 necessarioque
