3814 6306
529 314 637 371 965

1355 307 1415 362 S.
1458 302 1807 364 BBUNONIS
1836 303 1920 358 CA
1932 297 2479 357 RTIIUSIANORUM
2503 296 2987 355 INSTITUTORIS
3648 307 3732 362 Qu

532 423 763 483 cdiflcia
792 410 1205 479 exstruentibus
1249 417 1511 472 auxilium
1539 429 1807 485 opemque
1856 412 2119 476 attulerit,
2153 422 2197 479 Α
2224 406 2421 466 sancto
2441 426 2564 465 cmn
2593 409 2780 465 Remis
2807 410 2861 465 in
2909 424 3153 465 eremum
3182 410 3330 473 abiit,
3358 421 3446 466 aut
3478 425 3610 471 certe
3640 437 3738 477 cum

530 508 710 589 Guigo
733 516 938 587 pariter
959 519 1044 567 sat
1069 510 1213 565 clare
1236 508 1500 573 innuit,nt
1533 508 1695 562 verba
1718 505 1833 574 ejus
1856 519 2003 558 num.
2025 503 2131 557 £22

535 608 649 668 huc
708 603 1035 673 transcripta
1086 597 1460 654 consideranti
1522 608 1782 667 patescet.
1837 593 1955 649 Jam
2002 608 2129 646 vero

539 712 663 755 cum
694 696 745 750 id
773 696 845 749 ita
885 694 978 757 sit,
1021 687 1122 743 fttit
1167 701 1318 754 sane,
1365 703 1461 741 cur
1512 695 1784 740 narratam
1829 699 1856 736 τι
1883 682 2127 753 Guigone

532 787 799 844 visionem
844 784 1022 839 divina
1087 778 1395 849 benignitas
1456 775 1664 846 llugoni
1725 771 1963 829 offerret.
2031 772 2129 824 Ast

537 892 821 950 quorsum,
876 876 1074 928 iterum
1114 879 1260 939 peto,
1317 867 1479 923 simili
1514 867 1698 921 favore
1726 864 1997 919 Victorem
2034 879 2129 931 pa-

536 982 695 1040 pam,
746 966 1125 1022 Cassiuenscm
1176 961 1352 1015 adhuc
1405 960 1775 1023 monachum,
1813 954 2129 1009 affecisset?

535 1059 595 1113 ld
626 1073 758 1114 sane
786 1057 985 1127 (neque
1023 1053 1172 1108 enim
1223 1052 1431 1115 Victor,
1465 1050 1540 1103 uti
1584 1049 1722 1103 infra
1777 1048 2007 1110 docebo,
2046 1046 2129 1099 in-

534 1154 791 1210 stitutum
839 1168 869 1205 a
907 1149 1158 1204 Bruuone
1209 1148 1455 1202 ordinem
1508 1146 1862 1201 confirmasse
1896 1152 1981 1197 est
2020 1158 2129 1213 pu-

537 1245 758 1306 tandus)
790 1244 989 1299 nullius
1025 1242 1185 1313 plane
1214 1241 1464 1295 utilitatis
1498 1239 1740 1294 futurum
1774 1236 1943 1292 fuisse
1981 1237 2129 1291 vide-

540 1347 649 1399 tur,
691 1350 756 1390 ac
784 1334 1007 1404 proinde
1036 1332 1120 1387 vel
1160 1332 1308 1397 hinc,
1340 1330 1539 1384 factum
1573 1343 1677 1382 non
1718 1341 1859 1391 esse,
1884 1336 2124 1395 apparet.

538 1426 706 1483 Posse
735 1426 949 1496 quidem
975 1425 1135 1479 modo
1164 1423 1252 1478 hic
1293 1422 1359 1477 de
1388 1422 1443 1476 S.
1471 1420 1710 1491 llugonis
1736 1434 1863 1487 erga
1903 1417 1961 1473 S.
1992 1418 2129 1472 Bru-

540 1531 737 1573 nonem
795 1514 1018 1585 ejusque
1069 1514 1248 1569 socios
1297 1510 1699 1577 benevolentia,
1737 1508 1985 1563 dehisce
2035 1523 2129 1578 per

530 1607 689 1665 illum
718 1607 771 1662 in
811 1606 1157 1661 Carthusiatn
1187 1604 1426 1658 inductis
1465 1602 1692 1671 aliisque
1724 1600 1997 1655 nonnullis
2025 1600 2128 1653 huc

531 1701 912 1772 spectantibus
944 1698 1164 1752 tractari
1198 1713 1212 1763 ;
1261 1710 1447 1749 verum
1484 1694 1533 1748 id
1569 1692 1596 1763 §
1640 1708 1755 1762 seq.
1791 1691 2126 1746 commodius

2231 502 2284 557 iu
2308 502 2597 558 solitudine
2643 501 3101 559 Siccae-Fortuna:
3127 502 3239 572 jam
3270 516 3579 574 versaretur,
3600 514 3742 568 adha-

2228 609 2369 657 sere,
2419 595 2750 661 exstiterint,
2802 603 3138 663 compertum
3204 595 3343 649 haud
3391 597 3587 665 habeo;
3632 604 3742 667 quod

2231 701 2358 740 vero
2404 687 2470 740 ad
2509 688 2684 742 sancti
2719 688 2918 752 socios,
2950 703 2979 740 a
3016 686 3258 757 Guigone
3301 691 3594 756 recensitos,
3615 697 3723 761 perti

2230 785 2341 839 net,
2372 775 2606 831 fueritne
2663 778 2855 831 horum
2896 776 3036 831 nllus
3068 791 3135 831 ex
3195 778 3380 833 eodem
3429 780 3580 846 cli-ro,
3627 784 3744 837 valde

2226 876 2310 919 est
2348 865 2591 921 dubium.
2626 866 2706 921 lta
2748 878 2970 938 apparet
2997 882 3062 923 ex
3100 868 3192 931 iis,
3229 883 3346 937 qua:
3374 868 3438 923 de
3482 869 3746 939 singul'neo

2227 955 2437 1018 ordine,
2464 972 2572 1025 quo
2599 971 2628 1011 a
2658 957 2902 1029 Guigone
2930 972 3093 1026 supra
3125 966 3486 1022 recensentur,
3507 955 3608 1025 jam
3634 974 3745 1015 nunc

2228 1049 2491 1103 adducam
2524 1051 2577 1103 in
2609 1052 2869 1105 medium.

2297 1140 2426 1195 455.
2470 1140 2779 1198 Landuinus
2837 1143 2975 1213 apud
3029 1142 3307 1198 Labbcum
3368 1154 3491 1199 tom.
3520 1144 3554 1207 l,
3596 1146 3747 1200 biblio-

2231 1232 2580 1289 thecze‘novze
2627 1234 2887 1289 librorum
2931 1252 3061 1290 mss.
3097 1252 3217 1306 pag.
3248 1235 3351 1291 659
3398 1237 3448 1290 iu
3493 1236 3750 1306 antiquissi-

2231 1341 2341 1387 tuo,
2379 1325 2534 1394 cujus
2572 1343 2719 1381 num.
2751 1328 2785 1380 4
2813 1337 2866 1382 et
2897 1328 3053 1398 seqq.
3090 1329 3215 1382 data
3257 1329 3466 1391 notitia,
3500 1329 3747 1397 primorum

2229 1424 2463 1486 quatuor
2503 1416 2808 1472 Carthusize
2859 1418 3103 1487 priorum
3146 1417 3421 1473 Chronico
3451 1418 3636 1488 insigne
3674 1419 3751 1470 sibi

2228 1517 2539 1564 contextum
2582 1510 2744 1565 habet
2778 1510 3033 1589 elogium.
3086 1508 3183 1566 llis
3230 1510 3408 1566 verbis
3453 1511 3750 1581 concipitur:

2236 1618 2255 1650 ε
2289 1599 2625 1667 Lauduiuus,
2663 1602 2885 1657 natione
2916 1601 3128 1658 Tuscus
3153 1618 3217 1657 ex
3249 1603 3380 1657 urbe
3411 1602 3563 1665 Luca,
3600 1602 3752 1655 litteris

2229 1702 2284 1745 et
2332 1694 2445 1761 ipse
2471 1692 2668 1747 divinis
2711 1702 2765 1748 et
2813 1693 3066 1749 humanis
3113 1695 3377 1757 eruditus,
3425 1698 3571 1747 anu's
3609 1694 3753 1747 decent

536 1791 903 1862 przeStabitur,
938 1805 1060 1843 cum
1104 1789 1193 1841 hic
1224 1786 1480 1840 nonnulla
1511 1786 1708 1849 adhuc,
1744 1798 1863 1851 qua:
1902 1782 1969 1836 ad
2000 1796 2129 1835 sau-
2165 1789 2205 1843 Β
2232 1785 2537 1841 Cartltusia:
2572 1785 2803 1856 pra-fuit.
2839 1785 2941 1853 Qui
2972 1801 3094 1841 cunt
3128 1787 3193 1840 ad
3246 1786 3552 1856 magistrum
3595 1786 3754 1839 llrtuto-

533 1890 685 1937 Ctum
716 1879 939 1948 ejusque
962 1878 1142 1932 socios
1163 1876 1461 1947 pertinent,
1494 1873 1814 1929 dilucitlaro.
1834 1891 1853 1922 ι
1887 1870 2125 1924 Habebat

530 1980 719 2027 autem
758 1988 776 2022 ι
813 1970 1095 2042 (Gnigonis
1130 1978 1256 2024 sunt
1286 1968 1352 2023 de
1377 1966 1726 2028 S.Brtinone,
1755 1965 1820 2018 ad
1850 1963 2125 2033 llugonem

534 2063 1097 2133 Gratiaquolitauum
1119 2062 1431 2130 epise0putn
1456 2058 1773 2120 accedente,
1791 2054 1956 2109 verba
1976 2067 2125 2106 nutu.

520 2156 644 2210 1‘22
668 2160 781 2225 jam
819 2156 1069 2225 recitata)
1106 2160 1125 2202 ι
1160 2153 1336 2227 socios
1369 2150 1688 2221 magistrum
1744 2145 2081 2201 Landuinum
2111 2184 2127 2210 ,

526 2246 630 2320 iqui
662 2257 933 2319 post'eum
955 2245 1257 2301 Carthusize
1296 2245 1445 2314 prior
1472 2244 1706 2306 exstitit,
1736 2241 1871 2295 duos
1900 2238 2129 2307 Stepha-

522 2356 645 2397 ‘nos
674 2383 688 2408 ,
729 2340 1060 2411 Burgensem
1112 2347 1167 2392 et
1214 2337 1461 2392 Dieusem
1495 2335 1573 2405 (lii
1598 2335 1658 2388 S.
1709 2332 1831 2385 Rufi
1877 2328 2127 2385 canonici

539 2433 773 2498 fuerant,
807 2432 901 2487 sed
952 2429 1225 2485 desiderio
1251 2429 1374 2482 vitae
1419 2427 1675 2482 solitariae
1705 2426 1777 2491 ei,
1804 2425 2018 2478 abbate
2047 2421 2128 2475 fa-

537 2530 719 2587 vente,
741 2536 862 2577 sese
885 2519 1301 2590 conjunxerant)
1330 2517 1615 2587 llugonem
1640 2516 1825 2579 etiam,
1843 2530 2004 2584 quem
2036 2528 2129 2567 eo-

535 2612 926 2684 gnomiuabant
986 2610 1356 2681 Capellanum,
1411 2623 1479 2662 eo
1524 2608 1666 2676 quod
1726 2605 1874 2659 solus
1930 2618 1995 2658 ex
2048 2603 2128 2656 eis

522 2705 838 2762 sacerdotis
874 2704 1189 2775 fungeretur
1214 2702 1428 2766 oflicio;
1461 2700 1597 2754 duos
1633 2698 1817 2761 Iaicos,
1851 2712 1988 2767 quos
2033 2711 2128 2764 ap-

538 2796 801 2867 pellamus
827 2809 1145 2859 eunversos,
1180 2794 1450 2847 Andream
1478 2801 1532 2846 et
1557 2790 1873 2846 Guarinum.
1892 2808 1909 2840 ι

607 2884 734 2939 454.
777 2883 883 2939 Sex
926 2883 1109 2953 itaque
1156 2892 1405 2945 sanctus,
1454 2897 1578 2936 cum
1624 2881 1691 2933 ad
1736 2877 1796 2933 S.
1846 2876 2126 2947 llugonetn

530 2976 1101 3048 Gratiortopolitanum
1150 2974 1452 3030 antlstitem
1499 2972 1755 3036 access-it,
1800 2970 1977 3024 socios
2008 2978 2127 3022 tan-

534 3080 648 3125 tum
691 3069 793 3125 sibi
842 3066 1075 3122 habebat
1114 3066 1419 3136 adjunctos,
1454 3078 1640 3118 verum
1678 3078 1800 3117 cum
1849 3063 1901 3116 hi
1936 3074 2125 3115 omnes

535 3178 642 3217 tina
674 3177 797 3217 cum
842 3170 1053 3225 sancto,
1102 3158 1559 3229 quemadmodum
1604 3156 1781 3227 Guigo
1818 3170 1921 3224 peri
1960 3152 2121 3207 verba
2151 3134 2195 3194 (ἶ

534 3272 685 3311 num.
719 3255 826 3309 422
850 3254 1074 3308 recitata
1099 3253 1258 3307 fidem
1298 3251 1430 3306 facit
1476 3250 1651 3305 locum
1682 3248 1975 3305 eremiticze
2002 3248 2126 3301 vita:

524 3358 719 3420 aptum
742 3346 1077 3416 quaesierint,
1093 3344 1382 3412 talemque,
1400 3357 1523 3397 cum
1549 3343 1616 3396 ad
1654 3340 1935 3409 Hugonem
1978 3338 2129 3393 veni-

537 3450 679 3504 rent,
704 3439 941 3494 nondum
965 3433 1609 3503 invenissent,aliquanto
1656 3432 1915 3500 temporis
1952 3430 2126 3498 spatio

534 3545 727 3587 omnes
749 3543 856 3583 una
891 3543 1014 3582 cum
1053 3537 1241 3580 sancto
1281 3534 1467 3584 nostro
1510 3524 1560 3577 in
1605 3521 1898 3576 solitudine
1932 3520 2125 3576 Sicca!-

540 3623 800 3678 Fontana:
816 3620 982 3673 vitam
1001 3618 1359 3681 eremiticam,
1379 3624 1669 3684 antequam
1696 3612 2122 3681 Gratianopolim

530 3713 604 3768 ad
634 3711 911 3780 llugoneut
953 3723 1073 3763 sese
1108 3705 1677 3771 conferrent,dnxisse
1705 3704 1974 3756 videntur.
2004 3701 2122 3756 Jam

534 3817 667 3858 vero
693 3816 817 3857 cum
849 3800 902 3854 in
931 3797 1248 3853 monasterii
1277 3795 1641 3851 Molismensis
1670 3794 1883 3857 charta,
1907 3808 2067 3862 supra
2093 3808 2124 3847 e

537 3892 847 3950 Mabillonio
897 3889 1111 3944 laudata
1157 3889 1464 3959 partimque
1520 3888 1769 3950 recitata,
1831 3884 2021 3939 Petrus
2069 3894 2125 3939 et

531 3985 881 4049 Lambertus,
909 3982 1001 4052 qui
1054 3992 1147 4035 sex
1190 3982 1504 4045 sociis,uua
1529 3995 1651 4033 cum
1693 3977 1942 4031 Brunone
1989 3977 2125 4031 Gra-

528 4078 851 4148 tianopolim
897 4072 1176 4146 profectis,
1228 4089 1258 4127 a
1313 4072 1559 4143 Guigoue
1600 4087 1705 4126 non
1741 4081 2119 4137 aceensentur,

534 4168 808 4223 Brunonis
826 4168 878 4221 in
902 4165 1192 4221 solitudine
1216 4162 1673 4219 Siccae-Fontana:
1690 4161 1935 4230 discipuli
1958 4162 2124 4217 fuisse

527 4260 843 4326 tradantur,
869 4250 1106 4313 sanctus
1148 4256 1348 4327 plures,
1389 4270 1549 4325 quam
1591 4270 1688 4309 sex
1738 4258 1915 4308 socios
1940 4293 1956 4318 ,
1998 4267 2122 4309 cum

530 4351 739 4408 mundo
792 4350 1158 4405 valcdicturus
1219 4348 1402 4402 Remis
1442 4347 1716 4412 excessit,
1768 4355 1860 4399 aut
1900 4346 2119 4409 saltem,

2232 1891 2354 1931 nent
2407 1887 2675 1948 pergeret,
2725 1877 2914 1931 incidit
2951 1878 3005 1931 in
3041 1892 3233 1931 manus
3263 1875 3520 1932 Guitberti
3546 1875 3755 1929 schisma-

2232 1972 2343 2035 tici,
2374 1970 2526 2040 quod'
2547 1971 2773 2025 multum
2807 1971 3085 2026 horrebat.
3122 1970 3398 2025 Adversus
3438 1969 3580 2038 cujus
3622 1967 3756 2019 minas

2231 2075 2283 2117 et
2313 2064 2725 2133 promissiones,
2756 2062 2907 2117 dolos
2957 2070 3011 2116 et
3041 2060 3348 2123 violeuzias,
3378 2059 3547 2113 divina
3581 2056 3758 2125 juvante

2231 2155 2427 2224 gratia,
2454 2154 2629 2208 modis
2663 2154 2917 2207 otnnibus
2959 2153 3330 2222 perseveravit
3374 2150 3603 2203 inflexus.
3627 2145 3756 2212 Quem

2231 2247 2283 2301 in
2325 2261 2424 2302 suo
2478 2247 2792 2302 defunctum
2844 2261 3031 2300 errore
3095 2244 3514 2314 lacrymabiliter
3557 2241 3756 2312 planxit,

2230 2336 2367 2405 adeo
2410 2344 2466 2389 ιιι
2511 2351 2538 2388 a
2574 2334 3056 2390 circumstantibus
3102 2344 3454 2404 argueretur,
3501 2331 3629 2401 quod
3666 2345 3758 2382 cum

2229 2426 2401 2489 fleret,
2443 2442 2471 2480 a
2502 2428 2655 2497 cujus
2685 2428 3039 2503 perversitate
3089 2425 3389 2480 Ecclesium
3427 2438 3571 2478 suam
3605 2419 3758 2476 Chriin

2230 2518 2445 2573 bonitas
2476 2520 2776 2573 liberasset.
2812 2518 2938 2573 Post
2967 2518 3086 2585 ejus
3127 2518 3312 2573 obitus
3338 2518 3611 2586 septimum
3649 2512 3757 2566 diem

2230 2609 2394 2662 etiam
2425 2609 2537 2678 ipse
2573 2609 2868 2664 defunctus
2907 2618 3009 2674 est,
3045 2609 3363 2678 positusque
3395 2609 3445 2662 in
3488 2602 3762 2660 monasterio

2232 2700 2290 2755 S.
2322 2702 2553 2756 Andreae
2594 2703 2660 2756 ad
2692 2702 2883 2771 pedem
2933 2701 3131 2756 montis
3161 2700 3418 2771 Siraptis,
3447 2700 3527 2754 cui
3572 2696 3759 2750 vicinum

2228 2799 2311 2843 est
2351 2801 2626 2854 castrum,
2666 2791 2753 2844 ubi
2806 2802 2997 2860 captus
3043 2791 3094 2844 in
3149 2792 3397 2845 custodia
3450 2787 3756 2843 tenebatur.»

2230 2880 2361 2935 Tale
2421 2890 2505 2936 est
2546 2882 2598 2935 in
2661 2884 3028 2937 vetustissimo
3081 2882 3171 2935 illo
3213 2882 3447 2949 fideique
3504 2877 3763 2948 dignissimo

2230 2984 2578 3031 monumento
2617 2975 2878 3030 Landuiui
2933 2975 3166 3046 elogimu
3207 2976 3261 3029 in
3307 2990 3414 3045 quo
3444 2988 3567 3028 sane
3611 2986 3667 3025 ne
3702 2967 3763 3021 vel

2230 3067 2449 3121 verbum
2476 3068 2733 3130 occurrit,
2763 3083 2793 3121 e
2832 3081 2939 3136 quo
2978 3066 3141 3121 fuisse
3174 3066 3325 3120 illum
3354 3066 3480 3120 eleri
3505 3059 3759 3121 Remensis,

2230 3168 2503 3228 utcunque
2548 3158 2791 3227 colligas.
2826 3157 2937 3212 lmo
2984 3172 3136 3221 vero,
3187 3172 3314 3211 cum
3348 3158 3556 3211 natione
3600 3152 3766 3207 Tuscus

2229 3247 2394 3303 fuisse
2425 3248 2584 3317 elogii
2634 3247 2793 3310 illius,
2830 3248 2935 3302 huc
2972 3247 3086 3318 jam
3116 3247 3456 3317 transcripti,
3488 3243 3626 3299 initio
3650 3240 3766 3295 dica-

2230 3347 2336 3403 tur,
2368 3338 2595 3392 alterius
2627 3340 2804 3408 potius
2825 3338 2975 3401 cleri,
3010 3354 3171 3407 quam
3208 3337 3496 3391 Bernensis
3534 3334 3677 3388 fuisse
3700 3329 3763 3384 vi-

2227 3431 2404 3486 detur.
2460 3429 2741 3484 Landuino
2794 3431 3041 3498 proxime
3094 3428 3267 3500 Guigo
3325 3428 3586 3497 subjungit
3620 3423 3767 3477 ambos

2227 3525 2565 3594 Stepltanos,
2608 3522 2942 3593 Burgensem
2992 3539 3196 3587 unum,
3237 3524 3488 3577 Dieuscm
3538 3519 3765 3578 altetutn.

2226 3617 2316 3683 qui
2354 3629 2478 3668 cum
2512 3613 2732 3678 fuerint,
2763 3623 2897 3667 teste
2937 3615 3125 3667 eodem
3171 3613 3437 3683 Guigone,
3470 3610 3525 3666 S.
3558 3608 3661 3663 llufi
3700 3620 3767 3660 ca-

2227 3707 2427 3770 nonici,
2472 3705 2749 3777 regulares
2790 3705 3021 3770 scilicet,
3048 3705 3175 3759 clcri
3215 3705 3499 3759 Bernensis
3520 3700 3680 3758 cletiei
3705 3698 3767 3751 in-

2226 3798 2388 3853 dubie
2420 3813 2526 3851 non
2577 3797 2811 3852 fuerunt.
2845 3796 2983 3851 Audi
3026 3796 3263 3859 interim,
3295 3796 3392 3865 qui
3433 3778 3498 3849 de
3551 3788 3766 3846 ambobus

2226 3888 2331 3943 illis
2360 3889 2656 3954 canonicis,
2699 3898 2757 3942 ut
2802 3904 2923 3959 qua:
2961 3889 3028 3943 ad
3070 3888 3291 3943 eosdem
3325 3894 3585 3958 spectant,
3631 3879 3768 3948 magis

2225 3980 2580 4044 elucidentur,
2608 3979 3000 4034 Carthusianus
3041 3995 3348 4050 anonymus
3384 3979 3656 4032 Annalium
3699 3986 3765 4026 or.

2224 4072 2368 4126 diuis
2395 4073 2475 4126 sui
2509 4070 2629 4125 libri
2661 4072 2839 4141 quarti
2864 4072 3127 4125 hactenus
3156 4069 3482 4141 nonvulgati
3506 4077 3678 4122 auctor
3698 4076 3766 4115 su-

2226 4179 2321 4233 pra
2349 4162 2647 4235 sazpiss'itne
2681 4165 2929 4221 laudatus
2964 4165 3237 4235 loquatur.

2292 4254 2419 4309 456.
2457 4274 2477 4305 ‹
2506 4256 2549 4307 Α
2575 4254 2819 4324 Guigone
2839 4295 2854 4319 ,
2883 4271 2903 4306 ι
2938 4255 3132 4324 inquit,
3173 4273 3192 4305 ι
3217 4255 3473 4310 dicuntur
3494 4250 3767 4323 simpliciter

2226 4344 2353 4415 (duo
2399 4344 2660 4414 Stephani
2712 4346 2956 4416 scilicet)
2996 4365 3015 4397 ι
3067 4347 3313 4403 canonici
3372 4346 3540 4402 sancti
3581 4344 3684 4397 llufi
3725 4347 3765 4391 ct

531 4458 661 4498 cum
698 4442 755 4497 in
802 4441 1092 4497 solitudine
1144 4438 1597 4495 Siccw-Foutana:
1623 4439 1734 4509 jant
1790 4446 2120 4502 versaretur,
2156 4477 2199 4535 Β
2231 4452 2249 4483 ι
2293 4435 2561 4489 desiderio
2590 4436 2711 4490 vitze
2734 4437 3009 4504 solitariae,
3041 4438 3238 4493 abbate
3269 4437 3507 4503 favente,
3535 4449 3645 4491 sese
3668 4446 3767 4486 Salt-

534 4534 919 4589 vcrositniliter
956 4533 1055 4587 sibi
1105 4533 1358 4587 habuerit
1400 4532 1702 4601 adjunctus,
1735 4547 1827 4585 sex
1877 4530 2125 4585 ινίιΙι-Ιξορι

529 4639 696 4695 supra
738 4638 767 4677 a
802 4621 1043 4693 Guigone
1094 4633 1461 4689 enumeratos,
1505 4623 1722 4679 Petrum
1769 4638 1834 4677 ac
1866 4621 2124 4675 Lamber-

530 4726 671 4783 tum,
728 4716 781 4770 in
810 4715 1028 4770 laudata
1065 4729 1095 4769 e
1127 4716 1433 4771 Mabillonio
1456 4717 1645 4770 charta
1689 4724 2035 4774 memoratos,
2068 4724 2119 4767 et

532 4803 823 4860 nennullos
875 4804 1014 4858 forte
1048 4804 1223 4858 adhuc
1260 4803 1415 4869 alios,
1446 4806 1536 4873 qui
1592 4820 1698 4859 una
1738 4819 1861 4859 cum
1911 4802 2122 4858 duobus

534 4898 688 4953 hisee
740 4896 792 4951 in
846 4896 1137 4951 solitudine
1196 4896 1664 4952 Siccae-Fontanm
1710 4897 1908 4953 versati
1972 4898 2118 4962 sint,

533 4988 755 5058 quando
783 4988 905 5042 inde
943 5002 1066 5041 cum
1102 4988 1433 5042 enumeratis
1473 5004 1502 5041 a
1533 4988 1775 5059 Guigone
1802 4990 1962 5043 sociis
1990 5004 2119 5043 San-

526 5088 654 5134 ctus
684 5088 887 5143 noster,
933 5077 1106 5132 locum
1135 5080 1412 5149 proposito
1453 5094 1550 5133 suo
1579 5082 1921 5149 exsequendo
1946 5080 2120 5148 aptio-

533 5188 649 5229 rem
682 5174 1028 5242 quazsiturus,
1081 5171 1506 5243 Gratianopolitn
1537 5173 1605 5227 ad
1655 5172 1931 5241 llugonem
1981 5174 2120 5228 Grao

527 5262 979 5335 tianopolitanum
1010 5263 1320 5334 episcopum
1360 5279 1417 5319 se
1453 5264 1699 5319 contulit.
1735 5264 1933 5318 Verum
1962 5279 2029 5317 an
2061 5265 2114 5319 hi

527 5348 729 5410 omnes
753 5368 783 5408 e
812 5352 959 5409 clero
1003 5352 1253 5408 Remensi
1280 5353 1538 5408 exstitere
1562 5354 1585 5407 ?
1613 5352 1804 5408 Fuisse
1828 5354 2112 5423 quosdam,

505 5445 619 5516 qui
667 5460 791 5499 cum
846 5452 1032 5500 sancto
1076 5445 1128 5499 in
1182 5443 1529 5499 solitudinem
1585 5459 1711 5499 sese
1760 5458 2034 5515 recepere,
2084 5460 2116 5501 e

529 5537 675 5593 clero
704 5536 984 5601 Remensi,
1019 5536 1270 5592 Historiae
1294 5537 1574 5592 litterariae
1606 5537 1851 5592 Francia:
1880 5538 2113 5607 scripto—

527 5634 618 5688 res
641 5640 771 5686 tom.
801 5630 891 5695 IX,
935 5646 1055 5702 pag.
1099 5632 1228 5700 9.56,
1252 5644 1358 5687 non
1404 5631 1635 5687 obscure
1670 5632 1886 5687 docent.
1916 5632 2015 5686 Ast
2044 5646 2111 5686 an

526 5735 654 5778 vere
680 5736 710 5777 e
748 5721 895 5779 clero
927 5722 1014 5779 illo
1046 5722 1236 5782 Petrus
1266 5733 1321 5780 ct
1362 5723 1700 5791 Lambertus,
1731 5724 1823 5793 qui
1852 5740 1917 5780 ex
1950 5723 2110 5780 dictis

2237 4544 2253 4575 ι
2301 4537 2388 4579 cto
2418 4526 2652 4580 Brunoni
2685 4528 3054 4598 conjunxisse.
3095 4546 3113 4581 ι
3152 4530 3259 4584 Sed
3295 4542 3474 4582 utrum
3507 4528 3684 4580 fuerint
3716 4532 3765 4573 ex

2229 4618 2345 4685 ipso
2383 4619 2567 4672 Sancti
2603 4619 2722 4674 llnfi
2770 4621 3101 4676 monasterio
3138 4622 3300 4676 totius
3347 4621 3550 4676 ordinis
3589 4615 3764 4685 capite.

2225 4720 2317 4765 aut
2344 4724 2411 4766 ex
2451 4712 2632 4781 aliquo
2672 4714 2911 4783 ejusdem
2964 4714 3192 4779 ordinis,
3246 4730 3351 4770 non
3388 4717 3564 4770 habet.
3608 4710 3765 4765 Serius

2225 4813 2344 4873 post
2390 4819 2720 4877 anoaytnutn
2767 4815 3044 4861 auctorem
3092 4806 3227 4861 Vita:
3288 4808 3461 4862 sancti
3515 4800 3764 4861 Brnnonis,

2222 4896 2476 4962 operibus
2530 4897 2671 4952 illius
2721 4897 2885 4967 (apud
2925 4896 3274 4952 Bertholdum
3321 4897 3682 4955 Remboldum,
3724 4897 3767 4942 ιιι

2223 5002 2385 5057 supra
2427 4988 2607 5054 docui,
2663 4989 2903 5059 excusis)
2947 4989 3204 5058 praafixze,
3235 4990 3443 5053 scribit,
3493 5002 3583 5042 eos
3631 4983 3767 5037 luis“:

2221 5082 2467 5136 alunmos
2496 5081 2804 5135 monasterii
2832 5078 3015 5135 Sancti
3049 5081 3583 5151 Rufi,quody,uidcm
3598 5091 3688 5129 non
3702 5082 3768 5125 est

2222 5172 2593 5237 iuverisimile,
2625 5187 2681 5228 at
2709 5186 2857 5228 errat
2883 5189 3005 5228 cum
3035 5189 3132 5228 suo
3153 5189 3444 5246 anonymo,
3468 5175 3642 5229 dicens
3677 5182 3769 5221 mo-

2221 5265 2513 5319 nasterium
2546 5264 2673 5318 illud
2706 5280 2864 5320 secus
2904 5263 3206 5319 Valentiam
3261 5274 3386 5319 tunc
3432 5264 3597 5319 fuisse
3659 5271 3767 5311 con-

2220 5358 2488 5412 stitutum.
2524 5356 2615 5412 Sic
2643 5359 2787 5411 enim
2833 5360 3087 5427 praefatos
3120 5357 3421 5427 Stephanus
3452 5371 3572 5411 cmn
3609 5356 3767 5407 snurlo

2219 5449 2471 5503 Brunone
2516 5449 2723 5503 inducit
2769 5450 3140 5518 colloquentes
3174 5464 3188 5503 :
3224 5468 3243 5500 ι
3286 5449 3400 5505 Νοιι
3427 5449 3629 5518 longea
3680 5438 3766 5491 Var

2224 5559 2241 5590 ι
2287 5540 2472 5603 lentia,
2527 5540 2611 5594 cui
2646 5550 2890 5593 nostrum
2921 5539 3107 5593 Sancti
3142 5539 3259 5593 lluti
3291 5540 3499 5607 a'ljacet
3524 5535 3766 5589 monaste-

2221 5650 2240 5684 ι
2286 5633 2448 5699 rium,
2493 5648 2660 5703 prope
2702 5631 2898 5687 fluenta
2950 5632 3197 5685 Rhodani
3249 5633 3301 5685 in
3337 5629 3630 5687 confinibus
3654 5621 3767 5675 dim-

2221 5743 2241 5778 ι
2283 5725 2424 5782 cesis
2451 5725 2680 5792 Diensis,
2710 5728 2849 5783 unde
2872 5725 3009 5781 alter
3036 5736 3282 5782 nostrum
3327 5724 3584 5795 originem
3615 5712 3766 5777 duxit.
