3814 6306
134 329 208 383 2,5
1587 305 1787 362 aen.

3196 305 3307 364 266

137 466 152 500 ι
183 453 244 497 ρει
274 437 436 494 civitas
481 426 898 502 Gratianopolis,
929 447 946 481 ι
984 435 1091 484 etc.
1122 427 1322 482 Verum
1379 431 1614 487 constat,
1647 424 1693 478 A
1721 420 1910 487 fuisse,
1951 417 2218 490 hujusque
2247 419 2490 473 alumnos
2513 419 2696 474 exstiti
2716 435 2789 475 ,sc
2811 419 2947 475 duos
2973 419 3308 496 Stephanus,

136 532 340 591 abbatiam
365 525 536 582 Sancti
564 523 710 589 Ruﬁ,
733 521 1120 578 canonicorum
1171 517 1500 591 regularium
1529 530 1625 570 ca-

135 635 214 699 put,
246 617 462 693 primitus
511 613 677 670 fuisse
719 621 1088 668 constructam
1145 610 1425 666 Avenione
1472 615 1629 664 extra

135 717 287 770 urbem.
333 727 350 761 ι
377 707 468 763 Ast
491 706 778 770 fremente,
811 723 830 757 ›
866 703 1041 774 inquit
1097 700 1394 770 Chopinus,
1436 699 1534 757 lib.
1589 715 1628 752 ιι

133 805 304 859 llouast.
332 797 462 854 titul.
489 812 528 861 ι,
566 810 722 848 num.
756 794 810 857 1,
855 792 1137 848 Albiorum
1180 787 1629 861 (Albigensium)

135 914 150 946 ι
179 892 286 948 bello
307 905 464 954 sacro,
490 887 665 942 coacti
701 894 828 940 sunt
853 882 1086 954 religiosi
1131 881 1378 935 homines
1408 879 1516 935 alio
1541 895 1629 936 se-

135 1006 148 1039 ι
175 986 244 1040 des
265 984 484 1052 laresque
516 979 819 1036 transferre
857 977 1160 1031 Valentiam
1188 989 1380 1032 versus
1409 974 1631 1045 Delphi-

135 1096 146 1126 ι
178 1083 340 1137 natum,
367 1071 448 1126 ubi
484 1069 794 1125 emnobiutn
837 1066 1014 1137 majus
1044 1065 1191 1121 beati
1243 1063 1366 1118 Ruﬁ
1410 1064 1632 1120 nomine

133 1183 146 1213 σ
176 1162 372 1231 erigitur.
406 1179 424 1212 ι
457 1157 716 1227 Hancque
753 1154 1160 1210 translationem
1208 1152 1409 1208 factam
1459 1152 1629 1208 fuisse

131 1260 278 1305 tantum
297 1263 423 1302 anno
452 1247 590 1302 1210
618 1245 864 1302 scribunt
893 1242 1320 1309 Sammarthani,
1351 1242 1440 1296 alii
1467 1242 1630 1298 altius

128 1356 209 1396 eam
240 1339 476 1404 referunt;
517 1339 614 1393 sed
662 1336 798 1391 nihil
828 1338 895 1390 ad
942 1351 1062 1390 nos.
1112 1334 1254 1404 Ergo
1309 1331 1628 1404 Corrigenda

128 1443 332 1501 :untqute
366 1431 495 1500 apud
539 1428 762 1484 Surium
798 1437 850 1482 et
896 1427 1031 1482 alios
1074 1427 1390 1481 lectitantur
1427 1427 1494 1482 de
1533 1441 1630 1480 eo-

129 1524 208 1576 dem
243 1521 545 1576 monasterio
577 1519 734 1588 juxta
776 1519 1077 1574 Valentiam
1123 1517 1446 1581 constituto,
1481 1515 1630 1586 quod

126 1613 250 1666 adhuc
265 1612 420 1665 stabat
441 1609 600 1680 juxta
625 1609 961 1664 Avcnionem
1001 1616 1245 1677 tempore
1277 1607 1510 1660 instituti
1541 1621 1630 1661 or-

127 1702 621 1758 dinisCarthusiensis.
645 1701 802 1772 Apud
827 1700 1277 1756 Sarnmarthanos
1310 1699 1429 1754 loco
1460 1699 1628 1753 citato

1735 509 2069 581 Burgensem
2099 520 2154 566 et
2187 511 2462 575 Diensem,
2493 509 2679 568 Sancti
2711 514 2880 568 nostri
2904 515 3100 570 socios.

1805 604 1931 660 458.
1971 604 2048 659 Ac
2073 604 2304 674 primum
2337 604 2556 673 quidem
2590 614 2779 660 contra
2809 605 3320 679 Surium,huncque

1735 713 2068 768 praegressos
2115 697 2416 752 Puteanum
2451 707 2507 752 et
2542 696 3024 768 Blomenveunam,
3057 701 3149 771 qui
3197 719 3317 758 mo-

1735 789 2035 845 nasterium
2069 789 2197 843 illud
2224 788 2484 844 Valentia}
2515 797 2642 844 tunc
2684 789 2854 844 fuisse
2877 791 3172 862 adjectum,
3202 796 3318 850 afﬁ—

1731 889 1818 935 cta
1857 896 1888 932 a
1918 894 2040 934 sese
2078 878 2232 932 alteri
2270 896 2301 933 e
2328 877 2619 948 Stephanis
2657 879 2909 936 oratione
2939 882 3198 951 indicant,
3236 885 3320 939 in-

1733 967 2037 1022 dubitatum
2066 967 2229 1022 eﬁicit
2256 985 2271 1030 ;
2302 969 2446 1038 quod
2469 984 2596 1024 vero
2635 970 2703 1024 ad
2734 970 3030 1026 secundum
3061 974 3316 1042 pertinet,

1733 1057 2043 1114 veresimile
2091 1057 2282 1113 saltem
2323 1057 2378 1112 id
2435 1058 2630 1114 reddit.
2682 1059 2883 1115 Verum
2945 1060 3318 1134 cujuscunque

1732 1147 1950 1204 demum
1993 1149 2307 1206 monasterii
2331 1149 2864 1207 alumniexstitcrint
2900 1153 3006 1210 duo
3031 1156 3313 1225 Stephani,

1730 1241 1980 1298 canonici
2009 1243 2261 1312 equidem
2295 1243 2572 1312 regulares
2605 1245 2842 1312 fuerunt,
2874 1262 2934 1303 ac
2961 1249 3138 1318 proin,
3171 1252 3316 1319 quod

1730 1333 1838 1388 huc
1875 1333 2220 1404 potissimum
2274 1343 2505 1402 spectat,
2551 1335 2770 1390 indubie
2825 1354 2984 1392 noue
3023 1339 3168 1395 clero
3209 1340 3319 1396 Rc-

1730 1422 1923 1485 mcnsi,
1962 1430 2022 1476 ut
2051 1437 2211 1492 supra
2237 1422 2348 1491 jam
2375 1439 2578 1478 inonut.
2617 1423 2877 1494 Superest
2903 1427 3314 1498 utdelfugone,

1729 1514 1842 1583 qui,
1867 1529 1898 1568 e
1925 1512 2088 1568 sociis
2118 1511 2175 1566 S.
2205 1513 2508 1567 Brunonem
2541 1515 2606 1567 ad
2646 1513 2920 1584 llugonem
2955 1515 3317 1589 Gratianopo-

1727 1603 1952 1657 litanum
1996 1603 2311 1673 epis'COpum
2356 1605 2648 1672 comitatis,
2709 1606 2899 1661 ultimo
2957 1607 3075 1662 loco
3139 1612 3314 1663 nomi-

1728 1703 1928 1759 natur,
1961 1692 2394 1762 qualemcunque
2445 1696 2692 1748 nuntiam
2745 1711 2886 1750 nunc
2935 1697 3144 1752 dcmus.
3180 1699 3319 1754 Eum

127 1802 279 1846 mum
301 1793 478 1850 quem
509 1793 716 1850 Urbani
740 1808 890 1863 papae
918 1793 1135 1860 [Ldam
1160 1806 1305 1846 anno
1336 1789 1492 1855 1096,
1516 1791 1634 1860 qui.
1665 1803 1710 1861 Β
1738 1783 1997 1838 Morotius
2031 1784 2084 1838 in
2115 1783 2351 1838 Tlteatro
2367 1785 2752 1856 clirouologico
2781 1788 2924 1842 sacri
2948 1790 3156 1844 ordinis
3183 1790 3317 1846 (lar-

126 1883 192 1935 bus
228 1900 436 1940 summus
501 1885 752 1955 pontifex
805 1883 1093 1940 conﬁrmat
1156 1882 1388 1938 abbatia:
1441 1880 1629 1938 Sancti

125 1973 205 2028 lluli
225 1985 354 2030 extra
368 1993 548 2032 muros
574 1978 979 2033 Avenionenscs
992 1976 1255 2032 ecclesias
1275 1975 1488 2030 Sancta:
1515 1974 1629 2029 Ma-

127 2069 186 2120 ria:
205 2067 316 2122 infra
343 2075 521 2125 urbem
545 2069 966 2139 Lugdunensem
991 2079 1048 2126 et
1085 2069 1274 2125 Sancti
1298 2068 1446 2124 Petri
1471 2083 1630 2124 secus

124 2155 245 2212 Diam.

166 2247 258 2304 157.
279 2269 294 2302 ι
316 2250 492 2308 Posset
529 2253 750 2323 quidem
778 2252 916 2319 ﬁeri,
943 2254 1135 2308 ambos
1157 2262 1374 2307 nostros
1401 2250 1632 2322 Stepha-

121 2353 188 2393 nos
207 2343 455 2399 canonicos
502 2344 678 2399 fuisse
724 2342 961 2414 prmfatat
995 2343 1237 2399 ecclesia:
1262 2344 1450 2400 Sancti
1483 2343 1630 2399 Petri

125 2429 290 2497 Diensis,
326 2433 411 2487 sed
459 2449 572 2488 non
608 2443 844 2498 constat,
874 2450 944 2490 an
991 2433 1098 2489 illis
1145 2435 1483 2504 temporibus
1531 2435 1630 2488 hu-

120 2521 289 2590 jusmodi
315 2524 552 2582 ecclesia:
601 2527 716 2582 sive
740 2528 1033 2597 prioratus,
1057 2543 1192 2597 quas
1242 2537 1296 2583 et
1331 2527 1495 2584 cellas
1540 2542 1632 2580 vo-

125 2613 282 2681 cabant,
314 2619 542 2674 novitios
585 2619 943 2674 admitterent
981 2619 1049 2674 ad
1093 2618 1483 2688 proﬁtendum,
1538 2626 1632 2671 aut

121 2705 336 2760 canonicos
362 2707 471 2778 jam
523 2709 803 2778 professos
847 2725 916 2764 ex
969 2710 1456 2766 archimonasterio
1491 2711 1635 2764 Ave-

123 2794 302 2851 nioncnsi
345 2800 675 2870 reciperent,
707 2811 766 2854 ut
811 2800 1082 2871 conjicere
1106 2801 1212 2855 erit
1261 2817 1329 2856 ex
1388 2799 1630 2870 subjecto

121 2886 313 2956 exemplo.
345 2887 485 2944 Inter
538 2889 729 2944 titulos
778 2890 921 2944 infra
973 2905 1175 2945 annum
1222 2891 1405 2945 obitus
1454 2889 1629 2944 sancti

121 2971 318 3032 Brunonis
339 2981 675 3051 conscriptos
716 2981 910 3050 legitur
949 2981 1160 3036 Titulus
1199 2981 1430 3036 fratrum
1455 2983 1628 3036 sancti

121 3059 199 3119 Rufi
221 3068 262 3121 in
286 3069 432 3124 Costa
464 3071 653 3126 Sancti
697 3073 946 3136 Andreae,
975 3073 1026 3126 in
1050 3071 1248 3127 ﬁnibus
1275 3071 1627 3142 Allobrogum

115 3153 219 3219 juxta
243 3158 481 3218 Viennam
532 3165 898 3234 metrepolim,
926 3166 978 3220 in
1010 3180 1118 3236 quo
1147 3164 1326 3219 'l‘itulo
1352 3165 1516 3236 (inter
1540 3177 1628 3218 rc-

70 3307 75 3314 .
120 3250 319 3307 mittendos
347 3254 426 3326 14)
459 3257 542 3311 sic
583 3255 875 3326 loquuntur
904 3256 1147 3312 canonici
1185 3254 1424 3326 ejusdem
1453 3253 1626 3311 eccle—

120 3336 367 3398 siam-Nos
416 3345 624 3401 fratres
666 3360 734 3400 ex
770 3346 1046 3402 canonicis
1080 3346 1264 3402 Sancti
1309 3345 1431 3400 Ruﬁ
1478 3360 1628 3400 coni-

123 3443 134 3474 ι
164 3443 386 3490 morantes
419 3437 469 3490 in
506 3436 748 3506 quadam
772 3435 961 3491 cellula
1005 3436 1192 3491 Sancti
1219 3436 1475 3498 Andrem,
1507 3450 1627 3504 quae

121 3535 134 3566 ι
162 3522 284 3592 vulgo
303 3523 453 3582 Costa
484 3536 738 3594 vocatur,
769 3543 866 3597 pro
885 3527 1112 3595 piissimi
1149 3527 1332 3582 anima
1360 3527 1625 3581 Brunonis

121 3627 134 3657 ι
162 3626 235 3679 per
259 3627 442 3686 septem
466 3620 588 3675 dies
634 3619 979 3674 continuatos
1029 3619 1320 3673 matutinas
1345 3627 1398 3674 et
1435 3619 1628 3672 missas

121 3705 522 3766 «celebrabimus.
568 3711 632 3765 Et
683 3713 839 3766 sicuti
879 3712 970 3766 uni
1015 3725 1081 3766 ex
1123 3712 1278 3766 nobis
1314 3725 1410 3780 pro
1433 3710 1627 3765 animae

121 3811 133 3840 ί
164 3794 248 3855 ejus
292 3801 472 3858 solatio
504 3805 851 3874 praebendam
881 3803 1149 3860 dabimus.
1184 3803 1253 3858 Et
1297 3804 1349 3858 in
1381 3803 1627 3874 catalogo

121 3902 132 3932 ι
161 3886 340 3948 fratrum
378 3905 688 3949 nostrorum
731 3911 926 3950 nomen
963 3897 1080 3968 ejus
1111 3897 1373 3967 scriptum
1407 3896 1626 3950 habebi-

30 4019 32 4048 i
122 3990 134 4021 ι
164 3993 268 4034 tuus.
289 4003 304 4034 ι
335 3983 462 4039 Cum
492 4002 557 4040 se
585 3987 764 4041 dicant
797 4006 816 4037 ι
847 3987 1067 4043 Fratres
1091 4003 1156 4043 ex
1184 3989 1464 4044 canonicis
1490 3989 1628 4044 San-

30 4057 34 4150 ί
122 4069 213 4123 icti
257 4071 361 4130 Ruﬁ
412 4089 817 4134 commorantes
843 4081 897 4134 in
929 4080 1160 4150 quadam
1197 4078 1387 4135 cellula
1441 4079 1627 4135 Sancti

121 4174 132 4204 ι
161 4162 357 4233 Andreae,
394 4190 412 4221 ι
447 4181 583 4234 etc.,
613 4181 798 4240 aperte
829 4171 1079 4237 innuunt,
1103 4187 1162 4226 se
1184 4172 1353 4227 fuisse
1381 4173 1627 4227 alumnos

117 4251 353 4325 principalis
394 4263 633 4316 abbatia:
683 4262 868 4319 Sancti
895 4263 1139 4320 Ruﬁ.Ex
1171 4281 1277 4335 qua
1329 4267 1492 4321 etiam
1529 4283 1626 4320 no-

30 4359 34 4430 Ξ
117 4345 214 4394 siros
255 4346 546 4418 Stephanos
603 4352 771 4407 fuisse
814 4353 1157 4410 verisimilius
1215 4363 1318 4420 est,
1367 4365 1424 4410 et
1480 4365 1627 4411 recte

117 4426 398 4516 colligendum
429 4441 648 4495 videtur
675 4457 742 4497 ex
785 4443 966 4498 verbis
993 4443 1252 4514 Guigonis
1282 4445 1478 4510 nostri,
1506 4447 1627 4516 qui-
1666 4431 1670 4436 ’

1738 1876 2030 1930 thusiensis
2056 1875 2202 1930 inter
2227 1875 2444 1944 Majoris
2463 1876 2766 1932 Carthusim
2790 1878 2998 1944 priores
3021 1880 3139 1935 loco
3162 1894 3318 1938 sexto

1734 1965 2001 2032 collocat,
2049 1965 2406 2035 sequentiquc
2460 1975 2618 2020 ornat
2681 1967 2904 2036 elogio:
2949 1988 2966 2021 ι
3018 1971 3172 2042 litigo
3222 1988 3317 2028 sex

1733 2057 2021 2126 Brunonis,
2048 2075 2077 2111 a
2119 2060 2318 2112 mundo
2343 2060 2666 2125 recedentis,
2698 2074 3118 2132 symmystarum
3151 2081 3319 2136 quar-

1735 2158 1821 2204 tus
1845 2160 1898 2205 et
1917 2151 2182 2220 capellani
2225 2152 2379 2207 titttlo
2409 2169 2438 2206 a
2481 2155 2701 2224 reliquis
2725 2157 3034 2222 distinctus,
3055 2159 3218 2228 quod,
3253 2161 3321 2215 iis

1733 2241 2037 2295 sacerdotio
2079 2242 2300 2296 minime
2338 2244 2586 2312 initiatis,
2621 2263 2650 2300 a
2677 2262 2848 2303 sacris
2881 2248 3042 2315 foret,
3089 2253 3318 2307 Cat-thu-

1731 2331 1890 2400 siam,
1925 2333 2102 2402 primo
2148 2349 2258 2388 sua:
2287 2339 2660 2394 conversionis
2708 2353 2949 2413 tempore
2983 2346 3316 2414 inchoatam,

1731 2427 1888 2484 eﬁ‘eta
1913 2428 2024 2496 jam
2061 2439 2220 2484 actate
2250 2431 2471 2488 biennio
2495 2435 2653 2492 rexit.
2682 2435 2760 2490 Eo
2788 2448 2979 2494 exacto
2999 2482 3012 2506 ,
3041 2457 3323 2498 successo-

1733 2536 1848 2574 rem
1883 2521 2041 2574 eniae
2073 2521 2425 2589 deprecatum
2457 2523 2792 2582 lmtahuudus
2820 2544 2945 2584 cum
2995 2533 3320 2601 excepisset,

1733 2612 2078 2682 septennium
2124 2614 2446 2682 supervixit,
2483 2631 2592 2686 quo
2621 2627 2729 2673 toto
2776 2634 2896 2676 sesc
2927 2623 2994 2677 ad
3045 2625 3323 2680 aeternita-

1735 2708 1842 2754 tem
1897 2702 2218 2768 composuit.
2256 2723 2274 2754 ι
2309 2703 2504 2774 Guigo,
2533 2706 2758 2775 quintus
2797 2709 3100 2767 Carthusizc
3145 2715 3318 2783 prior,

1733 2804 1875 2842 anno
1912 2789 2049 2843 1157
2079 2790 2218 2844 diem
2267 2799 2572 2847 extremum
2615 2795 2842 2862 clausit;
2869 2814 3061 2868 quare,
3098 2807 3144 2856 si
3191 2819 3322 2859 vera

1730 2880 1820 2935 hic
1843 2891 2109 2936 memoret
2140 2881 2418 2949 Merotius,
2459 2887 2524 2939 ad
2552 2902 2751 2940 annuat
2791 2905 2960 2959 usque
2993 2891 3124 2948 1145
3150 2896 3320 2950 vitam

1731 2970 1886 3041 llugo
1935 2974 2290 3042 protraxerit,
2342 2985 2400 3028 ut
2451 2979 2618 3032 verba
2663 2979 2946 3048 scriptoris
3003 2984 3163 3053 hujus
3199 2987 3319 3054 jam

1731 3079 1874 3118 nunc
1924 3064 2151 3118 recitata
2202 3066 2568 3121 consideranti
2615 3071 2840 3138 patebit.
2869 3072 2958 3129 .Ut
2979 3082 3036 3128 ut
3067 3089 3153 3132 res
3201 3079 3321 3133 haec

1657 3171 1701 3233 ρ
1732 3154 1950 3222 habeat,
2007 3155 2142 3210 nihil
2174 3157 2425 3226 equidem
2473 3159 2653 3213 verbis
2710 3163 2950 3220 recitatis
3012 3169 3321 3238 suppeditat

1729 3243 2014 3312 Morotius,
2061 3247 2202 3301 unde
2237 3245 2513 3316 llugonem
2562 3248 2728 3305 fuisse
2754 3265 2784 3305 e
2832 3253 2978 3310 ειυιο
3017 3256 3271 3315 Remensi
3299 3303 3316 3328 ,

1728 3347 2001 3408 utcunque
2047 3337 2344 3405 conﬁcias,
2387 3356 2450 3394 ac
2495 3343 2651 3411 proin
2695 3343 2766 3409 id,
2804 3354 2988 3414 utpote
3019 3351 3162 3418 quod
3213 3367 3316 3409 nec

1732 3429 1946 3484 aliunde
2000 3431 2168 3500 possit
2220 3431 2460 3499 probari,
2495 3432 2784 3488 admodum
2817 3447 2895 3490 est
2934 3438 3179 3511 dubium,
3211 3435 3318 3501 etsi

1729 3522 1944 3576 interim
1976 3522 2106 3575 nihil
2141 3524 2304 3576 etiam
2336 3535 2609 3588 occurrat,
2638 3528 2782 3581 unde
2821 3527 3098 3600 llugonem
3137 3545 3204 3591 ex
3233 3511 3316 3593 al-

1731 3620 1847 3667 tero
1878 3612 2055 3681 potius
2099 3628 2263 3683 quam
2295 3628 2326 3668 e
2372 3599 2624 3670 Remensi
2679 3616 2826 3671 clero
2875 3599 3069 3687 fuisse.
3118 3630 3316 3686 merito

1731 3717 1944 3771 arguas.
1979 3703 2207 3756 Dubium
2236 3702 2441 3774 itaque,
2475 3706 2551 3759 uti
2585 3723 2648 3760 ex
2682 3708 2935 3766 omnibus
2973 3711 3026 3766 in
3074 3717 3313 3774 medium

1729 3797 1889 3851 modo
1935 3797 2180 3851 adductis
2213 3798 2412 3867 (neque
2457 3799 2603 3854 enim
2650 3800 2896 3858 Andreas
2926 3814 2980 3858 et
3018 3806 3310 3879 Guarinus,

1729 3897 1912 3956 utpote
1953 3888 2098 3955 laici,
2139 3892 2600 3946 commemorandi
2633 3892 2722 3948 hic
2771 3899 2917 3967 sunt)
2966 3902 3313 3962 manifestum

1728 3979 1974 4044 eflicitur,
2006 3989 2090 4034 est
2127 3980 2446 4048 admodum,
2486 3997 2554 4036 an
2588 3982 2725 4040 ullus
2756 3999 2788 4042 e
2815 3989 2977 4044 sociis
3001 4006 3136 4060 quos
3177 3994 3314 4049 San-

1729 4081 1866 4138 ctus,
1925 4070 2122 4126 saeculo
2176 4073 2422 4126 nuntium
2479 4075 2761 4131 remittens
2815 4076 3108 4150 Rcmisqne
3159 4099 3313 4142 exce-

1727 4162 1880 4228 dens,
1911 4162 2014 4218 sibi
2061 4161 2252 4217 habuit
2297 4163 2598 4234 adjunctos,
2643 4166 2774 4222 cleri
2807 4168 3091 4229 Remensis
3143 4180 3312 4232 exsti-

1730 4255 1876 4308 terit.

1796 4345 1922 4400 459.
1967 4346 2076 4402 Nec
2139 4347 2346 4418 aliquot
2404 4364 2468 4402 cx
2533 4351 2682 4406 hisce
2731 4352 2958 4412 clericos
3011 4357 3312 4422 Remenses

1730 4438 1917 4507 fuisse,
1948 4441 2300 4496 asseruisset"
2327 4442 2528 4496 laudazi
2557 4442 2805 4500 Historiae
2829 4447 3108 4508 litterariae
3137 4455 3314 4513 Frau-

118 4514 183 4573 bus
204 4525 330 4594 dicit,
362 4547 474 4600 eos,
512 4551 532 4584 ‹
574 4533 813 4589 Favente
856 4536 1072 4602 abbate,
1109 4557 1126 4590 ι
1163 4538 1255 4607 qui
1307 4555 1414 4594 non
1447 4514 1626 4610 potest
1653 4534 1702 4591 D
1728 4530 1826 4584 ciae
1900 4531 2231 4600 scriptores,
2291 4533 2334 4584 si
2409 4532 2846 4590 considerassent
2909 4540 3172 4602 Sanctum
3226 4549 3314 4605 bis

117 4621 194 4668 esse
230 4619 367 4688 alius,
399 4642 562 4695 quam
599 4626 767 4682 abbas
798 4627 986 4684 Sancti
1035 4628 1156 4682 Ruﬁ
1207 4631 1621 4696 Avenionensis,

30 4707 32 4710 ’
122 4715 236 4760 «sese
260 4724 432 4767 sancto
467 4715 706 4770 Brunoni
744 4716 1106 4786 conjunxisse.
1143 4738 1162 4770 ι
1196 4719 1466 4776 Ριωιεΐριι
1499 4738 1622 4777 cum

120 4795 265 4857 ltmfati
289 4807 551 4875 canonici,
590 4808 797 4862 cellulae
843 4809 1028 4866 Sancti
1071 4812 1302 4867 Andreae
1370 4821 1497 4869 tunc
1547 4816 1623 4868 in-

30 4919 32 4928 .
119 4883 222 4952 colae,
259 4900 452 4951 tantum
501 4897 825 4954 beneficium
874 4902 1204 4956 contulerint
1239 4913 1433 4960 sancto
1486 4905 1622 4959 Bru-

30 5011 32 5036 ;
121 4977 231 5046 noni,
271 4999 566 5058 nomenque
621 4989 736 5058 ejus
788 4991 1028 5064 catalogo
1094 4995 1322 5049 fratrum
1400 5011 1621 5050 suorum

120 5069 412 5160 fieripserint,
455 5095 561 5135 non
593 5082 727 5136 levis
772 5095 854 5137 est
895 5084 1230 5154 conjectura,
1257 5102 1350 5142 eos
1379 5087 1428 5141 id
1462 5088 1620 5142 beato

123 5147 206 5209 Viro
223 5170 552 5236 concessisse,
590 5175 901 5243 rogantibus
927 5175 1136 5231 duobus
1165 5177 1474 5247 Stephanis,
1507 5180 1620 5233 suis

30 5261 34 5330 ς
120 5251 320 5308 quondam
363 5259 416 5312 in
443 5263 706 5330 primario
733 5263 914 5320 Sancti
955 5264 1076 5321 Ruﬁ
1115 5271 1446 5323 monasterio
1477 5283 1625 5324 com-

30 5331 34 5428 ί
120 5331 394 5428 ἓξίιῐιοηῖδυε,
426 5359 555 5406 tunc
593 5369 720 5409 vero
749 5354 1229 5415 Carthusicnsibus
1263 5360 1562 5416 monachis.
1596 5381 1614 5413 ι

30 5417 34 5520 ξ
121 5417 321 5524 {humus
347 5437 737 5499 Carthusiauus
780 5456 970 5501 noster
997 5448 1262 5504 annalista
1291 5466 1616 5520 anonymus,

30 5531 32 5596 ε
223 5522 294 5578 hic
323 5532 654 5596 potissimum
699 5540 947 5596 evincere
983 5542 1334 5610 contendens,
1369 5543 1618 5600 videlicet

30 5647 32 5705 ε
123 5615 362 5705 ξῖπηξδΐίῦῐξι
403 5629 787 5686 canonieorum
836 5635 1160 5705 rcgnlarium
1199 5635 1256 5690 S.
1281 5635 1408 5692 Ruﬁ
1431 5653 1619 5692 mona-

123 5693 283 5752 tleriuin
322 5703 586 5769 Brunonis
630 5727 792 5775 natale
843 5693 1009 5793 prope
1070 5723 1400 5781 Avenionem
1453 5726 1615 5782 situm

30 5791 34 5874 Ι
234 5794 486 5868 Ιίτιιοι..
537 5808 714 5874 CLll.

1735 4621 1840 4674 alio
1890 4621 2241 4690 migraturum
2275 4623 2408 4676 urbe
2464 4624 2717 4680 Remensi
2767 4634 3097 4705 excessisse;
3132 4643 3313 4710 primo

1732 4713 1979 4783 quidem,
2037 4729 2145 4784 quo
2197 4715 2498 4772 Manassen]
2551 4722 3020 4797 archiepiscopum
3071 4735 3309 4804 vitaret,

1730 4822 1872 4860 anno
1923 4813 2216 4863 secundum
2248 4811 2360 4880 jam
2393 4813 2535 4868 dicta
2582 4817 2668 4871 vel
2718 4819 2853 4875 1076
2897 4825 2980 4879 vel
3011 4833 3258 4898 sequenti
3292 4853 3306 4897 ;

1730 4901 1960 4955 secundi.
2013 4911 2217 4968 autem,
2252 4913 2309 4959 ut
2361 4907 2413 4962 in
2459 4923 3031 4986 cremum,po.tquatu
3082 4924 3314 4994 pristino

1729 4991 1892 5046 statui
1945 5003 2034 5046 aut
2083 4993 2222 5050 forte
2273 4999 2435 5052 etiam
2485 5001 2715 5072 meliori,
2749 5005 2997 5068 Manassc
3043 4991 3304 5087 eapulso,

1728 5083 1911 5174 Remis
1957 5084 2237 5142 restitutus
2279 5088 2501 5157 fuisset,
2533 5109 2676 5150 anno
2710 5098 2838 5154 1081
2875 5113 2970 5156 aut
3022 5083 3217 5177 altero,
3248 5083 3310 5166 ut

1727 5192 1887 5246 supra
1935 5175 2048 5245 jam
2089 5178 2244 5234 docui
2272 5224 2284 5247 ,
2321 5197 2352 5237 e
2405 5184 2548 5240 binis
2597 5192 2951 5259 sequentibus
2986 5213 3000 5262 ;
3043 5214 3108 5254 ac
3155 5175 3306 5259 certe

1727 5271 1941 5348 quidem
1969 5273 2135 5341 priori
2162 5274 2296 5342 vice,
2329 5287 2384 5332 at
2413 5293 2515 5334 non
2544 5280 2670 5335 item
2699 5288 3005 5353 posteriori,
3040 5289 3303 5350 Sanctum

1726 5355 1788 5418 ex
1816 5373 1941 5420 ante
1989 5365 2147 5422 dictis
2180 5383 2244 5422 ac
2280 5370 2513 5427 maxime
2541 5387 2570 5426 e
2601 5373 2844 5432 Guiberti
2897 5380 3108 5438 abbatis
3137 5383 3306 5440 Novi-

1723 5455 1928 5526 genlini
1986 5457 2296 5514 testimonio
2341 5460 2568 5518 clericos
2617 5463 2820 5534 aliquot
2870 5467 3164 5530 Remenses
3208 5491 3303 5533 so-

1725 5547 1839 5602 cios
1870 5548 1970 5602 sibi
1999 5550 2254 5606 habuisse
2293 5553 2590 5628 adjunctus.
2618 5555 2788 5612 Porro
2809 5559 3072 5632 Guigonis
3111 5570 3299 5640 verba,

1725 5654 1873 5693 num.
1903 5639 2008 5694 4‘22
2043 5643 2147 5698 huc
2183 5646 2519 5713 transcripta,
2550 5646 2791 5701 ulteriori
2821 5651 2995 5709 adhuc
3021 5639 3301 5718 conamen;

1749 5731 1931 5787 atione
1963 5732 2220 5804 indigent.
2254 5737 2387 5790 Cum
2420 5737 2563 5792 enim
2604 5737 2669 5790 iis
2700 5737 2911 5795 dicatur
2941 5745 3115 5820 lingu,
3149 5767 3180 5808 e.
3209 5767 3298 5808 so.

2947 5837 2986 5900 9

3299 5925 3333 5940 ν
