3896 6312
561 280 666 333 267

1391 273 1447 329 s.
1475 273 1820 331 BRUNONIS
1845 271 2485 331 cau'rnusmuonuu
2514 263 3001 331 INSTITUTORIS
3095 237 3102 245 ’
3692 281 3775 340 εδδ

561 395 658 449 ciis
682 393 738 449 S.
775 392 1040 446 Brunonis
1069 406 1225 454 unus,
1263 389 1573 458 capellanns
1605 390 1901 459 appellatus
1951 390 2135 452 fuisse,
2171 394 2214 447 A
2244 399 2300 443 ut
2325 399 2506 460 postea
2527 390 2850 445 videbimus.
2875 391 2954 443 Ad
2977 391 3110 454 haec,
3131 391 3474 447 sacerdotem
3501 407 3612 450 sese
3630 396 3778 469 fuisse,

566 504 582 536 ι
605 499 668 538 eo
696 485 839 552 quod
863 483 1005 537 solus
1034 497 1100 535 ex
1132 479 1210 534 eis
1231 479 1528 534 sacerdotis
1557 478 1870 547 fungeretur
1897 478 2091 542 officio;
2121 499 2137 530 ι

561 575 726 642 qutm't
758 574 846 627 hic
891 572 1004 640 jam
1057 579 1252 640 potest,
1301 569 1479 638 primo
1531 570 1748 639 quidem
1799 584 1866 622 an
1914 568 2145 624 Sanetus

561 665 865 734 reliquique
892 662 1010 731 ejus
1037 671 1146 716 tres
1182 660 1363 716 clerici
1398 660 1549 722 socii,
1581 661 1742 715 ambo
1777 660 1988 716 scilicet
2022 659 2143 716 Ste-

559 755 723 825 phani
753 763 808 808 et
835 753 1146 808 Landuinus
1188 752 1493 808 sacerdotio
1524 767 1760 821 unquam
1791 751 1993 808 fuerint
2041 754 2144 808 ini-

560 846 697 911 tiati,
730 845 968 900 secundo
1013 854 1194 899 autem
1241 859 1308 897 an
1340 841 1596 906 Sanctus,
1633 841 1746 910 jam
1791 851 1902 896 tum
1929 858 2050 896 cum
2078 845 2144 898 ad

559 935 841 1006 llugonem
887 932 1452 1004 Gratianopolitanum
1515 932 1827 1003 episc0pum
1889 934 2140 998 accessit,

559 1028 626 1080 ad
655 1029 971 1097 dignitatem
1005 1027 1150 1081 illam
1201 1042 1303 1080 non
1353 1025 1514 1078 fuerit
1542 1034 1782 1080 evectus.
1810 1026 1876 1079 Et
1908 1025 2144 1081 Landui-

561 1133 688 1170 num
740 1116 960 1185 quidem
994 1115 1331 1183 alterumque
1359 1130 1388 1168 e
1429 1114 1638 1170 duobus
1673 1113 1986 1184 Stcphanis,
2018 1115 2144 1169 Bur-

559 1225 778 1280 gensem
829 1225 1042 1279 nempe,
1075 1209 1175 1263 etsi
1217 1217 1362 1272 tunc,
1401 1223 1520 1262 cum
1562 1207 1992 1278 Gratianopolim
2022 1225 2142 1262 cum

559 1300 811 1353 Brunone
865 1305 1154 1363 venerunt,
1222 1299 1534 1353 sacerdotes
1598 1299 1834 1353 nondum
1896 1299 2139 1364 fuerint,

559 1398 743 1458 postea
797 1396 974 1441 tamen
1004 1387 1070 1439 ad
1110 1386 1429 1455 dignitatem
1461 1389 1600 1441 hanc
1643 1386 1808 1442 fuisse
1842 1397 2141 1458 promotos,

557 1479 952 1532 Carthusianus
997 1487 1182 1532 noster
1231 1477 1502 1532 annalista
1551 1493 1851 1550 anonymus
1899 1489 1985 1533 sat
2022 1488 2143 1548 apte

557 1570 786 1634 probare
838 1567 1070 1621 videtur.
1128 1566 1302 1622 Verba
1357 1566 1476 1636 ejus
1521 1570 1748 1638 proinde
1787 1584 1851 1624 eo
1888 1569 2140 1625 facientia

555 1659 658 1712 huc
694 1658 999 1712 transcribo
1023 1677 1034 1712 :

2249 479 2477 548 ipsemet
2505 478 2734 534 Sanctus
2757 487 2943 534 noster
2978 495 3077 534 suo
3109 481 3162 533 in
3196 479 3480 550 Epistoltel
3525 484 3588 537 ad
3632 486 3783 544 Corin-

2249 570 2388 626 thios
2401 585 2520 639 cap.
2544 571 2624 634 10,
2642 569 3046 626 Commentario
3061 581 3332 642 utcunque
3349 573 3780 636 indieareridetur.

2245 660 2322 716 lbi
2343 661 2484 716 enim
2511 662 2587 717 sic
2610 663 2796 717 scribit
2825 679 2837 715 :
2872 681 2889 713 ι
2921 663 3254 732 Fugiendum
3280 664 3433 718 vobis
3462 675 3541 718 est
3566 681 3593 718 a
3615 669 3782 724 cultura

2248 751 2511 806 idolorum
2530 793 2545 818 ,
2573 753 2696 822 quia
2720 752 2856 807 calix
2876 795 2889 817 ,
2942 753 2993 807 id
3021 763 3105 808 est
3127 755 3346 824 sanguis
3379 754 3576 809 Christi
3603 797 3616 818 ,
3647 760 3783 824 calix,

2247 841 2367 914 dico
2390 884 2403 909 ,
2438 841 2830 897 benedictionis
2853 885 2868 908 ,
2924 858 3019 912 per
3054 859 3213 914 quem
3268 844 3660 900 benedictiones
3691 864 3786 918 gra-

2249 933 2444 986 tiarum
2481 934 2807 1002 accipimus,
2844 935 2970 1003 quia
3018 949 3114 1003 per
3148 934 3467 1006 sanguinem
3521 934 3726 1004 Christi,
3752 942 3783 995 si

2248 1025 2405 1093 digne
2435 1023 2699 1079 sumimus
2725 1065 2738 1091 ,
2776 1035 2828 1078 et
2858 1040 2887 1078 a
2926 1025 3199 1093 prioribus
3227 1026 3467 1096 peccatis
3501 1026 3784 1095 liberamur,

2246 1129 2301 1172 et
2354 1127 2541 1173 contra
2585 1119 2854 1172 venientia
2905 1118 3324 1172 confortamur:
3387 1119 3472 1172 cui
3525 1118 3668 1174 calici
3705 1138 3780 1177 nos

2248 1207 2640 1270 benedicimns,
2675 1207 2956 1260 laudantes
2979 1221 3100 1261 eum
3123 1249 3136 1272 ,
3164 1209 3306 1276 quod
3339 1223 3608 1278 nunquam
3638 1208 3787 1277 hujus-

2249 1299 2388 1352 modi
2422 1298 2560 1353 calix
2593 1300 2786 1362 fuerit,
2819 1301 2909 1368 qui
2943 1310 2996 1354 et
3031 1316 3058 1352 a
3093 1301 3330 1370 peccatis
3360 1300 3645 1367 liberaret,
3675 1315 3719 1356 et
3739 1322 3788 1358 ne

2247 1389 2383 1441 ultra
2433 1403 2814 1456 peccat-emus,
2873 1391 3226 1444 confortaret.
3281 1391 3376 1445 γει
3422 1391 3558 1444 calix
3607 1391 3787 1447 beneli-

2245 1478 2465 1541 ctionis,
2501 1478 2552 1531 id
2583 1487 2691 1542 est,
2722 1494 2879 1548 quem
2923 1481 3039 1549 ipse
3081 1483 3220 1535 Deus
3254 1481 3522 1535 benedicit
3554 1476 3788 1538 ct'conse-

2246 1578 2388 1632 crat;
2421 1578 2475 1622 et
2522 1571 2606 1622 cui
2645 1584 2743 1623 nos
2770 1569 3140 1624 benedicimus
3171 1585 3268 1640 per
3297 1569 3526 1625 ofﬁcium
3552 1580 3786 1638 nostrum;

2247 1658 2387 1713 Deus
2413 1659 2556 1712 enim
2583 1659 2685 1713 hoc
2723 1657 2883 1713 eflicit
2930 1676 3026 1730 per
3064 1663 3406 1717 sacerdotem
3451 1663 3784 1718 ministrum.»

625 1749 748 1804 410.
789 1767 806 1799 ι
839 1749 1052 1814 Postea,
1091 1750 1304 1817 inquit,
1351 1750 1417 1805 ad
1441 1753 1729 1806 sacerdotii
1767 1753 2084 1824 dignitatem
2116 1773 2132 1805 ι
2171 1733 2214 1790 Β
2245 1747 2349 1804 Per
2388 1749 2502 1804 haec
2528 1749 2691 1804 verba
2718 1748 2898 1804 Bruno
2925 1764 2990 1805 eo
3021 1753 3179 1805 modo
3209 1753 3294 1805 hic
3339 1751 3576 1821 loquitur
3603 1770 3727 1822 quo,
3753 1757 3788 1810 si

554 1841 720 1896 fuisse
743 1851 960 1896 evectos
984 1841 1322 1896 Landuinum
1346 1853 1399 1897 et
1419 1843 1755 1912 Stephanum
1785 1843 2138 1916 Burgensem,

561 1949 578 1984 ς
613 1941 767 1986 extra
797 1947 958 1986 omne
989 1932 1208 1986 dubium
1249 1947 1368 1986 esse
1399 1931 1580 1997 debet,
1603 1952 1621 1984 ι
1669 1933 1794 2002 quia
1832 1946 2042 2003 nempe,
2085 1942 2146 1987 ut

554 2026 756 2090 subdit,
805 2045 820 2074 ι
843 2025 1078 2095 alioquin
1108 2042 1211 2079 non
1241 2027 1542 2094 potuissent
1573 2025 1808 2094 regimen
1839 2028 2141 2080 animatum

554 2119 760 2173 habere
817 2118 869 2171 in
924 2118 1138 2183 ordine,
1189 2119 1325 2170 sicut
1380 2117 1686 2172 habuerunt
1728 2117 2040 2172 Landuinus
2089 2119 2140 2171 in

553 2209 740 2278 Majori
767 2206 1054 2263 Carthusin
1076 2248 1088 2270 ,
1119 2207 1204 2260 cui
1250 2206 1463 2276 prmfuil
1495 2216 1614 2277 post
1640 2217 1883 2262 sanetum
1934 2208 2142 2261 Bruno-

555 2317 712 2367 nem;
749 2301 1058 2370 Stephanus
1104 2315 1230 2354 vero
1267 2299 1557 2370 Burgensis
1589 2299 1642 2353 in
1673 2299 1834 2354 domo
1865 2299 2138 2368 Majorevi,

556 2394 710 2464 cujus
754 2394 1061 2463 protoprior
1089 2390 1383 2461 aGuigone
1429 2392 1705 2446 institutus
1753 2393 1872 2445 fuit.
1900 2392 2008 2448 Nec
2047 2408 2142 2462 op-

554 2487 676 2557 poni
731 2493 957 2555 possunt
1007 2485 1251 2554 exempla
1302 2485 1662 2555 quorumdam
1716 2485 1997 2550 abbatum,
2047 2487 2139 2554 qui

555 2577 884 2632 monasteria
915 2577 1307 2647 gubernarunt,
1356 2577 1572 2630 etiamsi
1607 2592 1880 2646 nunquam
1914 2577 2142 2633 fuissent

555 2671 885 2726 sacerdotes.
935 2669 1013 2724 Eo
1064 2671 1205 2723 enim
1264 2679 1538 2740 tempore,
1587 2685 1695 2739 quo
1739 2669 2141 2725 Carthusiensis

553 2763 687 2816 ordo
723 2762 906 2831 ccepit,
966 2761 1232 2814 sancitum
1264 2768 1400 2825 erat,
1433 2769 1488 2813 ut
1530 2759 1709 2814 nullus
1744 2760 1896 2815 fieret
1947 2761 2138 2825 abbas,

553 2851 660 2905 nisi
687 2852 850 2906 etiam
897 2851 1048 2906 fieret
1084 2849 1339 2904 sacerdos
1359 2860 1512 2917 juxta
1541 2851 1816 2905 decretum
1845 2850 1897 2904 in
1934 2851 2139 2920 synodo

555 2943 797 2997 Romana
850 2944 948 2997 sub
992 2941 1234 3011 Eugenio
1261 2941 1324 3007 ll,
1370 2943 1512 3010 quod
1558 2956 1812 3012 expresse
1864 2943 2048 3008 habet,
2082 2953 2141 2998 ut

548 3034 774 3090 abbates
806 3033 1198 3089 sacerdotalem
1231 3046 1448 3103 quoque
1481 3033 1739 3088 honorem
1779 3034 1888 3088 sint
1916 3035 2094 3104 adepti
2121 3051 2135 3098 ;

547 3135 604 3181 et
627 3134 940 3180 renovatum
970 3124 1070 3178 fuit
1100 3123 1200 3178 sub
1229 3093 1456 3194 [ingene
1475 3121 1787 3178 etRoberto
1804 3093 2136 3178 Francorum
2168 3093 2210 3154 δ

548 3219 786 3289 regibus,
813 3227 872 3271 ut
897 3217 1081 3271 videre
1120 3225 1206 3270 est
1236 3215 1376 3270 inter
1399 3230 1636 3270 canones
1658 3215 1899 3271 Abbonis
1927 3216 2140 3271 abbatis

548 3309 912 3366 Floriacensis
945 3307 1124 3377 capite
1147 3321 1290 3362 nono
1320 3307 1532 3361 decimo
1556 3323 1568 3358 :
1592 3325 1610 3358 ι
1639 3305 1878 3362 Abbates
1897 3307 1988 3376 qui
2015 3322 2140 3377 pre-

552 3420 572 3454 t
617 3401 819 3473 sbyleri
856 3415 962 3454 non
993 3407 1140 3463 sunt,
1175 3397 1479 3468 presbyteri
1513 3397 1643 3452 fiant
1679 3406 1771 3452 aut
1800 3399 2139 3468 prtelationes

555 3510 572 3543 ι
605 3492 876 3556 amittant,
907 3509 924 3540 ι
945 3497 1102 3558 prout
1127 3488 1442 3542 decreverat
1469 3487 1754 3542 concilium
1781 3488 2137 3558 Pictariense,

548 3596 696 3636 anno
746 3580 882 3634 1078
935 3578 1268 3634 celebratum
1327 3577 1396 3630 ab
1439 3576 1662 3648 llugone
1717 3578 1896 3633 Diensi
1964 3579 2139 3650 legato

548 3673 886 3746 apostolico;
923 3672 1066 3742 quod
1113 3679 1296 3740 postea
1332 3668 1594 3724 insertum
1629 3668 1728 3723 fuit
1755 3671 2135 3727 decretalibus.

549 3766 708 3820 Juxta
773 3765 885 3818 haec
942 3763 1159 3817 decreta
1208 3770 1427 3815 sanctus
1479 3759 1660 3815 Bruno
1708 3775 1967 3830 sequaces
2012 3779 2138 3819 suos

549 3857 805 3912 erudiens
837 3854 1092 3926 praecepit
1151 3869 1218 3908 ne
1254 3852 1394 3907 ullus
1448 3852 1499 3905 in
1539 3852 1775 3922 priorem
1817 3852 2134 3924 eligeretur,

549 3949 655 4003 nisi
693 3955 874 4018 posset
903 3947 970 4000 ad
1005 3943 1365 4000 sacerdotium
1394 3943 1720 4012 promoveri.
1781 3943 1934 3999 Unde
1965 3943 2137 4014 Guigo

556 4037 970 4094 consuetudines
993 4034 1200 4090 ordinis
1229 4074 1242 4098 ,
1274 4034 1411 4088 sicut
1443 4048 1536 4087 eas
1578 4040 1798 4087 sanctus
1828 4031 2006 4088 Bruno
2047 4034 2135 4088 diu

547 4140 672 4186 ante
703 4145 825 4184 eum
849 4127 967 4182 viva
1002 4141 1133 4183 voce
1157 4136 1209 4181 et
1258 4125 1504 4193 exemplo
1535 4125 1875 4192 instituerat,
1929 4127 2136 4180 descri-

546 4223 680 4278 bens
731 4221 1002 4288 declarat,
1051 4220 1194 4290 quod
1246 4227 1458 4272 mortuo
1491 4218 1704 4286 priore,
1753 4219 2136 4272 conventuales

551 4337 566 4368 ι
601 4317 867 4387 majorum
907 4314 1297 4382 meliorumque
1326 4310 1554 4366 consilio
1606 4327 1671 4364 ex
1731 4311 1924 4378 seipsis
1972 4326 2134 4365 unum

2244 1843 2498 1896 sacerdos
2522 1857 2627 1895 non
2655 1842 2974 1907 exstitisset,
3003 1842 3281 1898 locuturus
3303 1842 3468 1898 fuisse
3493 1861 3592 1899 non
3615 1846 3789 1899 videlur

2243 1945 2306 1984 ac
2346 1933 2504 2001 proin
2552 1932 2889 1986 sacerdotem
2957 1947 3044 1998 se,
3095 1933 3173 1986 uti
3231 1943 3498 2002 apparet,
3561 1945 3791 2006 utcunque

2245 2024 2462 2077 indicat.

2255 2117 2438 2171 σπι-12.
2484 2119 2680 2173 Verum
2712 2135 2779 2173 an
2805 2117 2916 2187 jam
2963 2128 3074 2174 tum
3127 2135 3250 2174 cum
3281 2118 3348 2172 ad
3379 2116 3653 2188 Hugonem
3681 2117 3790 2172 Gra-

2243 2212 2692 2282 tianopolitanum
2722 2213 3034 2283 episcopum
3079 2210 3344 2276 accessit,
3401 2210 3469 2264 ad
3511 2209 3790 2280 dignitatem

2245 2301 2390 2356 illam
2407 2310 2525 2356 erat
2550 2302 2808 2356 evectus?
2831 2301 3049 2366 «Adest,
3075 2321 3094 2353 ι
3124 2301 3300 2370 inquit
3327 2299 3449 2355 loco
3471 2313 3627 2368 supra
3645 2298 3725 2351 cit.
3743 2299 3792 2350 de

2245 2392 2302 2448 S.
2353 2394 2610 2450 Brunone
2659 2394 2724 2448 ad
2757 2392 3037 2464 Hugonem
3064 2391 3497 2462 Gratianopolim
3541 2390 3793 2445 accedente

2241 2487 2444 2556 Guigo,
2484 2504 2501 2537 ι
2543 2487 2804 2557 magister
2834 2485 3132 2540 Bruno.....
3166 2483 3411 2540 Habebat
3444 2493 3620 2539 autem
3651 2482 3794 2537 socios

2243 2579 2560 2650 magistrum
2587 2577 3019 2632 Landuinum....
3052 2577 3196 2632 Duos
3223 2575 3529 2646 Stephanos
3547 2614 3561 2639 ,
3591 2574 3794 2644 Burgen-

2242 2686 2353 2726 sem
2381 2681 2434 2728 et
2472 2671 2815 2724 Diensem....
2875 2670 3152 2740 llugonem
3180 2670 3380 2734 etiam,
3429 2683 3588 2738 quem
3629 2681 3794 2736 cogno-

2243 2760 2520 2816 minabant
2543 2759 2894 2831 Capellanum
2917 2799 2931 2824 ,
2989 2776 3054 2815 eo
3085 2761 3228 2830 quod
3253 2759 3402 2815 solus
3441 2775 3508 2813 ex
3536 2759 3612 2813 eis
3645 2770 3796 2813 sacer-

2243 2851 2383 2907 dotis
2426 2853 2742 2922 fungerelur
2779 2851 2976 2907 officio.
3014 2871 3032 2903 ›
3075 2851 3282 2918 Quibus
3327 2866 3358 2906 e
3400 2850 3611 2915 verbis,
3643 2859 3797 2917 utpote

2242 2943 2437 3012 quibus
2465 2958 2528 2997 co
2554 2943 2668 3012 ipso
2698 2943 2852 3008 loco,
2884 2958 2991 3012 quo
3021 2953 3130 2997 tam
3157 2942 3224 2997 de
3253 2941 3506 2996 Brunone
3533 2981 3548 3006 ,
3574 2955 3723 3010 quam
3747 2940 3797 2990 de

2242 3030 2358 3100 ejus
2407 3031 2570 3086 sociis
2609 3046 2791 3086 sermo
2823 3033 2924 3097 sit,
2959 3031 3106 3086 solus
3154 3031 3307 3100 llugo
3340 3029 3633 3086 sacerdotis
3656 3027 3798 3083 ollich

2245 3124 2462 3179 functus
2531 3124 2698 3180 fuisse
2769 3124 3072 3189 asseritnr,
3131 3123 3562 3179 concludendum
3611 3127 3798 3190 apparet

2244 3216 2502 3270 Sanctum
2526 3226 2792 3283 nostrum,
2813 3231 2932 3271 cum
2959 3216 3025 3270 ad
3059 3216 3338 3286 llugonem
3361 3214 3625 3276 accessit,
3649 3227 3798 3266 sacer-

2243 3310 2390 3365 dotio
2423 3309 2690 3364 initiatum
2739 3311 2976 3364 nondum
3029 3308 3214 3364 fuisse.
3258 3308 3512 3362 Attamen
3537 3347 3553 3371 ,
3583 3303 3798 3373 inquiunt

2243 3398 2525 3464 nonnulli,
2579 3399 2788 3470 hosque
2835 3399 2977 3454 inter
3010 3398 3408 3454 Carlhusianus
3440 3409 3626 3452 noster
3661 3409 3799 3449 anna-

2243 3491 2363 3546 lista
2394 3506 2694 3562 anonymus
2741 3506 2901 3562 supra
2933 3491 3233 3561 srepissime
3265 3490 3551 3554 laudatus,
3605 3488 3798 3544 recitata

2241 3579 2502 3648 Guigonis
2528 3581 2724 3646 verba,
2759 3581 2958 3650 quibus
2981 3580 3128 3636 solus
3171 3579 3327 3651 Hugo
3365 3579 3623 3634 sacerdos
3660 3577 3799 3631 fuisse

2241 3670 2569 3736 affirmatur,
2625 3687 2732 3727 non
2758 3673 2823 3727 de
2854 3673 2969 3740 ipso
2998 3672 3056 3727 S.
3090 3673 3344 3728 Brunone
3367 3711 3384 3739 ,
3427 3671 3522 3727 sed
3586 3672 3652 3725 de
3707 3668 3800 3738 ejus

2241 3763 2524 3818 dumtaxat
2557 3763 2719 3818 sociis
2746 3763 2998 3818 videntur
3046 3764 3418 3835 intelligenda.
3459 3763 3596 3818 Cum
3643 3761 3800 3821 enim,

2243 3857 2428 3921 aiunt,
2484 3857 2753 3912 sociorum
2787 3857 3107 3912 clericorum
3134 3897 3149 3922 ,
3205 3871 3341 3926 quos
3374 3856 3614 3911 Sanetus
3643 3867 3800 3908 secum

2241 3950 2518 4016 habebat,
2577 3951 2861 4006 recensitis
2913 3951 3262 4015 nominibus,
3320 3948 3498 4020 Gttigo
3549 3948 3724 4002 statim
3751 3945 3802 3996 de

2242 4039 2464 4110 llugone
2512 4040 2839 4111 subjungat,
2891 4057 2909 4090 ι
2945 4039 3114 4107 Quem
3153 4038 3612 4112 cognominabant
3639 4035 3802 4105 Capel-

2241 4131 2422 4184 lanum
2443 4171 2458 4197 ,
2491 4145 2556 4185 eo
2586 4131 2729 4200 quod
2758 4131 2907 4187 solus
2937 4147 3002 4186 ex
3035 4131 3115 4186 eis
3164 4133 3470 4188 sacerdotis
3517 4131 3803 4201 fungeretur

2240 4223 2434 4289 officio,
2477 4244 2492 4275 ι
2525 4224 2774 4277 videntur
2813 4224 2918 4280 duo
2946 4225 3060 4280 haec
3088 4226 3252 4279 verba
3288 4243 3306 4276 ι
3342 4225 3418 4280 Ex
3447 4226 3556 4280 eis»
3594 4225 3657 4278 ad
3686 4222 3803 4278 solos

2241 4315 2467 4370 clericos
2495 4314 2677 4370 Sancti
2708 4317 2883 4372 socios
2909 4357 2924 4381 ,
2982 4331 3087 4371 non
3114 4326 3294 4371 autem
3318 4317 3486 4371 etiam
3531 4317 3598 4371 ad
3625 4317 3804 4370 Bruno-

550 4428 568 4460 ι
613 4408 846 4476 eligant,
879 4415 970 4460 ant
999 4405 1335 4460 sacerdotem
1365 4415 1458 4457 aut
1498 4402 1564 4456 ad
1611 4403 1974 4458 sacerdotium
2007 4420 2130 4474 pro—
2163 4435 2208 4493 ι)
2241 4423 2384 4473 nem,
2428 4406 2727 4461 referenda.
2764 4407 2838 4461 lta
2887 4407 2996 4472 illi;
3029 4423 3214 4462 verum
3247 4409 3461 4472 nescio,
3491 4423 3557 4462 an
3591 4407 3800 4461 futurum

552 4517 570 4550 ι
611 4498 966 4561 movendum,
1013 4496 1106 4566 qui
1135 4496 1186 4549 in
1221 4495 1374 4549 festis
1399 4495 1814 4552 solemnioribtts
1845 4535 1859 4560 ,
1915 4504 1969 4550 et
2006 4511 2127 4550 cum

549 4610 565 4642 ι
608 4591 777 4644 frater
807 4588 1001 4658 aliquis
1033 4587 1424 4659 professionem
1467 4587 1706 4643 facturus
1736 4597 1812 4644 est
1835 4631 1848 4655 ,
1907 4590 2126 4644 missam

548 4699 565 4730 ί
606 4689 787 4736 cantat
818 4677 1097 4747 majorem.
1131 4699 1147 4731 ι

611 4773 739 4827 Ml.
795 4771 921 4828 "rec
961 4771 1076 4835 ille,
1137 4786 1166 4825 e
1211 4772 1408 4841 quibus
1458 4785 1623 4833 sane,
1683 4769 2024 4823 Landumum
2075 4779 2129 4824 et

541 4867 879 4937 Stephanum
934 4864 1263 4933 Burgensem
1295 4864 1602 4919 sacerdotio
1648 4862 1813 4918 fuisse
1838 4862 2127 4932 aliquando

539 4957 824 5022 initiatos,
912 4955 1273 5020 indubitatum
1332 4965 1574 5024 apparet.
1637 4953 1788 5020 Quod
1846 4954 2004 5008 modo
2060 4954 2126 5007 ad

537 5048 873 5119 Stephanum
901 5047 1153 5099 Diensem
1179 5053 1231 5098 et
1262 5043 1549 5114 ipsummet
1579 5045 1636 5098 ὃ.
1665 5047 1970 5098 Brunonem
2003 5059 2126 5113 per-

499 5127 705 5207 'tinet,
764 5139 1000 5194 fueritne
1030 5136 1344 5207 Stephanus
1399 5135 1490 5189 ille
1551 5151 1786 5206 unquam
1830 5137 2121 5203 sacerdos,

536 5232 830 5286 admodum
859 5239 944 5284 est
986 5227 1243 5292 dubium,
1280 5241 1382 5282 nec
1415 5227 1738 5297 quidquam,
1787 5245 1894 5300 quo
1925 5229 1979 5284 id
2013 5229 2124 5284 tolli

532 5332 728 5393 queat,
773 5319 1056 5384 occurrit;
1101 5317 1410 5373 Brunonem
1467 5327 1689 5384 autem,
1744 5320 1786 5374 si
1837 5336 1941 5375 non
1999 5331 2125 5376 tunc

532 5428 658 5468 cum
711 5413 778 5465 ad
837 5409 1123 5478 l-lugonem
1194 5406 1755 5478 Gratianopolitanum
1813 5411 2122 5481 episcopum

532 5500 805 5566 accessit,
837 5508 1026 5568 postea
1057 5496 1306 5566 equidem
1344 5499 1680 5554 sacerdotem
1708 5497 1903 5568 fuisse,
1935 5504 2126 5557 suadet

531 5591 667 5645 mihi
705 5589 787 5642 vel
845 5587 995 5643 solus
1056 5587 1281 5643 collatus
1335 5589 1400 5642 ab
1449 5604 1542 5656 eo,
1597 5591 1821 5644 servatis
1870 5595 2123 5651 omnibus

529 5680 786 5737 Ecclesiae
813 5678 1169 5736 ccercmoniis.
1190 5679 1400 5735 comitis
1421 5679 1632 5747 Rogerii
1666 5679 1771 5735 ﬁlio
1795 5681 2120 5752 Baptismus,

2235 4499 2344 4563 sit,
2386 4508 2442 4552 ut
2488 4499 2602 4552 haec
2659 4500 2949 4553 verborum
3008 4498 3270 4569 Guigonis
3321 4499 3700 4569 interpretatio
3738 4501 3806 4550 sat

2232 4601 2488 4645 accurata
2519 4599 2573 4646 et
2607 4591 2670 4644 ad
2705 4591 2944 4646 auctoris
2973 4600 3206 4645 mentem
3231 4592 3643 4648 accommodata
3666 4603 3803 4658 appa-

2232 4689 2368 4735 reat.
2403 4679 2546 4736 Sane
2567 4682 2677 4736 luce
2701 4681 2884 4735 verba:
2914 4700 2929 4730 ι
2953 4682 3121 4748 Quem
3146 4681 3610 4752 cngnominabant
3638 4677 3802 4749 Capel-

2230 4769 2408 4824 lanum
2449 4790 2466 4820 ›
2503 4780 2608 4824 tam
2637 4771 2702 4824 de
2733 4769 2790 4824 S.
2823 4769 3074 4825 Brunone
3098 4815 3112 4836 ,
3157 4771 3249 4842 qui
3299 4771 3583 4843 Hugonem
3635 4767 3803 4838 Capel-

2231 4861 2412 4915 lamtm
2441 4861 2758 4930 appellarit,
2803 4877 2963 4929 quam
2988 4862 3054 4916 de
3085 4861 3268 4917 Sancti
3299 4863 3496 4928 sociis,
3546 4859 3804 4916 Landuiuo

2229 4963 2281 5007 et
2305 4953 2513 5008 duobus
2535 4951 2825 5022 Stepltanis
2844 4994 2856 5015 ,
2891 4953 3239 5023 intelligenda
3267 4953 3546 5017 videntur,
3580 4969 3644 5008 ac.
3667 4953 3802 5022 proin

2231 5059 2334 5098 non
2366 5045 2520 5100 video
2542 5085 2556 5110 ,
2589 5060 2686 5099 cur
2725 5055 2777 5098 et
2809 5046 2922 5100 haec
2950 5047 3056 5101 duo
3084 5047 3186 5099 alia
3230 5067 3246 5096 ι
3275 5047 3352 5100 Ex
3383 5047 3464 5102 eis
3499 5065 3516 5098 ι
3554 5059 3707 5105 aeque
3747 5041 3804 5094 ad

2227 5137 2530 5192 Brunonem
2550 5178 2563 5201 ,
2607 5154 2768 5208 quam
2801 5139 2867 5194 ad
2897 5137 3013 5207 ejus
3044 5140 3222 5196 socios
3247 5141 3533 5196 referenda
3560 5155 3668 5194 non
3691 5143 3802 5190 sint.

2298 5225 2422 5280 445.
2453 5227 2694 5291 Accedit,
2718 5228 2984 5298 integrum
3007 5231 3293 5284 verborum
3313 5229 3802 5300 Guigonistextum.

2228 5317 2280 5370 in
2313 5331 2473 5370 sensu
2497 5318 2668 5386 magis
2689 5317 2848 5372 obvio
2879 5327 2930 5373 et
2965 5319 3227 5384 naturali,
3273 5336 3438 5390 quem
3474 5321 3567 5376 hic
3590 5321 3806 5388 scriptor

2230 5407 2446 5464 intlubie
2491 5419 2707 5463 secutus
2763 5408 2954 5474 fuerit,
2996 5421 3310 5480 acceptum,
3357 5412 3530 5468 videri
3559 5412 3801 5483 exigere,

2227 5507 2286 5552 ut
2309 5499 2481 5569 Guigo
2511 5498 2842 5569 intelligatur
2866 5501 2931 5555 de
2960 5501 3290 5567 sacerdotio,
3316 5517 3426 5572 quo
3462 5514 3574 5558 tum
3607 5502 3806 5574 gavisus

2230 5590 2386 5645 fuerit
2423 5590 2568 5646 solus
2599 5590 2750 5662 [Iugo
2779 5632 2793 5655 ,
2825 5592 3166 5664 Sanctusque
3194 5609 3256 5650 ac
3299 5595 3495 5666 reliqui
3529 5596 3652 5667 ejus
3690 5592 3804 5648 socii

2229 5683 2532 5752 caruerint,
2573 5693 2630 5738 ut
2662 5681 2922 5753 proinde,
2963 5685 3004 5740 si
3039 5687 3199 5740 verba
3231 5686 3500 5758 Guigonis
3536 5704 3602 5748 eo
3634 5687 3805 5742 modo.
