3814 6306
133 264 206 318 Ξ69

132 392 206 446 quo
247 370 564 427 verosimilius
611 369 852 433 debent,
913 368 1284 440 intelligantur
1314 409 1330 433 ,
1391 368 1624 424 Sanctus
1655 373 1702 428 Α

130 476 287 530 uoster,
311 479 414 519 cum
437 463 498 516 ad
523 461 798 532 Hugonem
825 461 1388 530 Gratianopolitanum
1417 463 1625 531 episco-

129 574 216 627 pum
245 555 469 612 accessit.
521 552 822 606 sacerdotio
876 551 1121 604 initiattts
1174 551 1411 604 nondum
1464 551 1628 606 fuisse

128 649 335 708 rideatur,
369 645 463 698 nisi
496 643 665 707 forte,
715 643 858 711 quod
905 652 1084 695 tamen
1131 642 1294 695 etiam
1347 641 1629 696 adstruere

129 739 189 791 ri-t
209 737 376 801 ausim,
422 749 450 788 a
491 733 734 803 Guigone
786 731 958 786 solum
1007 733 1284 802 nugonem
1332 734 1627 787 sacerdotis

128 829 307 880 tunctum
347 823 514 876 officio
561 836 876 876 asseverare
903 820 1032 875 velis
1060 861 1075 886 ,
1136 837 1242 875 non
1292 823 1433 891 quod
1483 823 1626 875 solus

127 918 316 973 sacerdos
361 925 520 976 esset,
567 917 660 969 sed
716 915 860 984 quod
907 914 1052 968 solus
1109 916 1318 978 munia,
1361 916 1625 970 sacerdoti

125 1009 448 1069 convenientia,
498 1007 707 1067 obiret,
757 1007 984 1075 ipsomet
1013 1005 1266 1059 Brunone
1297 1005 1625 1075 reliquisque

125 1099 202 1164 ejus
225 1099 358 1150 sociis
384 1114 488 1167 pra:
540 1098 848 1150 humilitate
899 1097 1072 1150 aliave
1114 1113 1179 1151 ex
1228 1113 1386 1152 causa
1439 1099 1507 1151 ab
1561 1098 1626 1152 iis

125 1188 456 1241 abstinentibus.
521 1187 654 1251 Ast,
709 1188 952 1256 inquies,
1007 1188 1240 1243 Sanetus
1279 1189 1330 1241 in
1385 1189 1629 1258 pluribus

125 1278 243 1331 titulis
267 1278 556 1334 funebribus
585 1279 840 1334 Ecclesia:
881 1294 1064 1333 murus
1084 1321 1097 1340 ,
1131 1280 1484 1335 ecclesiarum
1517 1282 1624 1342 lux,

123 1369 358 1437 metropolis
380 1369 660 1425 Remensis
699 1369 984 1429 columna,
1023 1371 1186 1424 etiam
1220 1380 1344 1424 ante
1389 1387 1544 1426 suum
1577 1373 1628 1425 in

123 1475 295 1512 creatum
315 1459 607 1515 Cartbusire
630 1477 903 1516 secessum
925 1502 938 1524 ,
967 1461 1274 1526 exstitisse,
1309 1473 1400 1516 aut
1429 1463 1632 1517 diserte

123 1549 345 1613 asscritur,
388 1561 476 1604 aut
519 1561 672 1606 certe
723 1567 826 1605 non
867 1553 1098 1606 obscure
1135 1553 1395 1607 innuitur.
1441 1555 1634 1609 Fateor

123 1643 173 1694 sic
201 1644 368 1698 habet:
402 1644 599 1699 Verum
645 1647 828 1713 quidni
871 1645 1036 1699 titulis
1085 1643 1388 1712 Itttjttsmodi
1437 1646 1634 1700 conde-

123 1737 242 1789 corari
273 1739 490 1804 potuerit
513 1778 528 1798 ,
587 1740 725 1806 quod
758 1737 917 1805 plane
953 1737 1145 1806 insigni
1181 1745 1326 1790 esset
1376 1745 1487 1790 tum
1543 1737 1635 1790 do-

123 1825 261 1889 ctrina,
279 1842 372 1895 qua
399 1828 683 1882 Remensis
707 1828 1044 1896 aliarumque
1069 1827 1423 1881 ecclesiarum
1457 1827 1630 1880 alum-

123 1930 202 1978 nos,
226 1917 393 1972 Remos
415 1921 478 1973 ad
507 1918 771 1974 Sanctum
796 1919 1119 1973 audiendum
1145 1935 1338 1990 magno
1365 1934 1632 1974 concursu

123 2005 376 2062 confluentes
398 2048 412 2070 ,
438 2009 757 2073 erudiisset,
789 2019 901 2063 tum
932 2009 1094 2062 etiam
1134 2011 1333 2063 virtute
1357 2050 1371 2073 ,
1412 2023 1516 2078 qua
1544 2009 1633 2062 ditt

123 2095 336 2149 ecclesiam
387 2097 710 2152 Remensem
768 2099 1026 2152 adversus
1084 2099 1276 2167 impios
1335 2098 1628 2162 Manassis,

127 2183 349 2242 Simoniaei
379 2191 662 2252 antistitis,
694 2201 924 2245 conatus
959 2191 1151 2243 fuisset
1175 2199 1376 2243 tutatus
1396 2190 1417 2242 ?
1439 2189 1634 2258 Nequit

124 2275 249 2343 itaque
287 2280 436 2332 etiam
489 2296 562 2335 ex
599 2280 865 2334 honorum
921 2280 1088 2334 titulis
1111 2322 1124 2342 ,
1176 2281 1371 2348 quibus
1401 2279 1634 2333 Sanctus

124 2369 257 2423 sirein
277 2373 507 2427 versibus
554 2372 660 2426 illis
689 2372 1005 2426 funebribus
1033 2413 1046 2434 ,
1078 2372 1191 2426 sive
1227 2371 1352 2424 alibi
1386 2370 1630 2433 allicitttr,

123 2463 341 2532 quidquam
365 2466 582 2520 roboris
603 2467 861 2520 accedere
887 2466 952 2518 ad
980 2465 1312 2534 opinionem,
1342 2479 1458 2532 quae
1472 2464 1634 2516 fuisse

123 2553 222 2606 illaut
239 2556 332 2622 jam
364 2567 500 2621 tttm,
536 2572 660 2611 cum
683 2555 747 2610 ad
772 2555 1049 2626 llugonem
1075 2553 1634 2622 Gratianopolitanum

123 2642 358 2712 episcopum
408 2645 674 2708 accessit,
707 2645 1011 2700 sacerdotio
1039 2645 1308 2698 initiatum
1327 2683 1341 2706 ,
1399 2643 1589 2696 statuit
1617 2683 1632 2704 ,

123 2747 162 2785 ac
196 2737 318 2801 proin
377 2752 570 2792 revera
634 2737 779 2790 illum
836 2746 945 2790 tum
995 2734 1334 2790 sacerdotem
1399 2734 1633 2788 nondum

122 2819 262 2888 fuisse,
301 2827 448 2897 longe
492 2827 662 2893 mihi,
721 2827 970 2881 omnibus
999 2826 1391 2887 consideratis,
1429 2826 1634 2878 vcrosi-

122 2915 248 2970 mitius
291 2927 522 2989 apparet.
582 2918 784 2974 Rerum
833 2917 900 2972 ad
967 2917 1226 2972 Sanctum
1272 2917 1632 2986 spectantium

123 3008 261 3063 seriem
292 3012 438 3065 modo
469 3026 888 3082 prosequamur.

1668 1711 1711 1764 Β

293 3056 437 3065 ,νην
470 3056 888 3082 ,,.ν-ν.,...........

124 3112 141 3182 §
175 3115 324 3173 XXVI.
390 3120 622 3177 Sanetus
676 3119 968 3176 Carr/iusim
1023 3138 1250 3177 eremunt
1305 3123 1632 3193 ingreditur:
1662 3056 1703 3112 Ο

485 3193 825 3262 quandonam
854 3194 906 3245 id
933 3194 1200 3246 acciderit.

167 3275 257 3330 ut.
287 3278 409 3335 Cum
438 3280 600 3351 [lngo
651 3279 1184 3350 Gratianopolitanus
1211 3282 1524 3352 episcopus,
1577 3281 1635 3337 S.

122 3361 355 3424 anonem
379 3386 589 3442 sexque
605 3371 719 3440 ejus
751 3372 928 3426 socios
953 3387 1117 3442 supra
1134 3373 1477 3437 'nominatos,
1505 3388 1639 3442 quos

125 3470 188 3522 per
206 3461 356 3516 stellas
381 3473 593 3533 septem
614 3503 630 3529 ,
657 3461 759 3517 sibi
789 3462 842 3516 in
873 3477 1063 3517 somno
1083 3462 1341 3518 divinitus
1362 3473 1637 3528 ostensus,

122 3548 364 3621 designatos
394 3554 567 3611 fuisse.
609 3554 786 3610 nullus
830 3553 1136 3617 dubitabat,
1177 3553 1478 3608 Carthusizn
1524 3570 1640 3610 ere-

123 3654 224 3696 mum
249 3661 328 3700 seu
359 3657 600 3702 montem
640 3660 759 3702 esse
795 3645 899 3700 illis
949 3661 978 3700 a
1028 3647 1139 3700 Deo
1170 3646 1495 3700 destinatum
1527 3662 1642 3700 ere-

124 3731 267 3788 miticxe
339 3738 457 3792 Viue
536 3737 792 3790 ducendae
845 3736 1222 3806 domicilioque
1271 3737 1642 3792 constituendo

124 3820 276 3890 locum,
308 3839 528 3883 narrata
555 3873 568 3894 ,
609 3843 712 3896 qua
738 3829 902 3882 Deum
929 3828 1030 3882 sibi
1062 3828 1114 3881 in
1144 3843 1327 3882 eremo
1354 3827 1440 3881 illa
1486 3829 1642 3882 babi-

126 3918 300 3972 laculum
315 3923 669 3976 mdiﬁcantem
697 3930 1072 3990 conspexerat,
1095 3921 1303 3975 visione
1316 3922 1642 3986 edocuisset,

126 4009 352 4080 verbisque
378 4015 544 4068 etiam
571 4055 585 4075 ,
618 4022 674 4066 ut
705 4023 962 4084 apparet,
1013 4029 1120 4082 quo
1153 4014 1330 4068 locum
1369 4013 1513 4067 illum
1541 4014 1642 4067 sibi

125 4096 472 4159 inhabitantium
502 4105 829 4175 deligerent,
861 4105 1052 4159 fuisset
1082 4105 1428 4169 adhortatus,
1457 4120 1645 4159 omnes

127 4185 176 4240 illi
200 4201 241 4245 et
281 4195 475 4249 divinte'
495 4196 758 4249 voluntati
789 4196 1016 4264 obsequi
1045 4203 1099 4248 et
1131 4193 1181 4247 in
1214 4194 1490 4248 horridam
1521 4195 1647 4248 soli-

128 4280 308 4338 tudinem
360 4287 620 4342 secedere
668 4286 1042 4354 paratissimos
1101 4300 1220 4340 sese
1267 4285 1642 4339 exbibuerunt.

1587 251 1790 307 ACTA.

3205 267 3305 323 9'7")

1732 367 1944 424 Charias
1977 370 2296 427 Benedictus
2331 373 2380 427 in
2415 375 2637 430 metrica
2667 376 2850 431 Sancti
2878 380 3042 432 nostri
3072 380 3212 444 Vita,
3240 385 3305 436 iis

1731 467 1883 522 ante,
1917 475 2035 528 qua:
2063 463 2236 530 pridie
2267 463 2453 517 Sancti
2481 467 2650 518 nostri
2691 467 2915 535 ejusque
2956 471 3223 524 Sociorum
3251 473 3321 525 itt-

1727 563 1967 604 eremum
2009 567 2258 606 secessus
2301 555 2400 610 bos
2455 556 2597 610 inter
2645 567 2700 612 ct
2741 557 2799 613 S.
2848 559 3124 629 llugonem
3159 574 3309 630 gesta

1729 634 1990 695 adstruit,
2048 640 2312 703 narratis,
2363 655 2467 694 non
2502 641 2731 698 obscure
2779 644 2979 698 indicat
3007 688 3019 708 ,
3055 650 3306 718 quapiam

1727 726 1890 781 etiam
1941 728 2243 784 Carthusite
2297 733 2605 788 solitudinis
2660 736 3021 806 descriptione
3075 735 3305 810 adjecta.

1728 817 1962 884 Versus,
1993 821 2189 890 quibus
2224 824 2273 877 id
2301 827 2645 894 exsequitur,
2674 828 2777 882 buc
2816 831 3139 885 transcribo.

1798 911 1924 964 443.
1951 910 2177 967 Summis
2192 931 2452 986 quumque
2464 917 2608 988 jugis
2620 920 2830 988 afferret
2846 918 3052 989 Jupiter
3066 921 3282 974 (et/iram
3294 963 3308 984 ,

1800 1002 1967 1070 Atque
1989 1003 2183 1058 diurna
2213 1021 2340 1058 noro
2371 1005 2480 1060 sole
2512 1009 2787 1062 intervalla
2821 1011 3084 1075 redirent,

1803 1089 2025 1144 Mandat
2053 1110 2210 1162 equos
2232 1095 2428 1163 prmsul
2454 1140 2466 1158 ,
2491 1099 2860 1170 pulmenta/[tte
2883 1103 3047 1155 multa
3077 1103 3258 1170 parari

1802 1180 1969 1250 Atque
1998 1181 2098 1248 legi
2136 1185 2312 1238 varios
2335 1187 2515 1254 fabrili
2540 1205 2603 1240 ex
2630 1200 2740 1243 arte
2776 1193 3071 1260 magistros.

1805 1269 1997 1323 Omnia
2026 1283 2144 1325 sunt
2170 1285 2360 1341 pra'sto
2380 1318 2393 1338 ,
2428 1288 2642 1330 cursant
2664 1296 2757 1346 per
2792 1291 2924 1335 tecta
2948 1285 3202 1351 magistri.

1805 1360 2066 1417 Cannenta
2088 1375 2136 1417 et
2161 1367 2347 1420 lateres
2370 1385 2430 1421 ac
2461 1369 2603 1438 ligna
2634 1372 2879 1436 feruntur
2905 1387 3113 1428 onusta.

1811 1455 2062 1509 "inuitus
2095 1458 2336 1524 jumeuta
2361 1463 2506 1528 grari
2531 1463 2623 1514 sub
2657 1465 2880 1532 pondere
2906 1466 3137 1519 mittunt.

1807 1545 1930 1599 Iam
1951 1557 2198 1600 montana
2220 1561 2397 1614 petunt
2430 1569 2636 1615 omnes;
2666 1555 2717 1606 in
2749 1554 2948 1608 culmen
2971 1557 3206 1625 apricum

1813 1637 1991 1690 Orbita
2023 1640 2241 1708 di/ﬁrilis
2269 1642 2391 1710 fert,
2419 1645 2536 1695 imm
2565 1659 2784 1697 concava
2813 1645 2958 1698 rallis

1812 1728 1919 1782 Ora
1941 1741 2116 1798 patent
2141 1773 2152 1789 ,
2180 1733 2394 1802 jamque
2423 1735 2622 1788 incessu
2649 1738 2983 1804 speculantur
3011 1739 3074 1792 ab
3111 1741 3216 1792 alto

1805 1818 2087 1874 Planitiem
2129 1833 2309 1886 terrm,
2344 1835 2610 1895 turresque
2632 1843 2692 1878 ac
2723 1827 2908 1896 oppida
2937 1830 3153 1883 circum.

1808 1912 2266 1980 Quadrupedando
2289 1933 2442 1985 super
2466 1918 2692 1970 tumulos
2708 1917 2816 1970 hiat
2833 1935 3014 1988 agmen
3037 1937 3304 1989 equorum.

1805 2004 2074 2074 Stapegeri
2093 2007 2283 2060 sudant
2313 2048 2327 2069 ,
2351 2010 2688 2079 certatimque
2712 2011 2786 2063 ire
2809 2010 3067 2066 laborant.

1804 2097 1884 2148 Ad
1901 2113 2192 2166 supremum
2214 2099 2370 2168 igitur
2391 2101 2596 2154 tandem
2612 2119 2786 2156 venere
2807 2120 3068 2168 cacumen,

1806 2187 2035 2240 Hernica
2058 2204 2188 2240 saxa
2216 2191 2387 2243 vident
2411 2231 2424 2252 ,
2475 2193 2841 2261 horrentesque
2877 2195 3102 2264 undique
3131 2213 3305 2262 rupes.

1810 2280 1928 2333 Non
1959 2280 2169 2334 arbusta
2191 2280 2299 2334 illic
2335 2299 2424 2335 seu
2452 2284 2594 2351 ligna
2626 2285 2845 2352 ferentia
2873 2295 3125 2340 structus.

1818 2371 1913 2425 Via:
1942 2374 2014 2425 ibi
2039 2384 2157 2426 sunt
2187 2375 2358 2428 Iterba'
2380 2377 2568 2428 virides
2593 2377 2912 2446 humilesque
2939 2390 3156 2446 genestm
3182 2419 3197 2442 ,

1806 2464 1872 2516 Et
1899 2465 2085 2516 larices
2111 2465 2348 2533 abiesquc
2373 2476 2418 2517 et
2449 2477 2604 2520 tensa:
2635 2469 2688 2520 in
2718 2468 2890 2520 sidera
2919 2470 3092 2536 pinus.

1737 2555 2130 2610 Blomenvenna
2151 2595 2165 2616 ,
2218 2557 2314 2608 etsi
2350 2556 2414 2608 de
2444 2557 2536 2620 iis,
2569 2572 2687 2625 qua:
2718 2559 2805 2612 bte
2835 2558 2900 2613 de
2928 2561 3130 2627 paratis
3153 2559 3310 2628 jussu

1736 2646 1972 2715 cpisc0pi
2008 2646 2186 2698 itineri
2210 2646 2431 2713 sedique
2457 2646 2508 2698 itt
2540 2646 2823 2700 Carthusia
2870 2648 3090 2717 figenda:
3113 2665 3306 2705 neces-

1737 2738 1896 2791 sariis
1922 2745 2188 2790 memorat
2219 2737 2566 2798 Benedictus,
2599 2738 2744 2792 nullo
2787 2739 2944 2809 plane
2967 2742 3132 2795 verbo
3154 2757 3309 2796 meno

1739 2827 1937 2882 tionem
1972 2826 2167 2891 faciat,
2202 2826 2476 2897 Hugonem
2521 2837 2693 2883 tamen
2742 2829 3036 2884 antistitem
3071 2831 3311 2886 Brunoni

1737 2918 1959 2989 ejusque
1986 2920 2147 2974 sociis
2168 2961 2182 2984 ,
2223 2921 2397 2990 qualis
2418 2930 2561 2976 esset
2588 2921 2886 2977 Cartbusize
2911 2923 3159 2988 solitudo,
3186 2942 3310 2980 cum

1739 3009 1936 3064 adituri
1973 3011 2113 3064 hanc
2160 3009 2268 3077 jam
2319 3010 2522 3074 forent,
2579 3011 2648 3066 ita
2683 3022 3035 3080 exponentem
3067 3014 3264 3069 inducit
3294 3033 3308 3068 :

1747 3119 1764 3151 ‹
1799 3100 2066 3156 Locus....
2099 3100 2252 3154 vobis
2275 3114 2305 3153 a
2338 3100 2446 3153 Deo
2473 3099 2782 3168 designatus
2806 3109 2888 3155 est
2924 3117 3137 3156 eremus
3165 3117 3310 3172 qua:-

1740 3194 1861 3246 dam
1910 3191 1962 3244 in
2024 3189 2295 3244 montibus
2349 3189 2663 3255 altissimis,
2721 3191 3124 3262 appellaturque
3181 3194 3312 3248 Car-

1741 3283 1938 3338 thusia.
1966 3282 2154 3352 Ampla
2177 3281 2392 3350 quidem
2423 3283 2514 3336 sed
2558 3282 2771 3350 penitus
2823 3284 3118 3338 inbabitata
3182 3283 3313 3356 [non

1739 3371 2026 3444 habitata],
2061 3371 2188 3426 solis
2213 3369 2341 3426 feris
2367 3371 2894 3439 pervia,bominibus
2918 3387 3049 3428 vero
3071 3383 3126 3428 et
3154 3384 3314 3429 caete-

1739 3467 1816 3520 ris
1847 3464 2156 3521 domesticis
2179 3463 2541 3518 animantibus
2585 3474 2803 3534 propter
2835 3463 2936 3518 loci
2967 3466 3312 3535 asperitatem

1740 3572 1878 3629 pene
1911 3558 2113 3628 ignota.

1811 3649 1938 3704 446.
1964 3669 1980 3705 ι
2002 3650 2140 3704 Altis
2166 3658 2219 3704 et
2257 3657 2510 3718 tanquam
2538 3649 2734 3704 excisis
2768 3651 2895 3704 hinc
2922 3649 3046 3703 inde
3092 3649 3314 3718 rupibus

1743 3752 1798 3798 et
1847 3742 2083 3812 scopulis
2138 3741 2580 3801 cirettmvallata,
2630 3741 2976 3794 infructuosis
3031 3741 3314 3794 arboribus

1745 3831 1951 3886 consita
1971 3871 1986 3894 ,
2022 3846 2181 3899 supra
2222 3831 2434 3883 modum
2468 3830 2657 3899 frigida
2683 3838 2735 3884 et
2776 3845 2872 3898 per
2901 3828 3159 3897 majorem
3189 3845 3316 3899 par-

1738 3932 1857 3978 tem
1881 3921 2136 3991 temporis
2165 3921 2378 3975 nivibus
2408 3929 2626 3989 operta;
2671 3921 2805 3973 adeo
2826 3921 2986 3973 etiam
3018 3928 3316 3987 praerupta,

1747 4013 1949 4069 sterilis
1973 4022 2028 4067 et
2058 4012 2390 4066 infructuosa
2417 4054 2431 4076 ,
2468 4021 2525 4065 ut
2558 4011 2686 4065 nihil
2723 4013 2773 4064 in
2801 4026 2862 4064 ea
2893 4019 2984 4064 aut
3012 4011 3115 4065 seri
3149 4011 3322 4062 valeat

1749 4113 1840 4157 aut
1863 4103 2024 4167 meti,
2064 4105 2129 4156 ad
2180 4117 2340 4172 quam
2387 4102 2550 4156 etiam
2598 4112 2681 4158 est
2735 4117 2988 4157 ascensus
3029 4102 3208 4170 gratis
3265 4112 3321 4153 et.

1749 4193 2081 4255 laboriosus;
2135 4192 2411 4262 ingressus
2445 4208 2574 4246 vero
2608 4193 2842 4246 difficilis
2867 4201 2920 4246 et
2943 4189 3273 4259 periculosus
3302 4229 3318 4250 ,

1748 4276 1935 4352 utpote
1961 4283 2100 4336 inter
2125 4284 2257 4336 duas
2299 4284 2448 4336 mirae
2479 4284 2774 4337 altitudinis
2801 4297 2991 4350 rttpes,
3032 4295 3150 4349 qua:
3177 4280 3324 4332 velut

130 4363 202 4425 Nec
241 4378 452 4432 multum
518 4378 776 4446 temporis
818 4376 1054 4445 fatigatis
1107 4392 1138 4431 e
1188 4377 1272 4429 via
1330 4377 1646 4445 Corporibus
1681 4393 1724 4444 ῃ
1754 4383 1912 4426 recta":
1940 4372 2092 4427 lineae
2122 4389 2333 4426 sursum
2363 4388 2421 4428 se
2443 4374 2739 4441 erigentes,
2787 4372 2836 4424 in
2868 4371 3076 4425 culmen
3103 4370 3321 4424 tandem

129 4461 162 4512 in
186 4467 442 4538 episcopali
477 4467 700 4538 palatio,
730 4476 956 4520 curante
989 4466 1375 4532 benignissime
1398 4464 1641 4533 llugone,

131 4552 374 4611 reficiendis
398 4557 790 4626 impenderunt,
825 4571 947 4610 eum
967 4555 1142 4610 itineri
1164 4569 1280 4609 sese
1301 4555 1644 4610 Carthusiam

129 4655 266 4699 Versus
306 4649 652 4711 commisere,
692 4648 983 4715 ipsummet
1014 4644 1071 4700 S.
1121 4645 1396 4714 llugonem
1441 4646 1650 4714 episco-

133 4744 218 4794 pum
240 4737 424 4790 socium
469 4754 533 4791 ac
573 4737 826 4791 comitem
863 4735 964 4789 sibi
1013 4735 1272 4789 habentes
1313 4736 1642 4804 adjttnctum.

135 4821 276 4890 «Ipso
312 4842 544 4897 namque
599 4826 840 4898 (llugotte
893 4825 1102 4880 scilicet
1153 4823 1647 4894 Gratiatmpolitano

133 4917 348 4989 episcopo)
399 4923 716 4977 consulente
760 4928 814 4974 ct
856 4918 1080 4986 juvante
1111 4933 1174 4972 ac
1197 4917 1491 4973 comitante
1519 4918 1651 4973 Car-

136 5004 278 5064 tlmsize
303 5013 644 5067 solitudinem
671 5013 1008 5064 intraverunt
1036 5017 1196 5078 atque
1229 5016 1600 5072 extruxerunt,
1626 5028 1644 5060 ι

137 5093 262 5162 inquit
290 5103 349 5154 de
387 5101 444 5154 S.
484 5102 730 5154 Brunone
763 5099 986 5168 ejusque
1011 5097 1171 5152 sociis
1207 5097 1259 5150 in
1294 5095 1475 5151 Sancti
1514 5097 1652 5151 illius

137 5189 336 5245 antistitis
381 5194 486 5246 vita
541 5193 658 5247 loco
709 5207 866 5260 supra
902 5167 1020 5245 ﬁcii.
1059 5189 1251 5260 Guigo.
1295 5190 1652 5244 Dubitandum

139 5291 212 5330 non
231 5292 433 5350 apparet
453 5285 583 5353 quin
618 5284 995 5338 sanctissimus
1017 5282 1311 5352 hicprazsul
1345 5283 1648 5338 necessaria

141 5374 216 5421 lum
255 5371 419 5428 itineri
477 5375 596 5438 isti,
645 5383 754 5426 tum
784 5371 1246 5441 qualibuscunque
1285 5387 1378 5426 seu
1406 5372 1652 5426 domibus

141 5469 204 5507 seu
226 5461 410 5517 cellulis
431 5472 485 5518 et
509 5465 605 5516 sibi
635 5472 686 5516 et
716 5461 953 5515 Brunoni
987 5461 1209 5530 ejusque
1251 5461 1413 5515 sociis
1442 5462 1492 5514 in
1523 5461 1654 5516 Car-

145 5544 286 5604 lltusizc
313 5569 490 5609 eremo
525 5553 864 5609 exstruendis
895 5552 1195 5605 necessaria
1227 5553 1402 5619 parari
1431 5592 1446 5614 ,
1487 5567 1656 5621 eoque

145 5637 292 5699 deferri
313 5650 527 5702 curarit.
558 5649 730 5717 Atque
772 5646 822 5698 id
853 5645 1026 5714 reipsa
1071 5644 1230 5698 etiam
1267 5641 1494 5711 factum,
1559 5647 1658 5699 Za—

1752 4473 1947 4517 eoeunt
1971 4504 1984 4525 ,
2017 4464 2086 4516 ita
2115 4474 2174 4517 ttt
2213 4465 2610 4519 introeuntibus
2645 4465 2852 4517 horrori
2885 4464 2992 4518 sint
3022 4471 3075 4519 et
3104 4463 3321 4517 terrori.

1755 4555 1807 4607 ln
1838 4555 2014 4608 medio
2047 4569 2173 4620 vero
2201 4555 2316 4624 ejus
2346 4563 2427 4609 est
2469 4569 2664 4623 parvus
2711 4553 2932 4618 fluvius,
2978 4554 3067 4622 qui
3109 4552 3324 4608 Caunus

1755 4661 2032 4711 nonruus,
2061 4647 2213 4714 quasi
2251 4648 2492 4714 quaedam
2524 4647 2699 4716 imago
2725 4648 2914 4700 mortis
2939 4687 2952 4710 ,
2990 4646 3222 4710 dicitur,
3258 4661 3320 4700 ex

1755 4739 2231 4792 circumstantibus
2283 4737 2515 4806 undique
2573 4738 2845 4792 montibus
2874 4739 3130 4792 collectus
3155 4781 3168 4803 ,
3201 4752 3327 4791 cum

1754 4830 1979 4900 strepitu
2009 4831 2244 4883 maxime
2269 4829 2590 4884 torrentium
2624 4839 2715 4882 aut
2745 4829 3116 4884 inundantium
3159 4843 3328 4890 aqua—

1755 4933 1874 4975 rum
1902 4935 2050 4975 more
2081 4920 2284 4982 fluens,
2316 4927 2402 4984 et,
2435 4919 2697 4989 utpaucis
2725 4934 2878 4988 agam
2901 4961 2914 4982 ,
2946 4928 3092 4973 tanta
3119 4928 3200 4974 est
3225 4919 3328 4973 loci

1758 5013 1897 5065 illius
1927 5010 2219 5081 asperitas,
2253 5017 2431 5065 tantus
2461 5011 2688 5077 horror,
2723 5020 2780 5064 ut
2812 5025 3000 5064 career
3029 5009 3204 5079 potius
3237 5020 3330 5063 aut

1761 5103 2052 5172 purgatorii
2101 5101 2282 5164 locus,
2323 5117 2482 5171 quam
2516 5103 2764 5156 humanm
2811 5101 2934 5153 vitae
2965 5096 3330 5152 habitaculum

1760 5194 1863 5247 dici
1888 5194 2075 5260 possit.
2107 5214 2125 5245 ι
2165 5193 2434 5248 Hactenus
2466 5193 2892 5252 Blomcnrenna,
2937 5203 3033 5244 sua
3075 5185 3329 5242 lucc-fere

1757 5277 1938 5338 omnia
1969 5325 1983 5345 ,
2031 5293 2091 5336 ttt
2139 5299 2245 5336 non
2295 5298 2416 5336 raro
2449 5283 2611 5342 alibi,
2653 5299 2682 5335 e
2737 5282 2976 5334 Puteano
3030 5283 3326 5330 mutuatus.

1757 5379 1938 5443 Atque
1971 5375 2042 5428 ita
2087 5375 2304 5443 quidem
2335 5383 2444 5426 tum
2473 5389 2503 5426 e
2531 5373 2814 5425 Benedicto
2840 5410 2855 5433 ,
2884 5378 2994 5422 tum
3027 5385 3056 5422 e
3083 5366 3330 5420 Blomen-

1760 5481 1973 5528 venna,
2029 5473 2112 5528 et,
2165 5465 2209 5518 si
2245 5464 2416 5526 velis,
2464 5464 2625 5516 etiam
2679 5477 2708 5515 e
2737 5461 2976 5512 Puteano
3025 5457 3329 5527 generalem

1764 5557 2073 5626 quampiam
2101 5556 2260 5608 tnodo
2283 5554 2480 5616 babes,
2510 5553 2746 5606 studiose
2775 5550 2944 5602 lector
2964 5589 2977 5611 ,
3007 5548 3169 5602 eremi
3201 5548 3332 5601 C-tr-

1769 5650 1960 5704 thttsim
1991 5663 2084 5702 seu
2116 5646 2356 5701 notitiam
2397 5660 2489 5698 seu
2531 5641 2974 5710 descriptionem;
3021 5640 3330 5693 tiiSlil.€lftlll
