3814 6306
104 328 176 387 m
642 294 645 295 ί
706 288 759 301 ”
850 289 989 305 ”
1542 326 1745 386 ACTA.

1872 303 2004 326 κη’,η
2028 325 2048 334 θ’

3172 336 3239 392 27
3250 338 3282 393 1:

103 453 210 507 sine
239 445 285 502 in
309 440 511 500 modum
550 439 893 513 amplissima:
928 440 1110 498 fasciae
1138 440 1314 498 locum
1347 441 1591 514 cingunt.
1625 452 1669 509 Α
1703 445 1760 500 8.
1788 443 2058 502 Brunonis
2107 442 2159 498 in
2189 442 2558 515 Carthusiam)
2606 459 2729 500 cum
2775 446 2956 502 verbis
2997 446 3279 520 Guigonis.

102 538 235 596 Tertio
259 535 469 604 denique
505 533 749 587 visuntur
788 548 981 601 rupes,
1019 549 1140 603 quae
1166 548 1264 603 per
1302 535 1593 604 ina-quales

100 627 366 685 summitates
396 622 638 677 stridoris
669 622 912 676 dentium
941 623 1010 676 ab
1046 621 1282 677 invicem
1314 621 1593 691 paululum

100 722 400 776 distinctorum
428 715 657 785 speciem
690 722 907 783 gerunt.
947 732 964 766 ι
1001 712 1128 768 Haec
1152 723 1234 768 est
1262 727 1500 777 eremus,
1540 714 1592 766 in

98 824 209 881 quam
234 806 462 870 Sanctus,
511 818 630 858 cum
655 802 813 872 plane
838 803 1011 857 adhuc
1044 811 1188 858 esset
1212 802 1436 865 inculta,
1473 816 1594 858 sese

98 919 168 955 una
190 914 287 953 cum
313 911 399 951 sex
421 895 582 949 sociis
614 894 748 960 suis,
782 893 1086 959 Landuino,
1118 894 1328 949 duobus
1364 892 1594 963 Stepha-

98 994 170 1057 nis,
203 989 428 1060 Burgensi
468 1002 530 1041 ac
580 986 787 1052 Diensi,
836 985 1080 1056 Hugone,
1108 986 1335 1061 Andrea
1374 986 1596 1043 etGua-

97 1084 192 1146 riuo,
215 1095 313 1135 sese
338 1079 557 1149 recepit,
584 1080 880 1133 comitante
920 1094 1015 1133 eos
1049 1078 1271 1149 Hugone
1299 1078 1589 1133 Gratiano-

97 1174 272 1243 politano
302 1171 569 1241 episcopo,
597 1171 1017 1239 necessariaque
1054 1180 1165 1225 tum
1194 1170 1380 1237 victui,
1414 1176 1474 1225 ut
1502 1185 1593 1240 ap-

98 1274 218 1334 paret,
261 1273 361 1317 tum
406 1261 753 1328 habitaculis,
786 1262 840 1317 in
870 1261 1067 1332 quibus
1095 1260 1424 1316 commorari
1472 1275 1595 1330 pos-

96 1362 189 1419 sent,
209 1352 508 1407 mditicandis
537 1350 938 1421 suppeditante.

161 1443 230 1497 50.
260 1442 327 1496 Ac
358 1441 543 1496 statim
582 1439 797 1509 quidem
841 1438 991 1502 illo‘s,
1024 1448 1187 1508 atque
1217 1452 1462 1492 eremum
1510 1438 1593 1491 in-

94 1532 211 1602 gresi
232 1539 410 1594 essent,
442 1530 594 1599 operi
623 1542 843 1583 manum
868 1529 1191 1593 admovisse,
1224 1526 1586 1582 indubitatum

95 1627 268 1691 apparet.
299 1621 488 1676 Verum
522 1620 627 1673 hac
663 1619 730 1673 de
760 1633 818 1673 re
854 1617 995 1672 infra
1037 1618 1314 1683 tractabo;
1352 1631 1497 1671 nunc
1538 1617 1590 1669 in

100 1724 275 1783 tempus,
311 1727 412 1781 quo
436 1711 674 1767 Sanctus
722 1711 947 1780 ejusque
992 1710 1125 1765 socii
1171 1711 1239 1765 ad
1286 1708 1589 1777 Hugonezn,

1697 535 1776 589 lta
1829 535 2069 605 loquitur
2122 534 2325 605 «llugo
2375 532 2931 605 (Gratianopolitanus
2968 537 3278 611 episc0pus)

1700 644 1719 675 ι
1758 625 1965 679 duobus
1994 634 2116 695 post
2151 624 2614 680 consecrationem
2647 644 2665 677 ι
2705 625 2844 695 (haec
2879 626 3066 683 Romae
3112 644 3277 695 anno,

1696 716 1776 772 uti
1803 716 1944 771 infra
1972 716 2194 780 docebo,
2221 716 2357 771 1080
2388 714 2529 770 facta
2562 715 2760 788 fuerat)
2793 736 2811 768 ‹
2845 718 3074 789 expletis
3100 722 3282 788 annis,

1702 825 1723 859 ‹
1770 809 2093 878 contemptis
2120 807 2389 871 omnibus,
2418 806 2695 863 Casus-Dei
2725 810 2934 865 ordinis
2961 809 3283 867 Cluniacen-

1702 917 1720 950 ‹
1766 898 1843 954 sis
1872 897 2047 954 factus
2071 908 2155 954 est
2183 899 2503 965 monachus,
2534 900 2604 955 ibi
2638 901 2875 959 novitius
2895 917 3097 958 annum
3125 903 3279 958 vixit.

1701 1009 1720 1042 ε
1766 991 1895 1047 Post
1922 992 2023 1046 hoc
2058 1011 2078 1044 ι
2119 1006 2213 1046 seu
2246 1000 2369 1061 post
2398 992 2541 1046 hunc
2565 993 2860 1051 novitiatus
2891 1010 3092 1049 annum
3120 1004 3284 1064 atque

1695 1079 1830 1134 adeo
1878 1082 2096 1135 tertium
2153 1096 2182 1135 a
2214 1082 2623 1137 consecratione
2666 1082 2952 1139 Romana:
2995 1104 3014 1136 ‹
3045 1085 3282 1156 Cogente

1701 1188 1720 1222 ι
1765 1170 2027 1241 Gregorio
2056 1172 2308 1240 septimo,
2343 1186 2373 1226 e
2402 1173 2751 1238 monasterio,
2781 1189 2888 1243 quo
2926 1174 3147 1230 fervens
3188 1176 3279 1230 in-

1701 1280 1719 1314 r
1766 1270 2024 1327 traverat,
2056 1261 2351 1316 ferventior
2372 1270 2455 1316 est
2483 1276 2752 1329 reversus;
2779 1279 2875 1333 pro
2903 1263 3145 1319 claustro
3171 1264 3283 1319 cir-

1704 1371 1723 1404 ‹
1771 1355 2227 1423 cumspeetionem
2260 1353 2465 1408 habens
2488 1353 2919 1422 pervigilem.....
2954 1370 3052 1425 pro
3087 1356 3284 1411 abbate

1701 1462 1719 1495 r
1761 1441 2122 1511 justitiam...
2150 1457 2249 1513 pro
2270 1443 2694 1513 congregatione
2715 1454 2807 1497 aut
2834 1445 3132 1515 religiosos,
3161 1448 3283 1515 qui—

1700 1552 1718 1585 ι
1764 1533 1863 1589 bus
1897 1547 2085 1589 carere
2126 1548 2424 1602 numquam
2465 1534 2654 1599 voluit,
2696 1534 2894 1601 socios,
2928 1544 3020 1589 aut
3064 1536 3282 1591 univer-

1699 1641 1718 1675 ‹
1765 1624 1933 1680 salem
1957 1622 2351 1679 Ecclesium...
2381 1623 2433 1678 in
2468 1624 2552 1679 bis
2584 1625 2798 1695 agebat,
2828 1645 2846 1677 ι
2899 1641 2992 1681 seu
3033 1628 3107 1680 ita
3141 1628 3284 1681 clau-

1695 1723 1889 1777 strum,
1928 1714 2204 1780 abbatem,
2237 1715 2712 1785 congregationem
2755 1716 2956 1771 habere
2986 1716 3090 1771 sibi
3127 1715 3284 1771 vidua

93 1804 575 1873 Gratianopolitanum
601 1803 937 1873 episcopum,
965 1801 1319 1864 accesserint,
1364 1799 1595 1853 tlartliu-
1629 1802 1670 1855 Β
1699 1806 1878 1868 batur,
1924 1823 1942 1855 ι
1980 1812 2034 1858 et
2056 1818 2208 1868 ecce,
2241 1804 2414 1859 tribus
2459 1805 2688 1859 necdum
2733 1806 2786 1858 in
2823 1804 3135 1875 episcopatu
3164 1813 3283 1874 post

92 1894 589 1957 sieeremum,sancto
616 1893 719 1948 hoc
745 1891 988 1948 antistite
1016 1891 1333 1952 comitante,
1362 1889 1592 1960 ingressi

91 1986 252 2053 primum
287 1985 422 2049 sint,
472 1985 927 2055 monasterioque
994 1983 1194 2039 ibidem
1263 1982 1593 2037 exstruendo

92 2092 242 2129 nanum
282 2076 566 2131 admovere
612 2076 937 2146 inceperint,
987 2074 1145 2129 unice
1188 2073 1589 2143 inquirendum.

91 2167 157 2219 Alii
185 2167 223 2221 id
245 2182 371 2222 anno
395 2166 537 2222 1081
578 2166 780 2221 factum
822 2174 1087 2230 statuunt,
1134 2165 1223 2217 alii
1265 2173 1454 2219 contra
1495 2177 1593 2233 pro

91 2274 184 2311 anno
216 2259 332 2314 1085
360 2268 450 2314 aut
495 2258 666 2313 etiam
698 2272 797 2327 pro
836 2272 982 2312 anno
1008 2255 1145 2311 1086
1183 2254 1484 2311 decertant.
1514 2254 1593 2309 Ac

90 2348 273 2407 Baronius
297 2352 507 2421 quidem
540 2350 729 2407 Sancti
761 2350 932 2406 nostri
964 2351 1342 2418 sociorumque
1381 2349 1497 2419 ejus
1526 2350 1592 2403 ad

90 2440 305 2509 llugonem,
327 2442 892 2512 Gratianopolitanum
920 2440 1253 2510 episcopum,
1282 2452 1591 2503 accessum,

90 2534 443 2604 eorumdemque,
482 2535 626 2589 duce
657 2534 905 2603 Hugone,
934 2533 1077 2587 haud
1108 2530 1306 2586 dudum
1336 2538 1459 2599 post
1507 2545 1592 2583 se-

92 2631 213 2677 cutum
238 2625 282 2677 in
305 2624 649 2679 Carthusiam
675 2625 985 2695 ingressum
1016 2637 1137 2676 eum
1176 2635 1318 2673 anno
1352 2618 1491 2674 1086
1538 2619 1592 2671 in

92 2713 295 2768 annalibus
320 2713 710 2768 ecclesiasticis
744 2712 812 2767 ad
842 2713 986 2766 hunc
1018 2711 1192 2780 ipsum
1222 2725 1420 2763 annum
1450 2724 1595 2762 com.

89 2803 202 2869 ponit,
228 2804 289 2857 ita
316 2804 512 2859 ibidem
550 2804 839 2859 scribens:
868 2819 886 2853 ι
916 2803 1051 2857 Cum
1098 2800 1346 2869 superius
1381 2799 1585 2852 dictum

88 2890 129 2943 sit
148 2906 193 2945 ex
217 2893 365 2947 sancti
395 2892 643 2963 llugonis
678 2889 1195 2959 (Gratianopolitani
1222 2888 1460 2957 episcopi
1494 2886 1581 2941 ni-

89 2982 240 3053 mirum)
268 2984 391 3037 Vita:
419 2984 590 3049 actis,
638 2983 816 3053 ipsum
864 2996 1007 3035 anno
1043 2980 1332 3034 millesimo
1376 2988 1593 3049 octoge-

88 3071 176 3126 simo
199 3085 409 3129 creatum
443 3075 624 3131 fuisse
660 3075 972 3144 episcopum
1004 3073 1590 3143 GratianOpolitanum,

88 3172 163 3227 post
183 3164 292 3219 duos
319 3182 444 3221 vero
485 3180 663 3221 annos
710 3166 909 3220 adiisse
943 3164 1363 3227 Cluniacenses,
1409 3163 1590 3231 ibique
1618 3140 1662 3200 Ο

88 3262 277 3307 moratum
308 3270 507 3309 annum
544 3270 733 3319 unum,
761 3255 886 3309 inde
916 3254 980 3309 ad
1011 3254 1379 3324 cpisc0patum
1416 3268 1594 3307 rever-

87 3354 161 3395 sem
188 3344 229 3397 in
252 3360 310 3401 eo
335 3347 669 3416 transegisse
698 3355 805 3402 tres
833 3361 1026 3411 annos,
1056 3347 1274 3416 plamun
1329 3346 1591 3410 invenies,

88 3442 189 3486 serto
207 3450 328 3491 anno
355 3453 383 3491 a
409 3452 509 3493 suo
542 3438 884 3495 ordinatione
912 3454 1033 3493 cum
1062 3437 1245 3503 sociis,
1274 3437 1374 3490 hoc
1403 3451 1595 3504 nempe

87 3535 193 3588 nmo,
209 3528 405 3595 petiisse
431 3528 810 3585 Carthusiam.
841 3548 859 3580 ι
881 3529 1031 3583 llanc
1065 3529 1254 3598 igitur,
1273 3543 1434 3597 quam
1463 3529 1595 3582 assi-

90 3623 192 3679 gnat,
239 3616 554 3690 S.Hugonis
602 3619 881 3690 sanctique
909 3619 1184 3674 Brunonis
1224 3635 1288 3673 ac
1326 3619 1595 3673 sociorum

89 3703 161 3769 eius
198 3709 241 3764 in
284 3726 524 3768 eremum
574 3727 820 3766 secessus
872 3714 1134 3782 epocham
1192 3710 1595 3766 eruditissimus

88 3799 281 3856 annalium
330 3803 833 3859 eeelesiasticorum
885 3819 1082 3872 parens
1133 3820 1164 3857 e
1213 3802 1270 3856 S.
1320 3801 1592 3872 Hugonis,

86 3888 249 3961 θβῖεεορὶ
290 3894 796 3964 Gratianopolitani,
852 3895 988 3949 actis
1030 3911 1122 3949 seu
1168 3895 1350 3964 potius
1381 3910 1444 3947 ex
1472 3892 1574 3945 (lui

87 3992 190 4047 ἕῡῐιε,
212 3986 378 4053 quinto
400 3986 709 4042 Carthusiae
737 3987 1042 4057 priore,qui
1066 3986 1253 4042 horum
1284 3994 1471 4038 auctor
1491 3993 1593 4050 est,

87 4066 261 4140 collegit;
305 4090 471 4144 quare
523 4091 645 4129 cum
694 4075 785 4131 bic
830 4076 1065 4145 scriptor
1113 4084 1221 4128 tam
1273 4073 1330 4127 S.
1364 4073 1593 4142 llugoni,

88 4172 196 4224 rillam
227 4164 275 4219 S.
298 4167 539 4223 Brunoni
569 4168 793 4236 aequalis
834 4168 1020 4232 fuerit,
1053 4181 1344 4235 rerumque
1384 4175 1488 4219 tam
1526 4166 1593 4219 ad

86 4250 179 4309 hunc
203 4272 341 4326 quam
371 4260 438 4314 ad
482 4258 638 4314 illum
684 4257 1049 4329 spectantium
1097 4257 1340 4327 apprime
1371 4270 1594 4327 gnarus,

87 4345 316 4416 neealiquo
342 4364 407 4403 ex
437 4349 623 4419 capite
654 4349 772 4405 ﬁdei
808 4357 974 4420 queat
1024 4363 1145 4403 esse
1193 4357 1457 4415 suspectae
1502 4356 1596 4400 aut

87 4426 263 4501 inﬁrmze,
292 4437 401 4493 fieri
431 4454 567 4495 sane
597 4438 682 4492 vix
716 4439 943 4508 poterit,
972 4437 1103 4509 quin
1129 4437 1363 4491 Baronio
1400 4451 1593 4491 assea-

88 4519 256 4579 tiendunt
281 4530 365 4595 sit,
393 4530 436 4585 si
464 4529 628 4584 modo
654 4528 743 4583 liic
760 4528 1056 4600 Guigonem
1082 4529 1182 4582 rite
1206 4528 1593 4597 interpretatus

88 4610 144 4675 δίι,
165 4616 276 4685 quod
300 4629 583 4691 propterea
624 4634 768 4673 nunc
794 4619 1228 4674 examinandum.

130 4705 220 4761 451.
245 4709 576 4779 Columbius,
612 4711 662 4765 in
700 4726 796 4766 sua
824 4712 888 4765 de
911 4711 1394 4767 Carthusianorum
1424 4708 1593 4763 initiis

92 4789 393 4856 dissertatione
440 4819 593 4856 num.
621 4803 723 4855 102
752 4811 805 4856 et
834 4817 973 4871 seq.,
1024 4801 1321 4855 sententias
1352 4800 1489 4854 duas
1516 4801 1595 4854 di-

92 4895 231 4953 tersas,
255 4893 734 4948 Carthusianornm
773 4894 1121 4962 antiquorum
1161 4909 1345 4955 unam,
1370 4892 1591 4946 Baronii

93 4972 265 5057 alterm,
310 4985 372 5039 de
412 5000 579 5040 anno.
630 5002 737 5055 quo
774 4985 831 5040 S.
859 4985 1055 5039 Bruno
1087 4984 1154 5039 ad
1201 4982 1256 5037 S.
1286 4981 1590 5052 llugonem,

91 5061 574 5143 Gratianopolitanum
610 5093 942 5147 episcopum,
992 5075 1286 5131 accesserit
1328 5088 1493 5144 seque
1535 5075 1589 5129 in

93 5152 316 5219 Carthasim
341 5182 584 5222 eremum
616 5170 902 5238 receperit,
935 5167 1280 5223 circumferri
1314 5165 1588 5235 prtefattts,

92 5252 365 5309 beatiorem
416 5258 667 5325 quidem;
729 5274 850 5327 qua:
891 5274 956 5313 ex
994 5257 1051 5312 S.
1082 5257 1342 5327 Ηιιῧοηίδν
1380 5255 1593 5311 Gratia"

95 5340 313 5404 naprilitani
360 5348 619 5419 episcopi,
667 5351 828 5415 actis,
880 5365 973 5419 per
998 5349 1295 5419 Gutgonem
1354 5348 1590 5418 scriptis,

94 5437 153 5488 βτί)
172 5445 287 5490 anno
305 5437 439 5493 1086
466 5448 596 5505 stat,
629 5440 818 5495 falsam
840 5458 857 5505 ;
903 5441 1140 5509 priorem
1170 5455 1318 5501 vero,
1348 5454 1467 5509 qus.-
1492 5454 1592 5509 pro

95 5525 321 5582 “M31084
346 5531 565 5595 militat,
594 5547 777 5587 veram
809 5540 1105 5594 asseverat,
1140 5548 1203 5585 ac
1237 5531 1429 5585 deinde
1465 5531 1591 5585 sub«

94 5604 255 5681 j"nili:
297 5640 314 5672 ί
362 5624 431 5679 Ut
484 5626 593 5679 haec
634 5636 819 5696 aperta
878 5627 1006 5689 sint,
1055 5639 1170 5693 age,
1205 5638 1591 5692 componamus

100 5701 310 5775 “minque
356 5712 695 5783 (sententiam
757 5715 962 5772 scilicet
1022 5716 1085 5770 de
1134 5729 1273 5769 anno
1347 5729 1591 5773 secessus

1703 1910 1721 1943 ι
1768 1892 2085 1947 monasterii
2126 1892 2690 1962 reditum,completis
2731 1896 2911 1959 annis,
2942 1895 3094 1950 adest
3121 1895 3286 1964 magi-

1702 2001 1721 2033 c
1767 1992 1881 2037 ster
1910 1983 2109 2038 Bruno.
2151 2001 2171 2036 ι
2221 1982 2496 2038 Hactenus
2526 1983 2718 2054 Guigo.
2773 1984 3036 2040 Baronius
3081 1985 3160 2041 sic
3191 1986 3278 2038 in-

1697 2082 2029 2143 terpretatur
2053 2072 2169 2143 ejus
2192 2073 2381 2141 verba,
2411 2082 2470 2128 ut
2493 2074 2647 2143 Hugo
2674 2076 2909 2145 primum
2944 2091 3116 2133 annos
3147 2076 3283 2131 duos

1694 2165 1896 2219 solidos
1939 2172 2060 2234 post
2091 2165 2553 2221 consecrationem
2586 2165 2885 2221 Romanam
2917 2168 3193 2235 exegerit,
3225 2174 3281 2220 et

1696 2255 1749 2308 in
1774 2254 2050 2310 Casae-Dei
2078 2254 2407 2311 monasterio
2454 2255 2705 2321 tertium;
2738 2257 2931 2312 deinde
2955 2271 2986 2312 e
3010 2243 3280 2312 Casa‘Dei

1695 2344 2124 2416 Gratianopolim
2148 2361 2418 2409 reversus,
2450 2346 2583 2401 alios
2608 2345 2719 2402 fere
2748 2357 2857 2402 tres
2884 2348 2939 2403 in
2967 2347 3281 2417 episcopatu

1695 2436 1936 2504 posuerit
1963 2446 2090 2491 ante
2122 2437 2410 2492 adventum
2460 2437 2747 2493 Brunonis.
2792 2437 2919 2492 Vult
2953 2437 3119 2509 igitur
3147 2437 3284 2492 Bru-

1696 2540 1891 2579 nonern
1941 2525 2008 2580 ad
2051 2540 2173 2579 eum
2218 2526 2451 2592 venisse,
2503 2540 2625 2580 cum
2652 2542 2757 2582 non
2786 2525 2945 2598 longe
2971 2535 3149 2582 erata
3177 2525 3285 2579 ﬁne

1697 2615 1822 2669 anni
1866 2616 2007 2670 sexti
2036 2617 2401 2687 episcopatus.
2456 2615 2642 2687 Neque
2673 2618 2948 2674 immerito
2984 2618 3057 2673 ita
3091 2619 3261 2673 sentit

1692 2706 2061 2777 Guigonisque
2093 2722 2252 2762 voces
2294 2707 2705 2777 interpretatur.
2738 2708 2972 2765 Omnino
3014 2710 3185 2775 enim,
3236 2710 3283 2763 si

1695 2806 1802 2850 tres
1842 2815 1861 2849 ι
1898 2798 1951 2851 in
2001 2798 2314 2869 episcopatu
2355 2799 2505 2864 anni,
2549 2799 2643 2870 qui
2687 2801 2919 2856 necdum
2975 2802 3224 2870 completi
3258 2821 3278 2853 ι

1695 2884 1966 2952 feruntur,
1995 2896 2325 2943 censeantur
2380 2886 2598 2943 ﬂuxisse
2629 2898 2752 2958 post
2781 2891 3011 2945 reditum
3040 2905 3071 2944 e
3097 2905 3286 2947 mona-

1692 2980 1861 3035 sterio
1890 2979 2188 3048 Casca-Dei,
2236 2996 2395 3051 quem
2440 2990 2549 3037 tres
2599 2982 2725 3037 anni
2770 3002 2788 3035 ι
2823 2993 2945 3053 post
2999 2998 3287 3037 consecra-

1700 3087 1717 3119 ι
1744 3069 1942 3126 tionem
1972 3088 1990 3121 ι
2019 3071 2315 3125 Romanam
2338 3080 2754 3136 praecesserant,
2796 3080 2855 3125 ut
2897 3072 3071 3142 prima
3104 3071 3287 3140 specie

1694 3162 1907 3216 videtur
1930 3162 2202 3232 postulare
2224 3161 2485 3231 Guigonis
2511 3162 2708 3229 oratio,
2739 3177 2833 3217 sex
2861 3162 3015 3233 [Iugo
3046 3163 3285 3224 circiter,

1696 3267 1802 3305 non
1854 3252 2140 3322 pauciores
2186 3266 2217 3305 a
2263 3252 2675 3306 consecratione
2706 3267 2875 3321 usque
2919 3253 2985 3308 ad
3021 3252 3288 3307 Brunouis

1696 3342 1987 3399 adventum
2011 3344 2231 3399 duxisse
2258 3358 2430 3398 annos
2457 3345 2849 3400 existimandus
2884 3354 2988 3400 est.
3024 3365 3042 3395 ι

1768 3433 1895 3487 452.
1937 3432 2062 3489 Hmc
2093 3432 2342 3488 laudatus
2372 3433 2626 3503 scriptor,
2661 3448 2689 3487 a
2714 3433 2946 3489 Baronio
2974 3445 3027 3488 et
3062 3432 3288 3489 recitata

1698 3539 1725 3576 a
1756 3539 1813 3580 se
1837 3523 2099 3597 Guigonis
2126 3526 2312 3592 verba,
2365 3533 2630 3596 spectato,
2679 3541 2835 3594 quem
2879 3526 3054 3595 prima
3103 3524 3285 3579 fronte

1697 3614 1952 3680 offerunt,
1981 3629 2166 3680 sensu,
2197 3625 2346 3670 recte
2368 3615 2591 3686 exponi,
2623 3625 2679 3670 et
2706 3633 2769 3671 ex
2809 3616 2898 3683 iis,
2926 3616 2983 3671 S.
3011 3616 3283 3672 Brunonis

1699 3707 1752 3760 iu
1777 3705 2083 3762 Carthusia:
2112 3720 2354 3761 eremum
2382 3723 2656 3762 secessum
2690 3723 2815 3763 eum
2848 3723 2987 3763 anno
3010 3707 3150 3762 1086
3179 3723 3287 3761 non

1698 3794 1970 3849 immerito
2000 3795 2272 3864 componi,
2308 3794 2599 3850 aﬂirmans.
2632 3796 2825 3851 Verum
2853 3813 2977 3852 cum
3008 3796 3286 3853 nihilomi-

1699 3899 1800 3938 nus
1841 3884 2327 3941 Carthusianorutn
2384 3887 2771 3957 antiquorum,
2818 3888 2908 3958 qui
2959 3904 3105 3943 anno
3150 3886 3286 3941 103.1

1698 3973 1843 4027 hunc
1896 3983 2146 4029 eventum
2215 3976 2540 4041 innexuere,
2597 3979 2837 4047 opinioni
2899 3979 3287 4034 adhmrendnm

1700 4072 1940 4131 censeat,
1965 4065 2128 4120 verba
2164 4066 2251 4120 illa
2282 4067 2388 4121 alio
2421 4068 2601 4134 modo,
2631 4085 2793 4138 quam
2826 4084 2934 4141 quo
2966 4069 3140 4140 prima
3167 4085 3284 4140 spe-

1700 4156 1783 4209 eie
1807 4157 2120 4225 accipienda
2152 4158 2456 4223 videantur,
2496 4176 2658 4228 reque
2690 4162 2802 4230 ipsa
2843 4176 2873 4215 a
2896 4160 3132 4215 Baronio
3164 4161 3282 4215 fue-

1702 4248 1809 4301 rint
1834 4260 2076 4317 accepta,
2098 4249 2503 4318 interpretanda
2533 4253 2827 4306 contendit.
2852 4270 2871 4303 ι
2902 4253 3121 4316 Verum,
3150 4253 3281 4305 sub-

1701 4338 1781 4392 dit
1825 4354 1949 4393 mox
2000 4340 2181 4394 verbis
2230 4342 2476 4409 proxime
2527 4343 2631 4397 huc
2679 4342 3057 4411 transcriptis,
3101 4360 3118 4393 ι
3154 4340 3287 4395 nihil

1710 4447 1726 4479 ι
1757 4430 1900 4500 cogit
1932 4430 2026 4495 ita,
2059 4450 2077 4482 ι
2108 4440 2166 4483 ut
2211 4432 2421 4486 scilicet
2459 4431 2747 4485 Baronium
2777 4431 2970 4487 fecisse
3002 4434 3286 4502 praemisit,

1708 4537 1726 4569 ι
1774 4521 2076 4591 Guigonem
2149 4522 2521 4592 interpretari,
2580 4533 2633 4577 et
2679 4523 2822 4593 quod
2873 4524 3076 4579 dicitur
3115 4544 3133 4576 ι
3166 4538 3289 4597 post

1706 4630 1725 4663 ‹
1753 4615 2067 4669 monasterii
2106 4616 2359 4679 reditum,
2392 4635 2409 4668 ι
2445 4616 2524 4670 sic
2570 4634 2857 4687 possumus
2887 4634 3178 4691 exponere,
3233 4632 3291 4676 ut

1698 4706 1768 4761 sit
1815 4707 1954 4761 idem
2003 4715 2165 4777 atque
2223 4727 2240 4759 ι
2274 4708 2569 4763 secundum
2610 4712 2923 4767 monasterii
2970 4713 3221 4779 reditum,
3261 4731 3283 4765 ›

1699 4812 1792 4851 seu
1826 4798 2029 4861 statim,
2064 4813 2237 4867 neque
2286 4799 2456 4853 multo
2492 4812 2613 4869 post
2663 4804 2976 4857 monasterii
3028 4804 3285 4871 reditum,

1700 4894 1753 4939 et
1780 4886 1898 4942 loco
1926 4903 2030 4941 non
2063 4902 2163 4942 suo
2184 4889 2419 4957 positum
2452 4888 2614 4945 fuerit
2647 4900 2771 4946 ante
2798 4906 2958 4946 voces
2989 4911 3008 4943 ι
3045 4875 3289 4962 comple-

1707 4996 1724 5028 α
1775 4979 1841 5034 tis
1873 4980 2081 5035 annis»
2107 4979 2273 5048 Igitur
2297 4981 2403 5036 erit
2431 4983 2545 5038 hzec
2570 4984 2836 5038 sententia
2868 5002 2879 5037 :
2917 4983 3085 5040 «Ecce
3112 4986 3286 5041 tribus

1704 5091 1721 5122 ι
1772 5072 1999 5126 necdum
2026 5073 2079 5127 in
2103 5073 2415 5144 episcopatu
2443 5075 2727 5144 completis
2765 5076 2941 5142 annis,
2978 5078 3130 5131 adest
3157 5091 3272 5131 ruo-

1707 5185 1724 5216 ι
1770 5165 1893 5220 dico
1929 5177 2049 5236 post
2097 5167 2411 5223 monasterii
2463 5168 2694 5223 reditum
2735 5177 2977 5239 tempore
3026 5169 3284 5238 magister

1704 5277 1722 5310 r
1768 5259 1968 5314 Bruno.
2004 5281 2021 5312 ι
2076 5261 2204 5326 Sed,
2232 5262 2370 5323 vide,
2407 5262 2497 5330 qui
2530 5262 2760 5317 necdum
2809 5261 3061 5331 completi
3101 5261 3285 5315 ferun-

1701 5362 1809 5414 tnr,
1846 5366 2019 5404 annos
2057 5366 2176 5405 esse
2218 5351 2271 5403 in
2302 5352 2615 5420 episcopatu
2646 5361 2766 5423 post
2810 5353 3283 5408 consecrationem

1699 5448 1754 5493 et
1779 5439 1947 5494 Roma
1986 5436 2216 5493 r'cditum
2242 5440 2470 5509 positos,
2500 5441 2661 5510 inque
2696 5458 2823 5497 cura
2848 5440 3139 5510 episcopali
3171 5441 3285 5495 col-

1700 5530 1929 5585 locatos.
1977 5529 2109 5583 Nam
2146 5530 2190 5584 si
2224 5531 2291 5584 ab
2320 5530 2561 5600 Hugonis
2599 5533 3010 5587 consecratione
3038 5532 3282 5587 Romana

1700 5637 1926 5677 censeas
1969 5636 2160 5685 annos,
2190 5622 2301 5692 jam
2352 5632 2461 5679 tres
2502 5624 2701 5694 expleti
2746 5635 2920 5691 erant,
2953 5635 3009 5680 et
3055 5637 3282 5697 quartus

1701 5716 1919 5782 fluebat,
1951 5730 2069 5770 cum
2098 5714 2276 5770 Bruno
2307 5716 2371 5772 ad
2423 5717 2598 5786 ipsum
2633 5719 2797 5786 venit,
2845 5719 3070 5791 scilicet,
3114 5731 3172 5777 ut
3201 5719 3281 5776 di-
