3814 6306
507 371 612 426 2ἷὸ

1320 364 1377 420 S.
1416 364 1761 420 BllUNON‘lS
1787 356 2430 417 CARTllUSlANORUM
2465 337 2946 413 lNSTlTUTORlS
3048 329 3338 389 MM“
3611 361 3694 416 ‘37“

505 494 661 540 xcrat
682 484 876 553 Guigo,
917 500 933 531 ‹
965 479 1184 535 Duobus
1213 489 1334 547 post
1362 489 1824 534 consecrationem
1853 475 2080 544 expletis
2109 476 2154 528 Α
2181 473 2442 543 Gnigonis
2493 483 2665 541 textu,
2717 486 2875 542 quem
2929 483 3088 536 supra
3145 465 3468 531 transcribit,
3492 469 3698 523 voculam

511 597 529 625 ι
579 575 756 640 annis,
789 595 806 624 ι
853 573 1004 641 lluge
1035 572 1134 626 fuit
1180 571 1233 625 in
1272 572 1602 626 monasterio
1631 569 1894 625 Casm-Dei
1930 566 2079 620 novi-

509 669 615 723 tius
647 685 743 738 per
770 684 968 722 animm
987 683 1170 720 unum.
1199 685 1216 716 ι
1243 665 1386 720 Talis
1409 675 1514 729 est,
1537 681 1697 734 quam
1717 663 1955 717 recitatis
1973 677 2001 715 a
2025 677 2082 716 se

505 759 766 828 Guigonis
816 759 994 813 verbis
1024 757 1338 811 Columbius
1389 756 1612 825 aiiingit,
1672 754 2077 824 interpretatio;

505 864 694 904 verum
728 849 960 902 violenta
1004 847 1224 901 omnino
1255 855 1337 901 est
1366 856 1528 916 atque
1556 855 1762 900 coacta.

578 937 703 990 455.
747 937 1115 1005 Praeterquam
1163 936 1305 991 enim
1347 938 1490 1005 quod
1536 938 1649 990 hmc
1698 938 1861 991 verba
1903 955 1920 988 ι
1951 936 2082 991 Post

505 1031 819 1083 monasterii
853 1030 1084 1084 reditum
1120 1049 1137 1081 ι
1201 1046 1229 1083 a
1258 1029 1516 1098 Guigone,
1555 1031 1644 1099 qui
1680 1039 1857 1084 tamen
1889 1031 2080 1084 ataxize

504 1117 556 1171 in
608 1119 896 1173 scribendo
941 1130 1146 1174 temere
1197 1120 1588 1174 insimulamlus
1637 1137 1742 1174 non
1797 1130 1903 1184 est,
1963 1122 2080 1174 loco

504 1225 610 1263 non
642 1226 739 1264 suo
774 1213 946 1280 posita
974 1227 1116 1276 esse,
1166 1213 1431 1272 adstruat,
1464 1227 1492 1265 a
1519 1211 1821 1269 Columbio.
1853 1221 1928 1275 ut,
1961 1226 2081 1280 qua:

505 1314 667 1367 supra
699 1301 964 1365 recitavit,
996 1301 1254 1370 Guigonis
1289 1302 1471 1364 verba,
1521 1311 1697 1356 stante
1742 1302 1924 1366 etiam,
1961 1317 2080 1370 quae

506 1388 564 1438 S.
607 1387 875 1444 Brunonis
923 1389 974 1442 in
1019 1388 1361 1444 Carthusiam
1415 1404 1688 1444 secessum
1761 1405 1899 1444 anno
1945 1390 2078 1444 1084

509 1477 698 1546 alligit,
746 1479 1016 1548 Opinione,
1047 1495 1174 1534 vera
1222 1497 1340 1534 esse
1393 1481 1781 1550 intelligantur,
1840 1482 2078 1536 studiose

505 1569 729 1622 nimimn
756 1571 965 1624 videtur
995 1573 1242 1640 qumsita,
1269 1583 1474 1640 estque,
1509 1583 1567 1626 ut
1603 1574 1855 1642 reliquos,
1884 1576 2080 1644 quibus

504 1658 730 1722 laborat,
784 1662 1024 1717 defectus
1077 1664 1345 1728 omittam,
1403 1679 1431 1717 a
1486 1680 1822 1734 quacumque
1881 1669 2078 1723 usitata

503 1764 691 1812 annos,
724 1765 858 1818 quos
887 1752 1124 1820 episcopi
1159 1754 1209 1805 in
1235 1754 1546 1822 episcopatu
1587 1755 1885 1823 exegerint,
1931 1771 2077 1811 com-

2190 583 2207 616 ι
2229 566 2454 619 necdum
2479 585 2494 615 ι
2524 579 2620 634 per
2643 577 2882 617 errorem
2907 559 3168 623 omiserit,
3194 558 3275 611 vel
3324 566 3530 622 textum,
3565 574 3590 612 e
3619 576 3702 627 quo

2188 657 2303 711 haec
2342 655 2410 710 ab
2453 655 2621 711 altero
2668 654 2859 707 fuisset
2896 667 3074 716 erasa,
3113 649 3214 704 sibi
3253 647 3600 718 prmluewtem
3628 649 3703 702 ha-

2185 745 2383 811 buerit,
2411 746 2642 814 hincque
2686 745 2756 798 sit
2804 743 3027 807 factum,
3072 749 3143 793 ut.
3183 753 3287 807 quo
3322 737 3562 791 Sanctum
3591 754 3704 792 anno

2184 839 2320 892 1084
2356 839 2409 892 in
2438 837 2740 892 Carthusia:
2769 851 3011 891 erenmm
3044 850 3329 890 secessrsse
3375 845 3613 902 tueretur,
3644 834 3704 888 si-

2183 931 2352 984 nistre
2400 929 2746 997 interpretari
2803 938 3024 982 coactus
3071 929 3233 982 fuerit
3278 927 3524 998 Guigonis
3549 931 3703 996 verba,

2181 1035 2301 1089 qua:
2333 1019 2466 1074 aiias
2487 1018 2766 1087 aptissime
2797 1019 2864 1071 ad
2893 1017 3154 1087 Guigonis
3182 1027 3408 1070 mentem
3434 1018 3499 1071 ita
3521 1030 3707 1087 possunt

2183 1109 2401 1179 exponi,
2431 1119 2488 1163 ut
2517 1119 2571 1162 et
2598 1107 2770 1178 Guigo
2810 1123 2935 1161 vera
2987 1108 3269 1176 scripsisse
3306 1108 3630 1177 intelligatur,
3667 1119 3709 1163 et

2181 1201 2442 1271 Opinioni,
2495 1216 2615 1270 qua:
2665 1199 2723 1255 S.
2752 1201 3018 1255 Brunonis
3068 1200 3122 1253 in
3167 1200 3461 1254 Cartlmsize
3506 1216 3708 1255 eremum

2180 1309 2450 1349 secessum
2485 1309 2626 1348 anno
2655 1293 2790 1347 1084
2834 1294 3086 1357 innectit,
3117 1291 3339 1345 minime
3367 1290 3626 1356 efﬁciatur,
3648 1294 3710 1346 uti

2180 1385 2482 1445 ostendam,
2516 1386 2641 1440 dum
2671 1385 2893 1456 Pagium
2933 1385 2985 1440 in
3017 1384 3222 1440 criticis
3270 1385 3524 1456 tantisper
3547 1399 3711 1440 conve-

2180 1493 2334 1532 nero.
3025 1471 3041 1488 ⁸

2247 1571 2372 1626 455.
2399 1571 2496 1626 Hic
2519 1573 2771 1642 scriptor,
2796 1573 2886 1641 qui
2908 1581 3094 1627 contra
3111 1569 3650 1626 BaroniumBrunonis
3668 1569 3712 1622 in

2177 1676 2418 1715 eremnm
2444 1676 2714 1717 secessum
2737 1678 2830 1718 seu
2857 1661 3469 1718 ordinisCartlmsieusis
3487 1659 3712 1713 fundatio-

2180 1766 2300 1805 nem
2327 1766 2468 1804 anno
2493 1752 2629 1806 1084
2654 1753 2858 1822 pariter
2882 1753 3072 1823 illigat,
3096 1753 3161 1806 ad
3192 1767 3389 1805 annum
3413 1750 3539 1805 1086
3590 1766 3710 1802 ιιιιιιι.

501 1838 724 1904 putandi
758 1839 962 1894 ratione
989 1857 1210 1910 prorsus
1241 1842 1433 1897 aliena.
1461 1843 1514 1897 ld
1543 1844 1620 1898 sic
1647 1847 1870 1900 ostendo
1899 1864 1910 1898 :
1938 1845 2078 1900 San-
2111 1818 2153 1876 Β
2183 1840 2213 1891 7
2246 1841 2324 1895 sic
2371 1841 2562 1895 scribit
2604 1862 2616 1895 :
2673 1863 2690 1894 ‹
2725 1843 2988 1898 Baronius
3025 1845 3144 1898 ideo
3190 1842 3507 1897 sathlia‘Simi
3546 1841 3715 1895 οτάίιιίδ

512 1935 659 1979 ctum
695 1937 938 1981 nostrum
972 1933 1036 1984 ad
1069 1931 1345 2001 llugonem
1377 1932 1932 2004 Gratianopolitanum
1967 1938 2080 2006 cpi—

504 2029 749 2082 scopum,
775 2031 896 2070 cum
935 2019 1022 2072 hic
1056 2029 1163 2076 tres
1194 2023 1421 2076 necdum
1465 2039 1635 2079 annos
1672 2028 1724 2079 in
1761 2027 2078 2095 episcopatu

502 2105 853 2175 implevissct,
886 2111 1119 2178 venisse,
1145 2111 1336 2183 Guigo,
1364 2122 1421 2170 ut
1449 2114 1760 2170 Columbius
1790 2118 1924 2181 vult,
1954 2133 2078 2171 ver-

504 2195 589 2250 bis
619 2211 780 2266 supra
810 2200 1052 2257 recitatis
1090 2205 1288 2269 tradit;
1330 2221 1449 2274 quae
1481 2207 1552 2259 ita
1599 2206 1738 2261 idem
1770 2207 2080 2264 Columbius

503 2284 850 2355 interpretari
880 2291 1058 2359 debet,
1105 2303 1162 2347 ut
1187 2310 1282 2362 per
1307 2315 1325 2346 ι
1364 2312 1536 2351 annos
1581 2296 1702 2352 illos
1735 2309 1843 2354 tres
1879 2301 1930 2354 in
1963 2302 2078 2370 epi-

505 2384 733 2442 sc0patu
758 2396 774 2426 ι
801 2379 1028 2434 necdum
1055 2383 1305 2452 impletos
1330 2384 1694 2455 intelligantur
1719 2390 1866 2454 anni,
1897 2405 1926 2442 a
1951 2404 2079 2444 san--

501 2473 591 2516 cto
621 2463 710 2519 illo
733 2467 996 2534 antistite,
1025 2485 1145 2525 cum
1167 2487 1308 2527 anno
1336 2473 1472 2527 1080
1508 2475 1730 2530 ineunte
1755 2476 1940 2532 Romae
1967 2479 2081 2546 epi-

503 2567 703 2621 scopus
731 2568 1082 2615 consecratus
1128 2559 1340 2628 fuisset,
1387 2562 1755 2635 Gratianopoli
1787 2567 1853 2621 ab
1893 2568 2082 2622 eodem

505 2658 647 2698 anno
675 2646 814 2701 1030
844 2647 984 2720 ultra
1033 2665 1272 2707 mensem
1301 2652 1517 2709 Junium
1559 2653 1671 2723 jam
1705 2668 1960 2725 provecto
1993 2675 2082 2714 us-

506 2733 613 2801 que
641 2736 705 2792 ad
739 2741 866 2793 anni
897 2741 1032 2796 1081
1052 2741 1294 2810 Junium,
1321 2761 1427 2814 quo
1471 2747 1537 2801 ad
1564 2763 1686 2803 eum
1716 2749 1772 2803 S.
1801 2750 1980 2806 Bruno
2014 2769 2081 2806 ex

504 2823 749 2881 dicendis
779 2830 942 2894 venit,
974 2831 1026 2886 in
1071 2834 1361 2904 episcopali
1394 2853 1520 2890 cura
1550 2840 1724 2894 exacti
1749 2857 1763 2906 ;
1817 2856 1936 2897 cum
1987 2858 2083 2897 au-

501 2924 610 2969 tem
645 2935 673 2971 a
706 2921 872 2988 priori
906 2938 935 2977 e
962 2924 1172 2981 duobus
1199 2927 1350 2984 hisce
1395 2929 1675 2987 chronicis
1708 2933 1956 2988 terminis
1993 2951 2082 2990 us-

504 3003 609 3074 quc
634 3009 701 3062 ad
735 3013 1088 3080 posteriorem
1119 3019 1245 3072 anni
1288 3021 1518 3074 necdum
1568 3023 1794 3091 impleti,
1825 3040 1931 3079 non
1966 3036 2082 3080 tan-

507 3107 618 3150 tum
649 3108 776 3165 tres,
804 3104 896 3157 sed
925 3115 1156 3172 quatuor
1191 3113 1552 3180 exenrrerint,
1592 3129 1656 3168 ex
1706 3115 1852 3170 hisce
1879 3134 2079 3173 anmnn

503 3202 692 3254 unum,
727 3208 886 3260 quem
919 3194 1071 3266 llugo
1103 3199 1308 3254 interea
1335 3201 1387 3255 in
1418 3203 1689 3258 Casw-Dei
1729 3211 2076 3273 monasterio,

504 3277 564 3331 in
596 3279 857 3336 Arvcrnia
909 3287 1034 3352 silo,
1071 3291 1304 3345 novitius
1360 3294 1565 3361 absque
1611 3311 1738 3349 cura
1793 3299 2081 3367 episcopali

505 3370 704 3437 exegit,
729 3373 1006 3438 subducat,
1031 3395 1250 3435 necesse
1276 3395 1378 3444 est,
1399 3394 1455 3436 ut
1479 3384 1551 3438 ita
1588 3402 1603 3433 ι
1634 3394 1742 3440 tres
1771 3387 1889 3442 illos
1915 3404 2084 3445 annos

511 3455 565 3508 in
595 3459 958 3527 episcopatu,»
987 3479 1104 3530 seu,
1125 3469 1434 3539 utexponit,
1462 3489 1479 3520 ι
1500 3471 1787 3541 episcopali
1809 3490 1935 3529 cura
1956 3493 2083 3533 nec-

509 3547 650 3638 dum
675 3549 941 3619 impletos,
973 3573 992 3605 ›
1027 3567 1147 3624 post
1175 3574 1312 3626 quos
1334 3562 1399 3615 ad
1429 3573 1674 3619 sanctum
1702 3564 1850 3620 illum
1883 3583 2083 3638 pracsu-

505 3635 610 3689 lem
637 3637 814 3693 Ιίνιιιιο
843 3645 1070 3710 venerit,
1105 3646 1364 3702 obtineat.

576 3727 702 3782 454.
745 3729 967 3797 Verum,
1009 3737 1108 3790 etsi
1139 3739 1354 3808 quidem
1396 3743 1542 3808 anni,
1574 3760 1709 3812 quos
1761 3748 1996 3818 episcopi
2030 3750 2080 3804 in

503 3827 815 3889 episcopatu
861 3827 1179 3894 exegerint,
1229 3847 1332 3884 non
1383 3834 1556 3888 solum
1595 3852 1624 3889 a
1661 3847 1938 3907 tempore,
1974 3857 2080 3909 quo

503 3910 587 3962 vel
618 3911 776 3968 electi
807 3915 891 3970 vel
936 3923 1237 3975 consecrati
1300 3922 1542 3989 fuerunt,
1575 3929 1666 3982 sed
1701 3929 1863 3983 etiam
1894 3931 1961 3985 ab
1992 3946 2079 3996 eo,

505 4017 613 4068 quo
641 4002 752 4072 jam
786 4011 1084 4064 consecrati
1127 4012 1470 4082 episc0patus
1505 4019 1900 4085 possessionem
1933 4022 2080 4074 adie-

502 4101 650 4158 runt,
675 4099 977 4165 computari
1011 4103 1236 4157 subinde
1272 4103 1499 4169 soleant,
1532 4109 1776 4176 nuspiam
1819 4118 1995 4165 tamen
2028 4113 2080 4166 id

503 4183 574 4238 ita
610 4185 809 4242 factum
839 4190 1070 4258 invenio,
1100 4205 1156 4248 ut
1184 4196 1330 4259 anni,
1366 4198 1559 4263 quibus
1581 4199 1840 4268 episc0pi,
1865 4216 1892 4252 a
1921 4217 2080 4272 grege

501 4294 598 4332 suo
641 4280 932 4348 absentes,
983 4301 1169 4340 curam
1221 4285 1462 4353 ejusdem
1522 4288 1662 4342 haud
1706 4305 1961 4359 gessere,
2013 4309 2080 4346 ex

501 4371 678 4435 annis,
719 4373 772 4426 in
804 4375 1113 4446 episcopatu
1154 4379 1381 4442 exactis,
1417 4395 1523 4448 quo
1553 4391 1840 4436 accuratus
1889 4383 2078 4438 horum

2183 1930 2606 1998 (Carthusieasis
2630 1934 2906 2002 nimirum)
2931 1934 3302 1989 fundationem
3320 1933 3373 1987 in
3399 1935 3530 1988 hunc
3550 1947 3713 1986 annum

2182 2021 2405 2088 distulit,
2433 2023 2555 2091 quia
2577 2023 2768 2094 Guigo,
2795 2023 3028 2093 scriptor
3059 2024 3322 2077 Actorum
3351 2023 3479 2076 Vitae
3504 2020 3714 2090 S.llugo-

2182 2111 2286 2175 nis,
2313 2112 2398 2164 cui
2421 2113 2819 2168 necessitudine
2839 2111 3316 2180 coniunctissimus
3337 2112 3454 2177 fuit,
3477 2112 3544 2164 ita
3571 2109 3714 2179 loqui-

2184 2209 2299 2254 tur:
2327 2219 2342 2252 ι
2366 2199 2518 2271 [iugo
2540 2203 2749 2257 duobus
2771 2215 2893 2271 post
2919 2203 3386 2260 consecrationem
3416 2200 3623 2270 expletis
3641 2216 3716 2253 an-

2187 2311 2206 2344 ι
2235 2293 2338 2360 nis,
2369 2295 2693 2362 contemptis
2715 2294 2986 2360 omnibus,
3013 2293 3290 2348 Casa-Dei
3312 2293 3511 2348 ordinis
3534 2291 3716 2347 Clunia-

2188 2402 2205 2434 ‹
2233 2384 2412 2439 censis
2423 2384 2595 2440 factus
2616 2385 3026 2441 estmonachus.
3048 2385 3124 2440 lbi
3140 2387 3376 2440 novitius
3390 2401 3577 2440 annum
3589 2385 3715 2438 vixit.

2188 2494 2206 2527 ι
2253 2475 2383 2531 Post
2404 2477 2509 2531 hoc
2539 2494 2558 2528 ι
2599 2475 2714 2547 (seu
2736 2487 2859 2547 post
2880 2475 3332 2532 huncnovitiatus
3349 2485 3711 2544 annum,atquc

2182 2567 2315 2622 adeo
2341 2567 2559 2622 tertium
2590 2583 2617 2620 a
2647 2583 2744 2622 sua
2776 2569 3136 2639 ordinatione)
3181 2589 3200 2622 ι
3241 2579 3468 2640 cogente
3493 2568 3718 2638 Gregorio

2187 2676 2206 2709 ι
2252 2659 2505 2728 septimo,
2534 2673 2566 2713 e
2609 2659 2976 2725 monasterio,
3007 2675 3114 2730 quo
3166 2658 3385 2714 fervens
3427 2659 3717 2718 intraverat,

2188 2768 2207 2800 ‹
2251 2747 2549 2804 ferventior
2578 2758 2662 2804 est
2702 2765 3024 2806 reversus...
3064 2751 3132 2805 Et
3159 2767 3292 2807 ecce
3326 2751 3494 2806 tribus
3523 2751 3718 2806 necdum

2191 2859 2210 2892 ι
2255 2841 2312 2897 in
2344 2842 2660 2914 episcopatu
2691 2851 2816 2912 post
2845 2844 3159 2900 monasterii
3202 2844 3435 2900 reditum
3481 2840 3722 2912 completis

2189 2953 2208 2986 ι
2253 2935 2435 2999 annis,
2469 2935 2625 2990 adest
2652 2937 2911 3006 magister
2948 2937 3146 2990 Bruno.
3182 2956 3200 2988 ι
3239 2938 3370 3004 Qua:
3397 2937 3554 2990 verba
3581 2935 3720 2988 Baro-

2185 3025 2306 3081 nius
2336 3027 2415 3081 sic
2447 3027 2860 3098 interpretatur,
2886 3037 2945 3082 ut
2976 3027 3128 3099 Hugo
3160 3029 3397 3098 primum
3428 3043 3589 3082 annos
3615 3026 3724 3080 duos

2186 3119 2386 3173 solidos
2416 3127 2537 3187 post
2575 3121 3046 3175 consecrationem
3093 3119 3316 3185 Romae,
3359 3121 3446 3176 ubi
3490 3134 3548 3174 ea
3577 3119 3722 3178 facta,

2184 3211 2468 3280 exegerit,
2529 3220 2584 3265 et
2641 3211 2694 3264 in
2756 3211 3036 3267 Casm-Dei
3090 3212 3425 3266 monasterio
3487 3209 3722 3270 tertium;

2183 3297 2376 3354 deinde
2402 3314 2431 3352 a
2453 3299 2707 3355 Casa-Dei
2730 3298 3156 3369 Gratianopolim
3179 3315 3451 3364 reversus,
3484 3299 3608 3352 alios
3636 3296 3724 3349 fere

2187 3397 2300 3442 tres
2332 3389 2384 3442 in
2417 3390 2733 3458 episcopatu
2765 3391 3007 3458 posuerit
3053 3392 3501 3444 ante'adventum
3547 3388 3723 3441 Bruno-

2185 3480 2313 3543 nis,
2353 3490 2407 3534 et
2458 3489 2616 3535 sexto
2675 3497 2818 3536 anno
2864 3497 2892 3535 a
2950 3498 3046 3536 sua
3097 3481 3471 3545 ordinatione,
3518 3478 3726 3534 currenti

2184 3585 2408 3640 nempe,
2439 3585 2559 3624 cum
2589 3571 2752 3624 sociis
2777 3571 3120 3625 Carthusiam
3158 3571 3396 3640 petierit.
3427 3571 3498 3624 ιιι
3539 3568 3726 3638 quidem

2185 3662 2360 3730 prima
2410 3660 2591 3716 fronte
2641 3663 2792 3716 locus
2845 3663 2936 3716 ille
2984 3661 3338 3732 explicandus
3381 3663 3606 3725 videtur,
3651 3657 3728 3711 sed

2183 3755 2370 3808 charta
2416 3752 2745 3807 fundationis
2783 3754 3114 3816 Carlhusiae,
3154 3769 3318 3822 quam
3351 3752 3600 3808 Baronius
3639 3764 3727 3801 non

2182 3843 2434 3905 viderat,
2488 3842 2613 3896 huic
2669 3843 3099 3912 interpretationi
3141 3843 3488 3906 adversatur,
3538 3843 3728 3894 deumn-

2183 3944 2425 4002 stratqne
2458 3935 2528 3986 ita
2576 3935 3019 4003 intelligendum,
3055 3945 3111 3988 ut
3148 3953 3164 3984 ι
3202 3934 3384 3988 Bruno
3413 3943 3530 4005 post
3571 3944 3728 3984 mona-

2189 4042 2206 4073 ‹
2252 4023 2400 4076 sterii
2431 4023 2700 4087 reditum,
2740 4042 2758 4074 ι
2798 4023 2850 4076 id
2879 4033 2992 4088 est,
3025 4023 3207 4077 statim
3241 4025 3327 4077 vel
3358 4023 3513 4092 paulo
3545 4029 3653 4091 post
3675 4018 3728 4070 ad

2184 4114 2460 4184 llugonem
2497 4116 2745 4187 venerit,
2778 4115 2867 4183 qui
2903 4132 2966 4170 eo
2992 4126 3232 4185 tempore
3265 4117 3490 4170 necdum
3541 4122 3639 4166 tres
3686 4109 3728 4160 in

2183 4209 2494 4276 episcopatu
2546 4207 2914 4275 compleverat
2969 4223 3159 4261 annos.
3213 4206 3324 4261 Nec
3371 4206 3560 4268 refert,
3608 4199 3728 4271 quod

2182 4299 2356 4366 Guigo
2390 4298 2570 4361 dicat,
2607 4298 2885 4369 llngoncm
2931 4319 2948 4349 ί
2987 4299 3192 4353 duobus
3233 4309 3352 4366 post
3395 4292 3729 4352 consecratio-

2189 4408 2205 4439 ι
2254 4404 2376 4442 nem
2409 4389 2639 4457 expletis
2689 4391 2845 4444 annis
2881 4410 2898 4441 ι
2944 4390 3268 4442 monaclmm
3319 4389 3571 4442 induisse.
3617 4382 3728 4435 Nam

502 4478 762 4520 munerus
808 4468 1094 4535 habeatur,
1127 4473 1529 4537 subducuntur;
1567 4473 1709 4542 quod
1737 4490 1860 4527 cum
1889 4493 1954 4530 ex
1995 4477 2076 4529 di-
2106 4499 2156 4559 Ι)
2187 4481 2235 4532 in
2283 4481 2672 4534 Dissertatione
2722 4481 2979 4550 llypatica
3008 4521 3022 4545 ,
3068 4480 3524 4548 quemadmodum
3583 4486 3633 4530 et
3685 4475 3727 4523 in

501 4552 604 4605 ctis
647 4553 698 4606 in
744 4555 1214 4626 interpretatione,
1247 4562 1506 4631 Guigonis
1537 4565 1712 4619 verbis
1741 4581 1769 4616 a
1796 4564 2078 4622 Columbio

499 4644 699 4712 allicta,
747 4647 862 4701 fieri
902 4651 1116 4717 debeat,
1156 4666 1277 4722 apta
1327 4673 1456 4710 sane
1502 4657 1614 4710 lncc
1659 4657 1797 4709 haud
1832 4669 2074 4727 apparet.

499 4737 609 4790 Nec
637 4739 702 4790 ad
731 4757 872 4806 eam,
907 4755 1165 4810 quantum
1201 4749 1410 4817 opinor,
1445 4765 1550 4817 quo
1578 4749 1907 4817 opinionem,
1941 4751 2076 4806 San-

497 4830 570 4883 cti
623 4833 792 4886 nostri
828 4832 879 4886 in
919 4835 1262 4892 Carthusiam
1299 4857 1570 4894 recessum
1618 4857 1760 4894 anno
1793 4843 1928 4895 1084
1975 4845 2076 4897 illi-

496 4930 711 4990 gantem
744 4933 1002 4992 tueretur,
1039 4945 1355 4985 recursurus
1386 4931 1573 4986 fuisset
1604 4933 1829 5001 ipsemet
1860 4935 2077 4990 Colum-

494 5016 634 5078 bius,
662 5014 706 5068 si
746 5017 925 5072 omnia
975 5028 1026 5072 et
1072 5021 1282 5090 singula
1328 5022 1509 5087 verba,
1539 5024 1734 5091 quibus
1779 5033 2010 5093 tempus,
2044 5042 2074 5080 a

495 5109 554 5165 S.
585 5109 805 5178 Ilugone
851 5122 973 5180 post
1027 5115 1383 5183 episcopalem
1449 5117 1867 5180 ordinationem,
1923 5129 2076 5173 ante.

493 5217 654 5268 quam
700 5199 975 5257 Casm-Dei
1024 5207 1410 5260 monasterium
1460 5215 1686 5274 peteret,
1733 5218 2006 5271 exactum,
2043 5227 2069 5262 a

494 5294 738 5364 Guigone
786 5307 894 5351 tum
929 5299 1065 5367 apud
1096 5299 1334 5364 Snrium,
1391 5310 1500 5352 tum
1551 5300 1688 5368 apud
1734 5314 1832 5352 nos
1879 5309 2007 5352 tom.
2053 5301 2070 5354 Ι

493 5385 693 5451 Aprilis
741 5403 863 5458 pag.
919 5389 988 5443 40
1041 5390 1332 5454 delinitur,
1389 5404 1500 5456 pra:
1551 5389 1721 5442 oculis
1770 5388 2064 5443 habuisset.

495 5474 703 5530 litenim
756 5479 800 5531 is
838 5480 894 5532 S.
927 5480 1162 5551 llngonis
1197 5482 1520 5550 biographus
1553 5480 1747 5535 ibidem
1777 5497 1878 5535 non
1911 5481 2063 5548 dicit,

501 5584 516 5615 ι
541 5565 690 5636 Ilngo
715 5571 940 5637 duobus,
968 5575 1060 5626 sed
1085 5573 1235 5642 llugo
1271 5588 1476 5626 xecncn
1501 5572 1706 5626 duobus
1735 5580 1854 5641 post
1877 5586 2064 5626 consc-

493 5660 791 5716 crationcm
837 5666 1063 5734 expletis
1096 5668 1344 5720 armis....
1369 5666 1651 5721 (Iasm-Dei
1700 5665 1906 5719 ordinis
1935 5663 2062 5718 Clu-

494 5750 759 5814 niaccasis
789 5756 966 5815 factus
1011 5769 1093 5816 est
1125 5761 1438 5830 monachus,
1478 5780 1495 5811 ›
1534 5767 1589 5815 ιιι
1633 5758 1716 5816 vel
1749 5756 2064 5814 Columbius

2182 4570 2281 4623 hac
2316 4570 2518 4624 Critica
2551 4571 2715 4623 variis
2747 4571 2943 4639 passim
2980 4570 3306 4622 testimoniis
3337 4567 3577 4628 ostendi,
3618 4560 3730 4616 srri-

2177 4667 2360 4727 ptores
2395 4658 2480 4711 his
2510 4657 2760 4726 loquendi
2790 4657 3036 4711 formulis
3073 4678 3087 4708 ι
3127 4659 3299 4710 tribus
3329 4658 3486 4709 annis
3515 4652 3722 4722 elapsis)

2179 4750 2260 4802 vel
2298 4769 2313 4799 ι
2360 4750 2593 4803 triennio
2637 4759 2911 4803 transacto
2943 4769 2959 4800 ι
2992 4749 3329 4802 similibusve
3371 4762 3510 4816 smpe
3558 4740 3730 4798 intelli-

2179 4856 2304 4908 gere
2337 4856 2508 4894 annos
2541 4849 2651 4893 tres
2689 4840 2944 4906 utrinque
2978 4839 3355 4907 incompletos,
3392 4847 3444 4891 et
3477 4835 3726 4891 biennium

2178 4947 2390 4987 sumere
2419 4947 2516 5000 pro
2547 4933 2708 4984 unico
2737 4946 2898 4994 anno,
2936 4931 2980 4984 si
3015 4945 3098 4982 res
3131 4945 3321 4998 nempe
3353 4931 3405 4982 in
3445 4929 3547 4981 line
3590 4925 3727 4979 unius

2175 5024 2389 5092 incepta
2420 5033 2469 5076 et
2501 5024 2657 5077 initio
2687 5013 2964 5092 sequentis
3005 5022 3250 5076 absoluta
3284 5023 3462 5074 fuerit.
3513 5041 3530 5070 ι

2250 5116 2370 5168 456.
2418 5115 2493 5169 lta
2546 5117 2808 5168 hactenus
2843 5115 3057 5185 Pagins,
3096 5115 3224 5181 qui,
3258 5127 3580 5182 quamquam
3628 5106 3724 5175 ple~

2181 5223 2348 5276 raque
2387 5222 2481 5260 sua
2525 5223 2554 5260 e
2584 5207 2898 5271 Columbio,
2947 5207 3024 5258 uti
3083 5204 3241 5272 huius
3291 5205 3537 5271 illiusque
3581 5198 3726 5252 verba

2177 5297 2475 5352 cenferenti
2508 5308 2770 5366 patescet,
2801 5307 3074 5352 mutuatus
3102 5298 3192 5351 hic
3239 5298 3334 5372 sit,
3368 5296 3436 5348 ab
3474 5308 3537 5347 eo
3567 5300 3727 5344 tamen

2177 5389 2508 5444 nominando
2562 5389 2945 5444 abstinendum
2993 5391 3164 5444 duxit.
3223 5375 3504 5443 Feceritne
3547 5382 3595 5437 id
3640 5393 3724 5448 pro

2177 5493 2326 5531 more
2357 5493 2488 5542 suo,
2523 5493 2630 5546 quo
2677 5489 2925 5533 auctores
2972 5480 3083 5533 fere
3128 5478 3436 5534 dumtaxat.
3479 5475 3599 5527 dum
3643 5479 3724 5520 cos

2174 5568 2411 5634 refutat,
2468 5571 2750 5623 nominare
2803 5573 2980 5633 solet,
3040 5586 3106 5623 an
3161 5570 3300 5638 quod
3354 5559 3722 5634 aliquantumIn

2173 5663 2333 5716 etiam
2369 5677 2398 5713 a
2425 5662 2705 5715 Columbio
2733 5664 3052 5726 dissentiat,
3086 5669 3417 5731 compertum
3457 5654 3594 5712 haud
3639 5649 3721 5705 bil'

2170 5755 2290 5810 beo.
2327 5752 2519 5806 Verum
2554 5763 2610 5807 ut
2639 5763 2694 5807 ut
2724 5755 2821 5822 sit,
2858 5771 2915 5809 rc
2954 5755 3204 5824 equidem
3240 5767 3363 5807 vera
3403 5764 3430 5801 a
3461 5735 3722 5801 Columbio
