3814 6306
85 323 155 376 277

85 430 263 489 mtutihil
297 429 571 497 discrepat.
616 425 729 480 Etsi
775 426 919 481 enim
968 426 1267 499 Cuigonem
1319 438 1570 500 tempus,
1604 439 1643 496 Α

84 541 157 594 quo
179 530 367 576 sanctus
404 528 581 574 noster
621 518 689 572 ad
729 517 787 571 S.
840 517 1121 588 llngonem
1171 520 1575 590 Gratianopoli-

84 626 216 671 unum
258 611 547 682 episcopum
598 610 894 665 accesserit
926 618 1088 678 atque
1135 610 1189 664 in
1230 610 1573 666 Carthusiam

83 720 163 758 sese
198 701 463 770 receperit,
502 699 692 755 iisdem
728 699 889 769 plane
916 700 1096 755 verbis
1119 741 1134 766 ,
1186 702 1381 771 quibus
1412 718 1576 773 supra

83 790 347 854 Columbius,
380 788 722 845 deﬁnientem
758 790 1016 856 inducat,
1059 806 1166 845 non
1209 800 1420 859 tamen,
1468 809 1577 862 quo

84 886 117 937 id
133 898 211 937 non
237 882 391 937 serius
422 896 584 950 quam
608 896 750 936 anno
779 896 810 935 a
842 882 1257 939 consecratione
1282 884 1577 953 cpiscOpali

85 973 260 1043 llugonis
280 981 464 1043 quarto
500 972 701 1027 factum
730 972 958 1043 probet,
993 976 1279 1044 sequentia
1309 976 1423 1031 haec
1448 977 1577 1031 Gui.

83 1066 187 1135 genis
211 1065 380 1129 verba,
416 1083 433 1115 I
484 1064 551 1118 Et
582 1079 743 1130 ecce,
778 1065 950 1121 tribus
984 1067 1215 1122 necdum
1262 1068 1318 1122 in
1367 1067 1579 1138 episco-

82 1167 166 1227 patu
186 1166 286 1225 post
309 1157 623 1211 monasterii
648 1158 880 1211 reditum
907 1158 1192 1227 completis
1215 1160 1391 1225 annis,
1419 1160 1577 1215 adest

84 1246 268 1315 magister
290 1244 481 1311 Bruno,
520 1263 541 1296 ι
579 1245 645 1299 de
692 1246 849 1301 annis
895 1246 1089 1313 tribus,
1137 1248 1207 1302 ab
1256 1247 1480 1318 Hugone
1522 1249 1576 1303 in

83 1335 295 1405 episcopali
321 1351 482 1402 cura,
536 1352 664 1391 cum
709 1338 775 1391 ad
814 1351 939 1392 eum
989 1337 1047 1393 S.
1103 1338 1283 1393 Bruno
1314 1339 1572 1403 accessit,

84 1427 250 1479 nondum
289 1426 485 1481 exactis
525 1441 649 1480 cum
693 1425 973 1480 Columbio
1014 1428 1434 1496 interpretatur;
1468 1426 1576 1483 Ve-

85 1530 160 1568 rum
194 1516 284 1570 haec
312 1515 409 1569 alia
437 1515 701 1583 Guigonis
730 1515 929 1570 verba:
978 1536 996 1569 ι
1028 1516 1182 1588 Hugo
1217 1518 1425 1573 duobus
1454 1527 1576 1585 post

85 1606 459 1661 uitisecrationem
492 1605 883 1675 (episcopalem
925 1606 1170 1672 scilicet,
1204 1608 1389 1663 Romae
1434 1622 1577 1662 anno

87 1694 173 1747 1080
192 1694 455 1765 acceptam)
519 1695 753 1765 expletis
782 1696 975 1762 annis,
1028 1698 1357 1767 contemptis
1403 1697 1579 1751 omni-

84 1786 425 1850 bus,Cas;e-Dei
473 1786 686 1841 ordinis
726 1786 1099 1842 Cluniacensis
1128 1788 1303 1849 factus
1346 1796 1431 1842 est
1467 1804 1579 1842 mo-
1612 1780 1655 1836 B

86 1878 249 1944 melius,
283 1896 299 1928 ι
332 1879 401 1932 ita
433 1878 637 1947 exponi
683 1892 842 1947 posse
892 1887 1081 1949 putat,
1131 1887 1190 1932 ut
1237 1878 1578 1949 signiﬁcent,

86 1967 318 2037 Hugonem,
348 1980 500 2039 parte
557 1971 689 2025 anni
722 1968 889 2035 1080,
922 1984 1030 2039 quo
1082 1978 1437 2025 consecratus
1482 1970 1584 2024 fuit

86 2058 302 2128 episcopus,
333 2060 612 2129 alteraque
641 2060 770 2113 anui
803 2060 1086 2129 sequentis
1130 2067 1252 2129 post
1290 2074 1583 2116 consecra-

87 2149 221 2201 tionem
260 2149 386 2203 illam
417 2150 637 2219 elapsa,
679 2166 774 2204 seu
808 2165 952 2205 anno
983 2152 1264 2207 dumtaxat
1294 2161 1416 2221 post
1445 2152 1585 2206 hanc

90 2236 326 2291 unoiactutn
347 2252 464 2293 esse
488 2240 546 2292 in
576 2238 852 2293 Cassa-Dei
876 2241 1210 2294 monasterio
1232 2240 1582 2296 monachum.

91 2322 171 2378 llaec
202 2327 240 2381 ei
273 2328 412 2383 sedet
451 2328 678 2399 opinio,
730 2328 905 2398 quod,
955 2329 1414 2398 quemadmodum
1465 2331 1580 2391 ait,

90 2429 154 2467 non
171 2432 264 2471 raro
277 2417 361 2471 ﬁat
387 2428 443 2472 ut
468 2418 766 2487 scriptores
797 2433 891 2487 per
914 2436 932 2468 ι
955 2418 1230 2473 biennium
1249 2418 1541 2489 expletum,
1563 2438 1580 2470 ι

91 2508 292 2559 autetiam
319 2520 410 2576 per
456 2506 600 2562 duos
639 2521 811 2561 annos
852 2512 1158 2562 transactos
1195 2508 1468 2563 similesve
1500 2507 1580 2562 lo-

90 2594 260 2648 cutiones
302 2612 496 2650 annum
534 2595 821 2649 dumtaxat
851 2594 1193 2666 signiﬁcent,
1228 2597 1320 2665 qui
1370 2597 1584 2651 initium

91 2690 122 2732 et
142 2682 261 2738 tinem
287 2701 400 2741 cum
442 2686 660 2742 duobus
690 2686 919 2743 diversis
959 2685 1162 2743 Christi
1213 2688 1373 2743 annis
1425 2687 1590 2743 habet

94 2784 371 2839 conjunctunt.

122 2856 402 2928 l5i.\'erum,
418 2864 524 2918 etsi
552 2864 602 2918 id
620 2863 785 2934 Pagio
801 2864 1065 2935 tantisper
1080 2865 1589 2929 dederimus,locum

92 2956 210 3002 tamen
226 2951 398 3008 habere
420 2971 532 3008 non
552 2961 749 3024 potest,
767 2956 984 3023 quando
1007 2957 1593 3028 auctoresipsimetsuo

94 3037 279 3094 Μίδειιῶ
291 3043 436 3097 modo
450 3042 715 3107 indicant,
737 3043 1075 3113 aceipiantne
1089 3062 1187 3114 pro
1202 3045 1506 3116 completis,
1523 3060 1592 3098 an

94 3140 152 3191 pro
167 3130 455 3202 incompletis
473 3148 651 3188 annos
674 3134 884 3203 aliaque
910 3135 1170 3203 temporis
1184 3136 1361 3205 spatia
1391 3150 1483 3189 seu
1508 3135 1590 3188 in-
1618 3143 1662 3204 (ζ

94 3220 331 3285 t:nalla,de
354 3225 553 3292 quibus
581 3238 886 3278 sermonem
914 3226 1218 3279 instituunt.
1245 3226 1299 3279 ld
1327 3234 1503 3279 autem
1535 3225 1589 3279 in

95 3318 213 3375 textu,
235 3329 373 3370 voces
395 3317 565 3372 hasce
602 3334 620 3367 ί
646 3317 853 3372 duobus
870 3318 1098 3386 expletis
1123 3319 1279 3373 annis
1304 3338 1321 3371 ι
1355 3317 1592 3387 comple-

97 3408 235 3465 ctente,
260 3403 417 3473 Gnigo
463 3406 651 3461 facere
680 3448 693 3473 ,
733 3408 776 3461 si
806 3423 927 3462 eum
965 3405 1279 3462 Columbius
1312 3415 1365 3461 et
1392 3406 1591 3476 Pagius

97 3502 191 3545 recte
233 3508 561 3553 recenserem
588 3539 601 3563 ,
658 3509 802 3553 esset
847 3499 1272 3563 existimandus,
1332 3514 1397 3554 ac
1435 3498 1591 3569 proin

97 3577 208 3637 dictas
236 3598 372 3640 voces
410 3603 512 3657 pro
551 3588 758 3642 duobus
788 3588 993 3642 Christi
1046 3589 1205 3643 annis
1252 3587 1593 3657 incompletis

97 3680 152 3719 seu
173 3685 246 3737 pro
265 3689 392 3729 anno
420 3692 533 3730 uno
557 3678 786 3746 integro,
823 3678 915 3745 qui
951 3678 1161 3731 initium
1193 3687 1248 3732 et
1276 3678 1437 3732 ﬁnem
1468 3693 1592 3732 cum

98 3755 237 3816 duobus
257 3764 473 3823 diversis
526 3766 732 3823 Christi
764 3770 925 3824 annis
962 3770 1159 3825 habeat
1206 3771 1555 3840 conjunctum
1576 3811 1589 3835 ,

99 3860 162 3902 non
184 3855 408 3924 accipere.
438 3858 658 3912 Etenim
688 3860 743 3912 in
767 3861 956 3914 eodem
982 3859 1072 3913 illo
1094 3861 1234 3929 apud
1254 3861 1591 3915 Columbinm

98 3938 319 4011 elPagium
348 3957 497 4003 textu
532 3963 698 4019 agens
730 3950 795 4004 de
842 3950 1000 4005 annis
1031 3950 1205 4005 tribus
1236 3966 1372 4019 quos
1398 3948 1454 4005 S.
1486 3951 1594 4004 lln-

99 4043 151 4093 ἕο,
166 4044 406 4106 antequam
436 4042 507 4095 ad
530 4057 651 4096 eum
670 4041 906 4097 Sanctus
938 4052 1126 4098 noster
1153 4044 1468 4110 accederet,
1506 4064 1522 4094 ι
1540 4046 1592 4099 in

100 4134 326 4211 episcopatu
345 4140 460 4199 post
488 4133 811 4187 monasterii
835 4132 1070 4187 reditum
1096 4154 1115 4185 ι
1140 4134 1407 4202 exegerit,
1425 4134 1593 4196 fuisse

100 4206 173 4264 illos
198 4214 542 4290 iucompletos,
581 4221 788 4290 adjecta
817 4224 1008 4279 vocula
1034 4225 1261 4278 necdum
1289 4223 1586 4295 signiﬁcat:

104 4300 238 4369 ‘Eccc,
262 4310 446 4381 inquit,
481 4315 659 4370 tribus
690 4331 898 4369 uacuum
930 4316 984 4371 in
1006 4317 1315 4386 episcopatu
1346 4325 1463 4386 post
1488 4331 1596 4369 nio-

104 4398 251 4451 msterii
298 4405 520 4458 reditum
570 4405 856 4474 completis
906 4407 1096 4473 annis,
1151 4407 1305 4461 adest
1337 4407 1594 4475 magister

1532 321 1732 377 ACTA.

3139 346 3245 399 (2⁷23

1677 438 1871 503 nnino,
1918 451 2078 510 prout
2110 459 2138 498 a
2171 445 2454 504 Columhio
2478 459 2528 504 et
2556 450 2719 522 Pugio
2748 466 3078 525 recensetur,
3112 458 3243 514 Gui-

1679 531 1833 597 gonis
1864 540 2033 601 textu,
2066 535 2344 607 llugonem
2383 557 2528 598 anno
2572 544 2701 600 1081
2752 544 3021 605 Casae-Dei
3066 566 3247 605 mona-

1678 620 1903 675 sterium
1931 625 2185 693 petiisse,
2231 639 2415 699 posset
2443 633 2685 702 admitti,
2727 643 2905 691 textus
2930 637 3048 704 ille,
3082 639 3245 694 etiam

1676 712 1754 766 sic
1779 725 2054 783 acceptus,
2086 732 2208 773 cum
2256 721 2540 791 opinione,
2590 740 2712 795 quae
2753 724 2937 783 Sancti
2977 729 3147 784 nostri
3193 730 3248 784 in

1678 800 1976 860 Carthusize
2004 822 2245 863 eremum
2275 826 2549 868 secessum
2588 830 2731 872 anno
2759 815 2962 873 Christi
2992 819 3127 875 1081
3169 820 3250 874 in-

1679 897 1879 963 nectit,
1926 901 2169 969 apprime
2215 917 2557 975 congrueret.
2610 908 2716 965 Res
2753 925 2818 964 ex
2861 911 2971 980 jam
3016 927 3159 969 nunc
3186 913 3251 969 de

1680 996 1829 1041 textu
1854 992 2107 1059 genuino,
2138 1008 2267 1061 quo,
2300 998 2641 1065 quandonam
2671 1001 2729 1055 S.
2758 1001 2938 1057 Bruno
2965 1004 3031 1058 ad
3059 1003 3116 1059 S.
3144 1004 3252 1061 llu-

1681 1090 1909 1146 gonem,
1956 1079 2513 1152 Gratianopolitanum
2544 1089 2858 1160 episcopum
2923 1095 3248 1159 accesserit,

1678 1166 1851 1238 Guigo
1881 1172 2134 1240 exponit‘,
2168 1174 2409 1230 dicendis
2438 1187 2700 1247 patescct.

1749 1258 1874 1314 458.
1902 1260 2105 1317 Textus
2137 1264 2226 1320 ille
2248 1268 2387 1337 apud
2412 1283 2530 1337 nos,
2571 1278 2700 1325 tom.
2732 1271 2780 1337 l,
2812 1272 3012 1342 Aprilis
3038 1290 3158 1346 pag.
3185 1275 3253 1330 40

1680 1349 1755 1403 ita
1783 1351 1974 1406 habet:
2016 1372 2033 1404 ι
2069 1354 2286 1427 llugo...
2321 1360 2547 1416 necdum
2581 1361 2787 1418 duobus
2822 1374 2942 1431 post
2968 1381 3256 1421 consecra-

1684 1442 1883 1497 tionem
1911 1446 2139 1515 expletis
2162 1451 2339 1517 annis,
2354 1455 2674 1522 contemptis
2688 1455 2958 1522 omnibus,
2975 1455 3259 1512 Cassa-Dei

1680 1534 1885 1589 ordinis
1907 1536 2276 1595 Cluniacensis
2300 1542 2473 1597 factus
2494 1551 2573 1597 est
2599 1546 2912 1613 monachus,
2936 1546 3257 1602 ubi...novi-

1682 1622 1856 1678 tius...
1888 1641 2088 1681 annum
2119 1627 2312 1684 fecit...
2344 1630 2472 1687 Post
2510 1632 2634 1699 hoc,
2680 1642 2968 1703 cogente...
2998 1633 3258 1704 Gregorio

1685 1714 1945 1783 septimo,
1969 1718 2038 1772 ad
2066 1719 2439 1789 episcopatum
2468 1736 2498 1776 e
2526 1725 2877 1792 monasterio,
2909 1740 3015 1794 quo
3046 1725 3260 1779 fervens

1685 1799 2012 1872 intraverat,
2038 1807 2331 1863 ferventior
2357 1817 2439 1866 est
2468 1826 2786 1867 reversus...
2821 1823 2874 1868 ct
2899 1828 3056 1874 ecce.
3090 1815 3263 1869 tribus

1686 1892 1914 1947 necdum
1946 1896 1999 1949 in
2030 1897 2343 1969 episcopatu
2374 1903 2827 1970 postmonasterii
2850 1905 3079 1960 reditum
3108 1922 3258 1960 com-

1687 1985 1845 2054 pletis
1876 1988 2051 2056 annis,
2083 1990 2237 2046 adest
2266 1993 2525 2062 magister
2550 1994 2749 2049 Bruno.
2788 2014 2804 2047 ι
2838 1994 2970 2051 Cum
3000 2006 3106 2051 tam
3135 1997 3262 2050 anni
3316 2022 3319 2025 ι

1687 2075 1813 2140 duo,
1843 2092 1981 2146 quos
2010 2079 2069 2133 S.
2119 2079 2306 2150 Hugo,
2355 2092 2643 2153 antequam
2673 2085 2726 2139 in
2756 2085 3032 2141 Casca-Dei
3076 2103 3262 2141 mona-

1688 2168 1854 2222 sterio
1903 2172 2225 2227 monachum
2280 2175 2559 2244 indueret,
2613 2176 2679 2231 ab
2706 2178 2948 2247 'acccpta
2986 2195 3266 2235 consecra-

1690 2260 1835 2314 tione
1868 2261 2159 2332 episcopali
2191 2266 2399 2337 exegit,
2432 2283 2593 2337 quam
2623 2270 2747 2323 anni
2790 2279 2930 2337 tres,
2961 2286 3097 2341 quos
3123 2271 3265 2326 idetn

1689 2359 1908 2407 sanctus
1956 2354 2212 2421 antistes,
2264 2373 2295 2412 e
2343 2357 2618 2413 Casae-Dei
2666 2362 2998 2416 monasterio
3023 2360 3137 2430 jam
3180 2376 3266 2415 re-

1689 2460 1904 2511 versus,
1940 2446 1993 2500 in
2034 2448 2345 2518 episcopatu
2390 2460 2515 2505 ante
2558 2450 2618 2507 S.
2658 2450 2928 2508 Brunonis
2972 2452 3264 2507 adventum

1688 2539 1853 2603 vixit,
1876 2554 1975 2609 pro
1999 2540 2156 2595 annis
2182 2541 2540 2611 incompletis,
2559 2559 2651 2598 seu
2679 2546 2889 2614 priores
2912 2545 3127 2614 quidem
3157 2560 3269 2601 non

1691 2650 1789 2705 pro
1820 2633 2032 2704 integro
2065 2634 2307 2701 biennio,
2340 2637 2669 2704 posteriores
2700 2652 2829 2693 vero
2864 2653 2971 2692 non
3004 2653 3104 2707 pro
3136 2638 3269 2690 inle-

1695 2741 1791 2797 gro
1834 2724 2071 2781 triennio
2102 2727 2461 2797 accipiantur,
2497 2736 2640 2783 totus
2672 2728 2932 2799 Guigonis
2964 2736 3110 2782 textu
3148 2744 3272 2782 cum

1692 2818 1942 2888 opinione
1968 2860 1981 2885 ,
2013 2834 2132 2888 qum
2162 2818 2345 2873 Sancti
2372 2820 2543 2874 nostri
2583 2820 2648 2873 ad
2680 2818 2956 2890 llugonem
2990 2833 3271 2873 accessum

1694 2928 1836 2967 anno
1873 2911 2008 2966 1084
2058 2911 2256 2981 illigat,
2294 2912 2441 2968 nullo
2482 2921 2662 2983 potest
2692 2913 2905 2982 negotio
2945 2911 3265 2974 conciliari;

1696 3003 1803 3057 imo
1840 3017 1971 3057 vero
2002 3002 2166 3055 etiam
2198 3009 2375 3070 potest
2415 3002 2638 3071 exponi,
2681 3002 2773 3072 qui
2806 2999 2865 3054 S.
2912 2999 3095 3070 llugo,
3148 3014 3268 3052 cum

1696 3108 1726 3148 e
1755 3092 1906 3148 Casa:
1934 3092 2028 3147 Dei
2063 3092 2391 3146 monasterio
2422 3092 2699 3156 rediisset,
2733 3101 2843 3145 tres
2872 3090 2923 3144 in
2956 3088 3271 3157 episcopatu

1695 3202 1869 3244 annos
1919 3188 2146 3243 necdum
2180 3188 2476 3256 completos
2497 3225 2511 3251 ,
2544 3201 2638 3239 seu
2678 3186 2811 3239 duos
2844 3182 3073 3251 amplius
3103 3196 3273 3235 annos

1694 3292 1820 3338 ante
1865 3284 1924 3338 S.
1962 3284 2232 3339 Brunonis
2264 3282 2326 3336 ad
2358 3282 2633 3349 llugonem
2671 3279 2960 3333 adventum
2990 3285 3229 3343 exegerit
3256 3317 3273 3339 ,

1694 3378 1889 3447 hicque
1932 3377 2286 3433 nihilominus
2330 3390 2472 3429 anno
2517 3372 2654 3427 1084
2690 3372 2995 3442 contigerit.
3044 3371 3112 3425 Ut
3160 3383 3272 3423 rem

1694 3472 1944 3527 ordinate
1986 3472 2330 3540 dilucideque
2375 3482 2672 3537 exponam,
2715 3466 3112 3534 dispiciendum
3160 3462 3272 3531 pri-

1694 3578 1842 3619 mum
1878 3571 1988 3629 est,
2016 3562 2360 3632 quandonam
2400 3559 2456 3613 S.
2490 3557 2641 3628 llugo
2678 3558 2862 3611 Romae
2891 3555 3052 3609 fuerit
3082 3570 3275 3609 conse-

1695 3666 1881 3708 cratus
1908 3653 2214 3721 episcopus.
2248 3650 2420 3721 Guigo
2456 3650 2596 3718 apud
2628 3664 2724 3702 nos
2758 3657 2887 3702 tom.
2935 3647 2955 3700 Ι
2991 3646 3191 3715 Aprilis
3221 3646 3274 3699 in

1697 3743 1755 3798 S.
1794 3743 2038 3812 Hugonis
2069 3740 2554 3809 Gratianopolitani
2586 3739 2821 3809 episcopi
2868 3738 3004 3801 Vita,
3037 3752 3156 3806 pag.
3183 3734 3275 3799 57,

1696 3851 1843 3902 ηυηι.
1864 3836 1917 3902 5,
1945 3835 2023 3889 sic
2051 3834 2264 3891 scribit:
2293 3850 2311 3884 ι
2333 3832 2625 3902 Aliquanto
2640 3831 2835 3885 dehinc
2851 3839 3042 3884 exacto
3071 3837 3276 3897 tenipo—

1698 3926 1773 3980 ris
1838 3925 2050 3995 spatio,
2124 3923 2264 3977 idem
2311 3922 2521 3992 legatus
2579 3921 2743 3999 apud‘
2786 3920 3115 3974 Avenionem
3169 3934 3276 3972 non

1698 4014 1988 4085 ignobilem
2042 4013 2345 4068 Provinciae
2401 4013 2674 4068 civitatem
2727 4011 2929 4080 grande
2986 4010 3277 4065 celebravit

1698 4104 1989 4158 concilium
2014 4144 2030 4169 ,
2061 4104 2116 4158 in
2147 4120 2254 4173 quo
2295 4103 2463 4157 multa
2496 4103 2561 4156 ad
2595 4102 2690 4157 Dei
2722 4103 2981 4157 honorem
3010 4108 3063 4155 et
3094 4100 3277 4155 Eccle-

1698 4194 1790 4249 siae
1821 4194 2107 4249 utilitatem
2142 4194 2415 4263 praeconio
2444 4192 2605 4264 digna
2632 4192 2886 4262 patravit.

1774 4307 1898 4361 659.
1930 4326 1948 4359 ‹
1976 4307 2056 4361 Ad
2088 4308 2189 4361 hoc
2224 4307 2508 4361 concilium
2538 4306 2791 4374 episcopo
2813 4316 3060 4365 carentes
3087 4312 3140 4359 et
3163 4305 3277 4373 epi-

1697 4413 1918 4467 scopum
1943 4407 2247 4466 quaerentes
2269 4396 2755 4464 Cratianopolitani
2782 4409 2982 4448 venere
3002 4395 3273 4455 canonici,

106 4477 239 4541 Bruno.
266 4509 279 4543 ι
307 4494 469 4560 Quam
503 4498 571 4552 oh
600 4512 713 4552 rem
742 4498 785 4552 si
813 4499 864 4552 in
894 4499 1086 4554 eodem
1122 4509 1270 4554 textu
1312 4516 1407 4570 per
1434 4502 1589 4555 hasce

1700 4500 2119 4560 compertoque,
2159 4487 2445 4558 praefatum
2486 4487 2737 4556 juvenem
2790 4485 3077 4539 conventui
3133 4501 3276 4555 prze'

104 4586 235 4633 toteSt
257 4585 445 4642 duobus
460 4589 690 4658 expletis
708 4591 887 4655 annis,
909 4609 928 4642 ›
951 4600 1073 4660 post
1088 4605 1245 4659 quos,
1263 4607 1290 4645 a
1311 4606 1598 4649 consecra-

106 4662 196 4719 tione
221 4670 429 4728 llmnana
460 4678 712 4746 elapsos,
764 4677 1043 4747 Hugonetn
1079 4680 1351 4734 Casce-Dei
1402 4696 1594 4734 mona-

106 4754 206 4809 chum
243 4762 420 4817 factum
468 4767 695 4831 scribit,
730 4783 904 4821 annos
936 4768 1200 4821 duntaxat
1243 4769 1597 4836 incompletos

106 4852 337 4933 Séuannum
376 4870 536 4909 unum
575 4865 668 4909 aut
701 4857 863 4924 paulo
908 4858 1140 4926 amplius
1186 4860 1444 4927 temporis
1476 4875 1596 4926 spa-

109 4936 212 4997 tium,
239 4938 427 4996 initium
456 4954 507 4999 et
539 4948 699 4999 ﬁnem
739 4962 861 5001 cum
899 4948 1105 5003 duobus
1134 4948 1361 5002 diversis
1395 4947 1593 5002 Christi

109 5022 205 5076 annis
227 5026 405 5085 habens
438 5034 785 5103 conjunctum
811 5076 825 5100 ,
866 5036 1174 5106 signiﬁcare
1202 5036 1498 5101 voluisset,
1539 5038 1591 5091 id

109 5111 241 5167 Pariter
264 5119 392 5176 haud
421 5124 580 5179 dubie
628 5126 813 5182 vocula
849 5127 1070 5180 necdum
1105 5138 1196 5181 aut
1240 5127 1402 5181 simili
1442 5129 1592 5195 adje-

110 5208 160 5289 Ψ
193 5204 470 5277 indicasset;
502 5217 643 5286 quod
694 5233 818 5273 cum
876 5220 929 5273 in
987 5228 1135 5273 textu
1171 5219 1260 5273 illo
1306 5220 1446 5289 apud
1489 5219 1591 5273 Co-

114 5284 292 5385 lttmbium
330 5313 380 5357 et
419 5284 637 5373 Paginm
688 5321 795 5360 non
836 5308 1046 5371 faciat,
1099 5284 1383 5376 perperam
1433 5306 1589 5361 binos

114 5378 224 5469 diues
244 5405 392 5449 annos
419 5397 483 5450 de
509 5399 666 5452 annis
694 5398 1037 5468 incompletis
1066 5414 1158 5453 seu
1192 5400 1259 5452 de
1290 5413 1431 5452 anno
1451 5441 1464 5464 ,
1497 5400 1588 5466 qui

116 5472 255 5531 mitium
272 5492 318 5536 et
342 5484 493 5540 linem
521 5503 641 5542 cum
680 5488 889 5543 duobus
919 5488 1147 5543 diversis
1173 5487 1377 5542 Christi
1408 5489 1586 5553 annis,

119 5560 148 5653 td
174 5577 265 5636 est,
301 5590 409 5629 cum
439 5594 576 5634 anno
608 5579 746 5635 1080
788 5588 841 5633 et
881 5580 1129 5650 sequenti
1175 5580 1423 5634 habuerit
1462 5593 1592 5633 con-

117 5662 310 5728 junctum,
338 5665 520 5739 Pagins
553 5672 956 5741 interpretatur.
988 5672 1138 5739 Quod
1181 5673 1224 5725 si
1261 5673 1474 5727 interim
1506 5686 1592 5725 res

122 5754 220 5804 suis
254 5753 474 5829 haberet,
514 5779 571 5817 ac
620 5765 806 5834 proin,
856 5765 1090 5819 admisso
1130 5773 1289 5818 etiam
1342 5779 1441 5835 pro
1493 5781 1583 5832 ge-

1700 4598 1821 4637 esse
1873 4581 2160 4649 praesenti,
2217 4579 2488 4648 petierunt
2537 4577 2888 4646 suppliciter,
2948 4576 3279 4646 suﬁ‘ragante

1700 4673 1928 4728 concilio
1950 4713 1964 4735 ,
1998 4672 2065 4725 ab
2095 4672 2212 4740 ejus
2246 4670 2546 4725 venerabili
2595 4679 2848 4738 patrono,
2885 4670 2969 4724 cui
3003 4680 3169 4738 grata:
3196 4670 3279 4723 of-

1701 4766 1883 4820 ﬁcium
1918 4763 2193 4818 societatis
2215 4761 2537 4825 exhibebat,
2584 4770 2642 4814 ut
2679 4762 2820 4815 hunc
2850 4761 2950 4814 sibi
2989 4761 3108 4814 sine
3142 4760 3278 4813 dila-

1702 4859 1845 4912 tione
1875 4856 2029 4910 daret
2059 4856 2393 4924 episcopum.
2430 4852 2635 4921 Quibus
2675 4852 2762 4906 ille
2805 4853 3049 4921 protinus
3093 4862 3278 4922 gratu-

1704 4946 1971 5001 labundus
2024 4946 2295 5008 assensit,
2352 4954 2463 4999 tum
2514 4945 2692 4999 dilecti
2756 4944 2975 4998 comitis
3037 4943 3277 5013 gaudens

1704 5036 2015 5102 honoribus,
2054 5045 2163 5089 tum
2211 5035 2454 5090 ecclesiae
2486 5035 2673 5089 favens
2711 5033 3070 5103 profectibus,
3125 5031 3277 5099 cujus

1700 5128 1864 5183 etiam
1903 5128 2072 5183 sacris
2102 5126 2292 5182 ofﬁciis
2323 5127 2562 5180 futurum
2611 5140 2715 5179 non
2757 5125 3036 5180 dubitabat
3077 5138 3277 5193 oppor-

1700 5231 1908 5275 tunum.
1942 5239 1960 5270 ι
1991 5219 2066 5272 Ita
2090 5218 2196 5283 ille,
2216 5218 2485 5273 nonnullis
2513 5217 2704 5272 deinde
2732 5216 3083 5286 interpositis,
3108 5214 3272 5268 etiam

1698 5308 1983 5375 docens,S.
2000 5308 2274 5379 Hugonem
2289 5309 2839 5378 Gratianopolitanum
2865 5308 3171 5376 episcopum
3188 5306 3275 5359 ab-

1697 5400 1870 5454 soluto
1882 5399 2245 5453 Avenionensi
2272 5399 2521 5464 concilio,
2538 5414 2659 5453 cum
2674 5398 2892 5468 llugone
2913 5396 3090 5450 Diensi
3103 5436 3116 5459 ,
3131 5395 3274 5449 sedis

1698 5488 2008 5558 apostolica:
2062 5488 2271 5559 legato,
2308 5488 2564 5550 Romam,
2620 5497 2679 5541 ut
2731 5486 2924 5540 ibidem
2975 5501 3004 5537 a
3056 5500 3271 5540 summo

1699 5580 1950 5651 pontiﬁce
1988 5590 2403 5635 consecraretur
2441 5580 2755 5648 episc0pus,
2795 5591 2912 5631 esse
2943 5576 3267 5646 profectum.

1700 5674 1842 5729 Idem
1871 5675 2033 5729 etiam
2067 5673 2340 5727 memoriae
2386 5671 2565 5741 prodit
2596 5672 2731 5739 apud
2771 5670 3043 5724 Lahheum
3092 5680 3223 5726 tom.
3257 5673 3277 5727 ι

1700 5763 2043 5821 Bibliotheca:
2072 5781 2223 5820 novae
2252 5764 2510 5818 librorum
2545 5777 2675 5817 mss.
2716 5760 2862 5831 llugo
2900 5761 3289 5819 Ι⁴“Ιίιγὶιιὶειςειι-λ
