3814 6306
475 267 573 323 179

1283 261 1339 318 S.
1381 261 1728 319 BRUNONIS
1755 257 2399 318 CARTHUSIANORUM
2431 256 2913 314 [NSTITUTORIS

3608 261 3702 327 250

475 383 564 450 sis,
595 383 661 434 dc
687 377 908 448 llugoue
938 375 1152 438 Diensi,
1195 377 1340 430 sedls
1381 375 1689 445 apostolica:
1727 375 1938 444 legato,
1967 372 2044 426 sic
2077 377 2121 430 Λ
2151 369 2202 423 in
2251 371 2519 435 concilio,
2572 371 2714 441 quod
2766 369 3014 440 proxime
3060 368 3438 424 celebraturus
3482 384 3562 424 es:
3589 413 3604 439 ,
3653 389 3704 430 se

473 471 757 528 scribens:
796 487 813 518 ι
853 466 1158 521 Celebravit
1206 474 1262 520 ct
1299 467 1587 536 septimum
1633 464 1775 534 apud
1816 463 2054 518 Avenio-

474 579 595 617 nem
629 560 938 622 concilium,
970 559 1020 612 in
1053 573 1160 628 quo
1190 558 1469 628 depositus
1494 567 1578 613 est
1606 557 1889 612 Achardus
1919 555 2052 608 Are-

474 656 696 711 latensis
725 655 964 716 invasor,
1006 660 1061 704 et
1088 651 1295 706 electus
1332 660 1413 706 est
1458 650 1726 706 Gibiliuus
1765 649 1818 702 in
1863 647 2053 702 Arela—

474 757 684 801 tensem
727 743 1268 811 archiepiscopum...
1321 741 1474 811 llugo
1514 741 1565 795 in
1596 739 2054 809 Gratianopolita-

478 851 607 890 num
661 835 1046 904 episcopum...
1093 847 1228 902 quos
1277 841 1398 901 post
1437 831 1796 900 expletionem
1839 830 2054 885 concilii

474 939 659 980 secum
703 923 926 976 Romam
969 922 1151 988 duxit,
1199 932 1253 976 et
1293 922 1592 976 consecrati
1635 929 1762 975 sunt
1801 935 1828 972 a
1882 935 2051 990 papa,

475 1017 565 1084 qui
603 1013 892 1069 concilium
939 1013 1122 1067 liomrc
1156 1014 1448 1067 indixerat.
1479 1030 1500 1064 ι
1540 1012 1692 1082 llugo
1739 1027 1871 1082 ergo
1917 1010 2055 1065 Gra-

471 1106 897 1175 tianopolitanus
959 1106 1013 1158 in
1075 1105 1440 1160 Avenionensi
1500 1105 1733 1159 concilio
1811 1101 2054 1157 ecclesiae

473 1197 994 1268 Gratianopolitanre
1025 1195 1077 1249 in
1111 1196 1425 1266 episcopum
1458 1195 1762 1263 postulatus
1787 1193 2055 1262 datusque

473 1290 605 1353 fuit,
661 1303 725 1344 ac
789 1288 1020 1354 deinde,
1079 1286 1327 1342 absoluto
1390 1286 1622 1342 concilio
1675 1286 1940 1350 Romam,
1997 1293 2058 1338 ut

471 1381 705 1444 ibidem,
749 1381 892 1450 quod
931 1390 984 1434 et
1026 1379 1262 1444 factum,
1307 1395 1338 1433 a
1383 1394 1594 1433 sumine
1641 1379 1898 1448 pontilice
1942 1378 2056 1445 epi-

477 1489 674 1544 scopus
708 1475 1074 1539 ordinaretur,
1107 1489 1230 1529 cum
1277 1471 1524 1543 llugone,
1574 1473 1717 1527 sedis
1748 1470 2057 1542 apostolica:

471 1568 672 1638 legato,
698 1576 781 1622 est
806 1566 1101 1636 profectus.

541 1658 668 1712 460.
723 1657 922 1713 Verum
975 1673 1082 1727 quo
1137 1657 1239 1712 fuit
1291 1665 1535 1728 tempore
1583 1655 1873 1712 concilium
1927 1654 2057 1710 illud

2152 471 2481 531 praesentare
2524 463 2738 516 debeat.
2791 461 2902 518 Nec
2956 470 3103 515 certe
3155 459 3454 530 Gregorius
3499 461 3707 532 loquitur

2153 552 2219 606 de
2233 550 2463 606 concilio
2484 552 2849 621 Lugdunensi,
2866 551 3009 620 quod
3027 559 3239 605 tantum
3275 566 3459 607 mense
3479 551 3708 609 Januario

2155 645 2280 698 anni
2299 645 2574 715 sequentis
2598 644 2904 699 habendum
2929 659 3048 699 esse
3085 651 3322 697 testatur
3347 643 3399 696 in
3420 643 3518 697 alia
3533 644 3593 697 ad
3614 646 3708 700 Ma-

2154 752 2369 792 nassem
2390 775 2406 800 ,
2435 736 2904 806 archiepisc0pnm
2928 735 3257 790 Remenscm
3281 777 3296 800 ,
3323 735 3562 802 epistola.
3589 735 3709 793 Pue-

2157 835 2329 892 terea,
2357 826 2510 896 juxta
2527 827 2779 883 eumdem
2811 824 3139 896 Guigonem,
3159 824 3319 894 Hugo
3353 824 3571 879 Romam
3607 842 3708 881 cum

2155 918 2381 989 Ilugone
2432 918 2610 988 legato
2657 928 2845 988 postea
2903 917 3181 987 profectus
3235 925 3349 983 est,
3416 926 3474 970 ut
3522 933 3550 972 a
3591 920 3712 973 sedis

2157 1009 2468 1076 apostolicae
2538 1023 2752 1064 summo
2804 1018 3226 1064 consecraretur
3281 1007 3540 1062 antistite.
3588 1009 3710 1062 Idem

2158 1096 2326 1152 refert
2371 1098 2524 1169 llugo
2553 1097 2981 1153 Flaviniacensis
3006 1097 3074 1152 de
3102 1097 3300 1151 eodem
3339 1095 3510 1165 legato
3551 1111 3707 1167 agens.

2165 1207 2182 1238 ι
2228 1189 2568 1254 Celebravit,
2632 1189 2836 1259 inquit,
2893 1197 2948 1242 et
3021 1187 3320 1258 septimum
3392 1187 3530 1256 apud
3597 1188 3712 1241 Ave-

2164 1297 2183 1330 «
2227 1279 2443 1334 nionem
2469 1279 2792 1344 concilium,
2846 1279 2901 1334 in
2942 1293 3051 1349 quo
3093 1277 3383 1347 depositus
3423 1285 3505 1331 est
3531 1276 3712 1331 Achar-

2165 1387 2184 1420 ι
2231 1371 2332 1425 dus
2359 1370 2697 1426 Arelatensis
2729 1371 2980 1435 invasor,
3023 1377 3080 1424 et
3125 1369 3340 1424 electus
3366 1377 3450 1422 est
3479 1366 3714 1424 Gibilinus

2166 1481 2184 1512 ι
2235 1462 2292 1516 in
2328 1460 2703 1515 Arelatensem
2729 1460 3276 1530 archiepiscopum...
3324 1457 3478 1529 llugo
3523 1457 3571 1511 io
3600 1455 3716 1511 Gra-

2167 1572 2184 1604 ε
2230 1551 2674 1622 tianopolitauum
2692 1551 3072 1621 episcopum...
3089 1565 3231 1620 quos
3247 1556 3370 1618 post
3389 1547 3713 1617 expletionem

2169 1661 2186 1694 ι
2233 1643 2448 1699 concilii
2479 1658 2664 1698 secum
2696 1643 2927 1697 Romam
2957 1641 3141 1706 duxit,
3179 1649 3237 1696 et
3277 1637 3572 1695 consecrati
3608 1645 3714 1691 sunt

476 1747 851 1805 celebratum?
879 1723 1015 1812 Cum
1065 1765 1096 1804 a
1126 1758 1370 1818 tempore
1395 1723 1421 1815 ξ
1457 1763 1564 1816 quo
1609 1749 1810 1802 factum
1847 1745 1902 1801 id
1951 1746 2054 1812 sit,
2091 1723 2133 1781 Β
2169 1755 2186 1787 ⁸
2231 1752 2260 1789 ³
2286 1751 2454 1806 Papa:
2498 1754 2539 1787 ι-
2567 1736 2660 1804 (ιυί
2710 1734 2999 1790 οοηθίιίιιῐη
3049 1733 3240 1788 Romae
3289 1731 3555 1786 indixerat
3596 1742 3716 1782 ³¹¹η⁰

474 1839 723 1894 definitio
767 1839 1063 1908 temporis,
1125 1839 1214 1895 hic
1261 1854 1328 1894 ex
1375 1839 1535 1894 dictis
1582 1837 1900 1908 indagandi,
1953 1853 2060 1906 quo

473 1927 630 2000 llugo
671 1937 1030 1984 consecratus
1060 1927 1226 1985 fuerit
1253 1929 1440 1984 Roma:
1484 1929 1803 1999 episcopus,
1845 1937 2059 1982 utcum-

471 2035 578 2089 que
609 2020 936 2088 dependeat,
969 2020 1296 2090 conciliique
1337 2020 1478 2075 illius
1517 2019 1937 2075 celebrationem
1967 2017 2058 2072 alii

475 2109 694 2178 quidem
725 2125 869 2164 anno
907 2110 1044 2165 1078
1069 2152 1084 2176 ,
1118 2110 1205 2164 alii
1244 2125 1372 2166 vero
1397 2153 1412 2179 ,
1466 2110 1628 2180 idque
1673 2110 2016 2166 communitis
2042 2149 2056 2174 ,

474 2213 615 2253 anno
643 2198 778 2252 1080
804 2197 1050 2270 alligant;
1081 2198 1227 2254 lubet
1254 2201 1356 2254 hac
1397 2201 1710 2263 occasione,
1734 2209 1794 2254 ut
1818 2200 2057 2265 tandem,

474 2303 580 2357 quo
603 2289 718 2343 haec
743 2304 886 2343 anno
903 2290 1216 2360 contigerit,
1240 2305 1339 2358 pro
1361 2300 1509 2363 certo
1533 2291 1758 2354 sciatur,
1775 2291 2060 2360 operosius

475 2379 722 2433 nonnihil
749 2380 802 2434 in
831 2381 974 2434 hunc
1001 2380 1293 2448 inquirere.
1323 2381 1403 2436 Ac
1428 2383 1604 2450 primo
1629 2381 1848 2452 quidem
1878 2381 2062 2436 conci-

475 2469 610 2524 lium
652 2470 780 2525 illud
813 2486 957 2526 anno
985 2471 1122 2526 1078
1159 2471 1492 2527 celebratum
1523 2488 1630 2528 non
1666 2471 1864 2538 fuisse,
1893 2471 2065 2543 liquet

476 2575 543 2614 ex
573 2560 834 2630 epistol-1,
873 2576 1017 2626 anno
1040 2562 1199 2627 1079,
1221 2561 1478 2617 Kalendis
1501 2563 1709 2619 Martiis
1731 2563 2060 2632 conscripta,

476 2665 584 2720 qua
621 2652 920 2723 Gregorius
966 2652 1057 2708 Vill
1092 2669 1233 2724 papa
1264 2654 1466 2709 clerum
1498 2664 1552 2709 et
1583 2655 1838 2726 populum
1867 2655 2061 2710 Arela-

478 2751 688 2797 tensem
719 2742 828 2812 (adi
865 2741 1300 2798 Labbeum'tom.
1335 2743 1383 2797 Χ
1411 2744 1775 2800 Conciliorum
1806 2746 1909 2801 col.
1933 2745 2060 2814 215)

476 2835 760 2890 admonuit
814 2843 875 2888 ut
918 2835 1389 2904 archiepiscopum
1438 2837 1541 2891 sibi
1615 2836 1913 2907 eligerent,
1967 2837 2062 2906 qui

472 2923 529 2977 in
561 2921 957 2989 Avenionensi,
991 2925 1045 2979 in
1092 2923 1244 2992 cujus
1274 2925 1364 2980 hic
1393 2925 1656 2996 epocham
1685 2925 2018 2996 inquirimus
2043 2965 2058 2991 ,

475 3012 706 3068 concilio
761 3013 1078 3083 designatus
1128 3015 1264 3081 fuit,
1317 3016 1393 3071 uti
1441 3031 1473 3072 e
1522 3016 1770 3086 proxime
1818 3016 2060 3072 recitatis

473 3099 718 3174 llngonis
740 3104 1170 3162 Flaviniacensis
1192 3106 1374 3162 verbis
1403 3107 1740 3178 intelligitur.
1771 3106 1922 3174 Quod
1941 3109 2059 3178 jam

478 3196 546 3250 ad
585 3212 821 3264 annum,
853 3200 940 3252 cui
986 3198 1076 3253 alii
1123 3199 1416 3254 concilium
1465 3200 1597 3254 illud
1640 3199 2058 3270 illigant,1080

472 3289 744 3357 pertinet,
787 3297 1050 3344 tractatus
1082 3306 1110 3344 a
1144 3290 1520 3346 Carthnsianis
1549 3291 1823 3361 lmjatibus
1846 3308 2058 3348 mecum

475 3380 862 3434 communicati
910 3390 1102 3434 auctor
1132 3382 1290 3450 hujus
1330 3381 1725 3438 lucubrationis
1765 3397 1878 3436 suae
1905 3398 2057 3438 nuta.

474 3471 543 3524 17
576 3471 641 3524 de
671 3471 820 3524 dicto
849 3471 1080 3526 concilio
1112 3470 1442 3541 llugoneque
1472 3473 1523 3526 in
1573 3473 1676 3528 hoc
1713 3473 1889 3530 electo
1915 3475 2060 3530 Gra-

473 3561 873 3632 tianopolitano
900 3563 1156 3632 episcopo
1188 3562 1259 3617 ita
1290 3563 1508 3617 scribit:
1545 3582 1563 3613 ι
1593 3564 1885 3618 Prmfatum
1916 3565 2058 3620 Ave-

476 3655 742 3710 nionense
780 3655 1071 3710 concilium
1125 3665 1180 3711 et
1217 3656 1457 3725 [lagonis
1501 3656 1696 3712 electio
1751 3659 1804 3712 in
1859 3673 2060 3713 annum

476 3746 617 3802 1080
650 3762 680 3801 a
719 3746 955 3802 Baronio
985 3758 1040 3802 et
1086 3749 1205 3804 aliis
1243 3748 1592 3818 rejiciuntnr;
1631 3752 1725 3806 sed
1758 3751 1825 3805 ad
1859 3766 2062 3822 praece-

478 3838 698 3893 dentem
726 3853 847 3892 esse
889 3840 1220 3903 revocanda,
1268 3839 1424 3894 facile
1453 3849 1536 3896 est
1577 3842 1828 3910 probatu.
1863 3841 2064 3897 Scribit

475 3929 624 3984 enim
655 3929 732 3999 (in
772 3930 896 3984 Vita
935 3931 1145 3988 scilicet
1175 3932 1230 3987 5.
1268 3932 1512 4003 llugonis
1549 3933 2062 4006 Gratianopolitani)

474 4031 668 4077 noster
698 4021 871 4094 Guigo
895 4065 909 4088 ,
944 4023 1098 4092 cujus
1127 4026 1292 4080 etiam
1322 4027 1648 4081 auctoritate
1679 4043 1808 4082 usus
1836 4037 1922 4082 cst
1962 4027 2065 4082 Ba-

472 4115 684 4180 ronius,
718 4114 777 4170 5.
813 4115 1094 4187 Hugonem
1124 4133 1154 4171 e
1187 4118 1296 4174 vita
1329 4117 1629 4173 decessisse
1655 4119 1831 4188 prima
1861 4119 2063 4189 Aprilis

473 4225 622 4265 anno
661 4209 829 4274 1152,
859 4210 1036 4265 aetatis
1063 4225 1174 4264 sum
1205 4210 1271 4265 ad
1303 4210 1482 4264 minus
1511 4211 1846 4280 octogesimo
1876 4227 2063 4266 mense

473 4310 702 4371 quarto,
733 4301 787 4358 id
811 4310 924 4367 est,
957 4304 1358 4373 septuagesimo
1388 4318 1531 4357 nono
1560 4313 1615 4357 et
1650 4311 1886 4372 quatuor
1913 4319 2064 4358 men-

474 4392 647 4446 sibus.

543 4485 669 4538 461.
689 4484 873 4540 «Unde
889 4494 1034 4542 recte
1055 4486 1378 4556 colligimus,
1396 4485 1721 4541 eum’natum
1739 4485 1906 4540 fuisse
1919 4500 2060 4539 anno

477 4575 619 4630 1052
648 4577 790 4628 circa
837 4579 1187 4631 novembrem
1207 4619 1221 4642 ,
1253 4593 1315 4632 ac
1346 4579 1570 4648 proinde
1607 4579 1798 4634 eodem
1848 4588 2058 4634 tantum

475 4679 667 4719 mense
683 4665 808 4718 anni
835 4665 972 4720 1079
999 4667 1316 4738 vigesimum
1345 4671 1630 4738 septimum
1655 4670 1830 4724 aetatis
1857 4686 2056 4724 annum

474 4755 808 4825 explevisse;
830 4772 951 4811 cum
967 4773 1094 4813 vero
1119 4748 1394 4814 abeodcm
1422 4771 1648 4816 auctore
1662 4761 1876 4816 dicatur
1893 4763 2059 4816 fuisse

475 4860 742 4899 annorum
789 4845 903 4900 fere
939 4848 1127 4917 viginti
1162 4856 1402 4916 septem,
1441 4851 1657 4918 quando
1702 4867 1732 4904 a
1769 4849 2059 4905 Gratiano-

472 4937 719 5009 politano
751 4937 897 4992 clero
923 4939 974 4992 in
1001 4950 1276 5008 pastorem
1302 4939 1603 5009 postulatus
1630 4952 1714 4996 est
1745 4942 1795 4995 in
1826 4943 2061 4996 Avcnio-

474 5031 632 5085 neusi
660 5031 929 5086 concilio:
969 5031 1098 5086 hinc
1145 5032 1361 5088 videtur
1409 5034 1722 5088 necessario
1765 5033 2059 5088 conficien-

477 5124 603 5177 dum
623 5164 638 5189 ,
671 5122 814 5177 istud
846 5123 1134 5177 concilium
1161 5124 1351 5178 eodem
1375 5138 1517 5178 anno
1545 5134 1670 5177 ante
1698 5121 2056 5178 Novembrem

474 5225 722 5272 coactum
767 5217 970 5283 fuisse;
1015 5218 1158 5287 quod
1207 5219 1370 5272 etiam
1403 5235 1468 5271 ex
1511 5216 1758 5290 Gregorii
1810 5217 1895 5272 νη
1942 5219 2059 5286 epi-

479 5313 654 5380 stola,
686 5312 945 5368 Laterani
992 5321 1187 5380 quarto
1235 5311 1351 5365 Kal.
1393 5311 1564 5366 Julias
1587 5353 1602 5375 ,
1647 5309 1940 5366 indictione
1973 5325 2057 5365 se-

474 5405 652 5459 cunda
684 5405 810 5460 data
860 5403 1130 5475 conjicere
1175 5404 1332 5468 licet,
1365 5419 1470 5473 qua
1517 5419 1762 5458 summus
1810 5402 2055 5473 pontifex

473 5493 764 5564 quemdam
801 5494 1067 5549 Bosonem
1117 5493 1402 5556 admonet,
1440 5495 1582 5563 quod
1627 5494 1672 5546 si
1722 5491 1926 5563 aliquid
1969 5490 2058 5558 ju-

476 5588 637 5644 stitire
663 5588 719 5643 in
759 5587 986 5644 ecclesia
1019 5587 1108 5655 (de
1144 5602 1250 5658 qua
1296 5585 1500 5640 scilicet
1541 5582 1825 5658 agebatur)
1856 5596 1915 5636 se
1961 5582 2056 5636 ha—

477 5680 608 5736 bere
655 5680 915 5746 confidit,
951 5688 1079 5737 ante
1116 5656 1384 5751 legatum,
1426 5656 1678 5733 Diensém
1710 5673 2052 5747 episcopum,

2168 1826 2302 1882 1080
2336 1827 2389 1882 in
2435 1828 2885 1898 quadragesima,
2930 1826 3085 1896 cujus
3115 1825 3296 1896 prima
3330 1823 3597 1878 Dominica
3629 1818 3715 1874 Ka-

2165 1917 2340 1972 lendis
2366 1917 2575 1972 Martiis
2609 1919 2883 1982 occurrit;
2915 1919 3002 1973 cui
3029 1903 3252 1987 quidem
3295 1914 3521 1971 concilio
3561 1911 3714 1980 Hage-

2165 2023 2288 2062 nem
2316 2007 2553 2080 legatum
2568 2017 2624 2063 et
2647 2018 3045 2077 consequenter
3071 2008 3361 2078 llugoncm
3388 2013 3616 2060 nostrum
3638 2001 3715 2055 ad-

2164 2099 2352 2167 fuisse,
2389 2117 2457 2156 ex
2492 2101 2738 2172 Gregorii
2767 2100 3022 2171 Epistolis
3067 2103 3356 2156 discimus.

2233 2191 2359 2246 462.
2398 2210 2416 2243 ι
2438 2191 2514 2245 Ex
2550 2193 2636 2247 his
2665 2193 2861 2248 iterum
2893 2199 3043 2262 patet
3063 2233 3078 2255 ,
3109 2190 3356 2262 Hugonis
3379 2190 3441 2244 ad
3470 2188 3715 2258 episcopa-

2166 2291 2278 2336 tum
2324 2282 2678 2347 electiouem,
2731 2298 2895 2352 quam
2940 2281 3208 2337 Baronius
3255 2297 3289 2337 a
3336 2277 3713 2338 consecratione

2164 2393 2274 2430 non
2305 2375 2599 2443 discernit,
2649 2376 2800 2432 sicut‘
2837 2385 2892 2431 et
2926 2376 3117 2448 synodi
3165 2373 3558 2430 Avenionensis
3600 2370 3715 2425 cele-

2167 2466 2474 2523 brationem
2502 2466 2818 2524 referendas
2838 2483 2958 2524 esse
2973 2468 3038 2522 ad
3058 2467 3349 2537 pra-fatum
3367 2479 3556 2518 annum
3579 2459 3711 2522 1079;

2166 2561 2633 2615 consecrationem
2690 2575 2821 2615 vero
2869 2560 2936 2614 ad
2989 2568 3340 2628 sequentem;
3399 2554 3536 2625 quod
3578 2552 3714 2605 etiam

2165 2637 2410 2726 absolute
2439 2653 2840 2708 conficiendum
2871 2661 2956 2708 est
2985 2667 3054 2706 ex
3098 2650 3287 2706 verbis
3321 2647 3598 2718 Guigonis,
3636 2641 3714 2695 2d-

2167 2745 2377 2810 dendis,
2408 2761 2532 2800 eum
2561 2745 2743 2800 obisse
2770 2763 2789 2796 ι
2819 2747 2978 2799 Anno
3002 2741 3438 2799 consecrationis
3465 2739 3527 2793 ad
3567 2735 3715 2814 minus

2174 2854 2192 2886 ί
2238 2837 2694 2908 quinquagesimo
2726 2837 2998 2901 secundo,
3033 2855 3050 2888 ι
3087 2851 3252 2905 quem
3282 2850 3348 2889 ex
3368 2833 3508 2904 jnsla
3545 2842 3714 2896 διωρυ-

2167 2925 2413 2995 tatione,
2458 2927 2527 2981 ab
2572 2942 2716 2982 anno
2762 2927 2902 2982 1080
2961 2926 3191 2981 deducta
3225 2966 3241 2992 ,
3296 2922 3588 2978 invenimus
3622 2919 3712 2987 jam

2165 3017 2437 3086 expletum
2477 3017 2645 3073 fuisse
2675 3033 2864 3073 mense
2899 3015 3096 3073 Martio
3133 3017 3311 3080 1152,
3340 3031 3475 3084 quo,
3506 3022 3562 3066 ut
3600 3009 3713 3062 «lixi-

2165 3125 2307 3175 mus,
2337 3109 2512 3179 prima
2559 3109 2762 3178 Aprilis
2790 3109 3074 3164 defunctus
3111 3117 3216 3163 est.
3253 3126 3273 3160 ›
3310 3107 3384 3161 lta
3418 3104 3529 3166 ille,
3560 3116 3587 3155 e
3623 3098 3712 3150 v'ila

2161 3201 2432 3270 praecipue
2462 3199 2519 3254 S.
2553 3199 2818 3270 l-lngonis,
2844 3198 3338 3269 Gratianopolitani
3362 3192 3612 3265 episcopi,
3636 3203 3713 3258 per

2161 3293 2496 3365 Guigonem,
2553 3295 2878 3364 scriptorem
2926 3291 3188 3362 aequalem
3243 3292 3454 3358 fideque
3499 3280 3712 3354 dignissi-

2164 3401 2343 3450 mum,
2383 3385 2582 3440 litteris
2621 3386 2900 3449 mandata,
2949 3383 3311 3446 contendens,
3361 3389 3416 3436 et
3459 3373 3708 3432 concilium

2162 3477 2541 3531 Avenionense
2569 3490 2712 3530 anno
2740 3474 2876 3528 1079
2901 3473 3237 3528 celebratum
3267 3471 3449 3537 fuisse,
3476 3475 3527 3522 et
3550 3464 3603 3518 S.
3626 3460 3712 3513 llu-

2165 3583 2388 3637 gonem,
2427 3567 2516 3637 qui
2549 3567 2601 3620 in
2632 3567 2735 3621 hoc
2763 3565 2865 3619 fuit
2892 3563 3416 3634 Gratianopolitanis
3446 3555 3710 3628 postulatus

2166 3661 2433 3728 datusque
2484 3658 2538 3712 in
2594 3659 2908 3726 episcopum
2938 3695 2953 3717 ,
3001 3670 3144 3709 anno
3190 3654 3332 3710 1080
3383 3651 3557 3705 Romae
3601 3659 3714 3698 con-

2166 3767 2436 3810 secratum
2498 3754 2682 3808 fuisse.
2737 3752 2804 3806 Et
2850 3767 2981 3806 sane
3039 3750 3332 3805 concilium
3385 3745 3508 3801 illud
3557 3752 3711 3797 anno,

2167 3847 2610 3918 qucmassignat,
2633 3845 2968 3900 celebratum
2999 3843 3196 3908 fuisse,
3227 3838 3510 3912 spectatis,
3551 3847 3579 3886 ε
3614 3827 3712 3918 qlli‘

2168 3917 2268 3992 bus
2299 3937 2352 3992 id
2398 3936 2684 4007 probatum
2723 3936 2851 3989 dare
2883 3935 3096 3999 nititur,
3130 3934 3374 4002 prmfalae
3419 3929 3475 3983 S.
3507 3917 3711 3990 llugonis

2168 4026 2308 4081 Viue
2365 4026 2589 4092 verbis,
2648 4024 3011 4078 indubitatum
3068 4035 3316 4093 apparet.
3376 4017 3617 4075 Etenim,
3666 4015 3710 4058 ιιι

2167 4119 2340 4190 Guigo
2367 4119 2472 4185 ait,
2513 4119 2570 4172 S.
2602 4117 2754 4188 Hugo
2786 4135 2808 4168 c
2840 4117 2975 4172 obiit
3020 4133 3233 4170 anno...
3267 4118 3334 4171 ab
3375 4103 3710 4168 lncarnatione

2168 4211 2382 4265 Domini
2443 4210 2728 4265 millesimo
2781 4210 3081 4264 centesimo
3135 4209 3417 4279 trigesimo
3465 4195 3707 4256 secundo.

2167 4301 2414 4356 :ctatis...
2443 4316 2554 4355 sure
2584 4302 2650 4353 ad
2681 4300 2862 4353 minus
2890 4299 3248 4367 octogesimo,
3283 4309 3464 4352 mense
3484 4295 3710 4360 Quam-~-

2099 4429 2143 4482 Β
2169 4392 2428 4447 Kalendis
2458 4391 2690 4461 Aprilis;
2730 4409 2748 4441 ι
2778 4390 2921 4459 quod
2960 4389 3182 4457 perinde
3213 4399 3299 4442 est
3319 4429 3334 4450 ,
3367 4400 3429 4439 ac
3449 4382 3489 4436 si
3521 4377 3709 4432 diceret.

2171 4484 2324 4554 litigo
2351 4483 2484 4538 obiit
2521 4497 2662 4535 anno
2699 4481 2874 4544 “59.,
2907 4479 2989 4533 vel
3037 4495 3159 4533 cum
3202 4477 3317 4545 jam
3361 4470 3709 4540 octogesimum

2169 4578 2348 4631 uitatis
2397 4590 2508 4629 suae
2545 4587 2746 4626 annum
2793 4579 2976 4640 ageret
3001 4614 3014 4638 ,
3053 4569 3134 4624 vel
3174 4570 3338 4623 etiam
3369 4579 3484 4620 cum
3527 4565 3710 4650 octoge-

2169 4668 2326 4722 nario
2387 4676 2538 4721 esset
2589 4665 2791 4729 major;
2836 4679 3024 4716 verum
3081 4662 3126 4716 si
3179 4653 3519 4730 octogenario
3570 4654 3710 4709 mal0r

2167 4763 2340 4824 obiit,
2366 4773 2710 4828 consequens
2740 4765 2852 4817 est,
2905 4763 2965 4807 ιιι
3003 4762 3129 4806 ante
3158 4766 3360 4804 annum
3408 4741 3538 4800 1052
3577 4741 3708 4791 ηίιῑυε

2170 4859 2271 4920 sit,
2305 4871 2368 4910 ac
2399 4855 2556 4925 proin
2576 4894 2590 4918 ,
2625 4861 2681 4904 nt
2709 4849 3000 4906 concilium
3042 4848 3435 4905 Avcnionense,
3465 4835 3580 4930 cui.
3598 4833 3709 4930 195:0

2170 4947 2442 5018 Gnigone,
2478 4943 2634 4998 annis
2667 4943 2837 4996 lerme
2880 4936 3070 5008 viginti
3122 4945 3326 5004 septem
3376 4937 3527 5018 natus
3567 4925 3708 5018 inter:

2171 4999 2308 5103 fuit:
2353 4999 2478 5092 anie
2536 5049 2739 5088 annum
2789 5029 2926 5085 1079
2978 5028 3312 5084 celebratum
3367 5017 3546 5077 fuerit;
3588 4999 3705 5076 quo“

2169 5146 2292 5186 cum
2328 5145 2396 5184 ex
2441 5127 2602 5183 dictis
2629 5123 2846 5178 admitti
2885 5137 2990 5176 non
3024 5119 3222 5188 possit,
3253 5129 3394 5172 anno
3419 5103 3578 5163 aetatis
3613 5106 3706 5149 sua?

2168 5219 2535 5290 octogesimo,
2569 5230 2756 5270 mense
2777 5221 2974 5286 quarto
3009 5209 3210 5263 obiisse
3240 5216 3322 5262 est
3363 5193 3704 5290 dicendus.

2168 5281 2325 5382 proin
2355 5307 2646 5364 concilium
2687 5304 3095 5363 Avcnioneuse,
3137 5298 3322 5405 cuirex
3363 5281 3700 5405 dit-tisnvi‘g‘l;_;:Jl

2171 5360 2378 5469 septem
2438 5397 2611 5450 ferme
2667 5391 2825 5446 annis
2879 5397 3042 5442 natus
3094 5384 3370 5448 interfuit,
3415 5385 3546 5432 anno
3590 5360 3699 5416 ‘0‘”
3771 5423 3776 5426 .

2165 5492 2332 5546 fuisse
2359 5489 2713 5545 celebratum.
3615 5543 3623 5555 ⁸

2219 5583 2363 5639 ¹463.
2407 5583 2608 5636 Verum
2645 5577 2798 5644 llugo
2831 5572 3259 5629 Flaviniacensis
3280 5613 3294 5636 ,
3329 5573 3501 5622 auctor
3529 5551 3694 5648 Parus:

2171 5675 2419 5748 atqualis,
2463 5670 2674 5729 calculo
2710 5669 2836 5724 huic
2873 5683 2968 5737 per
3011 5665 3194 5729 verba,
3233 5658 3466 5732 proxime
3496 5641 3697 5700 reeitaus
