3814 6306
102 327 172 382 281
1557 324 1758 383 ACTA.

104 434 410 505 θυρίσι-ις,ηυί
431 433 741 489 Tractatum
760 434 823 489 de
845 433 1617 494 S.BrunoncaCarthusianis
1647 448 1691 504 Α
1721 476 1967 530 ρτοχηηρ
2016 474 2294 534 sequentis
2347 467 2592 537 initium,

102 530 320 599 hujatibus
352 544 558 582 meeum
592 528 1052 582 communicatum
1088 531 1397 596 contexuit,
1434 532 1617 587 verbis

102 622 278 684 inclusa,
306 618 571 672 adversari
608 618 839 671 videtur.
892 617 1016 673 llaec
1057 619 1202 674 enim
1246 620 1335 675 ille.
1366 621 1616 676 Chronici

105 709 390 764 Virdunensis
438 708 673 775 scriptor
728 722 823 761 sex
871 709 1242 775 diversorum,
1298 725 1419 780 quae
1464 710 1618 782 llugo

101 805 277 866 lliensis,
302 801 440 856 sedis
469 801 780 871 apostolica:
810 801 1039 872 legatus,
1075 803 1130 858 in
1158 803 1347 860 Galliis
1376 805 1617 860 celebra-

100 901 179 956 rat,
204 891 533 946 conciliorum
564 890 871 944 recensioni
900 892 1147 959 proxime
1179 894 1478 965 subjungit,
1505 896 1615 950 sie-

98 999 171 1052 que
204 983 557 1037 Arenionense
602 996 695 1036 sex
729 981 901 1048 hisce,
933 998 1163 1051 quorum
1206 994 1385 1041 tamen
1415 1002 1613 1052 unum,

97 1076 387 1143 Lngdunense
418 1088 633 1142 nempe,
664 1084 790 1127 ante
818 1088 1023 1128 annum
1064 1074 1204 1130 1080
1239 1090 1305 1130 ex
1337 1076 1614 1132 communi

96 1170 362 1223 eruditorum
392 1168 638 1221 omnium
668 1168 925 1237 opinione
964 1169 1299 1224 celebratum
1330 1186 1437 1225 non
1476 1170 1612 1235 fuit,

95 1260 304 1314 exstitisse
350 1258 652 1327 posterius,
701 1273 767 1313 ac
800 1259 953 1327 proin
990 1259 1154 1314 etiam
1202 1270 1329 1315 ante
1365 1261 1614 1315 eumdem

97 1366 239 1403 annum
263 1348 389 1404 1080
409 1348 742 1403 celebratum
762 1364 867 1402 non
899 1348 1083 1413 fuisse,
1109 1349 1350 1405 indicare
1375 1352 1610 1417 videtur.

96 1439 145 1490 ιω
168 1448 322 1493 contra
349 1438 653 1502 calculum,
694 1454 802 1507 quo
835 1440 1049 1495 concilii
1080 1442 1481 1497 Avenionensis
1514 1458 1607 1497 ce-

95 1531 263 1585 lcbratio
290 1545 402 1585 cum
442 1545 593 1585 anno
632 1530 770 1585 1079
812 1533 1179 1602 componitur,
1215 1545 1394 1605 potest
1429 1538 1607 1605 argui.

95 1620 239 1673 l’erum
270 1636 383 1674 eum
422 1621 582 1691 Hugo
610 1621 1037 1678 Flaviniacensis
1069 1626 1193 1695 (Adi
1244 1625 1495 1680 Historiae
1526 1628 1613 1681 lit-

96 1712 250 1765 terario:
297 1713 541 1768 Francia:
591 1714 889 1783 scriptores
938 1725 1071 1770 tom.
1121 1715 1163 1768 X
1194 1757 1209 1779 ,
1258 1732 1381 1787 pag.
1438 1718 1505 1770 79
1555 1726 1611 1772 et

3194 346 3300 401 23;“2

2657 472 3104 549 Mabilloniusque
3158 497 3303 539 anno

1723 556 1898 622 1080,
1932 558 2015 612 cui
2046 558 2176 615 illud
2206 562 2498 619 concilium
2523 564 2640 620 loco
2671 569 2916 635 proxime
2941 574 3036 626 cit.
3067 574 3303 641 primum

1722 646 1959 718 illigarat
1984 688 1998 713 ,
2022 665 2223 705 annum
2254 652 2392 708 1079
2444 655 2884 713 substituendum
2912 699 2926 723 ,
2976 661 3031 715 in
3073 664 3301 719 Annali-

1720 737 1821 793 bus
1850 738 1944 793 lib.
1975 739 2065 804 66,
2098 758 2245 799 num.
2280 743 2347 798 54
2378 760 2483 800 non
2514 747 2747 803 obscure
2774 750 2965 805 innuit.
2996 752 3165 819 Porro
3204 772 3303 825 pro

1720 844 1863 884 anno
1895 830 2053 895 1079,
2085 834 2171 888 cui
2205 833 2495 892 Tractatus
2525 838 2591 892 de
2619 837 2677 894 8.
2703 840 2976 908 Brunone,
3008 859 3037 896 a
3070 846 3303 902 Carthu-

1722 923 1894 977 sianis
1925 923 2200 991 hujatibus
2230 941 2442 982 mecum
2473 932 2892 997 communicati,
2924 945 3117 990 auctor
3165 952 3304 1007 prae—

1720 1023 2075 1069 memoratum
2124 1016 2500 1074 Avenionense
2543 1023 2831 1077 concilium
2873 1024 3145 1094 innectit,
3211 1038 3301 1082 ut-

1718 1117 1948 1172 cumque
1996 1106 2162 1159 etiam
2214 1107 2415 1162 militat
2462 1109 2727 1178 epistola,
2772 1128 2933 1182 quam
2983 1116 3073 1170 hic
3122 1119 3303 1173 verbis

1718 1208 1880 1263 supra
1934 1196 2176 1252 recitatis
2213 1197 2428 1263 laudat,
2462 1200 2531 1255 ab
2574 1202 2763 1255 eodem
2797 1218 3009 1260 summo
3048 1206 3302 1275 pontifice

1720 1289 1785 1341 ad
1825 1289 2093 1346 Bosonem
2122 1294 2412 1362 quemdam
2445 1304 2639 1363 quarto
2662 1296 2931 1353 Kalendas
2959 1301 3129 1356 Julias
3158 1316 3302 1355 anno

1718 1377 1855 1435 1079
1881 1382 2210 1451 conscripta.
2258 1382 2315 1437 In
2360 1385 2459 1437 hac
2500 1387 2643 1439 enim
2692 1389 2933 1456 pontifex
2970 1391 3184 1445 concilii
3233 1394 3303 1447 ab

1717 1469 1939 1540 Hugone
1972 1472 2180 1537 Diensi,
2213 1472 2393 1542 legato
2423 1490 2540 1540 suo,
2571 1478 2818 1545 proxime
2844 1479 3154 1534 celebrandi
3184 1496 3305 1535 me-

1715 1561 1904 1626 minit;
1945 1562 2017 1617 ita
2053 1564 2267 1633 autern“,
2296 1564 2440 1633 quod
2463 1566 2688 1632 proinde
2729 1569 2844 1636 ipso
2876 1584 3018 1622 anno
3051 1570 3187 1624 1079
3214 1586 3304 1625 ce-

1714 1651 1981 1706 lebratum
2007 1652 2199 1718 fuerit,
2225 1654 2511 1709 concilium
2532 1655 2911 1713 Avenionense
2940 1660 3140 1713 ideirco
3164 1661 3306 1714 desi-

1715 1758 1881 1809 gnare
1904 1744 2135 1808 videtur,
2153 1746 2294 1814 quod
2318 1746 2422 1801 duo
2449 1747 2691 1816 proxime
2714 1758 2835 1817 post
2851 1749 3121 1805 Kalendas
3134 1749 3302 1806 Julias

95 1804 220 1871 seqq.)
250 1805 295 1857 in
338 1804 496 1859 factis
536 1806 648 1858 tam
685 1806 984 1873 undecimi,
1027 1824 1134 1877 quo
1180 1807 1392 1876 floruit,
1446 1825 1608 1879 quam

1718 1836 1842 1889 anni
1888 1836 2025 1892 1079
2075 1837 2347 1892 celebrata
2394 1838 2623 1893 concilia
2670 1841 2779 1893 sint
2825 1842 3202 1898 Avenionense
3248 1852 3305 1896 et

95 1894 351 1948 anteriorum
373 1895 701 1950 saeculorum
726 1899 1071 1953 recensendis
1091 1900 1336 1955 ordinem
1360 1914 1613 1955 nonsem—

95 2000 173 2051 per,
200 2002 289 2055 quo
311 2002 539 2056 qumque
572 1997 724 2057 gesta
752 1998 909 2055 sunt,
943 1991 1227 2055 observet,
1281 1992 1397 2045 fieri
1434 2001 1615 2061 potest

96 2086 131 2126 ιιι
152 2077 262 2130 hunc
292 2092 383 2131 nec
416 2078 468 2131 in
504 2080 873 2135 Avenionensi
898 2121 911 2143 ,
958 2096 1159 2150 sexque
1212 2082 1333 2136 aliis
1368 2083 1612 2137 conciliis

96 2182 176 2232 qua:
210 2168 575 2224 Aveniouense
614 2170 820 2225 fuerint
864 2187 1164 2242 praegressa
1191 2213 1206 2237 ,
1260 2176 1613 2231 recensendis

94 2260 338 2315 observant.
371 2260 483 2317 Nec
522 2272 634 2325 est,
671 2264 812 2333 quod
844 2280 1097 2335 reponas,
1130 2281 1159 2319 a
1192 2266 1461 2334 scriptore
1498 2268 1608 2334 illo,

95 2359 311 2419 postquam
346 2351 411 2407 de
463 2367 565 2407 sex
617 2352 741 2409 aliis
789 2354 1036 2409 conciliis
1087 2369 1397 2409 sermonem
1436 2354 1609 2422 fecit,

94 2442 391 2499 Avenioncnse
433 2447 719 2514 septimum
773 2447 975 2501 diserte
1016 2449 1239 2516 vocari;
1290 2449 1405 2504 fieri
1466 2454 1611 2507 enim

95 2543 235 2599 potest,
257 2546 309 2590 ut
336 2539 402 2590 ita
422 2576 438 2600 ,
472 2552 586 2591 non
615 2538 859 2591 ordinem
884 2581 898 2599 ,
928 2555 1036 2608 quo
1065 2549 1192 2595 tunc
1219 2540 1341 2604 hoc,
1376 2552 1485 2596 tum
1518 2560 1614 2600 sex

96 2622 162 2674 alia
184 2626 425 2681 celebrata
464 2626 734 2692 fuissent,
768 2630 862 2682 sed
890 2629 1036 2683 illutn
1068 2632 1247 2697 unice,
1275 2648 1436 2700 quem
1470 2634 1616 2704 ipse-

96 2725 166 2769 met
188 2718 227 2770 in
249 2720 304 2772 iis
330 2721 829 2776 commemorandis
855 2733 1059 2789 servat,
1089 2727 1369 2794 spectarit.
1395 2729 1477 2783 Ad
1497 2731 1613 2787 haec

95 2806 199 2878 llugo
220 2811 635 2868 Flaviniacensis
666 2812 786 2882 (Adi
817 2816 1015 2871 iterum
1047 2818 1302 2878 Historia:
1330 2823 1612 2883 litterariae

96 2897 271 2955 Francia:
296 2906 599 2972 scriptores
628 2915 759 2960 tom.
793 2910 1040 2976 proxime
1067 2913 1189 2981 cit.)
1232 2918 1286 2970 in
1319 2921 1612 2977 narrandis

94 2988 205 3042 etiam
230 2993 301 3055 iis,
321 3011 437 3065 quae
458 3006 629 3051 aetate
645 3012 742 3050 sua
764 3007 911 3066 gesta
937 3005 1324 3067 sunt,subinde
1346 3017 1399 3062 et
1428 3024 1459 3062 a
1482 3025 1609 3065 vera

97 3078 374 3155 rhmnologia
410 3096 465 3141 et
495 3103 531 3141 a
560 3088 791 3142 veritate
820 3089 1077 3148 historica
1125 3096 1359 3161 aberrat,
1399 3100 1610 3169 hocque

1713 1923 2072 1996 Lugdunense
2118 1927 2340 1996 hocque
2376 1937 2711 1996 postremum
2742 1940 2869 1985 ante
2922 1946 3120 1984 annum
3167 1931 3303 1987 1080

1714 2028 1861 2073 certe
1886 2019 2061 2074 locum
2090 2035 2197 2074 non
2231 2020 2503 2076 habuerit.

1783 2109 1911 2163 465.
1952 2110 2323 2165 Consideratis
2374 2112 2557 2180 itaque
2602 2112 2896 2177 omnibus,
2942 2113 3302 2167 dubitandum

1716 2216 1821 2254 non
1878 2211 2101 2270 apparet
2140 2202 2269 2270 quin
2317 2203 2699 2258 Avenionense
2744 2205 3066 2269 concilium,
3105 2205 3157 2258 in
3194 2220 3302 2274 quo

1715 2291 1773 2344 8.
1824 2290 1978 2361 Hugo
2012 2289 2533 2358 Gratianopalitanis
2564 2293 2867 2362 postulatus
2896 2295 3161 2362 datusque
3200 2294 3302 2347 fuit

1714 2383 2024 2453 episcopus,
2056 2399 2199 2437 anno
2224 2384 2362 2440 1079
2392 2385 2553 2440 fuerit
2590 2386 2952 2454 celebratum,
2984 2388 3143 2456 idque
3174 2398 3301 2443 ante

1716 2470 1870 2538 hujus
1904 2487 2145 2527 mensem
2194 2472 2584 2541 Novembrem,
2615 2478 2690 2531 uti
2736 2478 2899 2531 etiam
2938 2494 3005 2532 ex
3050 2478 3300 2550 Guigone

1714 2574 1875 2629 supra
1916 2562 2072 2617 docet
2104 2562 2354 2617 laudatus
2403 2563 2697 2621 Tractatus
2740 2566 2809 2620 de
2839 2566 2899 2620 S.
2949 2567 3228 2635 Brunone,
3269 2585 3300 2624 a

1714 2652 2091 2710 Carthusianis
2111 2655 2383 2725 hujatibus
2407 2673 2619 2713 mecum
2651 2662 3063 2729 communicati,
3088 2671 3299 2730 auctor,
3374 2688 3375 2691 η

1714 2745 1837 2800 licet
1883 2747 2137 2813 interim,
2188 2764 2351 2818 quam
2401 2751 2633 2807 concilio
2671 2754 2755 2808 isti
2799 2757 3121 2824 prtestituit,
3169 2774 3301 2827 epo-

1713 2839 1870 2892 cbam
1914 2839 2138 2895 minime
2166 2841 2524 2909 confirment,
2570 2858 2691 2911 qua:
2720 2847 2916 2901 ibidem
2947 2849 3302 2906 etiam'addit

1715 2934 1779 2986 de
1811 2931 1868 2987 S.
1897 2933 2136 3005 Hugonis
2160 2950 2281 2989 cum
2315 2935 2561 3006 llngone,
2588 2939 2733 2993 sedis
2762 2941 3069 3008 apostolicae
3095 2942 3297 3012 legato,

1714 3025 1931 3090 itinere,
1962 3034 2086 3094 post
2118 3026 2497 3082 Avenionense
2528 3030 2815 3084 concilium
2857 3034 3080 3087 Romam
3111 3049 3299 3090 versus

1714 3125 1994 3183 suscepto,
2026 3116 2379 3185 ejusdemque
2415 3117 2611 3171 ibidem
2644 3128 2754 3172 tum
2797 3122 3137 3175 ordinatione
3181 3124 3299 3192 epi-

94 3184 199 3227 naro
221 3175 449 3233 laborare
469 3179 653 3248 Guigo
679 3195 780 3234 non
812 3182 1253 3253 deprehenditur,
1279 3198 1337 3242 ut
1359 3190 1606 3259 proinde,

1718 3175 1945 3275 scepali,
1979 3175 2106 3259 tuin
2142 3175 2427 3275 praesentia
2483 3207 2536 3260 in
2566 3208 2818 3277 concilio,
2866 3225 3011 3264 anno
3058 3211 3196 3267 1080
3216 3175 3297 3268 rin

95 3264 160 3317 etsi
181 3268 316 3323 etiam
352 3271 418 3325 ab
459 3272 693 3340 llugone
741 3273 1151 3342 Avenionense,
1206 3280 1259 3333 in
1315 3282 1469 3351 cujus
1519 3284 1608 3339 hic

95 3357 287 3419 tpocham
321 3362 686 3430 inquirimus,
726 3364 1014 3419 concilium
1062 3383 1208 3423 anno
1256 3370 1390 3425 1080
1436 3373 1609 3429 diser-

96 3445 139 3499 tis
160 3452 306 3507 rerbis
328 3453 663 3524 adigeretur,
697 3455 1031 3511 credendum
1071 3466 1248 3514 tamen
1290 3463 1469 3530 potius
1510 3466 1609 3518 ad-

95 3535 303 3609 huicloret,
316 3545 652 3601 celebratum
672 3546 723 3601 id
744 3546 930 3614 fuisse,
946 3564 1053 3604 non
1087 3559 1214 3606 tunc
1240 3556 1496 3621 primum,
1513 3558 1608 3612 sed

93 3646 188 3687 anno
202 3637 419 3704 proxime
440 3652 766 3707 praegresso,
792 3639 847 3693 id
866 3649 970 3706 est,
993 3656 1135 3695 anno
1158 3642 1313 3710 1079,
1329 3646 1404 3699 uti
1428 3662 1458 3701 e
1479 3662 1606 3717 sup-

93 3725 275 3787 pditatis
294 3731 579 3801 aGuigone
599 3731 1008 3788 characteribus
1033 3734 1307 3791 chronicis
1327 3752 1358 3791 a
1382 3737 1606 3794 Tracta-

95 3824 303 3889 tus,quem
322 3823 671 3879 Carthusiani
711 3824 922 3894 hujates
953 3840 1163 3882 meeum
1198 3831 1607 3887 communieave

95 3923 146 3971 re.
167 3926 353 3971 auctore
378 3932 655 3986 anonymo
694 3918 875 3973 verbis
904 3935 1066 3989 supra
1098 3922 1342 3975 recitatis
1370 3926 1605 3978 eruitur.

136 4003 229 4061 164.
264 4008 439 4080 Neque
492 4011 585 4064 hic
632 4025 755 4064 cum
797 4011 1109 4069 Mabillonio
1159 4013 1488 4070 Pracfatione
1546 4017 1598 4071 in

96 4095 221 4153 Seculi
244 4116 291 4156 rt
319 4103 657 4159 Benedictini
690 4114 845 4172 parte
871 4122 944 4170 ιι,
974 4122 1124 4160 num.
1155 4105 1224 4162 86
1251 4123 1348 4176 pro
1381 4109 1607 4178 llugone

95 4188 437 4263 Flaviniacensi,
470 4212 568 4251 seu
602 4198 781 4267 potius
816 4213 916 4268 pro
944 4210 1220 4270 tempore,
1252 4219 1359 4272 quo
1406 4220 1472 4260 ex
1503 4210 1606 4267 hoc

94 4286 323 4355 scriptore,
375 4291 673 4346 concilium
724 4293 1103 4349 Avenionense
1151 4296 1481 4354 celebratum
1511 4345 1525 4368 ,
1575 4322 1603 4359 τι

95 4381 298 4436 nonnullis
321 4384 616 4450 colligitur,
658 4384 709 4436 in
748 4385 983 4439 medium
1027 4387 1265 4443 adducas
1296 4391 1602 4464 epistolam,

95 4467 349 4543 aGregorio
402 4475 536 4539 ιιι,
578 4491 792 4531 summo
843 4477 1106 4535 Pontilice
1187 4485 1254 4538 ad
1294 4485 1501 4540 elerum
1551 4499 1605 4544 et

1714 3294 2136 3365 Quadragesima
2160 3296 2455 3351 celebrato.
2486 3299 2700 3353 Etenim
2734 3299 2887 3370 llugo
2920 3301 3124 3372 legatus
3146 3343 3162 3369 ,
3189 3319 3295 3358 non

1712 3400 1855 3439 antro
1899 3386 2038 3440 1079
2060 3427 2074 3451 ,
2103 3387 2197 3441 sed
2225 3389 2474 3457 sequenti
2524 3396 2734 3443 tantum
2771 3389 3029 3461 Romani,
3061 3404 3121 3446 ut
3167 3408 3297 3449 con—

1712 3474 1835 3529 cilio
1868 3475 2068 3530 ibidem
2102 3475 2431 3531 celebrando
2466 3494 2705 3547 prresens
2735 3480 2974 3545 adesset,
3019 3482 3294 3551 profectus

1711 3574 1815 3620 est.
1846 3566 2038 3635 Liquet
2073 3568 2124 3620 id
2165 3582 2231 3621 ex
2274 3568 2507 3623 concilio
2548 3570 2927 3651 Lugdunensi,
2973 3576 3149 3641 quod,
3196 3589 3296 3628 an-

1716 3664 1932 3724 tequam
1978 3656 2029 3709 id
2065 3657 2311 3723 faceret,
2346 3659 2671 3723 celebravit,
2721 3665 2971 3731 quodque
3009 3673 3294 3734 postquam

1710 3761 1853 3801 anno
1900 3748 2035 3802 1080
2080 3750 2203 3819 (adi
2256 3766 2375 3819 quae
2423 3768 2576 3806 num.
2631 3754 2733 3807 147
2782 3755 2925 3810 dicta
2966 3759 3129 3829 Sunt)
3172 3768 3295 3826 post

1710 3838 1928 3891 tertiam
1955 3838 2239 3894 Jannuarii
2271 3842 2414 3897 diem
2452 3844 2787 3912 celebrarat,
2821 3847 3099 3903 celebrare
3148 3849 3295 3904 aliud

1709 3929 2007 3993 Avenione,
2031 3939 2323 4000 antequam
2351 3934 2574 3987 Romam
2601 3950 2659 3989 se
2685 3936 2979 4002 conferret,
3004 3939 3291 4007 potuisset.

1709 4020 1863 4087 Quod
1894 4023 2052 4075 modo
2082 4022 2147 4075 ad
2200 4022 2258 4076 S.
2299 4022 2539 4094 llugouis
2570 4026 2972 4081 ordinationem
3012 4029 3294 4098 episcopa-

1708 4110 1846 4176 lem,
1885 4112 2342 4182 przesentiamque
2377 4115 2430 4168 in
2464 4116 2695 4170 concilio
2720 4160 2733 4181 ,
2769 4117 2953 4173 Roma:
2983 4117 3289 4184 celebrato,

1707 4205 1973 4272 pertinet,
2029 4204 2129 4259 fuit
2182 4206 2317 4271 hoc,
2377 4208 2609 4275 ipsumet
2641 4209 2861 4264 laudato
2900 4209 3185 4265 Tractatns
3227 4212 3293 4265 de

1710 4298 1766 4352 S.
1802 4299 2075 4365 Brunone,
2111 4315 2141 4355 a
2171 4298 2553 4356 Carthusianis
2586 4301 2864 4373 hujalibus
2899 4318 3111 4357 meeum
3142 4318 3292 4356 com-

1710 4389 2009 4453 municati,
2041 4398 2263 4443 auctore
2291 4389 2400 4447 (adi
2433 4407 2580 4444 num.
2612 4392 2737 4462 461)
2767 4393 3023 4456 docente,
3056 4394 3108 4446 in
3142 4393 3290 4460 Qua-

1708 4484 2200 4554 dragesima,cujus
2234 4483 2507 4539 Dominica
2535 4487 2707 4556 prima
2739 4488 2789 4541 in
2818 4487 3087 4542 Kalendas
3112 4486 3289 4541 Martii
3340 4479 3347 4485 ’

96 4564 280 4629 mulum
308 4569 699 4633 Arelatensem,
732 4585 835 4637 qua
882 4572 1001 4637 hic,
1035 4584 1095 4628 ut
1131 4578 1601 4649 archiepiscopum
1640 4577 1683 4634 D
1713 4577 1926 4640 incidit,
1968 4592 2110 4629 anno
2163 4576 2295 4630 1080
2329 4578 2691 4644 celebratum,
2730 4590 2789 4634 ut
2833 4581 2935 4636 hoc
2986 4582 3102 4651 ipso
3149 4597 3293 4636 anno

99 4652 163 4704 sibi
185 4657 410 4727 eligeret,
443 4661 545 4713 fuit
577 4661 907 4725 admonitus,
946 4664 1203 4721 Kalendis
1231 4669 1441 4725 Martiis
1464 4688 1607 4728 anno

100 4739 187 4797 1079
209 4753 549 4821 conscriptam
594 4761 757 4820 atque
784 4770 812 4805 a
846 4754 1064 4810 Labbeo
1098 4768 1226 4812 tom.
1261 4758 1305 4812 Χ
1339 4760 1609 4817 Concilio-

99 4842 174 4882 nnn
196 4836 406 4893 col.215
448 4841 729 4895 insertam.
775 4841 927 4897 Licet
975 4846 1119 4899 enim
1164 4848 1263 4903 hac
1299 4849 1503 4904 elerum
1551 4862 1605 4907 et

99 4923 282 4987 Populum
321 4931 729 4995 Arelatensem,
764 4942 824 4986 ut
851 4936 1322 5008 archiepiscopum
1366 4941 1467 4996 sibi
1509 4942 1607 4996 eli-

100 5022 201 5077 gant;
232 5030 461 5076 summus
502 5022 745 5091 pontifex
786 5025 1109 5091 admoneat,
1159 5026 1433 5099 ftﬂritque
1480 5032 1604 5088 huic

99 5104 303 5161 Pontificio
333 5113 536 5165 monito
581 5113 635 5166 in
664 5114 895 5169 concilio
926 5116 1288 5172 Avenionensi
1325 5118 1604 5187 obtempe-

100 5200 251 5261 ratum,
277 5201 394 5258 inde
442 5211 619 5259 tamen
652 5205 876 5261 minime
905 5210 1276 5278 consequitur,
1307 5220 1367 5266 ut
1401 5213 1452 5265 id
1496 5229 1599 5267 non

101 5282 361 5356 Priusquam
398 5308 538 5348 anno
570 5295 708 5350 1080
756 5296 921 5353 fuerit
965 5298 1319 5355 celebratum.
1367 5301 1505 5368 Quid
1548 5304 1599 5358 ni

10 5428 21 5433 -
101 5373 197 5428 t“tim
237 5393 345 5447 post
378 5384 644 5443 Kalendas
694 5389 917 5447 Martias
966 5393 1208 5461 ejusdem
1261 5396 1388 5449 anni
1439 5396 1599 5461 1079,

103 5478 170 5557 ινφ
192 5477 407 5535 proxime
454 5480 651 5535 dictam
688 5483 971 5551 epistolam
1001 5484 1297 5556 Gregorius
1340 5488 1597 5557 scripsit,

104 5555 295 5620 celebrari
325 5574 587 5639 potuerit?
618 5574 783 5642 Sane,
814 5591 919 5646 quo
950 5555 1134 5633 minus
1156 5579 1208 5633 id
1242 5588 1368 5635 tunc
1395 5555 1596 5636 factum

106 5652 309 5721 Cfedatur,
356 5665 512 5719 nimis
557 5677 842 5736 angustum
895 5671 1036 5725 haud
1088 5681 1174 5728 est
1224 5682 1433 5737 tempus
1486 5675 1596 5728 ela-

10 5748 11 5831 l
108 5745 211 5797 vnum
244 5761 268 5800 a
290 5749 529 5810 Kalendis
559 5757 763 5814 Martiis
796 5761 920 5815 anni
965 5761 1100 5817 1079
1152 5777 1323 5834 usque
1370 5764 1436 5819 ad
1468 5767 1594 5820 armi

1710 4668 1846 4723 1080
1866 4667 1978 4736 jam
2007 4669 2261 4722 inchoato
2301 4670 2452 4739 llugo
2487 4671 2693 4741 legatus
2722 4683 2777 4726 et
2824 4673 3112 4727 concilium
3145 4672 3287 4727 Ave-

1707 4759 1869 4813 nione
1895 4760 2195 4825 celebrare,
2228 4769 2281 4814 et
2308 4763 2409 4816 hoc
2439 4762 2609 4826 facto,
2644 4764 2900 4828 Romam,
2932 4772 2989 4817 ut
3023 4764 3287 4829 concilio,

1708 4848 1907 4904 ibidem
1954 4851 2007 4903 in
2069 4850 2496 4921 Quadragesima
2551 4854 2910 4918 celebrando,
2959 4856 3288 4919 interesset,

1706 4936 1993 5002 pervenire
2022 4939 2289 5005 potuerit,
2339 4955 2403 4992 ac
2447 4941 2601 5008 proin
2631 4951 2720 5001 ut,
2759 4941 3006 5012 quamvis
3034 4957 3098 4995 ex
3130 4941 3290 4995 dictis

1705 5026 1991 5081 concilium
2024 5028 2402 5084 Avenionense
2448 5046 2592 5086 anno
2623 5032 2759 5087 1079
2789 5032 3120 5087 celebratum
3173 5032 3289 5085 fue-

1703 5119 1805 5184 rit,
1842 5119 1893 5173 id
1934 5128 2111 5174 tamen
2146 5129 2271 5175 tunc
2304 5120 2540 5189 factum,
2591 5138 2655 5177 ex
2695 5132 2905 5179 asserta
2931 5124 2988 5177 S.
3023 5121 3285 5191 Hugonis,

1703 5210 1940 5278 episcopi
1998 5211 2489 5281 Gratianopolitani
2530 5212 2643 5281 jam
2692 5214 2893 5278 electi,
2947 5215 3004 5268 in
3056 5211 3287 5267 concilio

1703 5302 1947 5357 Romano
1978 5305 2263 5373 priesentia
2297 5306 2447 5373 argui
2490 5321 2597 5360 non
2633 5306 2824 5375 possit.

1773 5394 1899 5449 466.
1942 5394 2052 5450 Nec
2086 5396 2135 5447 id
2170 5405 2300 5450 tunc
2336 5394 2540 5451 factum
2566 5438 2580 5461 ,
2628 5399 2780 5466 argui
2811 5397 2975 5451 etiam
3005 5402 3184 5465 potest
3216 5409 3286 5449 ex

1702 5489 2045 5544 ordinatione
2091 5489 2413 5560 episcopali,
2462 5507 2624 5561 quam
2675 5490 2733 5545 S.
2772 5490 2924 5561 Hugo
2968 5504 3111 5543 anno
3146 5488 3285 5547 1080

1703 5581 1886 5637 Romae
1935 5598 1963 5635 a
2013 5597 2226 5636 summo
2273 5583 2529 5652 pontifice
2576 5580 2806 5650 accepit.
2860 5581 3073 5635 Etenim
3146 5580 3281 5635 nihil

1700 5676 1922 5730 omnino
1968 5676 2111 5745 cogit
2146 5676 2248 5729 hoc
2296 5675 2440 5729 illam
2472 5688 2613 5727 anno
2662 5684 2769 5726 tam
2802 5688 2991 5743 parum
3024 5682 3284 5742 provecto

1701 5777 1969 5834 statuere,
2006 5778 2063 5822 ut
2115 5767 2298 5822 Roma:
2338 5766 2405 5820 ad
2438 5765 2681 5820 eamdem
2716 5765 3115 5837 suscipiendam
3158 5776 3281 5819 esse
