3814 6306
455 359 562 415 883

1271 363 1325 420 S.
1371 362 1714 420 BRUNONlS
1750 359 2397 422 CARTHUSIANORUM
2427 363 2914 421 lNSTlTUTORlS

3585 368 3674 425 281

459 473 763 543 nequierit,
793 473 899 528 nisi
926 473 1038 544 jam
1079 475 1202 531 inde
1251 478 1318 530 ab
1355 491 1496 531 anno
1538 476 1675 531 1079
1719 477 2034 539 Avcnione,
2070 488 2114 542 Α
2143 476 2229 542 fit,
2266 487 2325 532 ut
2354 478 2407 533 id
2443 478 2558 548 ipso
2589 479 2677 534 illo
2713 494 2852 534 anno
2881 487 2933 534 et
2968 480 3572 550 meuse_veroslmillime
3597 502 3674 544 ae-

454 581 523 619 co
569 581 628 619 se
678 564 997 630 collaturus,
1048 567 1152 621 iter
1208 567 1399 622 fuisset
1446 553 1751 638 aggressus.
1795 567 1861 622 Et
1911 583 2037 622 vero

458 657 514 710 S.
559 656 836 724 flugonem
879 669 1006 711 ante
1046 673 1246 712 ammm
1283 658 1420 712 1080
1451 658 1678 713 Romam
1705 672 1898 713 versus
1931 673 2035 713 non

459 747 765 816 porrexisse
789 787 803 812 ,
847 747 1208 804 indubitatum
1246 760 1360 816 est,
1395 751 1538 820 quod
1579 751 1761 806 itineri
1805 751 1880 804 illi
1920 767 2039 807 sese

459 837 672 890 dederit
700 851 824 891 eum
855 836 1075 908 llugone
1110 839 1252 894 sedis
1281 841 1590 910 apostolicae
1617 840 1815 912 legato,
1843 842 2038 911 hieque

460 924 589 979 illud
643 942 748 978 non
797 936 922 979 ante
965 942 1166 982 annum
1219 931 1386 995 1080,
1441 932 1548 986 imo
1591 946 1721 986 vero
1757 947 1862 986 non
1915 941 2039 987 ante

461 1017 622 1086 hujus
680 1033 918 1072 mensem
981 1018 1340 1076 Februarium
1392 1024 1720 1092 susceperit;
1770 1028 1914 1093 quod
1962 1024 2038 1078 sic

458 1107 714 1160 estendo:
749 1108 1042 1178 Gregorius
1073 1109 1188 1175 VII,
1219 1127 1457 1167 summus
1506 1115 1747 1183 pontifex
1775 1159 1788 1182 ,
1823 1117 2036 1171 Manas-

460 1211 576 1259 sen,
604 1195 927 1252 Remensem
977 1201 1334 1256 simoniacum
1382 1205 1883 1276 archiepiscopum,
1927 1209 2042 1278 epi-

460 1283 597 1338 stola
625 1303 642 1336 ‹
677 1285 862 1342 Tertio
889 1305 1056 1346 nonas
1078 1290 1321 1347 Januarii
1343 1335 1358 1359 ,
1389 1295 1688 1352 indictione
1708 1302 1945 1354 secunda
1970 1343 1984 1368 ,
2015 1320 2033 1352 ι

459 1375 511 1428 id
544 1386 624 1432 est
651 1394 712 1431 cx
748 1379 906 1436 dictis
937 1398 1085 1436 num.
1121 1385 1242 1448 1.17,
1274 1403 1415 1442 anno
1447 1389 1581 1443 1080
1624 1391 1732 1460 (adi
1765 1393 2039 1448 Labbeum

460 1478 571 1522 tom
607 1469 650 1524 Χ
672 1473 1022 1530 conciliorum
1051 1479 1153 1531 col.
1187 1480 1312 1550 223)
1353 1483 1590 1550 signata,
1630 1486 1913 1542 admonuit
1937 1531 1951 1554 ,
1984 1499 2042 1544 ut

460 1561 719 1627 concilio,
769 1562 1013 1634 Lugduni
1059 1569 1126 1623 ab
1175 1569 1397 1641 lfugone
1443 1575 1587 1628 sedis
1616 1578 1925 1644 apostolica:
1965 1579 2041 1632 le-

460 1659 586 1718 gato
607 1651 951 1721 celebrando,
975 1669 1297 1725 praesentem
1328 1677 1385 1716 se
1413 1663 1657 1729 sisteret;
1689 1666 2040 1722 dubitandum

460 1750 639 1795 autem
668 1759 774 1797 non
811 1758 1070 1816 apparet,
1099 1751 1226 1818 quin
1262 1752 1404 1807 inter
1427 1754 1666 1823 cpistola:
1709 1757 1868 1827 hujus
1899 1763 2035 1816 scri-

2140 565 2349 621 eiderit.

2211 656 2335 712 468.
2378 656 2611 728 Tempus
2641 659 2848 729 itaque,
2877 675 2984 730 quo
3016 659 3074 715 S.
3117 661 3271 733 llugo
3318 663 3494 718 Romae
3540 665 3678 722 fuerit

2142 758 2492 804 consecratus
2519 749 2827 820 episcopus,
2870 751 3028 806 modo
3062 753 3224 806 etiam
3271 753 3538 809 habemus.
3568 754 3678 812 Pro-

2143 837 2346 890 ximum
2376 851 2519 891 nunc
2545 845 2660 902 est,
2690 849 2747 891 ut
2773 849 2826 892 et
2847 841 3218 906 ostendamus,
3243 841 3334 910 qui
3365 841 3416 895 in
3437 843 3678 912 opinione,

2142 942 2261 995 qua:
2289 926 2347 980 S.
2380 925 2649 982 Brunonis
2678 930 2745 983 ad
2793 928 2850 982 S.
2893 928 3206 999 llugonem,
3255 929 3680 1004 Gratianopolita-

2143 1033 2270 1071 num
2301 1019 2609 1088 epise0pum
2630 1059 2643 1084 ,
2670 1034 2947 1074 accessum
2970 1021 3317 1090 ejusdemque
3340 1024 3390 1077 in
3412 1023 3681 1080 Carthusia:

2143 1123 2385 1162 eremum
2415 1125 2690 1165 secessum
2715 1127 2858 1165 anim
2891 1112 3025 1167 1084
3044 1153 3057 1177 ,
3097 1112 3162 1166 ad
3191 1113 3411 1170 Junium
3439 1129 3501 1170 ex
3525 1115 3682 1170 dicen-

2142 1197 2224 1253 dis
2259 1199 2371 1269 jam
2398 1214 2686 1269 provecto,
2732 1201 2930 1272 afligit,
2980 1204 3198 1259 veritati
3242 1206 3448 1275 possint
3488 1206 3683 1276 intelligi

2144 1303 2382 1343 consona
2413 1304 2481 1344 ex
2509 1288 2753 1360 Guigone
2791 1307 2939 1345 num.
2972 1291 3077 1348 458
3114 1293 3345 1347 recitata
3377 1294 3558 1359 verba,
3586 1296 3684 1364 qui-

2143 1378 2242 1432 bus
2278 1377 2370 1432 hio
2403 1377 2526 1433 fidei
2556 1381 2780 1434 omnino
2817 1381 3055 1450 probatae
3087 1391 3339 1452 scriptor,
3375 1383 3683 1450 quandouam

2147 1468 2203 1521 S.
2252 1469 2432 1524 Bruno
2479 1471 2548 1525 ad
2589 1470 2647 1525 S.
2684 1471 2962 1543 Hugonem
2994 1475 3550 1543 Gratianopolitanum
3593 1475 3685 1543 epi-

2149 1574 2371 1626 scopum
2405 1562 2726 1629 accesserit,
2761 1563 3168 1633 Carthusimque
3198 1578 3437 1618 eremum
3460 1563 3684 1632 petierit,

2145 1649 2332 1706 definit
2365 1667 2459 1708 seu
2505 1653 2684 1723 potius
2729 1655 2950 1710 indicat.
2983 1655 3118 1712 Cum
3161 1673 3228 1712 ex
3276 1657 3433 1711 dictis
3461 1656 3515 1711 S.
3560 1655 3688 1725 liugo

2147 1756 2332 1796 mense
2361 1741 2554 1798 Martio
2585 1745 2712 1798 anui
2754 1744 2892 1801 1080
2941 1745 3128 1801 Roma:
3179 1747 3343 1802 fuerit
3371 1759 3688 1802 consecratus

459 1834 700 1901 ptionem
727 1839 1052 1922 coneiliique
1077 1841 1446 1912 Lugdunensis
1474 1845 1891 1902 celebrationem
1925 1861 2040 1905 tan-
2074 1827 2116 1884 Β
2143 1831 2449 1922 ῗνίδοοβηξν
2468 1835 2596 1902 quid
2625 1835 2670 1889 εί
2697 1851 2839 1890 anno
2870 1836 3000 1892 ⁸081
3039 1837 3104 1892 δά
3128 1853 3370 1893 ¹¹¹θ¹¹⁵θ¹¹¹
3403 1839 3588 1892 Maium
3613 1847 3689 1890 3‘"

460 1920 583 1980 tum'
604 1930 868 1998 temporis
902 1920 1135 2000 spatium
1181 1937 1584 2006 intercesserit,
1611 1950 1669 1994 ut
1702 1957 1768 1996 eo
1797 1952 1852 1997 et
1897 1944 2041 2000 dicta

457 2015 687 2084 epistola
713 2018 782 2070 ad
810 2017 1109 2076 Manassem
1148 2024 1375 2090 perferri
1404 2038 1458 2081 et
1483 2028 1571 2084 hic
1599 2069 1612 2094 ,
1646 2029 1736 2083 illa
1773 2043 1998 2102 accepta
2024 2074 2040 2099 ,

460 2105 781 2177 Lugdunum
828 2111 896 2164 ad
939 2113 1227 2167 concilium
1277 2118 1563 2184 pervenire
1609 2123 1866 2188 potuerit.
1916 2122 2035 2176 Jam

460 2211 609 2263 vero,
653 2215 774 2254 cum
813 2201 880 2254 ad
932 2202 1032 2256 boe
1080 2220 1185 2258 non
1237 2207 1415 2260 minus
1465 2225 1627 2278 quam
1667 2221 1902 2278 quatuor
1949 2223 2043 2266 aut

460 2287 698 2356 quinque
722 2289 1183 2348 hebdomadarum
1223 2298 1456 2366 spatium
1482 2301 1850 2354 necessarium
1881 2301 2043 2358 fuisse

461 2375 726 2441 videatur,
758 2393 1100 2449 consequens
1127 2392 1238 2448 est,
1269 2393 1326 2438 ut
1355 2385 1712 2456 Lugduneuse
1753 2391 2041 2444 concilium

465 2476 592 2520 ante
619 2469 743 2522 anni
779 2469 913 2525 1080
945 2471 1298 2529 Februarium
1326 2477 1656 2534 celebratum
1687 2495 1792 2534 non
1837 2481 2000 2536 fuerit
2027 2525 2040 2547 ,

463 2572 527 2612 ac
547 2560 700 2628 proin
725 2571 851 2615 utet
871 2562 927 2617 S.
950 2562 1102 2634 llugo
1119 2575 1172 2620 et
1188 2565 1338 2638 [iugo
1362 2569 1591 2636 legatus,
1605 2580 1788 2640 utpote
1807 2587 1874 2626 ex
1889 2573 2045 2628 dictis

465 2648 692 2704 Romam
724 2653 938 2706 demum
957 2693 973 2720 ,
1003 2655 1229 2710 toncilio
1254 2657 1594 2728 Lugdunensi
1613 2661 1726 2730 jam
1750 2661 2041 2729 celebrato,

463 2741 687 2810 profecti
716 2743 818 2798 iter
843 2745 972 2800 illud
1007 2756 1132 2801 ante
1157 2748 1293 2802 idem
1325 2757 1531 2818 tempus
1553 2766 1656 2806 non
1688 2755 2040 2822 susceperint.

534 2833 661 2888 .167.
700 2834 852 2900 Quod
884 2854 1006 2891 cum
1041 2839 1111 2892 ita
1154 2840 1260 2905 sit,
1292 2839 1349 2895 S.
1385 2841 1537 2912 llugo
1582 2859 1712 2898 sane
1750 2846 2046 2900 ordinatio-

464 2941 588 2980 nem
614 2928 971 2998 episcopalem
1001 2931 1186 2986 Rotnae
1210 2948 1352 2987 anno
1379 2934 1518 2988 1080
1547 2947 1652 2989 tam
1682 2951 1871 3005 parum
1921 2953 2046 3007 pro—

464 3025 623 3071 vecto
657 3034 762 3072 non
798 3022 1089 3089 acceperit,
1123 3033 1180 3077 ut
1208 3024 1403 3078 ibidem
1437 3034 1560 3080 tunc
1591 3042 1710 3081 esse
1739 3029 2008 3096 nequierit
2029 3069 2044 3094 ,

470 3109 573 3164 nisi
599 3109 709 3178 jam
741 3111 865 3168 inde
895 3113 962 3167 ab
997 3131 1138 3170 anno
1169 3116 1303 3170 1079
1334 3116 1609 3172 Avenione
1638 3133 1828 3172 versus
1853 3119 2043 3172 etvita-

468 3211 575 3256 tem
609 3203 754 3256 illam
785 3204 962 3259 itineri
997 3222 1116 3261 scse
1145 3208 1401 3262 dedisset.
1450 3209 1624 3278 Atque
1665 3209 1778 3264 haec
1813 3210 1878 3264 de
1910 3221 2043 3264 tem-

466 3304 617 3358 pore,
642 3307 749 3360 quo
780 3293 1068 3348 concilium
1091 3294 1470 3351 Aveniouense
1497 3297 1828 3352 celebratum
1858 3299 2040 3365 fuerit,

465 3380 934 3450 argumentisque,
963 3382 1159 3450 quibus
1183 3383 1234 3438 id
1261 3398 1355 3438 seu
1385 3385 1644 3452 probetur
1671 3402 1764 3440 seu
1797 3403 1900 3441 non
1926 3405 2043 3458 pro-

467 3466 646 3532 betur,
670 3482 812 3522 anno
837 3469 973 3524 1079
1004 3470 1335 3524 celebratum
1369 3472 1556 3536 fuisse,
1580 3473 1721 3529 dicta
1752 3475 2042 3530 sufficiant.

473 3557 672 3612 Verum
708 3559 1051 3628 quandonam
1077 3571 1199 3630 post
1238 3563 1287 3618 id
1312 3561 1425 3630 jam
1447 3564 1780 3622 celebratum
1814 3568 1871 3622 S.
1895 3567 2048 3640 Hugo

475 3647 662 3703 Roma:
692 3649 972 3705 ordinatus
1008 3650 1109 3706 fuit
1144 3653 1465 3724 episcopus?
1499 3656 1632 3710 Cum
1659 3671 1724 3712 ex
1759 3658 1916 3714 dictis
1944 3661 2049 3714 Ro-

472 3753 616 3792 mam
672 3755 794 3794 eum
836 3739 1059 3811 [ingene
1105 3743 1276 3812 legato
1329 3745 1602 3815 profectus
1651 3764 1755 3803 non
1793 3751 1894 3814 sit,
1944 3752 2045 3806 nisi

463 3827 572 3898 jam
603 3828 944 3898 Lugdunensi
992 3833 1261 3890 celebrato
1303 3836 1567 3903 concilio,
1599 3839 1808 3909 hocque
1860 3841 2044 3896 itidem

467 3936 535 3974 ex
570 3918 682 3989 jam
718 3921 876 3976 dictis
907 3931 1033 3977 ante
1070 3925 1197 3978 anni
1232 3924 1368 3979 1080
1416 3925 1771 3984 Februarium
1801 3931 2047 3986 celebra-

471 4022 584 4066 tum
611 4028 718 4067 non
743 4012 940 4080 fuerit,
967 4015 1190 4070 Romam
1218 4017 1620 4072 verosimillime
1653 4030 1778 4074 ante
1809 4036 2046 4075 mensem

471 4101 722 4157 Martium
777 4105 900 4158 anni
950 4104 1087 4159 1080
1135 4121 1240 4160 non
1273 4107 1610 4175 pervenerit,
1657 4125 1720 4162 ac
1764 4110 1916 4178 proin
1951 4125 2049 4165 nec

385 4203 392 4210 '
469 4205 594 4251 ante
621 4196 724 4251 hoc
775 4207 984 4267 tenuius
1021 4197 1218 4252 ibidem
1263 4213 1292 4251 a
1339 4213 1550 4252 summo
1591 4201 1842 4268 pontifice
1885 4201 2047 4256 fuerit

469 4297 825 4344 consecratus
851 4287 1364 4360 episcopus.Verum
1389 4305 1566 4344 nonne
1589 4289 1864 4360 aliquanto
1885 4293 2045 4346 etiam

472 4377 726 4446 temporis
779 4379 953 4448 spatio
1006 4379 1180 4434 serius
1227 4379 1280 4433 id
1333 4378 1548 4434 evenit?
1582 4379 1714 4432 Cum
1747 4379 1804 4434 S.
1855 4380 2043 4451 flugo,

2145 1919 2365 1976 Junium
2404 1921 2518 1992 jam
2548 1935 2828 1993 provecto,
2856 1925 3128 1983 Casa-Dei
3173 1929 3585 1992 monasterium,
3626 1929 3688 1980 uti

2148 2013 2324 2082 reipsa
2358 2014 2475 2069 fieri
2523 2017 2730 2084 potuit,
2775 2019 3028 2088 petierit,
3079 2020 3408 2075 monachum
3433 2060 3447 2084 ,
3477 2029 3689 2073 conten:-

2145 2104 2252 2172 ptis
2279 2103 2440 2159 rebus
2461 2106 2733 2173 omnibus,
2762 2108 3017 2173 induerit,
3035 2124 3271 2178 cumque
3294 2110 3547 2164 novitium
3569 2124 3690 2162 anno

2144 2195 2384 2258 circiter,
2409 2211 2504 2252 seu
2541 2213 2735 2253 novem
2783 2199 2983 2269 (neque
3011 2201 3157 2255 enim
3190 2218 3398 2256 annum
3446 2202 3690 2271 integrum

2147 2285 2235 2340 hic
2266 2285 2506 2340 indicare
2529 2287 2702 2357 Guigo
2745 2289 2980 2360 videtur)
3009 2291 3267 2346 decemve
3312 2289 3578 2346 mensibus
3605 2289 3688 2343 ibi-

2146 2374 2266 2430 dem
2297 2376 2524 2444 egisset,
2558 2378 2624 2432 ad
2660 2379 3028 2450 episcopatum
3052 2421 3066 2446 ,
3089 2379 3317 2449 jubente
3341 2396 3546 2436 summo
3582 2395 3692 2450 pon-

2148 2466 2316 2534 tifice,
2344 2481 2486 2522 anno
2513 2467 2652 2523 1082
2680 2483 2866 2524 mense
2897 2471 3091 2526 Martio
3129 2471 3355 2527 circiter
3379 2485 3408 2524 e
3436 2469 3572 2526 dicto
3594 2482 3692 2522 mo-

2154 2557 2395 2612 nasterio
2440 2555 2604 2613 fuerit
2637 2561 2922 2615 reversus?
2949 2559 3025 2615 Ita
3054 2575 3186 2616 sane
3212 2576 3242 2614 a
3271 2559 3512 2630 Guigone
3540 2577 3556 2609 ‹
3588 2572 3694 2611 nee-

2149 2646 2275 2700 dum
2322 2646 2529 2702 duobus
2573 2656 2692 2717 post
2719 2651 3179 2706 consecrationem
3210 2650 3445 2719 expletis
3478 2647 3645 2711 annis,
3676 2666 3690 2697 ι

2149 2735 2424 2794 Casm—Dei
2459 2739 2751 2795 monachus
2799 2739 2976 2796 factus
3003 2756 3156 2806 esse,
3199 2756 3346 2796 anno
3395 2741 3581 2796 ibidem
3616 2753 3696 2792 no-

2147 2827 2312 2882 vitius
2354 2827 2582 2893 vixisse,
2619 2846 2681 2884 ae
2723 2830 2938 2886 tandem
2982 2831 3418 2902 Gratianopolim
3442 2874 3455 2895 ,
3493 2849 3509 2881 σ
3549 2829 3697 2884 tribus

2149 2919 2376 2973 necdum
2403 2919 2456 2974 in
2489 2921 2799 2990 episcopatu
2829 2932 2948 2993 post
2979 2925 3301 2979 monasterii
3328 2923 3580 2985 reditum,
3609 2941 3625 2973 ι
3655 2920 3696 2974 id

2149 3015 2254 3071 est,
2276 3021 2307 3060 ι
2333 3021 2452 3073 suo,
2473 3009 2655 3064 eCasa
2685 3010 2776 3064 Dei
2804 3011 3000 3078 reditu,
3033 3032 3050 3064 ί
3074 3012 3362 3082 completis
3390 3012 3559 3075 anuis,
3586 3024 3697 3062 ive-

2150 3095 2384 3150 nientem
2418 3095 2474 3150 S.
2504 3096 2810 3153 Brunonem
2834 3114 2976 3157 anno
3014 3101 3149 3157 1084
3171 3102 3454 3172 excepisse
3477 3141 3490 3166 ,
3520 3101 3699 3168 absque

2151 3186 2257 3241 ullo
2290 3187 2538 3242 veritatis
2579 3188 2862 3258 dispendio
2904 3190 3008 3246 dici
3029 3192 3292 3262 potuerit,
3331 3191 3411 3246 uti
3443 3189 3701 3258 unusquis-

2148 3292 2274 3348 que,
2312 3288 2574 3348 quantum
2611 3280 2828 3349 opinor,
2866 3283 2959 3352 qui
2985 3298 3098 3338 rem
3127 3291 3338 3338 attente
3365 3280 3698 3353 perpenderit.

2150 3369 2306 3426 facile
2334 3371 2654 3440 perspiciet,
2701 3387 2924 3442 remque
2969 3373 3197 3444 proinde
3228 3374 3394 3428 modo
3433 3373 3542 3442 jam
3586 3369 3699 3423 assi-

2149 3470 2311 3530 gnato
2341 3461 2517 3530 reipsa
2543 3470 2750 3531 gestam
2781 3476 2922 3531 esse,
2947 3463 3307 3533 concipiatur,
3341 3474 3460 3529 aut,
3487 3464 3528 3518 si
3555 3461 3701 3515 mavis

2150 3552 2486 3618 admittatur,
2539 3568 2757 3610 necesse
2799 3564 2918 3622 est,
2961 3550 3038 3610 ne
3072 3555 3346 3625 alioquin,
3395 3571 3515 3612 cum
3569 3552 3700 3622 equi-

2152 3643 2270 3697 detn
2318 3642 2375 3699 S.
2418 3643 2686 3703 Brunonis
2727 3645 2796 3701 ad
2837 3645 2895 3701 S.
2945 3647 3222 3718 Hugonem
3271 3660 3545 3703 accessum
3581 3656 3702 3697 anno

2155 3734 2292 3789 1084
2319 3735 2702 3792 innectendum
2722 3778 2737 3804 ,
2767 3737 2982 3794 aliunde
3008 3747 3239 3807 constet,
3266 3739 3484 3796 veritati
3511 3738 3702 3794 dissona

2151 3824 2325 3894 Guigo
2370 3826 2654 3896 scripsisse
2699 3828 2772 3882 sit
2810 3829 3131 3884 credendus.

2220 3914 2346 3972 469.
2389 3916 2516 3982 Ast,
2548 3917 2782 3987 inquies,
2811 3918 2885 3973 ita
2929 3917 3082 3990 llugo
3113 3927 3236 3989 post
3263 3916 3702 3974 consecrationem

2149 4004 2366 4072 quidem
2414 4020 2556 4061 anno
2597 4007 2860 4062 duntaxat
2885 4023 2990 4062 uno
3016 4018 3069 4064 et
3091 4007 3301 4064 duobus
3329 4008 3546 4062 circiter
3575 4016 3703 4058 men-

2152 4093 2299 4148 sibus
2329 4094 2382 4148 in
2427 4095 2703 4150 Casze-Dei
2734 4097 3064 4152 monasterio
3092 4097 3420 4153 monachum
3453 4093 3700 4154 induerit,

2151 4192 2272 4252 post
2311 4199 2467 4239 suum
2515 4200 2644 4242 vero
2687 4201 2755 4241 ex
2814 4187 2918 4242 hoc
2970 4187 3200 4242 reditum
3249 4188 3406 4241 annis
3451 4187 3706 4241 dumtaxat

2153 4275 2359 4329 duobus
2410 4276 2740 4347 totidemque
2787 4279 3008 4334 circiter
3061 4279 3382 4343 mensibus,
3441 4287 3704 4346 antequam

2153 4367 2218 4419 ad
2265 4381 2386 4420 eum
2452 4366 2508 4423 S.
2556 4367 2736 4424 Bruno
2784 4371 3046 4434 accessit,
3093 4372 3147 4424 in
3197 4371 3509 4440 episcopatu
3557 4370 3706 4440 egerit

473 4468 550 4521 uti
585 4469 728 4536 apud
755 4485 856 4524 nos
904 4479 1034 4526 tom.
1069 4471 1086 4524 1
1125 4471 1329 4541 Aprilis
1366 4485 1489 4540 pag.
1540 4471 1609 4524 46
1658 4472 1709 4524 in
1762 4472 1877 4541 ejus
1928 4474 2043 4527 Vita
2081 4497 2129 4556 υ
2154 4457 2509 4526 νίιιειιιυιηιιο
2535 4474 2565 4513 ε
2591 4460 2832 4515 “Ciuilis
2855 4459 3114 4530 GUiSOIliS
3143 4462 3325 4516 verbis
3361 4463 3473 4516 Ιιῖυυ
3513 4460 3704 4556 (Ιυίάθιιξ

473 4572 624 4608 num.
660 4557 728 4609 55
758 4558 932 4627 Guigo
969 4568 1218 4623 testatur,
1257 4579 1274 4609 ι
1313 4576 1523 4613 anno...
1573 4561 1640 4615 ab
1677 4559 2050 4616 lncarnatione

473 4646 689 4699 Domini
723 4648 1009 4704 millesimo
1037 4652 1334 4706 centesimo
1382 4653 1657 4720 trigesimo
1706 4654 2043 4718 sccundo...,

472 4737 968 4792 consecrationis...
999 4740 1064 4793 ad
1092 4741 1271 4794 minus
1301 4742 1749 4813 quinquagesimo
1777 4745 2015 4799 secundo
2033 4786 2045 4809 ,

421 4815 424 4818 ’
484 4825 742 4880 Kalcndis
796 4827 1067 4897 Aprilis...
1100 4831 1348 4900 migrarit
1385 4833 1452 4886 ad
1500 4833 1822 4900 Dominum,
1857 4854 1873 4885 ι
1909 4835 2050 4890 sint-

474 4932 580 4985 que
609 4933 640 4970 a
676 4918 847 4986 prima
887 4920 972 4974 die
1006 4922 1204 4976 mensis
1254 4922 1430 4976 Martii
1461 4923 1586 4978 anni
1619 4924 1755 4980 1080
1784 4941 1954 4995 usque
1981 4928 2046 4980 ad

473 5009 600 5064 anui
631 5010 766 5064 1152
792 5027 1022 5080 primam
1053 5014 1253 5081 Aprilis
1280 5015 1450 5079 diem,
1474 5032 1577 5084 qua
1606 5016 1662 5072 S.
1698 5018 1849 5085 flugo
1879 5019 2044 5084 obiit,

474 5101 600 5154 anni
639 5103 1026 5174 quinquaginta
1060 5107 1164 5161 duo
1197 5121 1299 5159 una
1347 5123 1467 5161 eum
1515 5109 1720 5178 aliquot
1768 5110 2050 5164 dumtaxat

481 5194 836 5251 hebdomadis
871 5195 1072 5265 elapsi,
1107 5196 1273 5252 fuisse
1305 5199 1446 5252 hunc
1496 5215 1600 5253 non
1637 5199 1814 5254 serius
1843 5201 2002 5255 etiam
2034 5242 2047 5265 ,

474 5300 638 5354 quan.
688 5302 872 5342 mense
917 5289 1108 5344 Martio
1143 5291 1269 5344 anni
1306 5292 1444 5346 1080
1491 5306 1520 5344 a
1549 5306 1760 5346 summo
1797 5292 2049 5360 pontifice

472 5378 785 5448 episcopum
815 5393 1220 5448 consecratum,
1245 5383 1731 5448 verosimillimum,
1769 5399 1836 5438 ne
1872 5383 2047 5437 dicam

471 5466 832 5525 indubitatum
855 5511 867 5535 ,
894 5482 1151 5542 apparet,
1186 5487 1248 5527 ac
1276 5472 1429 5542 proin
1461 5488 1582 5526 cum
1610 5487 1710 5527 nec
1743 5483 1870 5527 ante
1898 5488 2050 5527 eum-

470 5560 592 5614 dem
621 5563 746 5618 dieti
773 5565 897 5618 anni
928 5581 1167 5622 mensem
1192 5566 1659 5621 consecrationem
1685 5565 2047 5635 episeOpalem

471 5650 659 5707 Roma:
688 5669 716 5708 a
745 5657 994 5726 pontifice
1024 5676 1088 5713 cx
1121 5659 1280 5714 dictis
1311 5658 1612 5729 acceperit,
1650 5657 2045 5714 consectarium

2159 4567 2177 4599 ι
2215 4548 2452 4604 Necdum
2495 4551 2702 4606 duobus
2731 4552 2959 4621 expletis
2990 4554 3149 4606 annis
3183 4572 3200 4604 ι
3253 4552 3488 4622 amplius
3515 4547 3705 4618 aliquod

2154 4641 2413 4710 temporis
2443 4643 2726 4711 ,spatium,
2777 4659 2936 4712 quam
2980 4644 3136 4698 annis
3184 4645 3344 4699 unius
3393 4645 3706 4708 duorumque

2153 4733 2443 4800 mensium,
2487 4734 2577 4787 illa
2607 4749 2734 4788 vero
2767 4753 2784 4784 ‹
2820 4735 3015 4790 Tribus
3047 4736 3276 4790 necdum
3325 4735 3604 4804 completis
3629 4746 3703 4782 an-

2151 4825 2256 4886 nis.
2290 4845 2307 4875 ι
2336 4841 2498 4896 quam
2529 4826 2756 4882 duorum
2788 4841 3052 4882 annorum
3097 4827 3428 4896 totidemque
3465 4822 3704 4879 mensium

2151 4916 2473 4986 significare.
2520 4917 2757 4984 Fateor;
2818 4933 2900 4972 res
2953 4933 3114 4982 sane,
3161 4919 3206 4973 si
3253 4919 3306 4973 in
3353 4933 3515 4974 sensu
3559 4912 3709 4982 magis

2151 5008 2310 5062 obvio
2340 5009 2656 5077 accipiatu‘,
2687 5010 2758 5062 ita
2805 5010 3024 5064 omnino
3071 5011 3268 5076 habet;
3299 5026 3506 5074 verum,
3552 5007 3594 5062 si
3630 5019 3705 5059 se-

2153 5103 2385 5157 cundum
2423 5103 2999 5176 strictam‘vcrborum
3043 5102 3497 5171 significationem
3544 5095 3708 5153 consi—

2154 5197 2392 5261 deretur,
2425 5212 2529 5251 non
2560 5196 2736 5261 video,
2763 5211 2858 5249 cur
2883 5195 3058 5266 Guigo
3085 5211 3286 5250 annum
3314 5195 3530 5264 quidem
3556 5203 3702 5245 unum

2154 5303 2475 5358 mensesque
2515 5289 2651 5343 duos
2689 5303 2786 5356 per
2826 5303 2998 5343 annos
3035 5287 3170 5341 duos
3196 5287 3422 5342 necdum
3463 5281 3705 5354 expletos.

2155 5396 2325 5435 annos
2365 5395 2494 5435 vero
2542 5382 2676 5446 duos
2725 5380 3058 5448 totidemque
3103 5379 3324 5434 circiter
3373 5390 3581 5431 menses
3625 5386 3708 5441 per

2155 5485 2326 5525 annos
2355 5479 2486 5534 tres,
2519 5471 2746 5525 necdum
2777 5470 3096 5538 completos,
3125 5468 3436 5538 designatos
3464 5464 3592 5518 velle
3612 5475 3706 5514 non

2167 5565 2426 5634 potuerit.
2483 5564 2806 5629 Enimvero,
2851 5563 2940 5632 qui
2990 5578 3188 5616 annum
3239 5563 3497 5616 duntaxat
3561 5565 3703 5609 unum

2161 5672 2482 5728 mensesque
2513 5657 2646 5713 duos
2673 5656 2946 5711 biennium
2974 5654 3210 5710 nondum
3241 5653 3538 5721 integrum,
3565 5647 3705 5699 item-
