3814 6306
97 361 176 418 285

95 566 338 622 trienniunt
387 565 656 634 integrum
708 564 944 618 nondum
991 562 1272 632 implevit;
1309 577 1406 616 nec
1447 561 1626 624 video,

93 674 114 710 a
145 656 348 710 veritate
391 653 634 708 futurum
683 654 927 717 devium;
972 653 1064 720 qui
1114 667 1315 705 annum
1363 652 1628 708 duntaxat

91 763 221 803 unum
246 760 563 813 mensesque
591 745 724 798 duos
751 743 955 797 biennii
986 743 1217 797 necdum
1243 741 1494 810 completi
1525 758 1626 795 no-

91 823 220 901 mine,
247 837 504 904 itemque,
535 835 626 903 qui
659 834 793 888 duos
833 843 1043 886 tantum
1085 847 1254 888 annos
1297 832 1627 900 totidemque

91 942 261 983 menses
307 926 528 980 triennii
577 927 806 980 necdum
855 924 1051 994 expleti
1100 925 1454 996 appellatione
1488 923 1630 978 desi-

88 1017 244 1085 gnarit.
271 1015 336 1070 L't
360 1026 419 1070 ιιι
465 1016 556 1079 sit,
583 1011 839 1084 praedicta
885 1015 1158 1083 equidem,
1187 1016 1252 1068 de
1285 1015 1479 1085 quibus
1512 1014 1624 1079 hic,

87 1103 298 1174 Guigouis
337 1103 506 1158 verba
538 1101 698 1158 modo
721 1103 834 1172 jam
879 1104 1152 1173 assignato
1199 1103 1514 1172 accipienda
1542 1103 1624 1156 vi-

87 1202 256 1264 dentur,
292 1211 404 1254 tum
443 1214 536 1262 ne,
569 1199 711 1269 quod
751 1199 1016 1253 absonum
1061 1213 1160 1254 nec
1205 1208 1290 1276 sat
1340 1197 1624 1252 fundatum

88 1299 281 1359 apparet,
313 1289 602 1358 sequentia
628 1289 822 1342 horum
856 1287 958 1341 tria
1003 1307 1020 1338 ι
1051 1296 1171 1357 post
1198 1286 1514 1340 monasterii
1546 1302 1628 1340 re-

89 1384 216 1435 ditum
247 1401 265 1434 ι
320 1381 442 1435 loco
480 1394 592 1434 non
629 1394 726 1434 suo
762 1379 936 1448 posita
977 1394 1098 1434 cum
1130 1378 1411 1433 Columbio
1447 1378 1626 1432 dicere

93 1488 320 1540 cogantur,
377 1481 496 1524 tum
543 1486 613 1525 ne
659 1485 901 1540 pugnare
949 1471 1090 1524 idem
1122 1470 1314 1541 Guigo,
1366 1471 1417 1524 in
1466 1486 1623 1538 queat

89 1563 288 1616 falsitatis
325 1561 571 1630 suspicio
615 1561 760 1615 haud
801 1561 974 1624 cadit,
1015 1562 1340 1615 asscrendus
1385 1561 1455 1614 sit
1502 1577 1624 1614 cum

87 1652 286 1719 Opinione
313 1669 434 1721 quae
471 1651 530 1706 S.
586 1651 854 1708 Brunonis
887 1654 954 1707 ad
996 1651 1054 1708 S.
1083 1653 1380 1723 llugonem,
1413 1653 1625 1708 Gratia-

89 1745 401 1810 nopolitanunt
437 1745 780 1816 episcopum,
815 1760 1112 1812 accessum,
1148 1761 1532 1816 secessumque
1570 1746 1623 1800 in

88 1834 333 1890 Carthusia:
382 1853 636 1890 eremum
694 1853 836 1892 anno
881 1837 1018 1892 1084
1076 1837 1334 1902 innectit,
1390 1854 1626 1907 namque

89 1928 193 1979 omni
222 1927 376 1981 dubio
407 1927 604 1996 procul
632 1929 847 1982 veritati
881 1945 1002 1984 esse
1035 1920 1278 1999 apprinie
1309 1945 1622 1995 consonam,

88 2031 162 2068 non
203 2031 356 2083 pauca
413 2018 467 2071 in
521 2018 760 2071 medium
813 2020 972 2073 modo
1011 2021 1327 2075 adducenda
1373 2022 1621 2076 suadent.

90 2105 119 2156 Α
139 2105 292 2160 charta
319 2107 638 2162 donationis
664 2106 965 2163 Carthusia:
991 2109 1130 2165 duco
1159 2111 1395 2165 initium.

135 2196 414 2265 470.11:cc,
457 2215 629 2268 quam
676 2201 939 2269 integram
986 2201 1126 2255 infra
1177 2218 1244 2257 ex
1289 2205 1622 2274 apographo,

89 2285 343 2342 aﬂichacle
372 2288 691 2344 Morltensio
721 2291 786 2344 ad
815 2289 1621 2363 Chronologieo-diplomaticae,

90 2393 206 2444 quant
238 2380 297 2435 de
334 2379 392 2435 S.
421 2381 685 2436 Brunone
732 2383 1053 2446 contexuit,
1108 2383 1366 2438 Diatriba:
1419 2384 1620 2440 calcem

93 2472 268 2541 adjecto,
293 2475 549 2529 editurus
585 2490 726 2541 sum,
759 2475 858 2530 sub
886 2477 1047 2530 linem
1084 2476 1162 2531 sic
1194 2477 1392 2532 habet:
1427 2495 1445 2528 ι
1474 2477 1620 2532 Praa-

90 2565 164 2618 lata
201 2568 403 2636 quidem
439 2577 593 2623 terra
637 2568 974 2638 (Carthusite
1003 2570 1284 2640 videlicet)
1322 2571 1407 2626 his
1439 2572 1623 2627 termi-

90 2657 336 2714 nationibus
368 2660 569 2729 (supra
612 2662 868 2714 nimirum
910 2663 1306 2733 determinatis)
1345 2665 1619 2731 conclusa,

89 2750 342 2818 magistro
368 2749 635 2806 Brunone
677 2761 734 2806 et
770 2753 835 2806 ab
876 2753 988 2816 his,
1034 2753 1126 2821 qui
1173 2769 1294 2806 cum
1341 2769 1406 2808 eo
1445 2765 1617 2818 erant,

90 2838 288 2897 fratribus
348 2843 524 2912 coepit
588 2843 882 2898 inhabitari
945 2854 1001 2898 et
1060 2846 1304 2900 construi
1370 2862 1513 2901 anno
1554 2847 1623 2902 ab

89 2929 400 2988 lnearnatione
431 2935 828 3000 Domini10811;
865 2936 1207 3005 episcopatus
1246 2953 1372 2992 vero
1395 2937 1616 2993 Domini

91 3019 273 3091 llugonis
298 3026 796 3094 Gratiarmpolitani
827 3027 1069 3096 episcopi
1111 3039 1325 3097 quarto,
1351 3029 1440 3098 qui
1469 3031 1617 3084 vide-

90 3112 174 3168 licct
215 3117 387 3173 laudat
417 3130 474 3173 et
500 3118 829 3174 corroborat
869 3119 972 3173 hoc
1017 3119 1238 3186 donum,
1284 3103 1426 3189 quod
1477 3122 1619 3178 fece-
1652 3151 1694 3208 ο

90 3216 177 3258 runt
205 3223 350 3276 supra
396 3211 628 3285 scripta:
673 3224 938 3278 personae,
989 3226 1112 3265 cum
1155 3212 1302 3265 omni
1353 3223 1621 3268 conventu

90 3294 350 3355 clericorum
379 3318 616 3356 suorum
641 3311 696 3356 et
716 3312 977 3370 quantum
1009 3303 1077 3356 ad
1104 3317 1160 3356 se
1187 3303 1441 3372 pertinet,
1468 3305 1622 3373 quid-

90 3389 178 3451 quid
221 3393 293 3445 sui
337 3394 483 3463 juris
547 3408 669 3448 esse
717 3393 960 3460 videtur,
1009 3394 1231 3449 omnino
1288 3396 1558 3451 concedit.
1599 3416 1616 3447 ι

90 3476 293 3538 Sanctum
330 3487 521 3556 itaque
565 3501 709 3540 anno
733 3485 868 3541 108-1
898 3485 1200 3541 Cartbusia:
1229 3503 1470 3542 eremum
1503 3503 1622 3542 esse

91 3569 350 3645 ingressum,
397 3594 466 3634 ex
523 3579 664 3648 ipsa,
696 3594 800 3648 qua
839 3577 1058 3632 fundata
1106 3581 1220 3633 hcce
1261 3580 1384 3646 fuit,
1433 3580 1622 3634 charta

91 3661 262 3720 habetur
284 3679 659 3738 compertum;
684 3671 773 3738 qui
797 3678 998 3734 autem,
1026 3670 1102 3723 uti
1140 3672 1192 3724 in
1221 3672 1323 3725 hac
1357 3671 1619 3738 iunuitur,

91 3765 262 3817 quartus
292 3763 647 3831 episcopatus
680 3761 736 3816 S.
762 3759 1002 3831 llngonis
1031 3777 1224 3828 anttus,
1254 3762 1343 3832 qui
1373 3778 1440 3817 ex
1465 3762 1623 3817 dictis

92 3841 163 3905 iant
194 3850 299 3905 inde
333 3870 359 3904 a
388 3870 584 3907 mense
611 3852 802 3906 Martio
834 3853 958 3905 anni
991 3852 1127 3906 1080
1155 3855 1445 3924 episcopus
1489 3870 1621 3910 con-

93 3950 283 3994 secratus
311 3942 431 4008 fuit,
472 3945 530 3996 iu
579 3959 741 3997 cursu
777 3943 972 4008 adhuc,
1005 3959 1127 3996 eum
1153 3943 1455 3998 Carthusia:
1502 3960 1622 3998 erc-

92 4045 196 4086 utum
218 4034 438 4090 Sanctus
465 4045 657 4090 noster
687 4036 916 4104 primum
942 4035 1072 4088 adiit
1099 4035 1450 4105 habitareque
1479 4052 1622 4090 anno

94 4115 208 4184 1084,
236 4123 294 4175 ad
319 4123 548 4178 Iunium
581 4139 642 4177 ex
679 4123 921 4178 dicendis
960 4123 1071 4190 jatn
1107 4133 1381 4192 provecto,
1434 4125 1618 4193 CtL‘pii,

93 4216 174 4259 esse
193 4213 428 4277 potuerit,
467 4211 609 4266 infra
635 4227 921 4282 exponam,
953 4215 1168 4280 quando
1197 4214 1442 4268 chartam
1475 4214 1622 4269 illaut

94 4292 325 4367 integram,
352 4305 427 4356 uti
461 4319 552 4357 me
578 4303 844 4358 facturum
887 4307 1048 4360 modo
1097 4308 1302 4370 monui,
1333 4307 1438 4361 huc
1475 4316 1622 4361 tran-

94 4387 294 4444 scriham.
352 4393 548 4448 Sancti
598 4394 662 4447 ad
721 4396 994 4466 llugonetu
1061 4396 1622 4467 Gratianopolitanum

95 4492 313 4536 accessum
363 4496 536 4556 atque
583 4487 635 4539 in
691 4486 990 4542 Οιινιιιιιεξιυ
1045 4505 1287 4543 eremum
1346 4491 1702 4549 secessum!)

98 4583 200 4625 anno
227 4575 351 4631 108-1
379 4578 668 4644 accidisse,
705 4579 864 4633 modo
888 4580 975 4633 hic
1008 4580 1235 4634 ulterius
1265 4583 1621 4650 probandum.

96 4659 291 4733 Sanctus,
346 4673 422 4724 uti
482 4671 620 4724 iul'ra
669 4672 892 4736 docebo,
945 4673 1011 4726 ab
1045 4672 1262 4728 Urbano
1311 4675 1374 4741 ll,
1415 4691 1624 4730 summo

97 4758 320 4824 it=tatilice,
353 4764 444 4830 qui
489 4763 633 4816 illius
680 4763 804 4816 olim
853 4765 1028 4818 fuerat
1079 4765 1394 4834 discipulus,
1434 4785 1464 4823 e
1493 4770 1625 4823 Car-

99 4844 225 4901 lltusia
248 4853 466 4906 llomaut
496 4853 592 4907 fuit
621 4865 892 4920 evocatus,
919 4857 1331 4926 Cartltusiwque
1357 4875 1620 4925 eremum,

98 4942 215 5005 quod,
247 4959 305 4997 eo
345 4946 598 5010 abeunte,
651 4946 961 5001 Landuinus
1001 4948 1208 5015 pariter
1250 4950 1465 5017 aliique,
1503 4951 1623 5019 qui-

99 5027 265 5088 buscum
298 5038 347 5089 in
377 5054 593 5091 sacram
628 5038 769 5090 illaut
802 5039 1147 5093 solitudinem
1177 5026 1296 5094 ειὦο
1319 5039 1619 5106 abdiderat,

100 5118 315 5180 discedere
363 5143 428 5180 ex
457 5127 557 5180 hac
590 5127 802 5192 vellent,
835 5127 1083 5197 Siguitto,
1115 5125 1393 5182 Cas-.e-Dci
1442 5127 1622 5181 abbati

101 5211 350 5281 resignavit,
372 5217 462 5286 qui
488 5227 675 5285 postea
703 5218 950 5271 eamdem
971 5218 1142 5272 eidem
1165 5217 1450 5270 Landuino
1475 5217 1623 5270 aliis-

101 5314 170 5363 que
187 5304 351 5360 Sancti
376 5307 676 5378 discipulis,
707 5323 826 5362 cum
860 5309 927 5362 ad
965 5308 1139 5363 locum
1180 5324 1209 5361 a
1237 5323 1294 5362 se
1323 5308 1618 5372 desertum,

102 5392 300 5449 suadente
348 5396 578 5464 Sancto,
631 5397 891 5463 redirent,
941 5398 1115 5452 media
1167 5398 1353 5451 charta
1409 5396 1620 5466 publica

105 5482 311 5550 restituit;
358 5489 468 5543 hmo
512 5499 693 5543 autem
737 5504 882 5544 anno
909 5489 1044 5542 1090
1096 5491 1221 5543 data
1274 5498 1513 5552 notatur,
1566 5497 1625 5541 ut

107 5567 174 5622 hac
202 5590 325 5631 anno
351 5579 665 5636 Landuiuus
704 5582 901 5651 aliique
926 5583 1108 5637 Sancti
1146 5582 1315 5636 nostri
1347 5582 1617 5650 discipuli,

107 5661 499 5740 adllartltusiam,
561 5691 742 5744 quam,
785 5674 1036 5731 BI'UIIODC
1089 5675 1316 5730 Romam
1363 5675 1614 5740 abeunte,

109 5747 413 5819 disseruerant.
441 5765 554 5834 jam
589 5766 890 5821 rediissem.

1661 1810 1701 1864 Β

1576 353 1779 410 ACTA.

95 493 174 545 que
192 474 272 545 qul
311 489 484 528 annos
521 473 798 528 dumtaxat
836 471 972 528 duos
1015 472 1347 542 totidemque
1389 485 1623 531 menses,
1658 474 1705 528 Α

3203 365 3312 421 286

1802 468 1927 522 471.
1969 467 2086 523 Jam
2116 485 2242 526 vero
2270 487 2390 526 cum
2417 471 2467 526 in
2495 481 2728 541 quatuor
2756 471 3050 541 priutorum
3079 474 3312 530 Cartha-

1731 558 1824 612 sia:
1871 559 2108 627 priorum
2141 560 2427 628 Chronico,
2474 577 2697 616 summae
2739 563 2923 632 utique
2969 562 3075 631 (adi
3101 581 3220 633 quae
3245 569 3311 621 de

1733 649 1831 703 hoc
1857 649 1882 719 §
1908 651 1930 703 1
1963 651 2102 704 dicta
2127 653 2270 724 sunt)
2305 654 2649 722 antiquitatis
2681 653 2911 721 ﬁdeique
2939 666 3307 723 monumento,

1733 740 1966 794 Sanctus
1992 751 2193 809 uoster,
2235 752 2524 812 antequam
2551 742 2776 797 Romam
2805 742 3091 812 pontiﬁcia:
3120 745 3310 800 volun-

1733 835 1828 887 tati
1856 836 2215 891 obsecuturus
2243 848 2470 905 peteret,
2507 837 2852 892 Carthusiam
2889 852 2985 892 sex
3030 841 3188 895 annis
3225 857 3311 895 re-

1731 923 1877 977 xisse
1905 924 2140 991 dicatur,
2176 926 2359 996 hique,
2388 927 2432 979 si
2465 942 2562 995 pro
2594 927 2881 996 completis
2921 930 3029 983 sint
3057 929 3308 990 habendi,

1731 1014 1798 1068 ab
1825 1031 1966 1068 anno
1996 1017 2152 1084 1090,
2183 1033 2353 1086 usque
2395 1018 2460 1070 ad
2485 1017 2724 1082 Junium,
2754 1035 2860 1086 quo
2889 1034 2954 1075 ex
2987 1021 3231 1076 dicendis
3260 1023 3311 1074 in

1729 1120 1972 1159 eremum
2020 1107 2164 1161 illam
2205 1109 2435 1177 primum
2474 1124 2594 1162 sese
2637 1109 2862 1178 abdidit,
2891 1122 3166 1181 provecto,
3197 1123 3310 1178 aut,

1729 1195 1774 1249 si
1807 1211 1902 1264 pro
1931 1197 2292 1266 incompletis,
2322 1199 2508 1267 quales
2539 1215 2604 1252 ex
2633 1200 2874 1255 dicendis
2907 1218 3032 1258 vere
3064 1204 3307 1271 fuerunt,

1729 1287 1960 1340 debeant
2002 1287 2218 1354 haberi,
2275 1289 2342 1342 ab
2397 1290 2585 1344 eodem
2633 1305 2774 1344 anno
2802 1292 2938 1348 1090
2975 1294 3209 1347 nondum
3244 1296 3311 1347 ad

1729 1377 1969 1442 Juniutn,
2005 1391 2095 1434 aut
2135 1381 2201 1434 ab
2243 1397 2384 1434 anno
2419 1381 2571 1445 1089,
2607 1382 2742 1434 ultra
2779 1383 2992 1436 .lunium
3025 1383 3139 1451 jam
3186 1400 3313 1453 pro-

1729 1481 1903 1538 vecto,
1955 1473 2144 1527 ordine
2195 1474 2510 1542 retrogrado
2557 1474 2882 1542 computati,
2933 1474 3199 1529 deducant
3245 1476 3312 1528 ad

1729 1579 1870 1617 anno
1899 1563 2054 1628 108-1,
2104 1564 2163 1617 lit
2206 1563 2289 1616 vel
2340 1565 2484 1626 hinc,
2537 1563 2594 1617 S.
2622 1563 2927 1618 Brunonem
2959 1565 3124 1618 hocce
3171 1580 3313 1619 anno

1731 1653 1798 1705 ad
1858 1653 1913 1706 ὃ.
1963 1653 2241 1722 llugouem
2299 1654 2513 1707 venisse
2573 1654 3024 1722 Cartltusiamque
3086 1653 3308 1718 adiisse,

1727 1745 1946 1798 omnino
1977 1745 2356 1798 indubitatum.
2378 1744 2458 1796 Ad
2493 1744 2606 1798 hinc
2633 1746 2686 1797 in
2713 1745 2899 1798 eodem
2936 1744 3024 1798 illo
3043 1742 3313 1798 Chronico

1729 1849 1821 1888 seu
1852 1835 2029 1904 potius
2065 1836 2118 1888 in
2153 1833 2336 1889 Sancti
2366 1835 2558 1898 nostri,
2590 1834 2733 1903 quod
2768 1835 2822 1888 in
2859 1835 2950 1888 illo
2981 1836 3310 1901 continetur,

1729 1927 1904 1998 elogio
1931 1929 2097 1980 vitam
2129 1928 2270 1981 hanc
2299 1927 2587 1982 mortalem
2634 1942 2756 1982 cum
2809 1927 3101 1981 immortali
3131 1926 3314 1980 Brnno

1730 2027 2096 2073 commutasse
2151 2017 2384 2073 traditur
2440 2039 2458 2068 ι
2492 2027 2610 2086 post
2674 2032 2956 2087 egressum
3013 2017 3314 2072 Cartltusite

1729 2110 1951 2179 (videsis
1980 2127 2128 2164 num.
2153 2111 2206 2179 7)
2229 2109 2514 2165 undecimo
2536 2110 2654 2179 plus
2680 2111 2859 2165 minus
2886 2127 3057 2175 anno;
3089 2130 3107 2162 ι
3144 2127 3312 2180 quare

1727 2214 1850 2254 cum
1873 2199 2126 2266 Sanctus,
2157 2209 2213 2254 ut
2233 2200 2341 2270 jam
2371 2201 2594 2268 dictum,
2625 2200 2988 2268 Carthusiaut,
3020 2210 3312 2270 antequam

1725 2305 1791 2346 ex
1825 2293 1925 2348 hac
1967 2309 1996 2348 a
2052 2309 2261 2348 summo
2299 2293 2554 2364 pontil‘tee
2596 2293 2896 2349 accersitus
2932 2295 3302 2360 egrederetur,

1727 2385 1885 2440 annis
1920 2401 2013 2439 sex
2047 2387 2294 2448 rexisset,
2329 2386 2724 2440 consectarium
2757 2386 2836 2452 (it,
2872 2396 2930 2440 ut
2955 2400 3130 2440 annus
3155 2387 3311 2453 1101,

1726 2489 1854 2542 quo,
1915 2477 1989 2530 uti
2047 2477 2190 2531 inter
2243 2491 2432 2530 omnes
2486 2477 2760 2541 convenit,
2809 2476 2951 2531 diem
3009 2485 3314 2532 extremum

1724 2565 1937 2632 clausit,
1970 2569 2230 2638 septimus
2255 2567 2494 2624 decimus
2525 2567 2689 2622 fuerit
2715 2569 2782 2622 ab
2811 2567 2924 2637 ejus
2956 2568 3008 2626 in
3040 2568 3187 2622 illam
3224 2569 3309 2624 itt-

1725 2673 1942 2727 gressu,
1990 2675 2054 2714 ac
2102 2661 2256 2730 proin
2317 2669 2374 2713 ut
2429 2660 2675 2714 eamdem
2723 2676 2864 2714 anno
2895 2661 3032 2716 1081
3075 2660 3311 2730 primum

1724 2746 1915 2804 fuisset
1969 2751 2263 2822 ingressus.
2313 2751 2490 2820 Atque
2528 2751 2580 2805 id
2619 2759 2745 2807 tunc
2780 2750 3008 2816 factum,
3041 2753 3206 2807 etiam
3245 2769 3311 2806 ex

1725 2836 2004 2908 Guigonis,
2035 2841 2208 2910 quinti
2234 2841 2537 2896 Carthusia:
2571 2842 2791 2912 prioris,
2820 2843 2962 2912 quod
3001 2843 3141 2913 apud
3170 2841 3312 2896 Lab—

1723 2926 1880 2981 beum
1921 2938 2049 2982 tom.
2083 2928 2473 2984 [Bibliothecaa
2522 2946 2675 2985 nova:
2719 2932 2980 2996 librorum
3033 2949 3133 2987 ms.
3183 2948 3308 3001 pag.

1724 3019 1828 3074 659
1849 3029 1902 3074 et
1930 3036 2044 3090 seq.
2069 3023 2134 3073 ad
2160 3023 2459 3090 primortttn
2484 3032 2716 3091 quatuor
2739 3023 3038 3078 Cartltusia:
3068 3025 3309 3094 priorum

1725 3109 2037 3164 Chronicon
2072 3121 2253 3165 exstat
2311 3110 2616 3180 adjectum,
2668 3112 2919 3182 quodque
2967 3114 3034 3166 ab
3084 3123 3307 3168 auctore

1729 3199 1784 3254 S.
1809 3199 2047 3254 Brunoni
2081 3210 2174 3254 aut
2202 3201 2394 3270 :equali
2435 3211 2530 3256 aut
2557 3211 2704 3256 certe
2741 3201 3058 3270 subaequali,
3089 3211 3311 3256 contex-

1725 3299 1837 3342 tum
1863 3290 2093 3358 videtur,
2127 3293 2302 3364 elogio
2328 3293 2634 3348 conficitur.
2661 3293 2872 3347 Etenim
2928 3294 2982 3347 in
3009 3294 3109 3348 hoc
3139 3293 3312 3348 Guido

1723 3379 1925 3435 obiisse
1962 3385 2243 3449 asseritur,
2303 3402 2320 3434 ι
2357 3399 2477 3438 eum
2525 3384 2593 3438 ab
2641 3384 2863 3439 exordio
2904 3383 3305 3440 Carthusiensis

1725 3471 1895 3524 eremi
1951 3487 2126 3527 annus
2179 3474 2660 3544 quinquagesimus
2735 3475 2923 3528 tertius
2971 3483 3255 3546 ageretur;
3289 3495 3306 3526 ι

1727 3577 1926 3631 quare,
1980 3579 2102 3618 cum
2151 3564 2367 3636 Guigo,
2421 3567 2873 3635 quemadmodum
2931 3568 3072 3622 inter
3124 3582 3314 3623 omnes

1727 3657 2020 3723 convenit,
2081 3673 2222 3712 anno
2275 3659 2407 3712 1157
2459 3659 2600 3713 diem
2661 3669 2968 3713 extremum
3033 3658 3309 3719 clauserit.

1727 3747 2135 3816 contputatique
2175 3748 2241 3802 ab
2276 3749 2376 3802 hoc
2415 3765 2557 3802 anno
2597 3749 2789 3804 ordine
2833 3749 3146 3818 retrogrado
3185 3750 3312 3803 anni

1727 3839 2116 3910 quinquaginta
2183 3849 2236 3893 et
2295 3849 2406 3896 tres
2459 3841 2523 3894 ad
2580 3856 2779 3895 annum
2831 3842 2967 3896 1081
3018 3841 3310 3905 deducant,

1727 3943 2068 3997 consequens
2095 3937 2177 3982 est
2238 3938 2295 3981 ut
2326 3929 2427 3984 hoc
2462 3945 2602 3984 anno
2631 3930 2931 3984 Carthusia:
2964 3944 3180 3985 eremus
3209 3929 3314 3983 ini-

1730 4021 1860 4073 tium
1889 4021 2178 4088 acceperit,
2213 4036 2328 4086 seu,
2359 4022 2499 4090 quod
2530 4024 2717 4077 eodem
2754 4023 2967 4087 recidit,
3005 4032 3065 4076 ut
3094 4023 3144 4076 in
3176 4023 3314 4077 hanc

1730 4120 1855 4165 tunc
1889 4113 2123 4180 pritnttut
2155 4111 2388 4168 Sanctus
2421 4124 2604 4168 noster
2643 4115 2806 4168 fuerit
2837 4116 3131 4185 ingressus.

1771 4202 1924 4255 ‘47‘2.
1960 4221 1977 4253 ι
2002 4203 2262 4273 Denique,
2287 4225 2303 4256 ι
2333 4206 2505 4276 inquit
2535 4205 2894 4270 Illabillonius,
2918 4205 3232 4274 praefatione
3255 4206 3308 4259 in

1729 4296 1912 4349 szeculi
1953 4297 2090 4350 sexti
2127 4296 2462 4351 Bettcdictini
2506 4307 2640 4366 part.
2676 4313 2735 4362 Il,
2778 4313 2928 4349 num.
2963 4296 3052 4365 86)
3104 4312 3222 4350 esse
3260 4297 3313 4349 id

1731 4397 1861 4442 tunc
1898 4387 2121 4453 factum,
2155 4389 2317 4442 etiam
2371 4409 2386 4437 (
2419 4389 2608 4456 probat
2644 4386 2814 4440 sancti
2843 4386 3110 4438 Brunonis
3141 4385 3314 4452 epita-

1731 4482 1939 4550 pltium,
1975 4498 2005 4536 e
2031 4483 2198 4534 \‘clt't'i
2226 4481 2412 4535 codice
2442 4480 2772 4548 descriptum
2812 4481 2863 4533 in
2895 4480 3008 4534 hare
3041 4481 3239 4533 verba:

1841 4575 1989 4626 Anno
2023 4573 2250 4637 milleuo,
2279 4583 2467 4640 quarto
2495 4588 2718 4640 quoque,
2751 4572 2794 4624 si
2825 4572 2948 4625 bene
2979 4588 3180 4642 penses.

1840 4668 1912 4716 At:
1938 4675 2180 4733 oclogcno
2204 4677 2322 4717 sunt
2347 4665 2445 4716 οι·ιὶ
2476 4662 2886 4719 Carlhusiensis.

1842 4755 1940 4808 llis
1969 4765 2138 4807 ortum
2165 4753 2344 4806 tribuit
2370 4755 2605 4807 excelsus
2625 4753 2805 4808 Brimo
2827 4757 3091 4825 magister,
3119 4778 3134 4809 ι
3177 4767 3282 4812 elc.

1729 4848 1955 4913 Quantae
1990 4838 2328 4913 antiquitatis
2371 4847 2438 4900 sit
2479 4847 2680 4912 codex,
2736 4863 2765 4900 e
2807 4864 2913 4916 quo
2946 4849 3107 4901 hosce
3137 4851 3313 4904 versi-

1730 4941 1878 4994 culos
1918 4940 2270 5008 deprompsit,
2298 4938 2639 4993 Mabillonius
2684 4941 2936 5010 nuspiam
2983 4942 3164 5006 edicit,
3212 4959 3310 4996 nec

1731 5031 1859 5085 alibi
1895 5032 1946 5084 id
1976 5032 2273 5100 comperire
2304 5030 2468 5100 quivi.
2520 5031 2576 5084 ltt
2618 5031 3083 5088 confirmationem
3117 5033 3308 5087 adduci

1730 5119 1819 5173 hic
1866 5129 2125 5188 praeterea
2177 5130 2358 5188 posset
2403 5121 2670 5188 Sigcberti
2709 5121 3118 5178 Gcntblaccnsis
3161 5124 3312 5176 testi-

1727 5213 1987 5275 monium,
2031 5221 2084 5265 et
2120 5213 2330 5278 charta,
2368 5227 2554 5266 mense
2587 5211 2726 5266 Julio
2771 5215 2897 5267 anni
2932 5216 3064 5269 1081
3099 5215 3165 5267 ab
3196 5214 3303 5267 Ilu-

1728 5319 1864 5374 gone
1893 5305 2394 5374 Gratianopolitatto
2432 5306 2708 5375 episcopo,
2737 5315 2788 5359 ιιι
2825 5305 3162 5361 Mabillonius
3189 5307 3308 5363 loco

1727 5399 1972 5466 proxime
1995 5399 2089 5452 cit.
2121 5409 2406 5465 memorat,
2451 5399 2502 5451 in
2538 5399 3020 5454 Carthusianornm
3070 5400 3306 5454 favorem

1728 5504 2016 5553 concessa;
2054 5504 2239 5544 verum
2280 5506 2401 5544 cum
2436 5492 2548 5545 haec
2583 5491 2647 5544 ad
2677 5507 2892 5544 manum
2927 5507 3028 5545 non
3063 5491 3152 5559 sit,
3187 5507 3309 5546 ver-

1726 5581 1922 5651 baque,
1951 5597 2070 5650 qute
2100 5581 2166 5635 de
2207 5582 2262 5635 S.
2295 5583 2545 5637 llrunone
2577 5582 2793 5635 Pistorii
2828 5582 2992 5637 editio
3025 5583 3310 5654 Sigcbcrto

1728 5674 1990 5738 attribuit,
2022 5675 2364 5742 suppusititia
2403 5690 2464 5726 ex
2498 5673 2654 5727 dictis
2693 5689 2840 5726 ttttttt.
2867 5673 2972 5730 9.98
3001 5677 3139 5742 sittl,
3184 5693 3306 5743 nec,

1731 5780 1848 5834 quae
1882 5766 1932 5817 in
1964 5764 2194 5819 editione
2231 5763 2393 5817 Minoi
2430 5771 2741 5830 UCL‘lIl‘l‘lllll,
2781 5765 3183 5822 cltaraclet'ibtts
3214 5766 3311 5821 iis-
