3896 6312
481 315 585 368 287

1292 313 1347 369 S.
1381 313 1728 373 BRUNONIS
1763 315 2410 374 CARTHUSIANORUM
2434 313 2920 375 lNSTlTUTOiliS

3627 324 3720 381 288

480 428 624 492 dem,
667 425 887 494 quibus,
928 440 1048 494 qua:
1082 435 1226 479 certe
1255 424 1520 492 Sigebcrti
1555 435 1703 493 sunt,
1756 427 2066 494 expriman—
2099 432 2140 488 Α
2173 441 2323 480 more
2366 426 2710 496 antiquorum
2734 425 3111 496 Egyptiorum
3156 425 3543 481 monachorum
3579 429 3722 486 silen-

480 524 590 579 tur,
633 514 941 570 faciendum
983 517 1034 570 id
1081 531 1185 570 non
1220 515 1378 582 duxi;
1426 533 1599 586 neque
1633 533 1762 572 vero
1799 517 2066 571 ullatenus

481 604 584 660 fuit
615 622 864 668 necesse,
905 622 1026 660 cum
1063 622 1128 660 ex
1159 607 1298 672 aliis,
1326 624 1445 676 qua:
1489 610 1540 662 in
1572 610 1801 663 medium
1831 609 1943 676 jatn
1973 609 2067 661 ad-

481 697 630 764 duxi,
678 705 887 751 certum
924 698 1145 751 omnino
1184 707 1346 767 atque
1397 691 1560 753 extra‘
1591 713 1803 754 omnem
1853 707 2068 752 contro-

476 788 716 842 vers’am
760 788 993 858 positum
1027 788 1293 853 videatur,
1333 788 1592 842 Sanctum
1635 797 1881 842 nostrum
1923 803 2065 840 anno

485 879 626 934 1084
673 881 739 934 ad
789 879 1066 948 Hugonem
1121 879 1682 950 Gratianopolitanum
1746 879 2064 946 accessisse,

480 969 893 1039 Carthusiaaque
929 986 1169 1025 eremum
1201 970 1370 1025 fuisse
1399 972 1726 1040 ingressum.

550 1061 676 1116 475.
715 1062 868 1129 Quod
896 1078 1018 1116 cum
1056 1062 1133 1116 ita
1168 1063 1256 1129 sit,
1292 1062 1553 1130 Guigonis
1577 1063 1761 1128 verba,
1793 1077 1823 1118 e
1871 1063 2067 1132 quibus

481 1151 533 1206 id
558 1169 698 1206 anno
725 1153 860 1207 1086
888 1153 1090 1207 factum
1138 1153 1404 1208 Baronius
1431 1155 1634 1224 aliique
1657 1155 2062 1222 existimavere,

481 1257 547 1299 eo
587 1245 774 1308 modo,
805 1260 964 1314 quem
1003 1261 1165 1314 supra
1209 1245 1464 1314 exposui,
1499 1246 1646 1299 omni
1683 1245 1846 1300 dubio
1881 1246 2067 1313 procul

482 1350 608 1393 sunt
651 1338 1013 1408 intelligenda,
1050 1353 1174 1392 cum
1219 1347 1480 1408 prteterea
1513 1337 1697 1392 Sancti
1739 1338 1793 1392 in
1833 1337 2072 1394 Cat-thus?

480 1429 617 1482 siam
657 1443 903 1483 secessus
942 1443 1125 1482 mense
1161 1427 1322 1482 Junio
1359 1427 1636 1493 acciderit,
1669 1428 1744 1480 uti
1782 1428 1892 1497 jam
1923 1443 2066 1482 nunc

478 1519 730 1574 ostendo.
802 1519 1044 1586 Quatuor
1102 1521 1402 1590 primorum
1455 1519 1756 1574 Carthusiae
1821 1521 2063 1589 priorum

478 1611 854 1681 chronologus,
882 1612 972 1681 qui
1000 1628 1164 1681 quam
1196 1611 1352 1666 {idem
1383 1621 1672 1678 mereatur,
1707 1613 1733 1684 §
1759 1611 1780 1666 l
1811 1614 2060 1682 exposui,

476 1703 614 1772 apud
647 1703 921 1759 Labbeum
977 1714 1107 1758 tom.
1140 1704 1160 1758 Ι
1198 1704 1546 1760 Bibliotheca:
1598 1721 1750 1760 nova:
1801 1705 2061 1759 librorum

474 1811 604 1850 mss.
644 1813 764 1866 pag.
801 1797 904 1851 659
954 1797 1006 1851 ἰη
1051 1796 1276 1851 Joannis
1318 1798 1500 1863 Tusci,
1535 1797 1714 1866 quarti
1759 1797 2061 1852 Carthusite

473 1886 691 1956 prioris,
721 1888 894 1956 elogio
925 1890 996 1942 ita
1027 1889 1206 1957 prodit
1233 1889 1543 1944 memoriae:
1575 1910 1591 1940 ι
1621 1889 1956 1960 Colliguntur
1987 1889 2062 1944 ita

473 1992 501 2028 a
540 1978 714 2047 primo
769 1979 1015 2048 magistri
1061 1978 1332 2033 Brunonis
1382 1995 1524 2033 anno
1577 1994 1746 2048 usque
1797 1980 1863 2033 ad
1904 1978 2062 2048 hujus

474 2070 721 2140 (Joannis
754 2070 915 2124 Tusci
953 2076 1169 2140 nempe)
1205 2072 1451 2125 ultimum
1496 2072 1620 2124 anni
1669 2071 1857 2140 viginti
1903 2073 2061 2140 quin-

472 2176 597 2229 que,
631 2163 721 2232 qui
769 2171 896 2215 ante
926 2162 1130 2215 obitum
1163 2163 1298 2232 ejns,
1345 2163 1435 2231 qui
1469 2171 1550 2216 est
1580 2161 1758 2216 Nonas
1785 2162 2059 2224 Octobris,

473 2253 618 2306 circa
669 2253 1009 2306 nativitatem
1053 2252 1114 2307 Β.
1141 2252 1363 2307 Joannis
1396 2253 1649 2321 Baptista:
1697 2253 2056 2322 complentur.

473 2341 591 2395 Tali
639 2343 836 2414 quippe
887 2353 1128 2412 tempore
1164 2360 1194 2398 a
1233 2345 1492 2411 magistro
1533 2345 1786 2400 Brunone
1835 2345 2058 2414 prtel‘ata

471 2433 639 2501 coepit
677 2450 896 2490 eremus
935 2436 1186 2490 habitari.
1224 2456 1242 2486 ι
1299 2436 1531 2492 Sanctus
1568 2453 1718 2506 ergo,
1761 2439 1837 2491 uti
1874 2454 1940 2492 ex
1973 2439 2058 2492 his

471 2523 653 2578 verbis
703 2525 890 2593 liquet,
925 2527 977 2579 in
1006 2527 1313 2581 Carthusiae
1363 2542 1605 2580 eremum
1654 2529 1888 2598 primum
1940 2544 2059 2582 sese

470 2614 616 2669 circa
671 2615 846 2670 lucem
902 2616 960 2670 S.
1011 2615 1203 2671 Joanni
1235 2617 1492 2687 Baptista:
1543 2635 1778 2683 sacram,
1831 2621 2053 2688 recepit.

470 2705 669 2772 Quare,
698 2724 817 2762 cum
849 2711 1016 2764 sancti
1046 2708 1405 2764 Praecursoris
1430 2710 1639 2763 Domini
1674 2711 1870 2764 festum
1901 2713 1951 2764 iu
1978 2712 2057 2766 vi-

471 2798 732 2866 gesimam
761 2809 1004 2865 quartam
1032 2800 1348 2857 Junii'diem
1379 2803 1669 2871 quotannis
1697 2803 1921 2870 incidat,
1957 2820 2056 2859 nec

471 2889 702 2943 Sanctus
741 2900 927 2944 noster
969 2889 1193 2961 ejusque
1231 2892 1390 2960 socii,
1431 2903 1715 2961 postquam
1757 2893 2053 2949 Gratiano-

470 2977 632 3046 polim
659 2980 1028 3047 advenissent,
1048 2982 1137 3034 ditt
1165 2983 1305 3051 apud
1340 2983 1598 3038 Sanctum
1628 2984 1867 3039 civitatis
1895 2986 2054 3054 hujus

2173 517 2267 580 lio,
2299 515 2539 582 lectioni,
2571 517 2828 583 orationi,
2859 517 3078 587 puritati
3123 517 3303 572 cordis
3334 517 3723 586 contemplatio-

2171 605 2332 673 nique
2378 607 2689 672 studebant,
2734 622 2798 661 ac
2840 608 3032 662 deinde
3074 609 3238 663 etiam
3277 610 3424 678 operi
3464 627 3720 684 manuum,

2169 697 2402 750 maxime
2454 699 2505 750 in
2549 700 2958 754 conscribendis
3005 700 3179 768 libris,
3233 701 3556 758 insistebant
3587 723 3604 756 ι
3655 708 3720 765 ita

2171 787 2417 841 laudatus
2466 788 2652 844 Sancti
2689 792 2860 844 nostri
2901 792 3251 863 biographus,
3285 809 3316 848 a
3344 810 3452 863 quo
3475 794 3724 857 Puteanus

2170 878 2223 930 in
2268 888 2521 933 contexta
2571 895 2601 932 a
2630 896 2689 934 se
2741 880 2798 934 8.
2841 881 3110 936 Brunonis
3162 880 3279 936 Vita
3325 883 3468 936 haud
3521 885 3722 944 multum

2169 968 2392 1024 abludit.
2431 970 2496 1024 Et
2530 985 2661 1025 sane
2690 972 2974 1026 verissima
3025 988 3148 1028 esse
3170 1015 3184 1040 ,
3229 990 3349 1043 qua:
3383 975 3562 1031 verbis
3594 978 3725 1036 hisce

2170 1070 2435 1115 memorat
2483 1061 2913 1129 Blomenvenna,
2967 1075 3290 1133 argumento
3341 1081 3462 1120 esse
3499 1081 3721 1137 poSsunt,

2169 1168 2288 1220 qua:
2315 1154 2606 1209 Guihertus
2639 1153 2705 1208 de
2735 1154 3034 1224 Novigento
3064 1156 3158 1210 lib.
3201 1173 3219 1211 ι
3265 1158 3330 1212 de
3358 1157 3476 1211 Vita
3503 1174 3592 1214 sua
3616 1179 3720 1232 cap.

2171 1242 2255 1308 il;
2288 1242 2479 1299 Petrus
2507 1243 2845 1300 Venerabilis
2875 1246 2968 1300 lib.
2999 1262 3036 1301 tt
3079 1247 3152 1301 De
3177 1247 3472 1315 miraculis,
3511 1264 3621 1318 cap.
3643 1254 3721 1321 28,

2168 1346 2221 1389 ct
2247 1335 2441 1406 Guigo,
2471 1337 2690 1406 quintus
2714 1337 3018 1394 Carthusia:
3047 1339 3218 1407 prior,
3249 1339 3301 1393 in
3327 1339 3448 1392 Vita
3484 1341 3538 1394 S.
3567 1340 3724 1413 Hugo—

2169 1426 2253 1480 nis
2298 1426 2788 1498 Gratianopolitani
2839 1431 3109 1500 episc0pi,
3167 1446 3315 1483 num.
3360 1430 3427 1484 12
3475 1435 3723 1490 memoria:

2168 1515 2403 1584 produnt
2429 1517 2513 1572 vel
2539 1518 2605 1572 de
2637 1518 2692 1573 S.
2719 1518 2974 1574 Brunone
3000 1519 3220 1588 ejusque
3245 1519 3408 1574 sociis
3443 1520 3493 1572 in
3517 1519 3724 1576 Carthu-

2167 1608 2246 1660 sia
2265 1607 2377 1675 jam
2411 1610 2726 1678 degentibus
2752 1611 2832 1666 vel
2860 1613 2925 1666 de
2945 1611 3429 1667 Carthusianorum
3463 1612 3721 1668 institutis.

2169 1696 2521 1769 Singulorum
2547 1702 2732 1768 verba,
2756 1718 2876 1772 quae
2900 1703 3004 1756 huc
3033 1703 3373 1772 potissimum
3412 1703 3591 1757 facere
3614 1720 3721 1773 pos-

2165 1799 2311 1857 sunt,
2354 1790 2504 1846 lubet
2543 1795 2928 1850 transcribere.
2968 1795 3050 1849 Ab
3073 1795 3139 1850 iis
3172 1810 3293 1864 quae
3340 1794 3515 1866 Guigo
3552 1809 3724 1865 suppe-

2165 1881 2324 1945 ditat,
2353 1883 2491 1937 dueo
2533 1884 2764 1947 initium.

2232 1971 2358 2025 475.
2399 1972 2543 2029 Loco
2579 1975 2763 2045 itaque
2787 1974 2900 2044 jam
2933 1976 3026 2031 cit.
3059 1977 3124 2031 de
3160 1975 3220 2030 S.
3244 1976 3490 2048 llugone,
3537 1977 3588 2034 in
3612 1979 3724 2036 Car-

2167 2064 2358 2120 thusiae
2408 2081 2591 2123 eremo
2647 2084 2771 2123 cum
2812 2068 3012 2125 Sancto
3061 2082 3250 2126 nostro
3307 2071 3533 2143 ejusque
3585 2079 3725 2133 sociis

2162 2167 2558 2223 commoraute,
2591 2160 2668 2214 sic
2701 2161 2900 2216 habet:
2933 2180 2951 2212 ‹
2984 2161 3136 2216 Licet
3169 2178 3300 2217 vero
3336 2173 3390 2218 et
3418 2165 3568 2234 prius
3599 2167 3724 2235 (cum

2163 2247 2374 2303 scilicet
2411 2250 2648 2304 nondum
2673 2252 3015 2306 Garthusiam
3062 2269 3184 2307 cum
3211 2253 3463 2311 Brunone
3501 2257 3724 2330 adiisset)

2163 2339 2332 2393 divini
2377 2341 2580 2396 amoris
2633 2351 2777 2397 totus
2827 2345 3037 2398 arderet
3079 2344 3344 2400 incendiis
3371 2388 3387 2411 ,
3437 2363 3543 2401 non
3587 2349 3724 2403 aliter

2164 2439 2344 2486 tamen
2395 2433 2462 2486 ad
2505 2432 2804 2502 disciplima
2850 2434 3090 2489 caelestis
3141 2437 3405 2491 exercitia
3442 2453 3623 2493 eorum
3655 2439 3723 2510 (S.

2160 2519 2432 2575 Brunonis
2485 2521 2708 2593 ejusque
2757 2524 3051 2594 sociorum)
3101 2526 3366 2596 exemplis
3415 2537 3470 2581 ct
3515 2529 3724 2583 familia-

2160 2612 2322 2665 ritate
2355 2612 2635 2678 inferbuit,
2661 2630 2822 2684 quam
2851 2615 2895 2668 si
2925 2615 3225 2670 ﬂammanti
3258 2619 3381 2686 quis
3417 2618 3522 2674 faci
3563 2620 3726 2688 plures

2159 2703 2534 2771 circumponat
2579 2705 2715 2759 alias
2758 2707 3030 2762 ardentes.
3077 2708 3207 2762 Erat
3251 2724 3374 2764 cum
3413 2711 3494 2765 eis
3536 2727 3636 2766 non
3677 2723 3725 2766 ut

2159 2793 2410 2848 dominus
2447 2804 2541 2850 aut
2576 2797 2886 2867 episcopus,
2921 2800 3014 2854 sed
3053 2809 3112 2853 ut
3138 2801 3318 2855 socius
3351 2810 3406 2856 et
3449 2801 3615 2856 frater
3639 2803 3726 2857 liu-

2159 2885 2437 2948 millimus,
2470 2895 2526 2941 et
2564 2889 2630 2941 ad
2669 2898 3008 2953 cunctorum,
3050 2883 3310 2958 quantum
3353 2892 3406 2946 in
3451 2893 3566 2962 ipso
3600 2903 3718 2958 erat,

2156 2978 2418 3046 obsequia
2476 2980 2894 3048 paratissimus,
2961 2982 3094 3036 adeo
3149 2989 3210 3036 ut
3270 2983 3355 3036 vir
3419 2985 3724 3040 venerabilis

469 3069 788 3138 antistitem,
823 3082 1112 3142 antequam
1149 3073 1491 3146 Carthusiam
1529 3076 1775 3141 adirent,
1811 3092 2054 3133 commo-

2165 3068 2517 3136 Guilhelmus,
2545 3072 2694 3140 prior
2715 3081 2842 3125 tunc
2865 3073 2920 3125 S.
2948 3072 3243 3137 Laurentii,
3273 3083 3458 3142 postea
3490 3075 3543 3130 S.
3569 3075 3725 3130 Theo-

469 3161 572 3214 rali
603 3160 768 3216 fuisse
797 3163 1103 3230 videantur,
1138 3164 1487 3220 dubitandum
1519 3183 1624 3220 non
1656 3169 1888 3236 videtur,
1921 3170 2051 3238 quin

467 3251 656 3304 eodem
694 3257 880 3307 mense
914 3252 1094 3317 Junio,
1147 3253 1197 3305 in
1248 3271 1407 3324 quem
1465 3254 1658 3310 festiva
1696 3255 2054 3312 Prrecursoris

469 3342 680 3396 Domini
707 3343 796 3396 lux
823 3342 1030 3410 incidit,
1057 3353 1109 3397 et
1136 3343 1202 3397 ad
1233 3343 1287 3397 S.
1316 3343 1614 3414 ilugonem,
1646 3345 2052 3415 Gratianopoli-

465 3441 656 3497 ἲιιιιυιιι
705 3437 1044 3514 episcopum,
1085 3438 1436 3505 accesserint,
1491 3449 1564 3505 et,
1614 3439 1716 3493 huc
1760 3441 2057 3496 comitante

471 3538 888 3606 necessariaque
955 3536 1046 3591 [iui
1107 3550 1264 3605 quem
1342 3531 1732 3599 intendebant,
1795 3531 2056 3591 submini-

472 3635 702 3692 strante,
734 3629 1036 3682 Cartbusiae
1075 3643 1316 3682 eremum
1357 3630 1591 3682 adierint
1631 3628 1864 3696 novique
1907 3629 1958 3682 in
1990 3644 2052 3680 ea

472 3717 701 3783 ordinis,
727 3718 819 3789 qui
849 3736 878 3773 a
912 3719 1028 3774 loco
1060 3719 1172 3783 illo,
1203 3719 1254 3772 in
1285 3735 1392 3789 quo
1426 3720 1639 3773 initium
1666 3721 1894 3788 accepit.
1925 3721 2055 3774 Car-

475 3809 768 3866 thusiensis
794 3811 1112 3881 appellatur,
1161 3811 1512 3866 fundamenta
1541 3813 1837 3880 posuerint.
1880 3811 2056 3880 Atque

474 3901 548 3954 ita
592 3903 752 3957 modo
782 3919 944 3969 anno,
974 3919 1160 3959 mense
1192 3919 1257 3958 ac
1303 3904 1418 3972 ipso
1450 3904 1614 3957 etiam
1648 3903 2052 3972 prouiemodum

475 3991 584 4056 die,
618 4006 726 4061 quo
752 4009 860 4056 res,
891 4005 1190 4048 memoratu
1224 4008 1356 4047 sane
1397 3993 1740 4062 dignissima,
1773 3994 2052 4063 acciderit,

475 4081 858 4149 determinato,
906 4086 1215 4154 proximum
1256 4092 1357 4145 est,
1404 4084 1617 4153 utquid
1644 4085 1837 4140 deinde
1879 4087 2056 4140 Bruno

474 4175 717 4244 sociique
739 4174 874 4243 ejus,
906 4176 1083 4232 locum
1121 4175 1415 4230 eremitirae
1442 4177 1564 4230 vita:
1592 4178 1927 4245 aptissimum
1959 4195 2057 4248 pro

477 4274 600 4322 voto
643 4283 742 4323 suo
789 4268 903 4337 jam
954 4269 1132 4328 nacti.
1194 4268 1442 4336 egerint,
1493 4270 1721 4340 vitaeque
1771 4272 2054 4339 rationem,

477 4373 639 4426 quam
665 4360 864 4416 ibidem
892 4360 1134 4427 inierint,
1163 4360 1560 4417 examinemus.

480 4467 509 4539 §
541 4468 748 4542 XXVII.
785 4471 925 4536 Quid
938 4472 1164 4526 Sanctus
1188 4471 1400 4540 ejusque
1420 4474 1572 4538 socii,
1592 4472 1927 4527 Cartlmsiam
1942 4475 2059 4542 jam

547 4541 786 4622 ingressi,
817 4543 1044 4611 primum
1082 4542 1298 4610 egerint,
1333 4551 1382 4596 et
1417 4560 1570 4613 quem
1607 4544 1815 4598 videndi
1846 4541 2058 4598 modum

547 4620 826 4666 tenuerint.

546 4721 678 4777 474.
700 4724 776 4778 De
799 4723 856 4778 S.
878 4723 1129 4778 Brunone
1149 4722 1371 4793 ejusque
1387 4739 1479 4780 sex
1507 4725 1691 4790 sociis,
1711 4723 2055 4780 Carthusiam

479 4816 772 4870 comitante
827 4816 884 4870 S.
923 4816 1144 4885 Hugonc
1171 4858 1185 4882 ,
1237 4816 1738 4887 Gratianopolitano
1783 4817 2056 4886 episcopo,

471 4905 583 4974 jam
623 4907 902 4978 ingressis,
937 4905 1335 4962 Blomenvenna
1373 4907 1426 4960 in
1457 4910 1628 4962 sancti
1663 4907 1807 4961 illius
1848 4908 2057 4961 ordinis

480 4998 563 5052 sui
589 4999 919 5053 Patriarchte
943 4998 1065 5053 Vita
1092 4999 1170 5052 sic
1196 4998 1424 5054 scribit:
1456 5019 1473 5050 ι
1507 4999 1701 5054 Ibidem
1727 5000 1803 5069 (in
1827 4999 2061 5052 Cartim-

479 5089 575 5143 sia:
601 5090 804 5160 eremo)
835 5090 889 5143 in
917 5099 1070 5159 parte
1103 5089 1367 5159 superiori
1404 5091 1623 5154 montis,
1652 5089 1768 5144 loco
1799 5089 1891 5157 qui
1917 5103 2061 5142 nunc

480 5179 679 5237 dicitur
717 5183 786 5236 ad
823 5182 1034 5237 beatam
1071 5182 1292 5238 Mariam
1337 5183 1404 5238 de
1439 5182 1741 5246 Casalibus,
1790 5180 2061 5236 aediﬁcare

479 5281 764 5343 coeperunt
805 5274 1113 5341 ecclesiam,
1169 5291 1270 5330 nec
1321 5291 1428 5329 non
1477 5283 1533 5329 et
1577 5288 1773 5342 parvas
1813 5271 2056 5338 cellulas,

472 5363 629 5434 juxta
681 5362 884 5419 fontem
935 5365 1245 5436 quemdam,
1297 5365 1389 5436 qui
1437 5378 1611 5434 usque
1653 5363 1703 5415 in
1741 5362 2059 5418 hodiermun

479 5454 624 5508 diem
653 5464 875 5512 vocatur
903 5455 1024 5512 fons
1051 5455 1238 5512 Sancti
1269 5456 1564 5522 Brunonis,
1598 5453 1742 5509 haud
1776 5453 1962 5522 procul
1993 5453 2060 5505 ab

476 5559 540 5599 ea
569 5545 850 5613 distantes,
877 5563 907 5602 a
933 5565 990 5604 se
1015 5550 1246 5606 invicem
1273 5549 1556 5605 distinctas
1586 5556 1642 5602 et
1669 5543 2058 5615 aliquantulum

479 5647 777 5707 separatas,
812 5656 879 5695 ne
911 5642 1050 5696 alter
1093 5643 1316 5696 alterius
1358 5641 1702 5695 solitudinem
1753 5635 2058 5705 impediret.

486 5726 530 5784 'n
569 5733 651 5787 his
683 5732 794 5790 bini
825 5744 880 5790 et
917 5733 1029 5790 bini
1061 5749 1156 5801 per
1197 5733 1433 5802 singulas
1471 5733 1777 5788 habitantes
1817 5729 2056 5799 cellulas,

2159 3159 2294 3214 l'redi
2342 3159 2528 3224 abbas,
2565 3162 2821 3232 magistro
2846 3163 3082 3217 Brunoni
3131 3164 3295 3220 etiam
3339 3166 3452 3233 ipse
3489 3166 3721 3240 religiosa

2157 3252 2444 3308 devotione
2498 3268 2602 3308 non
2653 3254 2996 3308 mediocriter
3045 3255 3292 3325 alligatus
3321 3300 3336 3324 ,
3388 3255 3451 3314 B.
3500 3259 3722 3330 Hugonis

2157 3344 2558 3400 contubernalis
2601 3345 2734 3414 (bini
2776 3346 2974 3415 quippe
3011 3355 3138 3403 tunc
3173 3364 3268 3417 per
3301 3350 3543 3419 singulas
3580 3350 3719 3403 inha-

2156 3437 2398 3495 bitabant
2426 3437 2610 3502 cellas)
2653 3439 2796 3511 apud
2829 3451 3147 3512 magistrum
3177 3443 3487 3498 Brunonem
3525 3460 3630 3498 non
3653 3443 3719 3497 le-

2157 3533 2296 3587 viter
2329 3541 2776 3602 conquereretur,
2814 3533 2956 3601 quod
2995 3547 3134 3602 pene
3174 3535 3379 3598 omnia,
3412 3535 3478 3588 ad
3521 3533 3720 3588 humili-

2159 3632 2323 3678 tatem
2349 3625 2671 3694 spectantia,
2699 3625 2837 3678 intra
2864 3623 3055 3677 cellam
3082 3623 3182 3678 sibi
3206 3625 3521 3695 prteriperet
3542 3625 3720 3686 oﬂicia.

2157 3724 2212 3769 et
2234 3717 2516 3786 episcopus
2540 3731 2646 3770 non
2670 3730 2850 3770 secum
2881 3715 3073 3769 saltem
3119 3726 3178 3768 ut
3206 3716 3408 3780 socius,
3445 3717 3535 3771 sed
3567 3718 3725 3786 potius

2157 3817 2574 3860 conversaretur
2610 3816 2670 3860 ut
2712 3805 2945 3861 famulus
2987 3823 2999 3857 :
3047 3821 3150 3860 non
3181 3807 3346 3862 licere
3402 3809 3529 3871 sibi,
3566 3807 3720 3861 tristis

2159 3911 2436 3960 asserens,
2490 3913 2554 3951 ex
2601 3897 2889 3952 servilibus
2937 3897 3193 3966 Operihus
3240 3899 3530 3967 quidquam
3575 3899 3719 3953 attin-

2159 4003 2307 4055 gere,
2337 4003 2456 4056 qua:
2476 3989 2628 4057 juxta
2665 4003 2868 4042 morem
2896 3987 3164 4042 debebant
3191 4003 3286 4057 per
3315 3989 3463 4042 vices
3497 3987 3718 4051 edicere,

2160 4093 2224 4131 co
2265 4079 2366 4132 sibi
2413 4089 2606 4133 cuncta
2657 4078 3018 4149 praeripiente.
3055 4098 3072 4130 ι
3123 4079 3248 4132 Haec
3286 4078 3487 4150 Guigo;
3525 4095 3589 4134 ex
3618 4079 3723 4148 qui-

2160 4168 2260 4222 bus
2294 4181 2628 4239 compertum
2677 4171 2927 4235 habetur,
2975 4171 3148 4240 primo
3193 4171 3411 4240 quidem
3460 4171 3724 4227 cellulasa

2162 4260 2222 4316 8.
2249 4261 2496 4315 Brunone
2535 4261 2756 4330 ejusque
2795 4262 2980 4322 sociis,
3011 4261 3312 4316 Carthnsia:
3360 4278 3597 4317 eremum
3626 4261 3724 4330 pri-

2161 4368 2308 4405 num
2341 4352 2616 4422 ingressis,
2649 4353 2814 4407 fuisse
2855 4363 3196 4416 exstructas;
3229 4354 3468 4408 secundo
3500 4369 3599 4407 non
3625 4353 3724 4406 sin-

2094 4458 2137 4512 D
2163 4444 2314 4514 gulos
2349 4443 2400 4497 in
2430 4445 2658 4512 singulis
2687 4445 2838 4498 cellis
2868 4445 3195 4507 monachos,
3231 4453 3290 4498 ut
3319 4454 3506 4514 postea
3540 4444 3721 4498 factum

2161 4550 2300 4596 esse,
2333 4551 2453 4603 qum
2482 4534 2548 4588 de
2578 4535 3059 4588 Carthusianorum
3109 4533 3373 4587 institutis
3413 4551 3440 4587 a
3483 4533 3724 4589 Guiberto

2161 4632 2215 4677 et
2239 4623 2397 4676 Petro
2424 4623 2722 4677 Venerabili
2757 4623 2888 4677 locis
2919 4638 3080 4690 supra
3126 4623 3244 4676 citt.
3289 4623 3590 4682 traduntur,
3623 4635 3723 4673 ma-

2163 4715 2417 4770 nifestum
2445 4714 2704 4778 elliciunt,
2735 4715 2829 4769 scd
2872 4715 2924 4767 in
2955 4729 3061 4768 una
3094 4714 3393 4784 eademque
3427 4715 3557 4768 cella
3581 4715 3724 4767 binos

2161 4816 2216 4862 et
2251 4808 2430 4869 hinos,
2468 4816 2525 4860 ut
2555 4805 2952 4859 Blomenvenna
2991 4805 3171 4858 verbis
3211 4806 3460 4874 proxime
3499 4802 3724 4859 recitatis

2161 4899 2337 4964 docet,
2385 4907 2512 4954 tunc
2561 4897 2726 4951 fuisse
2767 4906 3159 4960 commoratus;
3206 4897 3364 4951 tertio
3401 4897 3532 4952 duos
3572 4909 3722 4963 quos-

2163 5007 2290 5059 que,
2322 4991 2412 5059 qui
2443 4990 2686 5062 eamdem
2715 4987 2904 5042 cellam
2930 4987 3250 5052 incolerent,
3282 4987 3506 5042 alternis
3530 4985 3721 5040 vicibus

2163 5081 2462 5134 ttIinisleria
2503 5079 2800 5133 domestica
2833 5077 3082 5131 debuisse
3119 5077 3291 5131 obire.
3322 5077 3520 5148 Accipe
3555 5073 3718 5136 modo,

2163 5188 2281 5243 qua:
2313 5173 2417 5226 huc
2447 5181 2714 5241 spectant,
2743 5169 2989 5223 Guiberti
3019 5172 3215 5223 verba:

2233 5264 2359 5318 476.
2409 5283 2425 5315 ι
2451 5261 2715 5324 Ecclesia,
2745 5261 2922 5328 inquit
2949 5259 3067 5314 loco
3092 5260 3208 5324 cit.,
3239 5259 3308 5313 ibi
3341 5259 3416 5328 (in
3437 5256 3721 5316 Carthusia:

2163 5356 2366 5422 eremo)
2394 5362 2477 5408 est
2513 5368 2619 5406 non
2651 5352 2808 5422 longe
2849 5367 2878 5404 a
2908 5351 3182 5420 crepidine
3215 5352 3434 5417 montis,
3461 5349 3614 5422 paulo
3653 5348 3719 5402 si-

2163 5456 2383 5502 nuatum
2415 5446 2678 5499 devexum
2709 5444 2936 5507 habens,
2967 5443 3019 5495 in
3047 5457 3150 5510 qua
3180 5441 3438 5496 tredecim
3474 5448 3590 5495 sunt
3615 5451 3719 5492 mo-

2163 5537 2360 5600 nachi;
2398 5534 2695 5590 claustrum
2734 5533 2948 5604 quidem
2988 5533 3120 5587 satis
3155 5532 3404 5588 idoneum
3435 5547 3530 5604 pro
3551 5543 3720 5585 etenu-

2162 5629 2288 5686 biali
2328 5627 2719 5682 consuetudine
2755 5625 3037 5691 habentes,
3079 5625 3171 5678 sed
3207 5641 3316 5680 non
3353 5619 3716 5682 claustraliter,

2166 5735 2222 5780 ut
2257 5720 2438 5778 caeteri
2471 5718 2862 5776 cohabitantes.
2908 5714 3117 5772 Habent
3158 5715 3356 5786 quippe
3403 5712 3582 5785 singuli
3620 5707 3718 5766 ccl-
