3814 6306
148 343 228 400 ιδῃ
1610 330 1813 387 ACTA.

3243 346 3354 394 2110

147 461 254 514 mlas
280 471 366 527 per
401 469 586 525 gyrum
625 451 851 508 claustri
890 449 1164 521 proprias,
1215 447 1268 502 in
1299 447 1494 517 quibus
1541 461 1672 516 ope-
1703 454 1749 512 Α
1779 445 2031 500 sacellum
2057 447 2315 512 vicinum,
2346 447 2398 500 in
2427 461 2536 516 quo
2562 447 2780 503 missam
2813 442 3148 507 celebrabat:
3183 455 3355 514 altare

148 563 314 617 rantur,
342 547 608 603 dormiunt
657 561 722 600 ac
750 553 1066 599 vescuntur.
1104 561 1123 594 ι
1171 539 1249 594 Ita
1281 541 1390 604 ille,
1421 540 1512 609 qui
1550 553 1670 593 eum

145 656 272 705 anno,
298 651 352 692 ut
379 653 525 692 num.
551 634 652 690 170
681 634 863 700 docui,
894 631 1032 686 1124
1063 631 1284 686 circiter
1311 646 1342 684 e
1363 629 1500 683 vivis
1531 628 1674 683 abie-

146 733 215 792 rit,
235 727 583 794 ecclesizeque,
624 739 788 792 quam
829 731 993 777 aetate
1027 737 1123 776 sua
1170 721 1224 775 in
1268 719 1470 773 montis
1498 719 1673 786 erepi-

144 820 240 874 dine
274 825 594 873 exstructam
625 814 930 870 Carthusiae
974 827 1190 868 eremus
1233 811 1335 865 fuit
1369 809 1671 880 complexa,

142 909 424 965 mentionem
475 905 677 970 faciat,
709 903 1020 969 ecclesiam,
1065 918 1094 956 a
1121 903 1523 956 Blomcnvenna
1556 915 1674 954 me-

142 1008 382 1057 moratam.
425 1004 614 1064 utpote
662 995 730 1049 ab
760 995 865 1048 hac
901 993 1304 1047 verosimillime
1341 1006 1446 1044 non
1497 989 1674 1044 diver-

141 1104 246 1152 sam,
273 1102 299 1139 a
327 1085 525 1140 Sancto
560 1093 748 1138 nostro
782 1083 1007 1152 ejusque
1038 1083 1222 1146 sociis,
1259 1080 1368 1150 jam
1409 1091 1521 1135 tum
1551 1096 1672 1136 cum

140 1178 437 1235 Carthasiam
483 1177 720 1246 primum
751 1185 933 1231 essent
977 1173 1226 1244 ingressi,
1263 1173 1432 1227 fuisse
1457 1182 1672 1228 exstru-

139 1281 268 1334 ctam,
290 1267 771 1330 verosimillimum,
801 1282 868 1320 ne
891 1266 1064 1320 dicam
1090 1263 1388 1328 indubium,
1429 1273 1671 1333 apparet.

142 1360 191 1414 Et
212 1374 322 1413 vero
348 1359 474 1428 quin
505 1357 742 1412 Sanctus
771 1355 996 1424 ejusque
1021 1354 1156 1409 socii
1181 1352 1234 1407 id
1267 1361 1394 1407 tunc
1419 1352 1670 1418 fecerint,

141 1449 343 1502 dubitare
384 1463 491 1501 non
535 1447 669 1501 sinit
708 1444 940 1500 eximius
984 1443 1143 1513 plane
1189 1456 1377 1495 eorum
1424 1441 1476 1493 in
1506 1439 1673 1493 Deum

141 1555 279 1603 amor,
305 1554 407 1609 quo
431 1537 841 1592 verosimillime
877 1535 1077 1590 factum
1124 1532 1310 1596 fuerit,
1357 1540 1418 1586 ut
1447 1531 1676 1587 Carthu-

141 1632 243 1682 siam
261 1629 362 1698 jam
402 1628 638 1696 ingressi
678 1627 810 1681 nihil
850 1625 1143 1681 habuerint
1167 1625 1466 1695 antiquius,
1509 1639 1672 1693 quant

141 1728 362 1772 sacratam
407 1720 574 1774 unice
615 1719 778 1774 cultui
820 1717 936 1786 ejus
971 1717 1190 1772 domum
1239 1730 1332 1770 seu
1390 1715 1672 1770 ecclesiam

143 1818 211 1862 aut
230 1810 401 1864 saltem
431 1811 695 1866 sacellum
725 1820 1025 1865 exstruere.
1067 1809 1147 1862 Ad
1172 1809 1312 1873 haec,
1337 1815 1396 1861 ut
1437 1808 1503 1862 ad
1531 1807 1676 1862 Petri
1711 1790 1754 1843 Β

143 1899 430 1955 Venerabilis
470 1903 664 1967 verba,
697 1903 803 1956 huc
842 1900 1182 1971 potissimum
1218 1897 1538 1968 spectantia,
1566 1897 1677 1968 jam

142 1991 329 2055 veniam,
353 1993 641 2062 sequentia
664 1993 779 2047 haae
801 1993 866 2046 de
890 1989 1285 2055 Carthusianis,
1317 2003 1414 2043 suo
1443 1996 1681 2056 tempore

141 2095 210 2132 seu
235 2082 412 2135 saeculo
457 2082 805 2147 duodecimo,
855 2096 983 2150 quo,
1033 2083 1100 2134 ad
1141 2093 1342 2132 annum
1383 2091 1554 2146 usque
1597 2092 1683 2130 se-

141 2172 330 2224 cundum
361 2187 527 2241 supra
561 2173 886 2244 vigesimum
915 2179 1191 2241 provecto,
1221 2170 1433 2226 abbatis
1461 2183 1683 2223 munere

142 2263 245 2330 apud
266 2263 646 2319 Cluniacenscs
688 2264 837 2333 fungi
878 2264 1073 2332 coapit,
1106 2262 1404 2317 Carthusia:
1441 2275 1680 2314 eremum

142 2347 474 2414 incolentibus,
503 2348 602 2402 lib.
630 2365 667 2403 tt
693 2349 770 2403 De
797 2347 1090 2413 miraculis,
1123 2361 1242 2416 cap.
1266 2345 1336 2398 28
1355 2345 1680 2414 suppeditat:

145 2438 290 2494 «More
314 2442 541 2511 antiquo
558 2441 934 2512 Egyptiorum
961 2440 1351 2494 monachorum
1383 2437 1684 2506 singulares

141 2529 265 2587 cellas
287 2535 365 2603 (S.
387 2533 577 2589 Bruno
612 2534 836 2604 ejusque
876 2533 1033 2599 socii,
1068 2531 1412 2588 Carthusiam
1448 2531 1681 2601 primum

142 2621 342 2690 ingressi,
375 2625 489 2680 bini
540 2635 598 2680 et
636 2627 770 2692 bini,
808 2635 867 2681 ut
902 2626 1012 2698 jam
1045 2626 1270 2689 dictum,
1305 2639 1404 2693 per
1444 2623 1685 2693 singulas

141 2710 284 2778 cellas,
326 2715 464 2783 quod
511 2715 657 2770 forte
687 2716 769 2770 hae
814 2715 1204 2770 monachorum
1252 2728 1535 2768 numerum
1578 2730 1684 2769 non

140 2815 389 2870 equarent,
442 2807 746 2879 incoluere)
793 2817 1056 2878 perpetuo
1120 2807 1524 2872 inhabitabant;
1593 2808 1682 2862 ubi

139 2893 333 2958 silentio,
371 2896 599 2952 lectioni
645 2883 808 2967 atque
844 2899 994 2967 operi
1041 2911 1324 2962 manuum,
1357 2897 1593 2952 maxime
1632 2899 1684 2952 in

139 2983 389 3040 scribendis
416 2987 602 3051 libris,
636 2987 911 3056 irrequieti
947 2987 1225 3042 insistunt.
1242 2987 1298 3041 In
1324 2986 1524 3041 eisdem
1539 2987 1687 3042 cellis

139 3071 333 3128 debitum
387 3075 728 3144 regularium
776 3077 1053 3141 horarum,
1112 3076 1215 3130 hoe
1260 3085 1372 3141 est,
1421 3075 1678 3141 Primam,

139 3159 356 3231 Tertiam,
414 3166 683 3232 Sextum,
753 3167 991 3232 Nonum,
1042 3167 1462 3238 Compietorium
1521 3169 1678 3238 signo

138 3251 348 3311 Ecclesiae
376 3258 701 3312 commoniti
728 3258 835 3312 Deo
863 3258 1196 3328 persolvunt.
1221 3258 1299 3312 Ad
1329 3257 1596 3329 Vesperas
1625 3269 1680 3313 et

135 3343 382 3402 Matutinus
415 3350 468 3403 in
501 3349 735 3403 ecclesia
767 3350 946 3404 cuncti
980 3350 1358 3405 conveniunt.»

187 3439 293 3492 477.
330 3441 464 3495 Cum
522 3455 658 3510 ergo
697 3441 842 3496 Petri
875 3441 1208 3507 Venerabilis
1251 3449 1410 3496 aetate
1445 3440 1680 3496 Carthu-

135 3531 293 3589 siensis
325 3535 499 3590 eremi
545 3533 733 3587 incola:
778 3533 934 3588 statis
982 3532 1336 3601 temporibus,
1380 3533 1456 3586 uti
1501 3547 1566 3586 ex
1597 3533 1682 3588 his

137 3618 247 3678 l’etri
286 3626 465 3680 verbis
520 3623 861 3692 intelligitur,
907 3623 974 3678 ad
1013 3622 1303 3677 Matutinus
1341 3633 1396 3677 et
1425 3623 1684 3694 Vesperas

136 3715 382 3769 convenire
417 3721 612 3769 essent
655 3713 820 3778 soliti,
858 3713 1020 3780 hique
1057 3713 1222 3766 vitam
1261 3729 1413 3767 suam
1447 3714 1514 3766 ad
1559 3730 1684 3768 nor-

136 3814 246 3855 mam
285 3819 442 3874 quam
479 3803 545 3859 S.
592 3804 772 3856 Bruno
819 3801 1041 3872 ejusque
1093 3803 1226 3858 socii
1278 3805 1521 3858 moribus
1571 3805 1684 3859 suis

133 3904 502 3960 etpresserant,
539 3894 686 3948 omni
734 3894 896 3948 dubio
937 3895 1124 3963 procul
1161 3896 1464 3965 exegerint,
1512 3895 1686 3950 ambi-

136 3984 330 4046 gendum
375 4000 486 4039 non
536 3994 622 4039 est
653 3985 782 4052 quin
813 3993 868 4038 et
923 3983 1161 4039 Sanctus
1191 3986 1415 4055 ejusque
1449 3985 1582 4040 socii
1618 3987 1685 4040 ad

133 4071 385 4132 Matutinus
435 4085 495 4132 et
529 4077 794 4146 Vesperas
834 4077 1122 4131 convenire
1149 4079 1354 4148 pariter
1384 4077 1682 4145 voluerint;

135 4176 178 4216 ut
203 4168 431 4234 proinde,
484 4184 596 4239 quo
645 4168 847 4234 locum,
897 4169 951 4222 in
989 4185 1096 4240 quo
1139 4171 1193 4223 id
1227 4169 1490 4236 facerent,
1522 4170 1688 4226 habe-

135 4267 244 4324 rent,
268 4263 723 4330 qualemcumque
752 4260 944 4316 saltem
978 4261 1261 4316 ecclesiam
1285 4275 1376 4314 seu
1406 4260 1686 4326 sacellum,

132 4353 279 4406 statim
305 4363 470 4424 atque
486 4353 785 4408 Carthusiae
807 4369 1046 4408 eremum
1073 4353 1497 4424 essentingressi
1522 4352 1689 4408 aedifi-

1773 537 1916 590 enim
1951 537 2104 592 istius
2136 537 2320 592 sacelli
2347 538 2452 592 huc
2475 553 2646 607 usque
2673 539 2952 594 immotum
2975 557 3356 611 perseverasse

1773 627 2033 681 creditur.
2083 628 2282 682 Ibidem
2329 629 2494 683 etiam
2561 631 2657 683 tria
2713 640 2808 684 aut
2874 643 3108 700 quatuor
3159 653 3352 708 magna

1773 717 2071 786 fragmenta
2102 719 2310 786 rupium
2334 758 2350 783 ,
2397 718 2524 773 olim
2575 719 2642 774 ab
2692 719 2816 774 altis
2845 722 3070 789 rupibus
3096 724 3270 780 soluta
3303 738 3359 782 et

1773 809 1985 875 decisa,
2019 820 2336 876 cernuntur,
2363 826 2391 864 a
2421 827 2479 866 se
2507 811 2738 867 invicem
2779 813 3053 878 paululum
3083 829 3354 885 separata,

1775 899 1840 952 ad
1869 914 2097 966 quorum
2127 900 2295 970 pedes
2326 902 2536 971 tuguria
2569 911 2694 956 tunc
2735 901 2853 956 illos
2884 903 3177 958 fabricasse
3205 906 3356 960 multi

1728 999 1732 1008 '
1775 990 2028 1058 suspicati
2051 999 2205 1055 sunt;
2231 1002 2284 1044 et
2308 993 2521 1060 quidem
2547 993 2597 1048 id
2619 994 2772 1062 quasi
2801 994 2854 1047 in
2884 993 3115 1066 transitu
3145 995 3358 1052 factum

1778 1080 1942 1135 fuisse
1963 1121 1976 1144 ,
2005 1082 2287 1150 probabile
2316 1093 2428 1159 est.

1844 1169 1969 1224 478.
2001 1188 2018 1220 ‹
2038 1177 2106 1223 At
2135 1173 2316 1226 statim
2349 1172 2468 1226 illos
2503 1188 2624 1226 cum
2662 1171 2719 1227 S.
2750 1173 3003 1244 Ilqgone,
3034 1185 3090 1230 et
3116 1176 3216 1230 sub
3245 1176 3360 1246 ejus

1775 1274 1874 1329 ope
1899 1253 2155 1328 de'parvo
2183 1262 2514 1317 monasterio
2537 1263 2608 1317 ibi
2626 1267 3020 1332 construendo,
3050 1275 3104 1322 et
3133 1268 3199 1321 de
3227 1267 3359 1323 locis

1777 1349 2110 1418 regularibus
2170 1352 2442 1421 erigendis
2513 1361 2812 1418 tractasse,
2861 1355 3192 1410 credendum
3240 1366 3350 1410 est.
3389 1361 3393 1368 ‘
3433 1401 3444 1420 ,

1778 1437 1927 1494 Visio
1952 1441 2118 1502 enim,
2139 1456 2298 1509 quam
2325 1442 2532 1496 viderat
2557 1443 2610 1495 in
2635 1444 2840 1496 somnis
2865 1451 3086 1498 sanctus
3106 1445 3357 1507 antistes,

1776 1529 1978 1584 Christi
2005 1530 2106 1584 sibi
2135 1531 2352 1584 domum
2380 1532 2430 1584 in
2461 1531 2565 1585 ista
2587 1547 2770 1586 eremo
2793 1535 3180 1598 construentis,
3210 1535 3276 1589 ad
3308 1535 3359 1588 id

1777 1619 2103 1688 impellebat.
2137 1639 2154 1669 ι
2186 1620 2309 1674 Ιιῑεο
2342 1620 2652 1687 Massonus,
2684 1622 2889 1677 addens
2922 1633 3184 1692 prmterea
3207 1665 3221 1688 ,
3252 1639 3360 1693 quo

1778 1719 1906 1765 tunc
1935 1726 1964 1763 a
2013 1710 2265 1764 Brunone
2292 1710 2514 1780 ejusque
2540 1714 2702 1768 sociis
2731 1723 2842 1767 tum
2875 1715 3166 1769 ecclesiam
3186 1755 3200 1780 ,
3239 1724 3352 1769 tum

1783 1805 2098 1856 nominatim
2157 1804 2550 1858 monasterium
2617 1806 2796 1858 statim
2867 1807 3070 1860 exstrui
3127 1814 3362 1877 coeptum

1782 1891 1992 1960 probet,
2019 1903 2262 1961 tempore
2283 1893 2545 1962 Guigonis
2562 1893 2671 1962 jam
2693 1895 2924 1964 plurima
2947 1899 3172 1953 tedificia
3197 1898 3366 1952 exsti-

1785 1982 1916 2036 tisse
1950 1992 2256 2048 exstructa,
2291 1999 2392 2037 nec
2438 1985 2678 2040 futurum
2720 1987 2770 2041 id
2804 1987 3001 2055 fuisse,
3031 1990 3084 2043 ni
3134 1989 3384 2045 Sanctus

1784 2074 1965 2128 statim
2012 2091 2041 2128 a
2093 2091 2192 2130 suo
2223 2076 2276 2129 in
2301 2078 2641 2133 Carthusiam
2672 2081 2917 2152 ingressu
2950 2099 3168 2138 manum
3214 2086 3363 2156 Operi

1785 2166 2058 2221 admoveri
2105 2178 2369 2223 curasset.
2420 2171 2619 2225 Verum
2698 2189 2817 2227 cum
2865 2159 2906 2226 al
2949 2184 3186 2244 tempore
3257 2193 3364 2246 quo

1786 2258 2019 2314 Sanctus
2047 2261 2269 2330 ejusque
2293 2261 2422 2316 socii
2450 2263 2502 2316 in
2531 2263 2834 2320 Carthasim
2858 2277 3101 2320 eremum
3130 2269 3365 2337 primum

1785 2364 1902 2404 sese
1933 2352 2208 2416 abdidere,
2239 2359 2304 2406 ad
2338 2363 2551 2424 tempus
2604 2371 2776 2425 usque
2811 2373 2917 2425 quo
2941 2357 3113 2426 Guigo
3135 2357 3368 2413 Carthu-

1793 2442 1928 2496 siam
1961 2443 2366 2513 gubernandam
2399 2445 2635 2513 accepit,
2668 2447 2794 2499 anni
2825 2463 2916 2501 sex
2949 2463 3112 2517 supra
3143 2448 3366 2519 viginti,

1784 2535 1862 2588 uti
1897 2535 2129 2603 ipsemet
2158 2535 2277 2590 loco
2309 2536 2406 2590 cit.
2439 2532 2720 2591 Massonus
2749 2537 2973 2602 fatetur,
3005 2539 3364 2600 excurrerint,

1786 2643 1892 2680 non
1938 2627 2092 2681 video
2155 2627 2248 2696 qui
2293 2629 2559 2694 aedificia,
2617 2644 2736 2698 quae
2767 2629 3056 2684 Cartltusia
3103 2630 3368 2704 Guigonis

1785 2725 1944 2771 tetate
1973 2717 2448 2786 complectebatur,
2497 2727 2769 2774 exstructa
2818 2734 2938 2774 esse
2967 2718 3080 2787 jam
3115 2730 3228 2774 tum
3277 2735 3370 2775 ne-

1787 2805 2076 2875 quiissent,
2103 2806 2316 2862 etiamsi
2344 2807 2525 2862 Bruno
2547 2806 2772 2878 ejusque
2797 2809 2928 2863 socii
2959 2809 3024 2864 iis
3049 2819 3370 2864 construen-

1787 2895 1869 2949 dis
1899 2895 2082 2949 statim
2111 2911 2142 2948 a
2172 2911 2270 2950 suo
2298 2895 2350 2949 in
2382 2895 2726 2951 Cartbusiam
2751 2896 2998 2966 ingressu
3020 2896 3233 2950 initium
3265 2913 3367 2950 non

1788 2987 2082 3042 dedissent.
2125 2987 2195 3041 Ut
2218 2997 2276 3041 ut
2305 2988 2409 3055 sit,
2444 2989 2693 3058 equidem
2725 2997 2836 3041 tum
2861 2989 2972 3056 jam
3004 3003 3166 3058 supra
3198 2988 3362 3052 dicta,

1791 3084 1926 3142 tum,
1953 3091 2057 3145 qua
2081 3076 2252 3146 pressi
2277 3076 2493 3130 indubie
2525 3076 2742 3130 fuerunt
2765 3076 2946 3130 Bruno
2969 3075 3190 3146 ejusque
3213 3077 3367 3141 socii,

1782 3180 1900 3220 sese
1939 3165 2196 3220 adversus
2224 3167 2366 3220 aeris
2412 3167 2640 3237 injurias
2683 3167 2890 3221 tntaudi
2940 3169 3238 3222 necessitas
3269 3169 3366 3224 dn-

1781 3257 1955 3313 bitare
2006 3274 2111 3313 non
2145 3258 2300 3323 sinit,
2341 3261 2469 3329 quin
2521 3260 2706 3314 statim
2733 3276 2761 3314 a
2795 3276 2891 3315 suo
2926 3261 2976 3314 in
3023 3259 3366 3315 Carthusiam

1782 3349 2025 3418 ingressu
2059 3350 2279 3404 cellulas
2327 3349 2764 3420 qualescunque,
2811 3366 2930 3420 qua:
2981 3367 3168 3406 omnes
3197 3352 3354 3406 simul

1784 3441 2073 3508 quamdam
2092 3441 2404 3495 monasterii
2424 3442 2654 3511 speciem
2673 3443 3013 3512 pra-ferrent,
3035 3443 3368 3500 :edilicarint.

1783 3531 1873 3584 Ait
1903 3532 2115 3600 quidem
2162 3533 2214 3585 in
2266 3532 2460 3602 Stylita
2493 3535 2720 3604 mystico
2769 3545 2970 3604 puncto
3003 3536 3070 3601 2,
3117 3551 3268 3590 num.
3314 3539 3368 3590 5.

1785 3619 2144 3691 llaynaudus,
2177 3631 2302 3675 tunc
2335 3623 2480 3692 ipsos
2512 3623 2564 3676 in
2593 3624 2803 3694 rupium
2839 3625 3166 3679 caritatibus
3214 3626 3371 3681 sedes

1788 3713 2006 3780 ﬁxisse;
2039 3713 2273 3785 usos'que
2303 3717 2551 3786 tuguriis,
2581 3734 2746 3788 opere
2773 3721 3122 3774 tumultuario
3159 3705 3373 3776 exstru-

1787 3805 1927 3870 ctis,
1983 3805 2072 3860 alii
2120 3814 2494 3874 asseverantf
2519 3824 2700 3863 verum
2730 3809 2814 3876 id,
2856 3819 2916 3864 ut
2957 3820 3015 3865 ut
3061 3815 3135 3866 ita
3187 3810 3368 3867 forsan

1788 3897 1942 3952 initio
1972 3897 2254 3964 habuerit,
2297 3899 2388 3954 diu
2441 3909 2621 3955 tamen
2671 3917 2775 3956 non
2807 3901 3067 3967 durasse,
3099 3902 3371 3972 cellasque

1789 3987 1995 4042 interea
2024 4004 2087 4043 ac
2115 3988 2398 4044 ecclesiam
2427 4006 2454 4043 a
2484 3991 2736 4046 Brunone
2761 3990 2986 4062 ejusque
3013 3992 3175 4047 sociis
3201 3993 3372 4047 aedili-

1791 4088 1940 4134 catas
1967 4078 2168 4146 fuisse,
2215 4080 2300 4135 vel
2349 4081 2462 4137 sola
2513 4083 2673 4137 fidem
2707 4082 3201 4152 facitfundationis
3241 4082 3369 4138 Car-

1794 4171 1986 4226 thusirc
2032 4173 2221 4226 charta
2253 4173 2394 4227 infra
2435 4175 2745 4241 recitanda,
2797 4175 2850 4229 in
2895 4190 2998 4244 qua
3044 4183 3239 4244 praeter
3265 4172 3369 4228 alia

1793 4259 1906 4313 bazc
1933 4260 2184 4330 leguntur
2217 4279 2230 4314 :
2267 4281 2284 4312 ι
2319 4261 2620 4318 Prazfata...
2653 4262 2997 4335 (Carthusias)
3054 4271 3228 4326 terra,
3279 4259 3369 4316 his

1795 4353 2271 4408 terminationibus
2297 4354 2551 4410 conclusa
2568 4395 2583 4420 ,
2607 4370 2636 4407 a
2667 4354 2852 4424 magis"
2876 4369 2924 4417 :o
2945 4352 3195 4405 Brunone
3218 4358 3272 4405 et
3297 4349 3369 4406 ab

131 4445 220 4499 cari
242 4445 670 4510 verosimillime,
695 4461 762 4499 ne
788 4447 964 4500 dicam
994 4445 1235 4510 indubie,
1261 4445 1524 4511 eurariut,
1547 4461 1690 4500 sum-
1721 4463 1766 4517 ι)
1794 4445 1906 4508 his,
1937 4447 2026 4514 qui
2068 4460 2188 4500 eum
2214 4460 2280 4500 eo
2308 4454 2492 4509 erant,
2531 4446 2792 4501 fratribus
2820 4445 2965 4513 cepit
2995 4442 3285 4498 inhabitari
3311 4450 3366 4498 θ’

128 4543 230 4597 ptus
272 4535 658 4590 liberalissime
710 4536 1086 4605 suppeditante
1130 4535 1186 4590 S.
1236 4535 1492 4605 llngone,
1543 4535 1684 4590 Gra-

133 4619 498 4694 tianopolitano
529 4627 800 4696 episc0po.
833 4627 1002 4682 Porro
1042 4627 1322 4682 Massonus
1343 4669 1357 4691 ,
1386 4643 1547 4697 supra
1578 4643 1686 4682 non

133 4726 232 4768 raro
249 4718 356 4786 jam
404 4720 663 4773 laudatus
683 4757 698 4784 ,
727 4719 780 4772 in
812 4733 1006 4789 opere,
1042 4721 1184 4789 quod
1214 4720 1421 4775 ordinis
1457 4721 1690 4775 Carthu-

135 4803 295 4860 siensis
327 4807 572 4864 Annales
611 4809 920 4878 inscripsit,
951 4809 1044 4864 lib.
1089 4826 1134 4875 ι,
1172 4825 1298 4879 cap.
1345 4809 1409 4875 ‘2,
1439 4825 1588 4862 num.
1622 4809 1687 4862 10

135 4893 188 4943 ad
215 4900 588 4965 qurestionetn,
619 4915 748 4968 qua,
787 4919 805 4951 ι
834 4900 1133 4969 qualiter...
1170 4899 1226 4954 ὃ.
1264 4899 1446 4955 Bruno
1477 4909 1529 4954 et
1556 4901 1687 4956 socii

136 4985 226 5052 ejus
247 4989 579 5047 domicilium
630 4992 732 5047 sibi
785 4993 1119 5048 constituere
1165 4992 1432 5062 cmperint
1481 4993 1533 5046 in
1585 4993 1686 5047 ista

139 5073 452 5152 (Carthusiaz)
501 5099 718 5148 eremo,
769 5083 820 5136 in
869 5084 1228 5154 proeminenti
1280 5083 1370 5139 illo
1416 5083 1565 5149 loco,
1599 5084 1686 5139 ubi

136 5170 360 5225 sacellum
389 5175 566 5229 sancti
595 5173 864 5229 Brunonis
894 5175 1000 5247 (adi
1034 5190 1184 5228 num.
1215 5174 1342 5246 447)
1384 5191 1527 5230 nunc
1557 5177 1688 5230 visi-

140 5263 227 5324 iur,
246 5279 262 5309 ι
295 5263 534 5332 seipsum
563 5265 884 5336 interrogat,
901 5264 1254 5334 sequentibus
1273 5265 1423 5321 hisce
1437 5305 1452 5330 ,
1479 5275 1536 5319 ut
1555 5264 1690 5320 San-

140 5361 258 5406 ctum
290 5353 515 5426 ejusque
546 5357 756 5423 socios,
804 5357 1113 5414 Carthusiae
1160 5373 1402 5414 eremum
1457 5359 1686 5428 primum

143 5440 412 5513 ingressos,
447 5451 775 5504 monasterio
815 5465 910 5505 seu
960 5449 1196 5513 cellulis,
1229 5449 1549 5520 eelesiaaque
1595 5465 1689 5504 seu

145 5537 312 5592 sacello
357 5538 696 5596 :edificandis
741 5557 960 5596 manum
1007 5541 1688 5606 admovisse,eonlirmet,

149 5623 298 5680 verbis
319 5626 609 5698 respondet
633 5649 647 5686 :
679 5650 697 5682 ι
717 5631 1030 5689 Traditione
1052 5643 1281 5697 constat,
1306 5648 1427 5688 eum
1449 5633 1529 5705 (S.
1557 5624 1690 5688 Bru-

152 5726 315 5773 nonem
369 5719 639 5794 videlicet)
703 5723 894 5779 cellam
969 5724 1075 5780 illic
1122 5724 1405 5793 habuisse,
1458 5725 1564 5782 imo
1635 5736 1691 5782 ct

1792 4535 2027 4590 construi
2056 4549 2196 4588 anno
2223 4535 2291 4590 ab
2316 4535 2692 4589 incarnatione
2722 4534 2932 4589 Domini
2963 4533 3118 4588 1084.
3151 4553 3170 4586 ι

1859 4625 1983 4680 479.
2026 4623 2192 4679 Porro
2223 4625 2506 4680 ecclesiam
2552 4641 2614 4680 ac
2659 4626 2880 4681 cellulas
2923 4625 3078 4694 juxta
3121 4625 3366 4692 fontem,

1791 4718 1879 4786 qui
1919 4716 2182 4785 hodieque
2210 4715 2352 4771 Fons
2386 4717 2442 4771 S.
2481 4717 2747 4772 Brunouis
2781 4717 2996 4781 dicitur,
3032 4715 3202 4773 fuisse
3239 4726 3366 4773 tunc

1791 4824 1821 4863 a
1846 4809 1902 4864 S.
1922 4808 2170 4862 Brunone
2191 4807 2416 4878 ejusque
2435 4810 2596 4864 sociis
2617 4820 2942 4876 exstructas,
2968 4810 3364 4866 Blomenvenna

1791 4898 2031 4953 recitatis
2056 4915 2204 4952 num.
2227 4899 2334 4952 474
2359 4899 2537 4976 verbis
2556 4898 2803 4954 allii-mat.
2825 4902 3000 4968 Atque
3023 4900 3124 4954 hoc
3145 4898 3364 4969 quidem

1790 5000 1995 5046 certum
2022 5001 2272 5060 apparet,
2301 5008 2419 5058 nec,
2451 4995 2582 5062 quin
2611 4992 3005 5062 qualiacunque
3027 4991 3115 5045 illa
3137 4989 3366 5046 aedificia

1797 5103 1812 5135 ι
1852 5083 1931 5138 Ad
1965 5084 2220 5138 honorem
2257 5085 2346 5137 Dei
2375 5093 2430 5137 et
2459 5085 2630 5138 beata:
2668 5099 2884 5153 semper
2915 5083 3155 5153 Virginis
3185 5081 3366 5136 Maritr

1790 5183 1843 5229 et
1870 5176 2010 5230 beati
2041 5174 2304 5229 Johannis
2333 5173 2588 5245 Baptistae
2621 5194 2639 5226 ι
2675 5173 2876 5229 fuerint
2916 5182 3190 5228 exstructa
3211 5214 3225 5240 ,
3270 5173 3343 5228 du
3370 5202 3380 5219 ι

1789 5266 2068 5322 bitandum
2119 5276 2234 5333 est,
2287 5283 2409 5322 cum
2459 5267 2532 5321 ita
2587 5267 2641 5320 in
2689 5265 2987 5338 Guigonis,
3023 5264 3176 5320 testis
3221 5261 3371 5320 omni

1791 5361 2108 5428 exceptione
2138 5358 2380 5430 majoris,
2407 5353 2887 5414 consuetudinibus
2913 5369 3030 5424 cap.
3065 5354 3137 5408 23
3168 5352 3373 5410 diserte

1792 5461 2085 5506 asseratur.
2121 5453 2316 5508 Verum
2349 5461 2506 5518 sunt,
2543 5452 2635 5522 qui
2673 5451 2876 5506 fontem
2925 5447 3075 5502 illum
3107 5445 3374 5502 miraculo

1792 5542 2088 5597 excitatum
2121 5543 2286 5599 fuisse
2316 5545 2590 5608 scribunt;
2639 5558 2703 5597 ac
2725 5541 2813 5596 alii
2862 5538 3104 5608 quidem,
3141 5555 3371 5610 quorum

1795 5633 2123 5706 Raynaudns
2160 5636 2212 5690 in
2265 5635 2457 5706 Stylita
2513 5635 2743 5705 mystico
2790 5639 2989 5702 puncto
3033 5631 3100 5698 2,
3146 5647 3297 5686 num.
3341 5629 3376 5682 ‘5

1795 5726 2040 5781 meminit
2067 5767 2081 5796 ,
2115 5727 2164 5782 id
2198 5727 2405 5782 meritis
2431 5727 2487 5781 S.
2519 5725 2804 5789 Brunonis,
2834 5721 2922 5775 alii
2948 5734 3138 5780 contra
3167 5723 3376 5795 hosque
