3814 6306
531 267 632 322 ‘29!

1321 263 1376 316 S.
1416 261 1762 317 BIiUNONlS
1790 262 2436 320 CABTHUSIANORUM
2477 261 2962 318 INSTITUTOBIS
3647 275 3737 330 ειη

533 378 670 432 inter
694 376 995 431 Dorlandns
1018 375 1272 430 Chronici
1297 376 1697 431 Carthusiensis
1719 378 1812 430 lib.
1843 393 1901 442 n,
1927 371 2110 447 cap.8,
2147 383 2188 440 Α
2220 380 2437 448 probari
2488 379 2729 432 indicare
2776 379 3076 432 vidcantur.
3113 380 3220 435 Sed
3253 381 3454 437 incede
3482 387 3645 453 tanta,
3676 395 3748 460 qm

527 471 782 539 precibus
809 469 864 523 S.
895 469 1134 538 llugonis
1153 512 1166 536 .
1194 469 1683 539 Gratianopolitani
1726 471 1995 538 episcopi,
2027 479 2109 522 at-

541 560 806 614 tribuunt.
837 558 1128 612 Zacharias
1155 558 1493 625 Benedictus,
1521 559 1720 613 fontem
1754 559 1899 612 illum
1933 559 2108 626 preci-

530 654 630 706 hus
665 660 718 705 et
745 651 803 704 S.
835 651 1104 704 Brunonis
1131 659 1184 703 et
1213 651 1442 704 aliorum
1474 652 1710 705 omnium
1730 693 1744 716 ,
1772 650 1861 717 qui
1891 665 2011 704 cum
2041 663 2109 703 eo

531 741 583 793 in
614 739 924 806 Carthusia,
953 740 1077 792 dum
1103 740 1333 810 primum
1366 740 1417 792 in
1451 739 1590 793 hanc
1627 739 1850 807 ingressi
1885 737 2112 792 :edificia

530 831 839 886 necessaria
862 840 1246 885 construerent
1263 845 1522 899 aquteque
1537 831 1761 901 penuria
1781 830 2110 892 laborarent,

533 936 561 972 a
593 920 702 974 Deo
733 920 898 974 fuisse
929 919 1310 989 impetratum,
1343 921 1393 973 in
1430 920 1652 974 metrica
1683 935 1713 973 a
1749 935 1806 973 se
1851 920 2109 972 adornata

533 1011 716 1066 Sancti
751 1011 922 1065 nostri
957 1011 1074 1064 Vita
1113 1013 1257 1065 hunc
1291 1012 1437 1065 canit
1465 1011 1518 1064 in
1565 1012 1781 1065 modum
1814 1029 1826 1064 :

601 1100 840 1155 Planitie
864 1103 917 1155 in
953 1120 1154 1156 summa
1185 1103 1426 1172 cella’que
1455 1112 1502 1155 et
1532 1105 1703 1170 phana
1745 1112 2037 1154 struuntur.

606 1190 1048 1261 Christipartrque
1077 1209 1281 1245 sacrum
1323 1189 1572 1245 Cenitrici
1601 1209 1660 1244 ac
1694 1209 1786 1244 ara
1816 1193 2040 1244 dicatur.

603 1281 706 1334 Ille
728 1282 872 1336 locus
896 1286 1130 1352 privat-us
1153 1293 1262 1336 erat
1288 1283 1590 1352 fluvialibus
1624 1285 1797 1336 undis.

620 1373 744 1428 Non
772 1376 842 1428 ibi
870 1375 1102 1429 cisternae
1131 1387 1414 1446 puteusque
1453 1394 1541 1430 uec
1569 1377 1706 1430 ullus
1729 1378 1937 1430 ibidem.

607 1465 672 1518 In
701 1467 845 1535 [orca
869 1479 1116 1536 tanquam
1147 1467 1390 1536 pluvialis
1415 1468 1623 1537 lympha
1656 1467 1893 1520 manebat

607 1557 819 1610 Mortua
841 1600 853 1620 ,
889 1569 934 1610 et
961 1559 1222 1610 interdum
1257 1559 1395 1611 luteo
1426 1559 1632 1626 fmtebat
1661 1559 1840 1610 odore.

608 1645 670 1698 In
703 1662 919 1700 marrore
951 1664 1130 1700 omnes
1161 1649 1492 1700 incommoda
1519 1657 1664 1700 tanta
1703 1646 1972 1715 ferebant;

2218 468 2460 535 prodigio
2475 484 2596 522 cum
2618 467 2851 520 Sanetus
2871 466 3092 535 ejusque
3107 470 3240 522 socii
3255 469 3582 528 Carthusiam
3602 492 3750 535 essent

2197 559 2472 629 ingressi,
2505 560 2771 613 excitatus
2805 557 2961 611 fuerit
2983 600 2996 624 ,
3027 559 3171 613 dicta
3196 561 3486 627 sufﬁciant;
3518 568 3600 633 qtti
3621 569 3747 636 plura

2216 649 2280 703 de
2303 663 2368 702 eo
2400 649 2696 709 desiderat.
2731 649 2891 702 adeat
2917 648 3207 702 Surianum
3259 651 3312 704 in
3335 654 3444 705 suis
3467 654 3517 706 in
3541 667 3680 724 caput
3702 661 3750 711 l2

2219 736 2364 791 Surii
2403 735 2914 804 Observationihus,
2951 754 3094 792 num.
3131 739 3232 806 12,
3269 750 3323 794 et
3365 742 3683 814 Raynaudutn
3709 750 3752 803 in

2219 827 2409 898 Stylita
2443 829 2668 895 mystico
2690 869 2702 892 ,
2741 838 2944 898 puncto
2971 831 3034 894 2,
3070 847 3221 885 num.
3250 832 3293 888 5.

2285 921 2410 975 481.
2451 921 2740 974 Zacharias
2762 921 3080 976 Benedictus
3107 924 3157 974 in
3187 925 3412 979 metrica
3437 967 3450 990 ,
3477 942 3621 996 quam
3649 945 3751 983 enn-

2218 1010 2487 1075 cinnavit,
2531 1009 2716 1065 Sancti
2751 1013 2924 1064 nostri
2958 1010 3077 1065 Vita
3123 1014 3370 1083 prodigio
3422 1017 3600 1082 fontis,
3643 1020 3751 1072 divi-

2219 1098 2363 1151 nitus
2393 1100 2608 1152 excitati
2634 1139 2650 1156 .
2681 1115 2834 1153 nova:
2861 1101 3108 1156 ecclesia)
3129 1143 3142 1159 .
3177 1119 3284 1156 una
3323 1119 3441 1159 cum
3471 1106 3582 1160 aliis
3610 1110 3751 1176 quali-

2217 1191 2533 1259 huscunque
2559 1191 2800 1244 :cdificiis
2832 1194 2883 1244 itt
2915 1191 3135 1247 Carthu-
3155 1195 3202 1247 ia
3223 1237 3236 1256 ,
3266 1197 3448 1249 statim
3480 1207 3623 1266 atque
3643 1201 3751 1252 San-

2219 1289 2337 1332 ctus
2379 1278 2603 1347 ejusque
2647 1281 2778 1334 socii
2811 1297 3052 1337 ercmum
3089 1284 3229 1338 hanc
3285 1287 3502 1340 fuissent
3535 1288 3751 1358 ingrcssi,

2218 1369 2473 1424 :edificari
2516 1386 2581 1424 ex
2622 1372 2781 1427 dictis
2831 1383 3049 1442 empta),
3101 1377 3324 1446 jamque
3377 1379 3441 1431 ad
3486 1379 3750 1432 umbilicum

2219 1476 2338 1514 eum
2370 1461 2435 1515 iis
2461 1464 2764 1529 perduc-tte,
2798 1467 3298 1530 consecrationem,
3334 1481 3450 1536 qua:
3477 1468 3540 1519 ab
3572 1467 3754 1535 llugouc

2221 1553 2720 1621 Gratianopolitano
2769 1556 3022 1626 epise0po
3087 1572 3302 1612 summo
3359 1569 3604 1628 apparatu
3645 1561 3753 1614 facta

2223 1643 2416 1705 fuerit,
2452 1645 2748 1713 suhjungit.
2788 1645 2860 1699 Ut
2890 1655 2945 1698 et
2974 1647 3058 1700 hic
3085 1656 3336 1715 praestem
3358 1689 3370 1712 ,
3406 1649 3541 1717 quod
3577 1649 3754 1701 curioso

604 1735 705 1788 Sed
729 1737 853 1800 quid
887 1747 1024 1790 certa
1055 1737 1186 1805 ﬁdes
1211 1753 1312 1790 non
1343 1738 1584 1804 impetrat
1609 1747 1763 1802 atque
1787 1738 2054 1790 meretur?
2143 1715 2188 1772 Β
2223 1734 2409 1788 lectori
2445 1735 2679 1789 futurum
2721 1752 2878 1804 spero
2912 1752 3015 1790 non
3047 1739 3318 1806 ingratum
3342 1778 3356 1802 ,
3389 1754 3568 1792 versus
3600 1741 3751 1808 prreci-

604 1827 670 1878 Se
709 1827 848 1879 dedit
873 1827 924 1879 in
951 1827 1209 1895 lacrymas
1249 1827 1514 1889 oravitque
1536 1826 1758 1896 inclytus
1782 1826 1868 1879 ille

601 1915 775 1970 Cmtus
794 1959 807 1982 ,
834 1927 878 1968 et
908 1917 1129 1969 obtinuit
1161 1917 1379 1986 supplere
1404 1917 1541 1985 quod
1567 1917 1628 1968 ab
1659 1933 1778 1970 arce
1801 1918 2006 1986 petivit;

608 2009 854 2080 Namque
878 2011 1052 2063 statim
1084 2010 1137 2062 in
1163 2010 1296 2062 dura
1321 2009 1499 2077 fodere
1531 2009 1790 2076 crepidine
1815 2010 1987 2077 rupis;

613 2103 724 2155 Nec
757 2118 902 2154 mora
924 2143 938 2166 ,
987 2102 1234 2155 continuo
1269 2100 1447 2153 latices
1484 2102 1684 2169 fluxere
1713 2110 1940 2154 recentes

601 2194 669 2246 Et
697 2195 832 2246 rivos
858 2209 1004 2262 egere
1035 2192 1234 2260 amplos
1263 2191 1338 2246 vel
1361 2191 1594 2260 ﬂuminis
1641 2192 1833 2244 instar.

603 2285 789 2339 La'lati
821 2286 1077 2354 fremuere
1107 2301 1283 2337 omnes
1309 2283 1591 2351 laudesque
1617 2283 1868 2335 dederunt
1893 2322 1908 2347 ,

603 2378 770 2447 Atque
802 2377 1101 2429 salutaruut
1135 2391 1198 2428 ea:
1227 2375 1331 2426 imo
1361 2383 1565 2442 pectore
1593 2373 1796 2426 caelum.

610 2467 810 2520 Lambit
843 2467 1014 2519 adhuc
1039 2482 1195 2518 curvo
1233 2464 1349 2533 fons
1387 2463 1474 2518 ille
1503 2467 1774 2517 cacumina
1819 2480 1973 2517 cursu
1995 2506 2008 2529 ,

605 2555 976 2624 Cellarumque
1016 2554 1193 2607 hortos
1225 2555 1382 2607 vitreo
1415 2553 1729 2622 circum/luit
1753 2569 1922 2605 autne.

605 2645 731 2699 480.
765 2643 1037 2698 "actenus
1067 2643 1316 2697 laudatus
1363 2641 1715 2708 Benedictus,
1748 2641 1838 2710 qui
1876 2641 2120 2708 quamvis

535 2737 774 2797 fontem,
808 2733 873 2786 de
915 2747 1022 2801 quo
1052 2731 1312 2799 loquitur,
1358 2731 1621 2798 hodieque
1659 2729 1860 2784 fontem
1891 2729 1948 2784 S.
1987 2729 2121 2782 Bru-

540 2827 696 2880 nonis
767 2825 1024 2894 appellart
1077 2839 1180 2876 non
1213 2825 1418 2887 edicat,
1467 2823 1712 2877 eumdem
1771 2832 1946 2876 tamen
2002 2821 2122 2876 fon-

538 2927 646 2970 tem
670 2959 684 2982 ,
716 2931 872 2986 quem
907 2917 976 2968 ita
1008 2915 1058 2968 in
1089 2914 1407 2968 hodiernum
1437 2928 1610 2984 usque
1640 2915 1779 2968 diem
1819 2913 2085 2967 nominari
2106 2954 2119 2975 ,

537 3018 790 3064 auctores
821 3024 980 3078 supra
1013 3008 1211 3062 laudati
1243 3006 1544 3068 affirmant.
1587 3007 1806 3062 indubie
1852 3007 2117 3071 celebrat,

541 3119 661 3156 cum
699 3112 804 3156 lant
834 3101 982 3163 fons,
1017 3102 1082 3156 de
1110 3116 1217 3170 quo
1246 3101 1334 3164 hi,
1367 3117 1527 3170 qttam
1571 3100 1720 3164 f‘ons,
1753 3101 1817 3154 de
1851 3116 1956 3169 quo
2004 3102 2118 3166 me,

539 3197 802 3252 miraculo
835 3196 1039 3250 feratur
1069 3204 1312 3248 exortus.
1345 3194 1441 3247 Ast
1473 3208 1669 3248 verene
1715 3193 1835 3247 f‘ons
1880 3194 1924 3248 is
1957 3194 2122 3247 mitra-

541 3288 663 3342 culo
695 3302 845 3340 suam
879 3285 1074 3340 debeat
1119 3283 1416 3353 originem?
1449 3283 1502 3336 Id
1536 3283 1786 3351 equidem
1817 3296 1921 3335 non
1970 3291 2120 3351 puto.

539 3379 693 3442 Quod
721 3379 864 3432 enim
895 3392 923 3430 a
955 3377 1312 3444 scriptoribus
1342 3374 1771 3432 recentioribus.
1804 3373 1879 3426 uti
1910 3373 1994 3428 hic
2043 3373 2120 3440 fit,

537 3471 684 3525 nullo
711 3485 932 3540 prorsus
986 3470 1118 3522 vade
1146 3469 1370 3535 antiquo
1413 3466 1809 3536 adstipulante,
1862 3468 2125 3522 miraculo

550 3564 750 3618 factum
783 3561 1058 3622 asseritur.
1095 3559 1360 3614 miraculo
1394 3573 1522 3613 vere
1567 3557 1767 3612 factum
1801 3573 1952 3624 esse,
1981 3561 2124 3614 credi

550 3668 657 3707 non
689 3652 876 3714 debet,
924 3650 1026 3703 nisi
1062 3649 1200 3703 ratio
1227 3648 1446 3702 omnino
1497 3647 1668 3702 solida
1702 3663 1766 3702 ac
1797 3649 2128 3703 convincens

551 3743 883 3797 contrarium
915 3741 1159 3796 suadeat.
1203 3739 1340 3806 Quid
1377 3749 1585 3805 autem,
1617 3754 1798 3808 qumso
1818 3781 1831 3802 ,
1857 3741 2124 3803 occurrit,

546 3845 606 3890 ut
631 3834 832 3888 fontem
854 3873 868 3895 .
899 3831 990 3902 qui
1028 3847 1056 3884 a
1088 3831 1146 3886 S.
1184 3831 1432 3885 Brunone
1465 3831 1516 3884 in
1545 3829 1832 3884 Carthttsia
1867 3829 2128 3898 hodieque

549 3938 749 3978 nomen
807 3931 1120 3984 conservat,
1187 3921 1436 3990 prodigio
1495 3921 1620 3974 olim
1691 3921 2023 3985 excitatum,
2076 3921 2126 3972 itt

549 4012 789 4066 animum
856 4011 1208 4065 inducamus?
1282 4014 1360 4062 An
1411 4010 1552 4079 quod
1625 4010 1892 4078 hodieque
1955 4028 1973 4059 ς
2012 4009 2129 4064 f'ons

549 4101 612 4156 S.
666 4099 936 4154 Brunonis
975 4118 992 4149 ι
1043 4099 1304 4152 vocetur?
1343 4098 1538 4152 Verum
1587 4097 1767 4165 quidni
1825 4096 2130 4150 nomencla-

546 4192 747 4246 tionem
779 4189 920 4243 hane
948 4189 1268 4242 contrahere
1297 4196 1459 4256 atque
1510 4187 1561 4239 in
1612 4186 1930 4240 hodiernum
1963 4199 2131 4254 usque

551 4283 696 4336 diem
747 4295 1072 4334 conservare
1137 4280 1404 4349 potuerit,
1453 4278 1595 4348 quod
1654 4277 1853 4331 Sancto
1901 4277 2126 4347 ejusque

543 4371 707 4427 sociis
735 4386 960 4443 aquam,
997 4385 1157 4434 quam
1209 4369 1542 4440 quotidianis
1573 4368 1684 4422 suis
1715 4368 1902 4422 usibus
1935 4383 2124 4422 neccs-
2161 4391 2203 4445 ε)

545 4465 742 4520 sariam
770 4464 1072 4526 ltabenant,
1104 4461 1561 4515 subministrarit?
1594 4460 1729 4527 Quid
1769 4460 1822 4513 ni
1851 4460 2014 4513 etiam
2053 4459 2124 4511 ita

554 4553 735 4606 vocari
765 4553 1022 4621 pottterit,
1050 4552 1190 4620 quod
1223 4566 1386 4620 prope
1412 4565 1532 4605 eum
1564 4549 1745 4603 Bruno
1771 4549 2042 4610 cellulam,
2073 4549 2123 4600 in

547 4657 652 4710 qua
685 4641 969 4705 habitarit,
1027 4650 1366 4695 exstructam
1398 4641 1677 4695 habuerit?
1707 4640 1774 4696 Ut
1805 4649 1863 4694 ttt
1894 4641 1996 4704 sit,
2028 4639 2130 4693 Pu-

547 4743 741 4786 teanus
761 4732 1032 4802 equidem,
1069 4732 1470 4784 Blmncnvenna
1509 4741 1561 4785 et
1589 4732 1802 4790 Surius.
1821 4731 1919 4784 etsi
1945 4745 2132 4784 omnes

549 4825 711 4878 fontis
736 4825 818 4878 cui
855 4823 911 4877 S.
946 4824 1212 4877 Brunonis
1262 4823 1396 4877 cella
1445 4822 1605 4876 fuerit
1650 4820 1905 4890 adjuncta
1928 4863 1940 4884 ,
1973 4837 2129 4876 men-

549 4917 748 4968 tionem
783 4915 1010 4976 faciant,
1044 4914 1110 4967 de
1157 4913 1419 4966 miraculo
1467 4921 1644 4966 tamen
1669 4955 1681 4975 ,
1714 4929 1820 4980 quo
1853 4913 1939 4968 hic
1970 4912 2132 4966 fuerit

547 5006 844 5068 excitatus,
877 5005 1041 5056 altum
1074 5003 1265 5065 silent,
1297 5004 1387 5071 qui
1423 5013 1600 5056 tamen
1625 5045 1638 5066 ,
1674 5020 1736 5057 ac
1765 5005 1998 5057 maxime
2031 5004 2132 5056 Pu-

550 5108 766 5161 teanus,
824 5105 1010 5165 utpote
1073 5097 1155 5150 cui
1217 5095 1497 5148 Zacharire
1571 5095 1845 5148 Benedicti
1909 5096 2131 5150 metrica

549 5187 611 5240 S.
643 5187 907 5240 Brunonis
931 5185 1048 5238 Vita
1069 5229 1083 5252 ,
1120 5187 1171 5239 itt
1197 5201 1301 5253 qua
1342 5186 1392 5238 id
1431 5193 1783 5247 memoratur,
1810 5201 1952 5240 anno
1981 5187 2128 5250 1510,

548 5293 641 5332 seu
712 5277 1084 5348 quinquennio
1150 5286 1442 5346 antequam
1482 5291 1632 5328 suam
1685 5276 1749 5328 de
1797 5275 1899 5329 hoc
1946 5286 2133 5330 saneto

549 5366 711 5421 Patre
758 5383 856 5422 suo
885 5368 1313 5421 Iucubrationent
1348 5368 1659 5427 adornaret.
1687 5365 1752 5419 ab
1778 5366 2009 5435 ipsomct
2039 5382 2134 5420 an-

549 5465 698 5510 ctore
730 5458 988 5526 inscripta
1023 5473 1085 5512 ac
1117 5458 1363 5511 dedicata
1421 5456 1612 5520 fuerit,
1659 5466 1940 5526 perspecta
1993 5459 2134 5510 haud

551 5545 733 5608 dubie,
756 5561 876 5614 qua:
900 5547 964 5600 de
996 5547 1306 5616 prodigioso
1339 5547 1486 5602 fonte
1523 5546 1863 5610 dicebantur,
1895 5548 2135 5618 apprime

553 5637 886 5707 habuerunt;
919 5651 972 5694 ιιι
1002 5640 1227 5711 proinde
1275 5641 1488 5697 silentio
1523 5655 1620 5695 suo
1666 5656 1727 5694 ea
1760 5641 1861 5695 sibi
1915 5642 2134 5695 minime

2218 1842 2384 1895 puos,
2428 1829 2622 1896 quibus
2670 1829 2928 1883 metricus
2981 1829 3068 1884 ille
3121 1830 3451 1898 biograpltus
3495 1845 3598 1884 rem
3643 1833 3750 1882 hanc

2218 1919 2475 1974 describit
2513 1935 2574 1973 ae
2604 1921 2868 1984 celebrat,
2903 1921 3006 1975 lnte
3059 1922 3388 1976 transcribo.
3419 1923 3506 1977 Sic
3547 1923 3748 1976 habent:

2285 2006 2508 2070 Jamque
2539 2009 2648 2062 dies
2672 2009 2914 2062 solemnis
2949 2019 3058 2062 erat
3076 2051 3090 2074 ,
3117 2027 3221 2079 quo
3249 2011 3491 2063 machina
3517 2025 3701 2078 surgens

2293 2097 2534 2167 Hospitio
2561 2109 2760 2167 poterat
2790 2101 3072 2154 monachos
3105 2117 3316 2153 servare
3346 2101 3557 2152 decenti.

2292 2183 2445 2254 [Iugo
2473 2187 2568 2239 ciet
2591 2187 2786 2240 clerum
2818 2188 3052 2256 civesque
3085 2188 3272 2242 invitat
3301 2190 3363 2240 ab
3396 2189 3516 2240 urbe

2290 2277 2370 2328 Ad
2399 2293 2629 2330 summos
2663 2277 2835 2329 aditus
2876 2275 3179 2345 incultaque
3209 2277 3397 2330 limina
3439 2276 3612 2328 montis

2306 2365 2519 2420 Visuros
2547 2367 2664 2435 ﬁeri
2701 2367 2873 2434 festivi
2901 2369 3132 2420 encwnia
3163 2367 3360 2436 templi.

2295 2457 2394 2510 zEs
2427 2458 2646 2512 sublime
2677 2468 2826 2512 sonat
2846 2498 2860 2523 ,
2889 2459 3186 2528 clamatque
3216 2460 3285 2511 ad
3310 2459 3440 2528 festa
3479 2468 3698 2511 calerras.

2295 2549 2438 2603 Tunc
2467 2549 2684 2603 delubra
2713 2559 2935 2618 parant,
2986 2549 3232 2619 foliisque
3267 2550 3545 2603 virentibus
3579 2555 3750 2601 ornant.

2293 2641 2518 2709 Aptatur
2537 2640 2708 2708 paries
2732 2639 2936 2692 hederis
2959 2679 2974 2704 ,
2997 2640 3256 2707 pendente
3287 2640 3558 2708 corymbo;

2297 2728 2466 2798 Ilique
2495 2728 2658 2798 ligant
2687 2728 2883 2791 buxos,
2915 2737 2962 2781 et
2984 2745 3114 2795 quas
3151 2727 3391 2782 Tritonia
3421 2727 3614 2795 frondes

2297 2817 2608 2882 Servat;ab
2652 2816 2868 2870 excelsis
2898 2817 3129 2869 trabibus
3163 2815 3362 2871 Peneia
3384 2817 3557 2868 laurus

2301 2906 2531 2962 Fronde:
2550 2948 2563 2972 ,
2592 2917 2638 2961 et
2667 2908 2884 2960 hirsuta:
2913 2916 3097 2961 coeunt
3123 2907 3174 2960 in
3195 2918 3339 2962 serta
3367 2908 3566 2976 myricaz

2301 2996 2632 3066 Spargttntur
2661 2997 2816 3066 ﬂores
2853 2996 3102 3066 violceque
3123 3013 3217 3066 per
3249 2998 3420 3050 ardua
3453 3005 3577 3048 tecta

2297 3088 2434 3140 Lilia
2463 3104 2565 3140 non
2610 3087 2830 3150 desunt,
2864 3087 3160 3150 narcissus,
3193 3090 3452 3140 achantus
3474 3095 3516 3138 ct
3540 3099 3652 3153 opus

2301 3178 2688 3247 Purpureteque
2717 3193 2881 3241 reste;
2909 3193 3025 3246 qua:
3066 3193 3158 3246 per
3184 3179 3357 3230 vicina
3379 3175 3590 3230 nrinistri

2299 3267 2504 3337 Oppida
2533 3267 2798 3336 legerunt;
2828 3282 3010 3319 crocus
3040 3277 3114 3320 est
3157 3279 3202 3320 et
3236 3279 3436 3337 myrtus
3471 3265 3634 3319 odora.

2298 3355 2428 3412 Esse
2453 3359 2536 3410 hic
2564 3355 2838 3412 I’wstanos
2869 3357 3042 3410 hortos
3075 3369 3122 3411 et
3155 3375 3283 3412 rura
3319 3369 3545 3429 putares.

2302 3447 2405 3501 llic
2435 3447 2610 3501 aulaea
2633 3457 2842 3516 patent;
2871 3448 2955 3501 hic
2977 3448 3118 3516 picta
3147 3451 3344 3518 tapetia
3385 3448 3571 3516 fulgent

2307 3537 2456 3592 Misit
2484 3537 2832 3606 ephemeridas
2863 3537 3038 3590 varias
3065 3548 3112 3591 et
3143 3554 3362 3608 munera
3387 3533 3571 3606 pra'sul

2300 3629 2381 3682 Ad
2415 3645 2546 3683 nova
2580 3629 2755 3698 phana
2776 3669 2789 3690 ,
2829 3628 3016 3694 quibus
3048 3629 3186 3681 muri
3209 3629 3516 3698 'tegerentur
3537 3633 3579 3678 et
3602 3636 3705 3674 artr.

2303 3715 2458 3771 Ostro
2481 3726 2528 3770 et
2556 3717 2840 3770 luminibus
2871 3715 3080 3770 stellant
3120 3716 3320 3770 altaria
3349 3717 3556 3769 circum.

2300 3809 2426 3863 482.
2469 3808 2730 3863 Versibus
2778 3807 2862 3862 his
2910 3807 3238 3862 Benedictus
3287 3808 3421 3862 alios
3488 3799 3759 3858 nonnullos.

2231 3901 2424 3969 quibus
2461 3901 2606 3970 ipsos
2640 3900 2804 3954 etiam
2837 3898 3114 3955 etrlicolas
3143 3900 3208 3952 ad
3243 3898 3623 3955 solemnitatem
3654 3905 3758 3944 con-

2234 3991 2444 4046 venisse
2473 3998 2772 4053 memorat,
2807 4005 2900 4044 seu
2931 3990 3113 4059 potius
3163 4005 3314 4044 more
3340 3988 3574 4058 poetico,
3595 3992 3639 4038 et
3665 3979 3758 4047 qui-

2233 4085 2352 4137 dem
2392 4098 2497 4137 non
2533 4083 2699 4147 nihil,
2733 4099 2894 4153 quam
2955 4097 3055 4150 par
3101 4083 3202 4145 sit,
3257 4080 3552 4142 licentiori,
3603 4072 3760 4141 Ιίιιείῑς

2235 4191 2357 4228 mox
2388 4177 2689 4242 subnectit,
2721 4192 2786 4231 ac
2831 4177 3026 4230 deinde
3060 4176 3136 4229 ita
3171 4175 3520 4245 prosequitur
3550 4189 3562 4223 :

2309 4265 2513 4320 l’m'sul
2545 4267 2722 4331 adest,
2755 4283 2937 4320 sacras
2961 4267 3116 4320 solito
3155 4269 3292 4336 capit
3318 4266 3496 4319 ordine
3515 4269 3660 4316 veste:-

2306 4358 2370 4412 Et
2397 4360 2551 4413 decus
2583 4361 2795 4429 imponit
2829 4361 3017 4429 capiti,
3059 4359 3374 4427 biﬁdamque
3408 4359 3606 4412 tiaram.

2305 4449 2506 4504 Fumus
2536 4452 2785 4504 odoratus
2812 4452 3018 4504 veniens
3050 4468 3075 4503 e
3102 4453 3253 4506 thure
3285 4452 3472 4507 Saba'o

2305 4541 2474 4593 Altius
2505 4540 2756 4600 ascendit,
2781 4539 3040 4608 phanique
3071 4540 3334 4593 rolumina
3358 4534 3587 4599 complet.

2307 4631 2553 4700 Ροηεὶβεὶ
2584 4633 2882 4684 cathedram
2909 4642 3058 4700 parat
3090 4633 3175 4685 ille
3195 4675 3206 4694 .
3233 4634 3316 4686 hic
3341 4632 3564 4698 stragula
3591 4616 3754 4676 s‘ernit.

2301 4723 2525 4792 Jamque
2557 4722 2856 4775 sacet’dotes
2888 4738 3034 4792 a'quo
3067 4723 3369 4777 discrimine
3397 4732 3567 4775 vocum

2307 4812 2574 4880 Incipiunt
2601 4823 2786 4864 cantus
2807 4853 2821 4874 ,
2854 4812 3040 4864 rutilas
3067 4815 3296 4883 assurgit
3322 4813 3389 4866 ad
3417 4825 3532 4863 aras

2313 4901 2506 4955 Pastor
2527 4913 2574 4955 et
2605 4905 2788 4955 erectis
2813 4903 2926 4956 cazli
2951 4904 3017 4955 ad
3044 4903 3256 4973 fastigia
3280 4902 3467 4972 palmis

2311 4994 2536 5064 Mystiea
2564 5004 2749 5046 sancta
2779 4993 2893 5046 litat
2923 4995 3125 5061 superis
3157 5004 3204 5046 et
3235 5008 3448 5046 munera
3473 4987 3606 5040 libat.

2309 5083 2603 5153 Implentur
2631 5083 2872 5150 clangore
2900 5083 3037 5135 tuba:
3055 5122 3070 5146 ,
3096 5100 3223 5136 caua
3246 5082 3372 5135 tibia
3395 5079 3563 5133 dulces

2307 5179 2384 5230 Ad
2418 5193 2658 5230 numeros
2687 5176 2906 5244 inflabat
2937 5177 3084 5236 ebur,
3119 5178 3246 5229 dant
3279 5189 3472 5243 organa
3499 5168 3704 5238 plausus.

2310 5270 2582 5320 Atternant
2608 5265 2726 5318 litui
2757 5266 2949 5334 partito
2977 5267 3209 5320 carmine
3240 5279 3446 5325 rersus;

2317 5359 2522 5412 Plectra
2556 5357 2784 5426 lyrazquc
2825 5358 3084 5412 aderant.
3132 5355 3450 5422 Phwbeaque
3499 5352 3661 5482 cuncqt
3696 5351 3761 5384 κει·

3527 5435 3617 5484 fuel
3636 5445 3701 5483 ex.

3527 5439 3701 5508 [pelli-1.

2311 5546 2532 5599 Dedicat
2566 5545 2764 5596 interea
2791 5544 3038 5613 templum
3081 5543 3462 5608 claustrumque
3497 5523 3729 5585 sacerdos.

2312 5637 2488 5707 Sitque
2514 5651 2654 5688 norw
2695 5636 2870 5687 domui
2907 5652 3087 5688 nomen
3120 5633 3398 5688 Carthusia
3423 5621 3644 5680 mamlat.
