3814 6306
161 331 243 386 ,9;
1639 287 1854 362 ACTA.‘
3273 301 3326 359 2:

1725 432 1776 488 Α
1804 422 1831 491 §
1876 436 2003 500 xxxv
2035 420 2085 474 in
2118 419 2353 474 medium
2390 417 2619 472 adducta
2645 430 2757 485 jam
2785 425 2928 470 sunt.
2973 415 3082 469 Nec
3105 424 3208 481 est,
3239 416 3381 486 quod

209 441 595 510 Condendasque
621 438 801 490 dantes
833 433 1104 486 habituras
1155 443 1340 482 nomen
1381 425 1444 478 ab
1473 423 1604 478 illa.‘

217 532 413 586 Pra'dia
444 529 681 591 donavit,
711 525 922 579 donavit
966 521 1182 592 pinguia
1209 518 1344 572 villa:

213 623 392 692 Jugera
411 660 425 682 ,
457 635 556 689 quo
587 615 828 670 monachi
865 615 976 667 sine
1006 619 1208 681 quwstu
1236 609 1399 661 vivere
1420 604 1640 674 possint.

159 716 220 769 lta
255 711 489 765 laudatus
514 708 770 762 metricus
800 703 987 759 Sancti
1032 699 1204 756 nostri
1234 696 1588 766 biographus.
1634 693 1701 756 Et

159 816 266 856 vero
285 797 578 854 Carthusia:
600 793 908 854 ecclesiam,
932 805 1055 845 eum
1079 787 1145 841 ad
1169 784 1482 840 umbilicum
1511 781 1702 836 fuisset

157 893 388 952 adducta,
419 903 451 939 a
497 886 553 940 S.
589 883 839 954 llugone,
873 875 1378 947 GratianOpolitano
1415 872 1696 942 episcopo,

160 989 500 1036 consecratam
533 975 724 1037 fuisse,
759 971 1160 1040 unusquisque,
1199 974 1458 1037 quantum
1487 963 1698 1033 opinor,

157 1073 294 1124 etiam
323 1070 526 1135 absque
553 1065 688 1118 vade
721 1063 943 1130 antiquo
976 1059 1138 1114 facile
1169 1057 1383 1123 credet,
1416 1055 1522 1112 etsi
1565 1054 1701 1106 intc-

159 1163 241 1216 rim
269 1169 410 1212 tanto
444 1158 495 1211 id
526 1163 822 1226 apparatu,
855 1160 1060 1222 quanto
1107 1150 1196 1204 hic
1244 1149 1508 1212 Innuitur,
1538 1159 1700 1216 pera-

157 1261 275 1305 ctum
305 1247 500 1310 fuisse,
527 1245 856 1316 persuadere
885 1249 1046 1294 natus
1075 1237 1312 1302 haudsit
1356 1237 1401 1291 is
1441 1236 1698 1305 scriptor,

156 1341 227 1408 qui
256 1348 605 1406 pnuterquam
653 1334 795 1402 quod
825 1348 852 1386 a
887 1345 946 1385 re
989 1338 1143 1397 gesta
1184 1335 1420 1398 quatuor
1471 1324 1702 1393 amplius

157 1429 337 1484 seculis
364 1437 606 1481 remotus
638 1423 863 1487 vixerit,
899 1428 1181 1491 poetarum
1219 1417 1457 1487 loquitur
1489 1416 1540 1469 in
1588 1429 1702 1468 mo-

157 1534 273 1581 rem,
303 1517 387 1588 qui
419 1516 740 1584 plcrumque
774 1526 891 1575 res,
921 1524 1057 1580 quas
1097 1514 1363 1570 tractant,
1415 1504 1585 1558 variis
1632 1503 1697 1555 li-

157 1607 380 1674 gmentis,
404 1612 849 1658 ornamentorum
873 1597 1270 1669 quodammodo
1310 1595 1484 1650 locum
1515 1603 1701 1648 tenen-

157 1697 300 1762 tibus,
327 1695 683 1766 amplificant.

3273 301 3380 359 ΞΜ

1804 525 2054 578 reponas,
2073 509 2331 564 Sanctum
2363 526 2391 562 a
2419 507 2662 576 Guigone
2687 507 2737 559 in
2771 505 2827 560 S.
2875 505 3116 576 llugonis
3166 506 3381 560 Gratia-

1802 599 2094 668 nopolitani
2142 600 2264 654 Vita
2315 613 2378 652 eo
2418 598 2556 663 loco,
2613 611 2719 666 quo
2744 596 2810 649 ad
2866 597 3011 650 hunc
3068 597 3368 651 accessisse

1801 701 2074 754 narratur,
2105 689 2346 759 Magistri
2375 689 2528 744 titulo
2558 685 3009 748 condccorari,ac
3037 686 3192 754 proin
3227 700 3374 751 eum,

1804 795 1923 834 cum
1972 784 2040 834 ad
2098 780 2155 834 S.
2207 781 2482 850 l-lugonem
2533 778 2783 841 accessit,
2839 776 3022 829 habitu
3077 777 3380 832 monastico

1805 870 2050 924 indutum
2076 871 2313 924 nondum
2346 869 2530 932 fuisse,
2555 869 2755 922 nedum
2779 866 3102 927 monachum
3124 866 3375 929 exstisst‘,

1803 969 2162 1029 praeterquam
2215 960 2358 1014 enim
2410 960 2551 1028 quod
2587 967 2697 1011 tum
2731 957 2984 1018 Sanctus,
3019 956 3144 1024 quia
3177 972 3206 1009 a
3239 955 3382 1009 Lan-

1804 1049 1967 1102 duino
2008 1048 2255 1116 aliisque,
2285 1047 2375 1116 qui
2405 1061 2525 1100 cum
2549 1061 2613 1100 co
2637 1045 3064 1114 Gratianopolim
3091 1054 3374 1108 venerant,

1805 1155 1972 1208 seque
1996 1139 2048 1192 in
2078 1139 2222 1192 illius
2247 1137 2586 1206 disciplinam
2621 1137 2899 1199 dederant,
2947 1135 3182 1204 Magistri
3221 1136 3376 1189 titulo

1806 1233 2193 1294 honorabatur,
2219 1231 2474 1301 magister
2497 1245 2525 1282 a
2553 1229 2793 1298 Guigone
2823 1229 3080 1298 appellari
3114 1229 3372 1298 potuerit,

1803 1325 1979 1394 potuit
2002 1326 2190 1387 etiam,
2222 1333 2280 1379 ut
2309 1335 2367 1378 ut
2399 1325 2747 1378 Remensium
2790 1324 3098 1378 scholarum
3127 1323 3384 1393 magiste-

1807 1417 1887 1471 rio
1915 1433 2007 1472 seu
2037 1417 2353 1486 prmfectura
2380 1419 2490 1486 jam
2524 1433 2640 1473 sese
2653 1419 2980 1482 abdicasset,
3014 1418 3084 1471 ita
3114 1418 3290 1472 adlmc
3308 1417 3378 1470 ob

1808 1508 1860 1561 id
1903 1507 2031 1560 olim
2087 1516 2298 1576 gestum
2342 1508 2546 1562 vocari.
2581 1507 2658 1562 Ae
2707 1507 2994 1577 posteriori
3031 1507 3247 1576 quidem
3279 1507 3381 1560 hoc

1806 1612 1965 1650 sensu
1998 1595 2258 1650 Sanctum
2292 1612 2320 1648 a
2351 1597 2593 1667 Guigone
2616 1598 2794 1650 vocari
2821 1596 3139 1667 Magistrum
3180 1596 3382 1650 idcirco

1717 1701 1722 1706 '
1805 1685 2076 1750 existimo,
2103 1685 2245 1753 quod
2271 1685 2468 1741 ibidem
2500 1694 2554 1739 et
2593 1685 2905 1740 Landuinus
2933 1684 3188 1755 Magister
3219 1685 3286 1736 ab
3314 1698 3380 1737 co

209 1786 318 1840 £85.
358 1783 561 1838 Verum
590 1783 816 1836 multum
843 1781 1015 1846 abest,
1040 1787 1100 1834 ut
1128 1793 1396 1848 propenso
1423 1777 1559 1830 adeo
1584 1789 1702 1830 cre-
1735 1769 1776 1824 B
1804 1782 2045 1838 vocetur,
2077 1788 2175 1828 nec
2211 1773 2314 1828 alia
2349 1775 2413 1829 de
2434 1789 2615 1838 causa,
2649 1791 2808 1844 quam
2865 1774 3009 1844 quod
3044 1774 3172 1828 olim
3222 1774 3383 1828 scho-

157 1875 282 1939 tlam,
311 1888 428 1943 qua:
456 1873 656 1928 deinde
700 1871 841 1926 idem
873 1870 1196 1925 Benedictus
1225 1869 1430 1936 absque
1460 1865 1568 1920 ullo
1607 1879 1702 1934 pa-

157 1963 262 2018 riter
287 1964 414 2018 vade
443 1972 672 2030 antiquo
692 1960 856 2015 tradit
875 1960 940 2014 de
970 1959 1156 2015 habitu
1189 1957 1515 2022 monastico,
1541 1971 1699 2025 quem

158 2051 203 2105 S.
236 2052 400 2108 Bruno
434 2051 664 2120 ejusque
691 2050 823 2104 socii
849 2063 914 2104 eo
941 2048 1057 2118 ipso
1091 2047 1211 2112 die,
1239 2061 1347 2116 quo
1383 2059 1703 2116 praememo-

157 2149 247 2193 rata
269 2140 673 2196 (larthusiensis
718 2137 963 2194 ecclesiae
999 2137 1275 2216 [dedicatio
1336 2136 1478 2190 facta
1527 2143 1639 2200 est,
1672 2149 1702 2188 a

158 2229 201 2284 S.
227 2232 436 2302 llugone
465 2231 828 2301 susceperint.
863 2229 1031 2295 Audi,
1062 2229 1154 2300 qui
1192 2245 1308 2283 rem
1346 2229 1492 2282 illam
1518 2228 1701 2282 statim

157 2331 286 2390 atque
306 2323 604 2378 solemnem
622 2321 864 2377 ecclesiae
883 2319 1284 2375 Carthusiensis
1307 2320 1702 2374 dedicationem

159 2412 334 2478 retulit,
363 2415 598 2469 metrice
625 2419 876 2481 exponat.
915 2409 1072 2465 Hisce
1103 2409 1220 2478 ejus
1250 2409 1424 2463 oratio
1451 2408 1700 2464 versibus

157 2503 418 2572 concipitur
453 2522 469 2558 :

212 2581 336 2647 Tunc
359 2595 526 2665 adyta
557 2593 848 2663 ingreditur
875 2591 1056 2646 Bruno
1076 2633 1090 2658 ,
1119 2592 1330 2662 senique
1354 2589 1560 2644 sodales
1579 2629 1594 2657 ,

209 2681 438 2752 Singulas
475 2685 694 2737 exuitur
723 2683 969 2752 preciosis
1002 2693 1155 2751 atque
1193 2682 1418 2735 lacernis

210 2771 438 2826 Mollibus
459 2813 476 2838 ,
504 2783 664 2842 atque
693 2773 906 2825 trahunt
937 2771 1172 2841 crepidas
1197 2787 1224 2824 e
1253 2769 1493 2824 cruribus
1527 2786 1701 2824 omnes

210 2862 504 2932 Confestim,
542 2865 756 2918 tondent
795 2879 1041 2934 generoso
1063 2880 1090 2917 e
1112 2863 1296 2918 vertice
1327 2864 1528 2927 crines,

209 2955 449 3023 .lpparcnt
472 2957 732 3027 jurenum
760 2971 1008 3026 generosa
1037 2965 1084 3010 et
1112 2955 1278 3009 lactea
1317 2959 1570 3020 membra,

213 3043 496 3117 Nudatique
529 3057 769 3110 manent,
799 3047 1112 3117 genibusque
1135 3054 1183 3100 et
1206 3061 1420 3114 corpore
1449 3046 1592 3114 ﬂexi.

210 3135 379 3192 Dulcia
419 3141 660 3192 mittebat
687 3138 913 3208 suspiria
939 3148 1116 3208 pectus
1137 3137 1416 3200 anhelum;

211 3227 306 3283 Nec
323 3242 567 3298 poterant
599 3234 817 3285 retinere
841 3231 953 3301 pios
985 3231 1070 3300 pia
1099 3241 1308 3299 pectora
1331 3229 1594 3294 planctus.

212 3320 516 3392 0_jurenum
547 3323 745 3393 fervor,
768 3322 974 3392 divique
995 3321 1216 3390 a/fectus
1245 3320 1474 3374 amoris!

210 3412 428 3468 Candida
455 3415 688 3468 doctoris
719 3413 1044 3484 fratrumque
1069 3413 1348 3467 tenerrima
1373 3413 1531 3465 dorsa

210 3502 322 3558 Mox
357 3508 524 3576 operit
550 3506 733 3575 lugens
767 3506 972 3558 cilicino
1003 3505 1225 3574 tegmine
1255 3515 1455 3571 pastor,

208 3595 352 3664 Atque
374 3598 494 3649 rudi
519 3613 705 3661 sacco,
735 3597 1036 3663 niveumque
1072 3593 1288 3663 imponit
1313 3595 1560 3648 amictum

216 3685 408 3756 Virgine
438 3689 506 3742 de
533 3686 688 3752 lana,
719 3687 863 3740 nivea
887 3697 994 3738 tum
1019 3689 1248 3739 cannabe
1271 3685 1459 3754 cingit,

210 3778 354 3846 Atque
382 3781 510 3849 tegit
534 3777 778 3846 scapulas
805 3777 922 3831 albo
966 3777 1245 3846 clausoque
1275 3776 1480 3830 cucullo
1502 3815 1516 3840 ,

211 3866 455 3922 Indicium
485 3879 700 3923 a‘terna:
721 3869 980 3922 clausura:
1007 3867 1396 3936 munditiwque.

211 3959 495 4016 lnnumera:
529 3961 772 4015 astabant
797 3965 983 4026 turbte,
1015 3962 1284 4029 cunctique
1321 3959 1595 4028 gemebant

215 4047 310 4103 Hoc
345 4061 495 4105 tanto
529 4050 760 4121 exemplo
788 4052 914 4104 moti
941 4059 987 4103 et
1019 4049 1292 4102 dulcedine
1319 4059 1484 4102 tanta.

211 4143 318 4197 484.
360 4145 530 4200 Addit
581 4153 843 4214 prarterea
890 4143 1140 4198 laudatus
1213 4143 1470 4197 metricus
1513 4143 1698 4197 Sancti

161 4237 296 4289 nostri
347 4237 702 4308 biographus,
759 4235 1106 4302 angelorum,
1163 4241 1325 4288 rebus
1383 4234 1465 4288 die
1505 4233 1591 4286 illa
1645 4234 1697 4288 in

159 4325 405 4384 Carthusia
479 4329 651 4400 gestis
720 4327 1199 4398 applaudcutium,
1255 4341 1415 4381 voces
1487 4327 1700 4381 auditas

1805 1863 1978 1918 larmn
2031 1865 2232 1920 alicubi
2306 1866 2677 1937 Magisterium
2755 1867 3044 1936 gessisset,
3106 1866 3383 1920 altiorisvc

1804 1955 2013 2009 ordinis
2040 1957 2297 2012 scientias
2351 1958 2650 2021 docuisset,
2701 1957 2819 2012 talis
2855 1958 2979 2012 huic
3019 1957 3381 2012 nomenclatio

1804 2046 2050 2101 videatur
2079 2049 2321 2117 potuisse
2351 2050 2595 2104 attribui.
2638 2049 2705 2105 Ut
2733 2058 2790 2103 ut
2818 2050 2910 2114 sit,
2943 2050 3198 2105 Sanctum
3229 2051 3384 2119 equi-

1805 2136 1924 2190 dem
1951 2151 2015 2190 ox
2043 2151 2127 2202 eo,
2159 2139 2299 2206 quod
2330 2153 2361 2192 a
2405 2137 2647 2209 Guigone
2671 2153 2736 2194 eo
2765 2139 2914 2202 loco,
2945 2154 3053 2208 quo
3105 2141 3171 2193 ad
3205 2139 3380 2208 llugo.

1803 2241 1950 2290 nem,
1982 2226 2543 2298 Gratianopolitanum
2574 2229 2906 2301 episcomun,
2938 2247 3057 2284 cum
3088 2247 3182 2285 sex
3217 2233 3382 2285 sociis

1803 2323 2132 2374 accesssisse
2180 2330 2455 2387 narratur,
2516 2321 2772 2392 magister
2799 2331 3162 2391 mmeupetur,
3199 2322 3382 2376 habitu

1803 2409 2106 2462 monastico
2137 2409 2383 2464 indutum
2431 2419 2541 2464 tum
2573 2412 2812 2465 nomium
2857 2411 3043 2477 fuisse,
3082 2412 3234 2483 argui
3274 2428 3384 2467 non

1805 2505 2001 2566 potest,
2033 2513 2157 2552 cum
2188 2500 2353 2554 etiam
2405 2501 2457 2555 in
2501 2502 2690 2555 charta
2735 2502 3044 2558 donationis
3086 2503 3387 2560 Carthusia:

1806 2593 1944 2648 infra
1983 2595 2087 2649 huc
2143 2595 2579 2662 transcribenda,
2612 2597 2850 2666 dataque
2893 2612 3037 2652 anno
3087 2597 3253 2663 1086,
3279 2613 3386 2668 quo

1806 2685 2224 2741 Carthusianum
2255 2687 2595 2756 bienniojam
2623 2698 2836 2759 egerat,
2862 2689 3116 2760 Magister
3137 2701 3380 2754 vocetur,

1805 2777 2102 2847 eodemque
2125 2778 2286 2832 etiam
2322 2779 2492 2841 titulo,
2525 2794 2646 2833 cum
2671 2790 2794 2849 post
2819 2781 2870 2834 in
2894 2795 3077 2836 eremo
3099 2780 3385 2836 Calabrina

1804 2867 1910 2937 iam
1942 2877 2272 2932 versaretur,
2295 2870 2362 2923 ad
2384 2879 2614 2925 mortem
2638 2883 2807 2940 usque
2834 2872 3132 2926 honoratus
3156 2872 3341 2926 fuerit.

1875 2960 2000 3015 485.
2040 2961 2118 3015 Ad
2145 2961 2358 3015 vivendi
2415 2961 2654 3027 modum,
2683 2977 2842 3030 quem
2891 2961 3123 3017 Sanctus
3156 2961 3386 3032 ejusque

1808 3051 1938 3104 socii
1972 3050 2025 3103 in
2053 3048 2343 3104 Carthusia
2395 3050 2690 3114 tenuerint,
2739 3065 3043 3105 sermonem
3073 3053 3230 3107 modo
3260 3067 3389 3106 eon-

1809 3150 2103 3196 vertamus.
2151 3140 2322 3207 Quem
2369 3139 2426 3194 S.
2488 3139 2670 3194 Bruno
2726 3139 2952 3210 ejusque
3001 3141 3134 3196 socii
3166 3141 3216 3196 in
3254 3141 3388 3196 Car-

1809 3233 1985 3285 thusia
2035 3239 2320 3286 tenuerunt
2371 3230 2582 3286 vivendi
2637 3230 2878 3296 modum,
2919 3232 3168 3286 eumdem
3220 3233 3384 3287 etiam

1807 3332 1899 3376 aut
1923 3332 2069 3377 certe
2101 3337 2207 3376 non
2238 3322 2463 3376 multum
2498 3321 2800 3378 absimilem
2839 3337 3109 3388 servasse,
3137 3324 3227 3393 qui
3251 3340 3387 3393 qua-

1807 3415 2053 3483 draginta
2086 3414 2323 3468 nondum
2380 3423 2501 3484 post
2530 3411 2713 3468 Sancti
2741 3414 2947 3468 obitum
2981 3414 3180 3486 elapsis
3228 3417 3387 3472 annis

1806 3521 1898 3560 seu
1928 3505 2076 3560 Petri
2125 3504 2463 3560 Venerabilis
2520 3514 2679 3561 aetate
2728 3505 3048 3573 floruerunt,
3106 3508 3387 3580 religiosos

1805 3593 2206 3649 Carthusiensis
2225 3595 2394 3650 erenti
2427 3595 2651 3659 incolas,
2684 3595 3068 3666 ambigendum
3086 3612 3189 3652 non
3221 3613 3386 3668 appa-

1805 3697 1908 3742 ret.
1948 3686 2018 3742 Ut
2047 3702 2192 3759 ergo,
2238 3703 2400 3756 quam
2456 3687 2528 3742 illi
2580 3688 2796 3742 vivendi
2858 3689 3127 3745 rationem
3185 3689 3388 3744 fut-rint

1807 3783 2000 3848 secuti,
2029 3783 2288 3837 lectorem
2326 3791 2619 3851 utcumque
2661 3783 2940 3847 edoceam,
2981 3781 3112 3837 Vita!
3141 3784 3208 3838 ab
3239 3784 3386 3839 hisce

1806 3876 1979 3930 ductae
1998 3875 2170 3945 capita
2227 3874 2494 3944 prmcipua
2537 3889 2566 3927 e
2617 3874 2777 3928 Petro
2809 3872 3116 3929 Venerabili
3147 3876 3194 3930 ei
3227 3877 3381 3931 cvhi-

1806 3967 1927 4022 beo.
1988 3966 2089 4022 llic
2158 3966 2344 4035 itaque
2393 3965 2642 4035 scriptor,
2691 3966 2795 4021 fide
2844 3967 3027 4036 utique
3086 3967 3186 4023 hac
3232 3969 3282 4022 in
3327 3983 3386 4022 re

1805 4059 1961 4129 longe
2007 4057 2373 4128 dignissimus,
2424 4056 2516 4110 lib.
2553 4073 2588 4111 ll
2621 4057 2694 4112 De
2728 4057 3020 4123 miraculis,
3046 4073 3161 4129 cap.
3199 4059 3290 4126 28,
3319 4059 3386 4112 de

1806 4145 1888 4199 sui
1923 4145 2180 4215 temporis
2223 4145 2595 4201 Carthusianis
2640 4147 2712 4200 ita
2741 4156 3005 4202 memorat
3041 4165 3054 4200 :
3085 4167 3103 4199 ι
3150 4148 3228 4203 Ad
3254 4149 3386 4204 edn-

1802 4235 2059 4289 mandum
2097 4236 2401 4305 jumcntum
2429 4237 2672 4305 corporis
2701 4237 2806 4299 sui,
2837 4248 2890 4291 ct
2917 4237 2983 4289 ad
3026 4237 3382 4304 subigendam

1798 4327 1951 4398 juxta
1995 4328 2311 4397 Apostolum
2340 4329 2509 4398 legem
2541 4333 2907 4383 membrorum
2943 4344 3188 4391 suorum,
3225 4343 3384 4398 repu-

161 4417 537 4476 luisse.V’ertrtn
566 4421 631 4475 de
665 4421 846 4476 rehac
874 4419 1200 4474 censendum
1233 4419 1360 4488 quid
1391 4419 1480 4482 sit,
1541 4417 1698 4473 facile
1737 4451 1780 4504 Β
1807 4429 2059 4489 gnantcm
2116 4420 2216 4490 legi
2266 4421 2461 4473 tuentis
2517 4435 2646 4482 sum,
2713 4419 2864 4473 duris
2925 4433 3142 4472 carnem
3193 4419 3387 4474 ciliciis

159 4509 324 4577 cxjam
359 4513 524 4567 dictis
556 4511 784 4582 quisque
815 4511 1108 4580 intelliget;
1143 4511 1282 4578 quod
1311 4525 1437 4564 vero
1467 4510 1703 4579 pertinet

161 4599 209 4651 ad
243 4602 474 4657 habitum
508 4603 884 4668 monasticum,
907 4616 1066 4670 quem
1103 4609 1226 4654 tunc
1260 4599 1439 4653 Bruno
1476 4600 1703 4668 ejusque

161 4693 262 4747 socii
287 4697 348 4750 ab
375 4696 605 4765 llngone
634 4694 1130 4764 Gratianopolitano
1161 4693 1415 4762 episeopo
1469 4708 1698 4762 accepe-

163 4781 273 4848 rint,
329 4789 428 4840 etsi
461 4786 678 4856 quidem
711 4827 724 4851 ,
762 4787 906 4854 ipso;
957 4785 1010 4836 in
1067 4781 1359 4836 Carthusia
1421 4781 1703 4837 vilioribus

163 4876 623 4946 asperioribusquc,
684 4890 843 4944 quam
899 4884 1042 4938 ante,
1077 4873 1318 4928 vestibus
1347 4889 1474 4927 usos
1500 4887 1639 4938 esse,
1673 4887 1702 4926 c

163 4959 287 5017 l‘t-tro
309 4964 610 5021 Venerabili
646 4966 739 5020 lib.
772 4984 807 5020 ιι
837 4966 909 5019 Dc
939 4966 1234 5029 miraculis,
1270 4981 1385 5033 cap.
1411 4966 1501 5027 9.8,
1547 4966 1699 5020 colli-

164 5060 356 5120 gendum
385 5068 664 5130 appareat,
691 5060 949 5114 Sanctum
985 5068 1160 5112 tamen
1185 5058 1371 5111 habitu
1401 5060 1700 5113 monastico

165 5149 214 5197 ab
244 5150 450 5221 llugoue
497 5155 728 5224 primum
775 5151 940 5206 fuisse
987 5152 1268 5212 indutum,
1325 5151 1468 5204 haud
1515 5152 1698 5206 credo.

165 5239 485 5317 l’neterquam
522 5263 667 5303 enim
695 5247 835 5316 quod
866 5246 915 5299 id
948 5260 976 5298 a
1011 5245 1154 5298 nullo
1186 5258 1408 5314 prorsus
1435 5244 1700 5314 scriptore

168 5336 352 5406 antiquo
401 5339 674 5394 memoria:
710 5337 980 5408 proditum
1031 5335 1358 5400 inveniatur,
1392 5337 1698 5389 Brunoncm

166 5418 249 5485 iam
301 5428 418 5484 inde
463 5432 529 5485 ab
559 5445 622 5483 eo
672 5437 931 5498 tempore,
983 5442 1090 5496 qun
1138 5426 1187 5479 in
1242 5426 1699 5480 Siccae-Fontanus

170 5514 610 5577 solitudine'adhue
638 5530 972 5581 versaretur,
1035 5534 1096 5574 ac
1149 5519 1304 5588 proin
1351 5518 1697 5573 Carthusiam

173 5609 365 5667 nondum
395 5616 635 5678 adiisset,
667 5615 853 5669 habitu
889 5613 1189 5667 monastico
1231 5613 1473 5666 indutum
1509 5611 1694 5676 fuisse,

174 5710 301 5768 mque
320 5703 468 5760 ctiam
505 5707 618 5777 ipsa
652 5707 972 5761 monaclmm
1003 5705 1249 5772 cxstissc,
1281 5702 1528 5758 suadent.
1580 5718 1696 5772 qua:

1809 4526 2022 4580 semper
2047 4520 2393 4580 exasperant,
2421 4510 2750 4564 continuatis
2776 4523 2909 4578 pene
2937 4508 3390 4580 acribusjejuuiis

1808 4619 2036 4673 corpora
2076 4602 2341 4671 afﬂigunt,
2379 4612 2673 4657 extenuant
2713 4611 2768 4654 et
2820 4602 3114 4655 (cniecant.
3149 4602 3274 4657 Inde
3303 4612 3388 4658 est

1807 4696 1947 4764 quod
2004 4710 2141 4764 pane
2195 4694 2438 4749 furfureo
2491 4709 2706 4764 semper
2760 4703 3022 4756 utuntur,
3069 4696 3195 4751 vino
3252 4697 3388 4752 adeo

1807 4788 2098 4857 adaquato,
2164 4796 2221 4840 ut
2266 4788 2458 4841 merito
2510 4789 2680 4856 magis
2729 4788 2934 4853 villum,
2981 4803 3144 4857 quam
3198 4790 3382 4843 vinum

1807 4878 2038 4933 dicatur.
2072 4878 2152 4931 Ab
2199 4878 2344 4933 omni
2377 4879 2619 4932 carnium
2646 4894 2739 4934 esu
2770 4889 2876 4934 tam
2907 4880 3022 4934 sani
3054 4897 3214 4950 quam
3255 4883 3384 4950 δἐι-ἱ

1809 4969 2209 5038 inperpetuum
2246 4957 2536 5024 abstinent.
2582 4969 2767 5024 Pisces
2837 4987 3112 5040 nunquam
3174 4981 3381 5035 emunt,

1806 5061 1898 5114 sed
1931 5060 2068 5115 forte
2093 5076 2159 5116 ex
2177 5059 2448 5115 charitate
2478 5061 2632 5114 datos
2661 5060 2950 5128 accipiunt.
2981 5060 3075 5113 Die
3106 5059 3386 5114 Dominico

1805 5161 1859 5206 et
1885 5153 2071 5221 quinta
2104 5153 2234 5207 feria
2259 5161 2466 5206 tantum
2498 5166 2713 5208 caseum
2739 5153 2818 5205 vel
2849 5167 2947 5205 ova
2972 5152 3036 5206 ad
3064 5153 3382 5205 vescendum

1805 5247 2111 5300 admittunt.
2169 5245 2350 5300 Tertia
2402 5245 2534 5298 feria
2565 5259 2627 5297 ac
2678 5243 2937 5308 Saltbato,
2970 5257 3063 5297 aut
3115 5242 3385 5311 legumine

1805 5337 2068 5392 autolcre
2117 5345 2273 5392 cocto
2330 5344 2574 5389 utuntur.
2602 5333 2760 5389 Omni
2813 5334 3074 5395 sccumla,
3104 5343 3294 5400 quarta
3327 5343 3382 5388 et

1803 5438 1955 5484 sexta
1989 5429 2121 5482 feria
2169 5444 2308 5498 pane
2354 5428 2468 5483 solo
2492 5436 2545 5482 et
2572 5442 2709 5497 aqua
2734 5425 2972 5482 contenti
3007 5434 3151 5479 sunt.
3202 5424 3383 5481 Semel

1804 5520 1856 5573 in
1887 5519 1974 5572 die
2001 5534 2215 5588 semper
2241 5519 2550 5582 comedunt,
2581 5516 2825 5586 exceptis
2849 5522 2976 5568 octo
3044 5513 3231 5570 diebus
3280 5515 3404 5586 Na-I

1805 5611 1926 5665 talis
1957 5610 2188 5673 Domini,
2219 5620 2339 5665 octo
2368 5610 2558 5666 diebus
2582 5609 2818 5668 Paschre,
2865 5616 2990 5660 octo
3011 5605 3202 5663 diebus
3230 5608 3377 5664 Pen-

1803 5711 2056 5769 tecostcs,
2089 5702 2387 5771 Epiphania
2423 5701 2667 5766 Domini,
2712 5699 3208 5767 Reprtcsentatione
3237 5700 3376 5771 ejus,
