3896 6312
492 325 600 381 9.93

1269 309 1340 370 .S.
1372 306 1720 364 BRUNONIS
1743 296 2388 361 CARTIIUSIANORUM
2420 295 2906 354 INSTITUTOII'S

3646 305 3734 364 3576

495 445 601 498 hoc
623 445 728 504 es"
757 429 1143 489 puriﬁcatione
1163 433 1367 480 sancta
1389 424 1596 486 Maria},
1640 419 2067 491 Annuntiatione
2103 419 2144 474 Α
2174 413 2340 483 inquit
2380 413 2510 468 Iib.t
2545 413 2610 466 de
2636 411 2742 465 vita
2771 427 2888 476 sua,
2925 424 3044 478 cap.
3076 411 3166 477 II,
3211 411 3265 466 in
3290 412 3593 469 omnimoda
3622 433 3735 487 pau.

497 531 739 595 Domini,
763 525 979 597 quando
1000 519 1248 577 Paschali
1277 525 1520 586 tempore
1545 513 1828 585 provenit;
1873 511 2081 564 Ascen-

500 626 651 680 sione
677 617 912 680 Domini,
944 610 1329 679 Assumptione
1359 622 1424 661 ac
1449 605 1742 659 Nativitate
1785 601 1898 668 jam
1923 599 2082 653 dicta:

503 729 676 770 sacra:
707 705 958 774 Virginis,
996 701 1184 756 Matris
1208 698 1345 768 ejus,
1369 708 1423 751 et
1455 694 1696 762 exceptis
1729 691 1881 744 festis
1942 688 2076 742 duo-

503 801 675 857 decim
709 793 1114 866 Apostolorum,
1147 788 1316 844 sancti
1349 785 1572 840 Joannis
1599 782 1874 852 Baptisttu,
1907 777 2084 832 sancti

508 889 820 953 Michaelis,
877 884 1050 940 sancti
1097 879 1332 941 Martini,
1383 885 1438 931 et
1492 876 1620 937 illo,
1672 872 1816 943 quod
1871 872 1924 924 in
1975 869 2084 922 Ka-

508 980 684 1035 lendis
729 973 1048 1031 Novembris
1087 969 1412 1032 celebratur,
1457 964 1594 1020 festo
1635 962 1889 1017 Ommum
1913 960 2087 1014 Sanc—

514 1084 712 1127 IOI'UIII.

578 1155 685 1206 lists
748 1169 767 1198 ι
811 1151 984 1218 Super
1012 1149 1125 1201 haec
1153 1144 1333 1199 omnia
1365 1157 1515 1196 more
1541 1141 1769 1210 antiquo
1803 1136 2094 1207 Aigyptio-

510 1261 633 1299 rum
697 1242 1092 1298 monachorum
1155 1235 1459 1306 singulares
1514 1233 1679 1286 cellas
1727 1233 1993 1300 (tempore
2037 1226 2095 1281 S.

512 1335 787 1390 Brunonis
817 1349 877 1388 ex
913 1331 1073 1386 dictis
1101 1344 1252 1382 num.
1295 1327 1400 1380 475
1430 1325 1542 1378 bini
1579 1324 1634 1376 in
1683 1320 1915 1390 singulis
1954 1318 2104 1373 cellis

513 1425 891 1494 morabantur)
944 1431 1207 1493 perpetuo
1261 1418 1614 1481 inhabitant,
1681 1414 1774 1468 ubi
1832 1411 2052 1466 silentio
2083 1452 2097 1473 ,

514 1519 756 1585 lectioni,
801 1517 1031 1570 orationi
1075 1528 1239 1584 atque
1274 1512 1424 1581 Operi
1459 1523 1746 1572 manuum,
1781 1504 2018 1558 maxime
2052 1502 2106 1555 in

517 1608 819 1666 scribendis
881 1606 1069 1671 libris,
1126 1601 1406 1672 irrequicti
1458 1600 1736 1654 insistunt.
1796 1594 1855 1648 In
1905 1593 2108 1647 eisdem

2186 512 2397 574 perlate
2427 518 2484 558 se
2535 503 2843 572 deprimant
2869 543 2882 568 ,
2913 501 3238 555 ditissimam
3267 511 3444 557 tamen
3472 503 3736 565 bibliothe-

2185 611 2304 650 cam
2333 603 2675 664 coaggerant.
2707 593 2825 659 Quo
2861 593 3003 646 enim
3045 595 3221 647 minus
3254 595 3409 661 panis
3432 594 3584 660 hujus
3604 603 3736 670 copia

2187 684 2488 739 materialis
2518 685 2843 748 exuberant,
2868 693 3019 737 tanto
3036 685 3208 754 magis
3233 683 3339 747 illo,
3359 685 3449 753 qui
3474 700 3576 740 non
3599 690 3735 756 perit,

2189 775 2282 828 sed
2315 776 2367 828 iu
2404 786 2666 828 :rternum
2696 784 3001 843 permanet,
3032 777 3154 830 cibo
3181 790 3405 846 vperose
3427 778 3686 834 desudant.
3717 804 3734 835 ι

2191 864 2487 919 Conﬁrmat
2512 865 2563 918 id
2590 866 2784 920 deinde
2813 866 3028 920 comitis
3077 865 3320 920 Niversis
3353 868 3616 938 exemplo,
3641 874 3737 941 qui,

2191 971 2314 1011 eum
2361 967 2796 1026 argentea,-quze
2827 957 3204 1011 Carthusianis
3249 958 3495 1022 miserat,
3547 976 3738 1019 munera

2191 1049 2474 1119 repudiata
2508 1048 2698 1115 fuisse,
2733 1049 3048 1118 accepisset,
3085 1068 3102 1099 ‹
3127 1049 3296 1102 lloum‘
3325 1059 3541 1119 tergora
3563 1060 3611 1106 et
3634 1068 3737 1122 per-

2193 1153 2417 1208 gamena
2457 1137 2686 1207 plurima
2720 1138 2801 1193 eis
2837 1139 3158 1204 transmisit,
3187 1153 3309 1208 qua:
3359 1155 3498 1208 pene
3542 1140 3742 1197 inevita-

2193 1231 2376 1286 biliter
2403 1231 2532 1300 ipsis
2561 1231 2649 1302 (ad
2663 1230 3085 1285 conscribendos
3097 1234 3545 1300 consuendosque
3563 1233 3743 1290 scilicet

2195 1319 2382 1392 libros)
2412 1336 2718 1375 necessaria
2766 1336 2888 1375 esse
2914 1322 3190 1391 cognovit.
3231 1341 3248 1374 ι
3287 1321 3398 1375 Cur
3440 1336 3596 1391 porro
3620 1339 3743 1380 sum-

2195 1427 2336 1465 mam
2367 1413 2704 1483 diligentiam
2754 1427 3086 1483 operamque
3116 1411 3168 1465 in
3219 1413 3590 1468 describendis
3617 1413 3744 1471 libris

2196 1513 2477 1570 ponerent,
2537 1503 2694 1557 docet
2748 1518 2846 1557 nos
2899 1502 3115 1572 Guign,
3181 1503 3232 1556 in
3285 1505 3746 1563 (Ionsnetudinilms

2198 1605 2317 1660 cap.
2351 1592 2422 1646 9.8
2462 1592 2540 1646 sic
2571 1591 2816 1646 scribens
2866 1607 2879 1644 :
2913 1612 2931 1643 ί
2971 1591 3258 1656 Libros...
3299 1601 3552 1662 tanquam
3580 1599 3746 1664 sempi-

517 1703 669 1756 cellis
711 1701 956 1755 debitum
1003 1697 1335 1768 regularium
1373 1692 1667 1757 llorarum,
1712 1689 1816 1743 hoc
1850 1695 1953 1752 est,
1994 1683 2111 1738 Pri-
2200 1689 2411 1734 ternum
2463 1684 2768 1736 :mimarum
2823 1691 3130 1736 nostrarum
3187 1683 3406 1747 cibum,
3468 1686 3748 1741 cautissime

516 1808 700 1856 mam,
752 1790 1014 1850 Tertiam,
1078 1787 1320 1849 Sextum,
1369 1783 1604 1848 Nonam,
1657 1768 2170 1848 Completorium,B
2199 1771 2463 1825 custodiri
2511 1780 2566 1826 et
2614 1771 3011 1826 studiOsissime
3049 1772 3298 1826 volumus
3343 1772 3494 1838 fieri;
3531 1783 3606 1840 ut,
3645 1777 3748 1842 quia

518 1870 672 1937 signo
703 1868 944 1922 ecclesia:
977 1867 1291 1921 commoniti
1317 1867 1426 1921 Deo
1464 1866 1796 1936 persolvunt.
1851 1865 1931 1920 Ad
1967 1866 2098 1921 Ves-

517 1974 681 2029 peras
714 1957 1092 2012 etMatutinas
1137 1957 1190 2009 in
1235 1957 1463 2011 ecclesia
1514 1957 1692 2010 cuncti
1747 1956 2095 2020 conveniunt,

519 2050 722 2118 ibique,
749 2065 855 2102 non
885 2047 1271 2118 perfunctorie,
1303 2057 1359 2099 ut
1381 2048 1622 2116 quidam,
1655 2047 1748 2102 sed
1800 2047 2101 2101 intentissi—

519 2158 628 2207 me,
656 2141 827 2195 oculis
855 2141 908 2195 in
938 2150 1138 2195 terram
1169 2139 1436 2202 demissis,
1456 2138 1708 2193 cordibus
1731 2139 1869 2192 cmlo
1898 2140 2096 2204 innxts,

521 2229 632 2284 Deo
686 2243 899 2300 preces,
953 2228 1064 2283 Dco
1117 2229 1412 2298 gratiarum
1471 2229 1714 2282 actiones
1763 2227 2095 2296 persolvunt;

519 2333 801 2390 totumque
853 2338 1007 2376 suum
1063 2332 1172 2375 tam
1216 2323 1732 2391 interiorem,quam
1762 2323 2100 2388 jexteriorcm

521 2413 798 2468 hominem
828 2414 1037 2481 habitu,
1069 2429 1221 2479 voce,
1254 2414 1425 2480 vultu,
1457 2415 1620 2468 rebus
1652 2414 1884 2468 visibilia
1937 2429 2101 2469 exce-

520 2504 796 2572 dentibus,
869 2505 1068 2572 spretis
1117 2504 1326 2558 cunctis
1372 2503 1490 2558 aliis
1521 2546 1534 2570 ,
1608 2504 1871 2558 intentum
1905 2546 1920 2570 ,
1991 2505 2102 2560 imo

525 2592 740 2648 aﬂixum
791 2608 932 2660 esse,
995 2593 1308 2648 Ostendunt.
1373 2593 1456 2646 Ab
1498 2594 1601 2648 hoc
1655 2611 1804 2648 more
1828 2595 2104 2663 excipiunt

524 2684 644 2737 illos
675 2683 898 2736 festivos
927 2683 1064 2749 dies,
1091 2684 1179 2750 qui
1205 2698 1369 2750 supra
1398 2683 1584 2751 scripti
1628 2695 1774 2750 sunt,
1827 2685 1878 2736 in
1906 2685 2104 2754 quibus

522 2775 610 2829 bis
641 2775 948 2841 comedunt,
974 2783 1027 2828 ct
1057 2774 1108 2826 in
1141 2774 1337 2842 quibus
1383 2789 1533 2829 more
1563 2779 1949 2829 monachorum
1998 2791 2103 2828 non

523 2879 620 2933 per
657 2865 842 2931 cellas,
872 2865 964 2920 sed
988 2863 1146 2918 simul
1176 2864 1559 2931 habitantium,
1589 2880 1694 2918 non
1724 2864 2106 2920 solumomncs

524 2955 822 3026 ltegulares
878 2953 1050 3010 Horas
1101 2955 1153 3008 in
1202 2953 1431 3008 ecclesia
1469 2954 1782 3022 decantant,
1829 2955 1925 3009 sed
1966 2955 2105 3008 etin

523 3047 818 3101 refectorio
850 3055 956 3099 tam
992 3056 1112 3115 post
1148 3047 1394 3113 Sextum,
1429 3060 1592 3115 quam
1629 3054 1750 3115 post
1810 3046 2102 3115 Vcsperas,

2199 1877 2294 1917 ore
2331 1879 2436 1916 non
2493 1877 2799 1930 possumus,
2832 1864 2924 1917 Dei
2966 1863 3190 1918 verbum
3233 1865 3488 1920 manibus
3525 1866 3748 1934 praedice-

2198 1969 2340 2008 mus.
2371 1951 2514 2020 Quot
2543 1953 2687 2007 enim
2715 1952 2880 2009 libros
2903 1954 3216 2020 scribimus,
3250 1963 3328 2011 tot
3352 1956 3506 2010 nobis
3530 1959 3749 2012 veritatis

2198 2058 2476 2112 praecones
2499 2041 2678 2097 facere
2701 2043 3000 2097 videmur.)
3030 2042 3162 2098 Addi
3188 2054 3384 2115 potest,
3410 2046 3600 2115 partim
3614 2049 3750 2101 etiam

2201 2130 2252 2184 id
2295 2131 2490 2187 fecisse
2533 2132 2680 2196 illos,
2719 2142 2831 2186 tum
2867 2133 3141 2202 utinopite
3169 2149 3279 2189 sua:
3328 2135 3612 2205 (pauperes
3631 2139 3751 2191 enim

2202 2241 2330 2280 vere
2381 2235 2555 2291 crant,
2588 2241 2756 2295 seque
2807 2227 2951 2296 ipsos
2984 2226 3068 2280 vel
3107 2223 3376 2297 Paupercs
3404 2229 3483 2282 vel
3514 2227 3753 2298 Pauperis

2203 2316 2433 2383 Christi,
2467 2316 2542 2370 uti
2576 2318 2716 2386 apud
2755 2315 3017 2387 Cangium
3052 2318 3115 2370 ad
3158 2333 3344 2373 vocem
3373 2335 3569 2388 pauper
3599 2321 3754 2374 videre

2203 2419 2325 2473 est,
2390 2409 2756 2480 appellabant)
2809 2411 3186 2475 consulerent,
3242 2421 3353 2464 tum
3411 2428 3481 2466 ne
3532 2411 3756 2466 Ecclesia:

2203 2501 2516 2554 vilercntur
2585 2516 2808 2570 prorsus
2857 2501 3103 2568 inutiles,
3154 2503 3390 2572 hincque
3458 2519 3639 2559 eorum
3689 2503 3756 2556 in-

2206 2592 2454 2646 stitutum
2482 2593 2840 2647 calumniandi
2877 2607 3064 2646 ansam
3085 2593 3336 2649 malevoli
3357 2594 3669 2665 arriperent.

2209 2722 2235 2792 §
2282 2721 2514 2775 XXVIII.
2560 2727 2639 2794 An
2705 2721 2929 2776 Sanctus
2972 2740 3156 2776 noram
3199 2722 3452 2794 Regulam
3499 2725 3756 2791 scripserit,

2275 2804 2322 2845 (ιι
2349 2811 2414 2844 nn
2443 2794 2509 2844 tu!
2539 2792 2699 2844 ullam
2727 2810 2792 2845 ea:
2831 2806 2950 2846 tmte
2981 2795 3189 2861 scriptis
3225 2792 3288 2845 ac
3348 2796 3648 2846 nominatim
3677 2795 3758 2848 Be-

2278 2863 2426 2943 nedic
2452 2864 2590 2942 imm:
2615 2864 2988 2916 observandam
3016 2881 3068 2917 se
3099 2881 3334 2936 suosque.
3354 2864 3636 2936 discipulos
3681 2867 3760 2918 ad-

2281 2941 2580 2985 strinxerit.

2280 3043 2408 3096 488.
2444 3042 2729 3097 Austeram
2760 3044 3074 3115 admodum,
3111 3060 3272 3114 quam
3306 3047 3541 3102 Sanctus
3566 3045 3762 3117 ejusque

525 3140 672 3196 nullo
728 3139 932 3209 sospite
975 3148 1221 3208 excepto,
1277 3138 1638 3192 communiter
1689 3137 1874 3192 edunt.
1901 3136 2105 3202 Quibus
2135 3123 2178 3184 C
2213 3136 2458 3205 discipuli
2489 3137 2539 3190 in
2583 3135 2866 3191 Carthusia
2897 3138 3124 3202 duxere,
3149 3137 3316 3193 fuisse
3345 3140 3532 3203 vitam,
3565 3139 3641 3192 vel
3670 3140 3762 3194 sola

523 3239 735 3285 tantum
764 3230 955 3284 diebus
987 3229 1332 3297 antiquorum
1361 3229 1709 3282 ercmitarum
1740 3227 2102 3293 tcmulalione,

527 3340 596 3378 ne
624 3325 692 3378 ab
714 3323 834 3377 aliis
854 3323 1028 3376 sacris
1049 3322 1326 3394 operibus,
1357 3321 1479 3376 licet
1520 3321 1782 3390 dignitate
1830 3319 2106 3374 inferiori-

525 3412 650 3479 bus,
709 3415 1095 3484 impediantur,
1152 3413 1392 3468 salutare
1447 3411 1806 3482 omnipmenti
1852 3411 1960 3466 Deo
2013 3427 2109 3481 pro

527 3507 703 3563 salute
735 3521 830 3560 sua
877 3521 941 3561 ac
999 3506 1180 3560 mundi
1227 3506 1556 3560 sacriﬁcium
1588 3503 1844 3570 olferunt,
1878 3505 2016 3573 quod
2044 3519 2108 3557 cx

529 3613 630 3655 usu
674 3597 784 3666 jam
817 3597 988 3652 veteri
1043 3606 1216 3652 tracto
1264 3597 1498 3663 nomine,
1543 3597 1668 3665 quia
1705 3594 1812 3648 Deo
1856 3593 2107 3660 mittitur,

532 3688 695 3744 Missa
723 3697 966 3745 vocatur.
1000 3689 1092 3744 IIis
1129 3689 1531 3752 sacrisdiebus,
1577 3687 1668 3757 qui
1721 3685 1974 3757 singulari
2004 3688 2112 3756 pri—

531 3780 724 3850 vilegio
752 3797 782 3834 a
817 3781 1044 3835 Domino
1095 3780 1176 3833 vel
1206 3780 1322 3849 ejus
1372 3778 1793 3833 Rcsurrectione
1842 3778 2109 3832 Dominici

533 3869 805 3928 dicuntur.
836 3886 898 3925 ac
945 3885 1083 3940 saepe
1105 3870 1262 3924 dictis
1293 3871 1460 3939 ipsius
1490 3868 1578 3922 vel
1629 3867 1955 3921 Sanctorum
1991 3867 2111 3936 ejus

533 3961 966 4016 solenuntatil‘ms
1002 3978 1196 4016 missas
1232 3961 1530 4016 celebrant.
1555 3958 1782 4023 Diebus,
1809 3959 2006 4026 quibus
2031 3959 2113 4012 eis

533 4051 809 4122 legumine
836 4052 910 4105 uti
943 4052 1092 4119 licet,
1125 4051 1254 4105 illud
1295 4051 1436 4120 ipsi,
1471 4050 1538 4104 ad
1593 4064 1901 4103 mensuram
1951 4064 2112 4103 acce-

533 4159 568 4213 p
599 4160 712 4210 um,
738 4145 836 4198 sibi
863 4153 1116 4214 aplantet
1143 4152 1401 4212 coquunt.

604 4234 726 4289 487.
773 4255 789 4286 ι
821 4235 933 4289 lloe.
961 4251 1087 4290 vero
1123 4245 1270 4298 tunc,
1293 4233 1510 4301 quando
1541 4248 1648 4286 non
1678 4233 2037 4288 communiter
2061 4233 2112 4288 in

533 4327 842 4394 rel'cetorio,
872 4327 964 4381 scd
991 4327 1209 4395 quando
1238 4342 1332 4381 cos
1356 4331 1408 4379 in
1435 4325 1586 4379 cellis
1616 4326 1730 4379 suis
1766 4323 1910 4380 solos
1937 4341 2111 4381 come-

533 4419 661 4472 dere
684 4419 961 4472 cremitica
991 4417 1258 4472 institutio
1293 4417 1556 4486 praecipit.
1591 4418 1784 4471 Vinum
1816 4417 1958 4472 nullo
1980 4427 2114 4472 tem-

531 4524 664 4576 pore
716 4523 841 4562 ante
883 4523 1124 4562 mensam
1162 4507 1245 4560 vel
1298 4515 1479 4577 postea
1510 4518 1750 4561 sumunt.
1777 4506 1881 4562 Sed
1913 4509 1955 4564 si
1996 4511 2117 4578 quis

535 4611 663 4654 tunc
701 4601 847 4654 sitim
897 4615 1086 4668 passus
1127 4596 1316 4662 fuerit,
1345 4615 1484 4668 aqua
1515 4599 1588 4663 ci,
1614 4614 1720 4653 non
1767 4599 1918 4666 vino,
1950 4601 2024 4654 uti
2055 4601 2118 4654 Ii-

534 4701 638 4744 cet.
683 4710 702 4742 ›
746 4691 946 4744 Eadem
976 4691 1088 4744 fere
1111 4699 1201 4744 aut
1231 4699 1378 4745 certe
1407 4705 1514 4744 non
1561 4690 1785 4745 multum
1826 4691 2114 4758 absimilia,

534 4797 653 4851 qua:
683 4797 712 4834 a
757 4781 1152 4846 Carthusianis,
1210 4791 1369 4837 :etate
1397 4797 1492 4835 sua
1541 4780 1874 4849 florentibus,
1914 4781 2118 4838 fuerint

536 4871 846 4934 observata,
887 4870 1182 4924 Guibcrtus
1213 4870 1279 4922 de
1307 4867 1606 4943 Novigcnto
1637 4873 1932 4941 satpissime
1952 4888 2113 4943 supra

536 4960 808 5023 laudatus,
846 4959 1111 5027 qui.anno
1140 4959 1328 5013 liﬂie
1365 4960 1498 5012 vivis
1546 4961 1812 5025 excessit,
1867 4962 1958 5015 lib.
1990 4978 2007 5015 ι
2051 4964 2116 5016 de

544 5053 662 5104 Vita
687 5066 806 5116 sua,
835 5068 955 5120 cap.
988 5051 1048 5105 l-I
1084 5061 1357 5118 recenset;
1393 5053 1458 5106 ad
1484 5069 1642 5123 quem
1670 5055 1900 5124 proinde
1941 5055 2120 5108 cutio-

539 5159 658 5198 sum
689 5144 945 5198 lectorem
1001 5146 1235 5209 remitto,
1269 5146 1411 5201 Petri
1447 5145 1782 5202 Venerabilis
1811 5149 2119 5214 vcrba,Ituc

541 5233 866 5303 spectantia.
911 5237 1001 5302 qui
1031 5236 1248 5305 majoris
1273 5237 1454 5304 utique
1491 5236 1614 5291 tidei
1673 5237 2120 5308 auctoritatisque

543 5342 706 5397 quam
732 5327 1021 5383 Guibcrtus
1052 5328 1153 5383 bac
1182 5329 1234 5383 in
1270 5345 1328 5384 re
1351 5339 1454 5395 est,
1481 5331 1532 5384 in
1567 5329 1802 5384 medium
1827 5329 2114 5398 protulisse

543 5424 848 5472 contentus.
899 5417 1014 5472 Non
1047 5433 1263 5488 possum
1298 5427 1500 5486 tamen,
1549 5421 1678 5488 quin
1725 5420 1829 5473 huc
1859 5421 2116 5475 transcri—

542 5505 669 5559 bam
697 5510 882 5575 verba,
914 5509 1112 5578 quibus
1138 5510 1226 5564 hic
1250 5511 1481 5579 scriptor
1529 5501 1977 5566 Carthusiensum
2005 5523 2118 5566 stu-

542 5597 712 5666 dium,
737 5615 765 5654 a
791 5600 846 5656 S.
875 5603 1130 5657 Brunone
1177 5613 1400 5673 parente
1430 5603 1496 5655 ad
1546 5618 1642 5658 eos
1687 5604 1904 5659 indubie
1937 5615 2114 5662 trans-

543 5690 766 5746 missum
794 5732 809 5760 ,
858 5695 909 5749 in
958 5694 1363 5749 conscribendis
1397 5693 1545 5749 libris
1598 5695 1875 5766 ιιιίῐξάἱςιιῑ.
1915 5698 2114 5768 «Cum,

2213 3241 2436 3290 nox-mm,
2473 3227 2540 3279 ad
2592 3242 2754 3296 quam
2810 3229 2949 3282 hanc
2992 3229 3297 3297 exegerint,
3332 3229 3358 3302 §
3396 3229 3704 3300 prmcedeuti
3741 3247 3764 3281 c

2209 3319 2369 3373 Petro
2394 3320 2698 3374 Venerabili
2733 3323 3008 3391 proposita
3041 3323 3217 3392 capita
3249 3322 3580 3378 suﬂicieuter
3607 3333 3764 3378 osten-

2209 3409 2373 3474 dunt;
2422 3426 2612 3463 verum
2646 3412 2810 3478 quaeri
2855 3412 2942 3467 hic
2982 3411 3091 3479 jam
3127 3421 3324 3482 potest,
3367 3414 3545 3483 primo
3575 3413 3764 3482 quidem

2209 3515 2277 3553 an
2304 3501 2417 3554 haec
2443 3499 2500 3555 S.
2531 3501 2710 3555 Bruno
2738 3503 2950 3572 aliaque
2980 3503 3179 3574 Regula
3202 3505 3456 3574 quapiam
3483 3504 3767 3574 praescripti

2212 3591 2490 3662 discipulis
2532 3593 2646 3648 satis
2690 3594 3028 3649 observanda
3076 3595 3412 3662 injunxcrit;
3446 3595 3638 3650 deinde
3662 3611 3768 3648 vero

2212 3701 2278 3739 an
2311 3686 2477 3740 hosce
2503 3686 2663 3741 simul
2692 3704 2753 3741 ac
2778 3688 3014 3757 seipsum
3043 3690 3108 3743 ad
3137 3688 3300 3743 ullam
3325 3704 3392 3742 ex
3411 3699 3537 3744 ante
3558 3689 3766 3759 scriptis,

2212 3793 2276 3831 ac
2323 3780 2644 3832 nominatim
2695 3780 2750 3833 S.
2782 3779 3059 3834 Benedicti
3095 3780 3354 3850 [tegulam
3396 3781 3761 3836 obstrinxerit.

2211 3868 2558 3924 Innocentius
2604 3870 2655 3924 Ie
2685 3869 2897 3926 Masson
2933 3872 2984 3925 in
3021 3870 3216 3941 Opere,
3239 3855 3624 3942 quodI-ordinis
3651 3871 3764 3926 Car-

2214 3965 2510 4020 thusicnsis
2539 3966 2774 4020 Annales
2803 3967 3102 4038 inscripsit,
3131 3968 3221 4023 lib.
3254 3985 3302 4034 t,
3339 3985 3457 4040 cap.
3485 3969 3538 4036 5,
3565 3985 3704 4023 num.
3725 3967 3769 4030 5,

2215 4056 2294 4110 sic
2323 4055 2510 4110 scribit
2562 4071 2576 4109 :
2643 4076 2659 4108 ι
2723 4055 2932 4111 Nullam
2983 4059 3195 4114 vivendi
3257 4075 3503 4113 normam
3536 4075 3565 4112 a
3608 4068 3771 4114 sanzto

2216 4148 2470 4202 Bruuone
2506 4148 2764 4219 scriptam
2823 4149 3010 4216 fuisse,
3072 4152 3347 4207 credimus
3402 4171 3415 4206 :
3472 4151 3565 4206 sed
3621 4150 3772 4206 sancti

2217 4241 2360 4296 illius
2401 4241 2502 4294 viri
2547 4241 2867 4296 docmncuta
2919 4252 2974 4296 et
3027 4243 3272 4313 exempla
3315 4253 3476 4298 erant
3518 4243 3618 4298 illis
3641 4240 3770 4312 quasi

2217 4335 2407 4386 vivens
2455 4332 2682 4400 Regula,
2713 4348 2875 4401 quam
2907 4333 3206 4402 adimplere
3252 4343 3306 4388 ct
3335 4336 3402 4387 ad
3430 4349 3559 4389 suos
3587 4348 3774 4388 succes-

2148 4481 2187 4492 ,ἣ
2221 4438 2370 4476 Sores
2399 4439 2496 4492 per
2538 4423 2786 4490 exempla
2810 4424 2973 4476 etiam
3009 4423 3108 4492 ipsi
3152 4423 3449 4479 transferre
3481 4425 3771 4479 didicerant.

2149 4481 2193 4536 Β
2221 4514 2392 4584 Ipsam
2427 4522 2606 4568 tamen
2641 4514 2886 4567 eamdem
2925 4530 3046 4569 esse
3095 4530 3199 4569 IIOII
3246 4515 3578 4577 dubitamus,
3625 4528 3766 4582 quam

2218 4613 2407 4675 postea
2442 4603 2504 4656 II.
2542 4603 2703 4658 Pater
2731 4602 2904 4673 Guigo
2929 4605 3144 4674 scriptis
3191 4605 3503 4670 mandavit;
3563 4605 3775 4672 nihilque

2219 4700 2272 4753 in
2297 4698 2413 4768 ejus
2468 4697 2965 4754 Consuetudinibus
3017 4701 3244 4768 reperiri
3297 4700 3591 4765 credimus,
3647 4696 3772 4768 quod

2220 4792 2376 4860 quasi
2424 4792 2492 4846 ab
2545 4806 2642 4844 ore
2682 4792 2853 4845 sancti
2885 4791 3158 4846 Brunonis
3196 4807 3294 4861 per
3345 4792 3651 4863 discipulos,
3699 4789 3774 4857 qui

2217 4898 2338 4937 eum
2376 4883 2624 4937 viderant
2663 4894 2718 4938 ct
2744 4882 3055 4948 audierant,
3088 4900 3194 4938 non
3224 4884 3494 4939 didicerit.
3529 4883 3623 4939 Vix
3653 4883 3775 4938 enim

2223 4985 2350 5028 ante
2378 4976 2616 5045 quinque
2643 4984 2737 5029 aut
2781 4991 2873 5030 sex
2913 4991 3084 5030 annos
3109 4987 3330 5031 sanctus
3363 4977 3544 5032 Bruno
3569 4978 3774 5035 obicrat,

2223 5063 2439 5136 quando
2460 5065 2633 5135 Guigo
2663 5075 2846 5120 noster
2875 5067 2940 5119 ad
2971 5066 3228 5121 Ordinem
3260 5068 3430 5122 venit.
3448 5066 3506 5122 In
3535 5068 3646 5123 istis
3665 5079 3777 5133 ergo

2223 5154 2439 5224 scriptis
2467 5169 2496 5207 a
2540 5155 2604 5207 It.
2635 5153 2794 5208 Patre
2820 5155 3065 5225 Guigone
3103 5156 3598 5214 Cousuetudinibus
3631 5155 3778 5210 tinni-

2223 5256 2307 5301 tcr
2333 5246 2661 5300 credendum
2690 5256 2772 5301 est
2814 5247 2986 5302 sancti
3017 5245 3287 5301 Brunonis
3329 5259 3589 5312 mentem,
3633 5248 3778 5302 docu-

2227 5347 2406 5391 menta
2429 5344 2484 5390 et
2511 5335 2778 5406 dirigendi
2813 5337 3025 5391 modmn
3053 5338 3267 5409 depingi
3289 5346 3344 5392 ct
3375 5338 3659 5405 contineri,
3683 5335 3778 5390 arsi

2226 5427 2440 5498 propria
2471 5427 2584 5494 ejus
2614 5443 2777 5482 manu
2803 5430 3003 5498 scripta
3021 5429 3269 5485 fuissent.
3309 5431 3464 5498 Quod
3496 5447 3561 5487 eo
3587 5431 3780 5486 facilius

2224 5517 2452 5586 quisque
2499 5517 2598 5570 sibi
2653 5518 3019 5587 persuadebit,
3079 5535 3187 5588 quo
3242 5521 3445 5576 certior
3479 5520 3593 5576 fieri
3642 5517 3782 5574 debet

2225 5608 2286 5662 Β.
2318 5607 2681 5674 Landuinum,
2714 5625 2874 5678 quem
2906 5621 3124 5666 sanctus
3161 5612 3341 5668 Druno
3382 5615 3568 5677 sociis,
3591 5611 3652 5667 ad
3676 5622 3758 5663 ere

2227 5715 2372 5754 mum
2426 5698 2725 5754 Cill‘IIIIISItB
2781 5703 3218 5772 revertentibus,
3270 5704 3619 5776 prtefcccrat,
3657 5700 3784 5754 viam
