3814 6306
93 356 168 411 297
1529 350 1732 407 ACTA.

3183 354 3291 413 298

94 470 397 539 longissimam
428 467 743 538 arripuisse,
802 478 861 523 ut
886 468 1062 539 ipsum
1097 466 1497 523 Cartlmsiensis
1524 468 1609 522 lu—
1640 473 1686 527 A
1717 476 1898 519 autem
1925 464 2164 535 diploma
2208 467 2526 538 intelligitur
2550 468 2618 524 de
2641 469 2968 523 monasterio
3000 469 3291 535 Mcntauri,

92 558 221 613 stiluti
234 556 584 620 fundatonem,
601 557 655 610 in
683 572 867 612 eremo
877 558 1144 612 Calabria:
1162 565 1288 611 tunc
1301 557 1606 629 degentem,

83 653 247 749 indirct,
293 665 408 703 cum
476 663 542 704 eo
597 650 664 705 de
717 649 1080 704 observantiis
1125 648 1608 705 Carthusiensibus

92 747 391 804 tractaturus,
453 738 611 793 etab
667 740 837 808 ipsius
889 754 986 793 ore
1006 739 1320 803 auditurus,
1368 740 1498 809 quid
1553 750 1610 795 et

90 832 270 901 quaftler
324 833 373 886 in
422 832 790 887 Carthusiana
834 832 1246 887 conversatione
1287 841 1343 887 et
1392 833 1606 888 vivendi

91 924 207 977 modo
231 932 362 976 esset
410 939 440 977 a
478 923 594 978 suis
650 923 872 977 asseclis
927 924 1348 977 observandum.
1411 921 1608 976 Prima:

90 1030 182 1083 ergo
210 1014 671 1069 Carlhusianorum
690 1013 1100 1067 constitutiones
1137 1012 1240 1083 legi
1274 1013 1463 1083 gratiae
1499 1030 1605 1068 non

90 1114 199 1158 erant
224 1103 515 1168 absimiles;
545 1120 670 1157 nam
702 1105 880 1173 potius
904 1103 1123 1172 scripta:
1147 1112 1305 1158 erant
1330 1105 1382 1158 in
1407 1104 1608 1161 tabulis

90 1196 221 1249 cordis
243 1194 566 1259 carnalibus,
598 1210 701 1248 non
730 1194 932 1259 littera,
963 1194 1057 1248 sed
1080 1192 1296 1263 spiritu,
1354 1208 1515 1264 quam
1552 1197 1605 1250 in

88 1285 403 1350 mauuScrigttis
432 1287 735 1341 codicibus.
771 1308 790 1338 ο

135 1378 229 1433 489.
263 1382 333 1432 Ita
358 1378 664 1443 Massonus,
694 1378 892 1433 nullam
918 1394 947 1431 a
980 1377 1037 1435 S.
1072 1378 1324 1434 Brunone
1367 1379 1605 1451 regulam

89 1472 283 1539 scriptam
326 1469 517 1537 fuisse,
554 1472 784 1537 docens;
825 1487 929 1541 qua
961 1486 1091 1526 sane
1127 1472 1179 1525 in
1224 1486 1280 1525 re
1331 1486 1437 1525 non
1479 1486 1604 1540 pos-

90 1578 170 1616 sunt
204 1578 294 1616 non
322 1562 369 1616 ei
418 1563 699 1625 assentiri,
758 1578 879 1618 cum
913 1563 964 1617 id
997 1579 1027 1617 a
1057 1572 1248 1618 sancto
1294 1562 1494 1618 factum
1517 1604 1532 1629 ,
1573 1577 1603 1618 a

90 1651 191 1703 nullo
214 1651 455 1705 hactenus
510 1652 780 1721 scriptore
830 1652 944 1706 sive
972 1651 1259 1707 recentiori
1310 1654 1426 1707 sive
1463 1653 1607 1706 anti-

89 1742 212 1810 quiori
248 1743 513 1798 memoriae
563 1745 831 1813 proditum
882 1745 1205 1799 invenerim.
1237 1743 1336 1799 Ast
1365 1760 1432 1799 an
1470 1746 1602 1801 nulli

1710 558 1854 625 quod
1902 556 2193 626 Squillacio
2222 558 2392 614 tribus
2416 558 2650 613 millibus
2678 558 2935 621 distabat,
2961 568 3019 612 ut
3037 559 3209 614 fusius
3232 560 3289 614 in

1709 648 2009 703 Annalibus
2051 650 2252 704 nostris
2285 650 2618 713 referemus,
2649 648 2738 703 ubi
2770 660 3144 718 utrorumque,
3179 650 3287 705 sci-

1711 736 1837 793 licet
1859 739 2312 794 anachoretarum
2333 749 2385 795 et
2400 740 2793 795 emnobitarum
2811 739 3262 809 Squillacensium
3276 779 3291 804 ,

1711 830 2130 884 constitutiones
2203 831 2521 886 referemus.
2576 832 2819 900 Denique
2877 830 3293 885 Carthusicnscs

1710 931 1837 977 ante
1865 922 2041 977 sancti
2074 923 2345 979 Brunonis
2384 924 2853 979 canonizationem
2898 934 3146 978 sanctum
3178 921 3280 975 Be-

1711 1014 1985 1071 nedictum
2015 1016 2065 1069 in
2095 1031 2191 1071 sua
2221 1016 2563 1070 conlessione
2595 1016 2809 1071 Patrem
2835 1032 2991 1071 suum
3015 1014 3291 1077 dicebant,

1710 1108 2054 1177 retinentque
2089 1108 2255 1162 etiam
2304 1123 2446 1161 nunc
2467 1108 2875 1177 dispositionem
2920 1105 3078 1164 ollicii
3122 1105 3292 1162 divini

1708 1214 1774 1253 ex
1806 1201 1988 1269 regula
2029 1201 2204 1255 sancti
2260 1199 2567 1261 Benedicti,
2605 1200 2757 1268 cujus
2815 1200 3010 1254 festum
3062 1196 3291 1254 solemni

1706 1305 1806 1361 pro
1831 1305 1981 1345 more
2009 1306 2107 1345 suo
2132 1292 2239 1344 ritu
2266 1305 2483 1360 semper
2510 1291 2888 1345 observarunt.
2944 1311 2963 1343 ι
2991 1290 3067 1345 Ita
3101 1292 3290 1345 hacte—

1708 1397 1813 1437 nus
1865 1381 2207 1436 Mabillonius
2255 1383 2590 1437 contendens
2620 1382 2677 1437 S.
2709 1382 3049 1447 Brunouem,
3096 1384 3187 1451 qui
3219 1398 3288 1439 ex

1707 1470 1872 1526 dictis
1908 1486 2103 1524 novam
2140 1471 2378 1540 regulam
2435 1486 2541 1525 non
2591 1471 2852 1535 condidit,
2900 1472 3287 1541 particularem

1707 1569 1886 1616 tamen
1915 1566 2155 1631 regulam
2183 1562 2295 1616 stris
2322 1561 2738 1630 praescripsisse,
2758 1577 2850 1617 seu
2884 1576 2942 1616 se
2968 1563 3291 1631 discipulos-

1706 1665 1813 1720 que
1835 1668 1965 1708 suos
2017 1652 2108 1706 uni
2138 1650 2351 1706 cuidam
2402 1651 2713 1719 particulari
2756 1651 2954 1719 regulae
2998 1652 3289 1708 astrinxis-

1708 1754 1787 1806 se,
1815 1741 2067 1811 hancque
2126 1740 2186 1793 S.
2234 1738 2509 1794 Benedicti
2559 1739 2798 1809 regulam
2850 1740 3039 1796 fuisse.
3088 1741 3291 1797 Verum

90 1832 236 1897 pariter
300 1832 495 1899 regula:
558 1848 627 1887 ex
695 1842 821 1888 ante
872 1834 1127 1903 scriptis,
1196 1849 1296 1888 nec
1354 1819 1851 1889 nomina-Daune
1886 1842 2228 1903 argumenta,
2292 1845 2412 1900 qua:
2462 1830 2517 1885 in
2573 1831 2809 1886 medium
2861 1830 3113 1895 adducit,
3170 1847 3288 1887 rem

91 1923 153 1976 tim
182 1922 515 1980 Benedictina:
542 1967 558 1990 ,
611 1940 729 1981 sese
769 1941 1004 1995 suosque
1046 1926 1347 1982 astrinxit?
1410 1926 1602 1983 Mabil-

92 2013 217 2068 Ionius
250 2015 294 2068 in
318 2015 495 2070 seculi
540 2018 682 2071 sexti
710 2016 1041 2072 Benedictini
1075 2027 1280 2087 partem
1311 2020 1601 2074 secundam

90 2100 341 2157 Prrcfationc
365 2121 519 2160 num.
575 2104 643 2159 87
684 2107 765 2161 sic
810 2108 1044 2161 scribit:
1105 2126 1122 2159 ι
1184 2107 1339 2163 Nunc
1366 2110 1605 2178 postulat

91 2191 209 2257 locus,
236 2205 286 2247 ut
311 2195 373 2249 de
396 2196 577 2265 prima
634 2196 815 2265 regula
839 2197 1305 2253 Carthusiensium
1354 2215 1600 2270 agamus,

90 2297 202 2350 quam
220 2297 421 2340 sanctus
439 2287 625 2341 Bruno
649 2288 729 2342 eis
750 2289 1097 2359 praescripsit,
1115 2299 1403 2360 antequam
1427 2293 1601 2361 prima

91 2374 188 2428 illius
204 2377 386 2432 ordinis
420 2386 627 2433 statuta
657 2394 685 2432 a
712 2368 957 2450 Guigone
982 2381 1033 2435 in
1064 2382 1266 2451 scripta
1288 2382 1602 2453 redigeren-

91 2467 306 2524 lur.llanc
327 2480 509 2526 autem
578 2474 819 2545 regulam
866 2475 1042 2531 sancti
1081 2474 1359 2532 Benedicti
1409 2476 1599 2543 fuisse,

91 2559 216 2614 multis
237 2576 433 2619 constat
457 2568 818 2635 argumentis.
851 2567 1034 2625 Primo
1060 2568 1234 2640 Guigo
1258 2570 1373 2638 ipse
1400 2579 1599 2625 statuta

90 2662 151 2700 sua
174 2651 313 2706 edidit
355 2656 421 2709 ad
462 2668 701 2711 mentem
735 2657 894 2726 hujus
941 2660 1156 2728 regulae,
1204 2668 1262 2714 ut
1303 2660 1463 2715 docet
1518 2662 1601 2715 in-

89 2742 251 2813 scriptio
291 2749 607 2803 earumdem
636 2758 961 2805 statutorum
992 2752 1046 2805 in
1076 2751 1263 2807 codice
1290 2751 1601 2822 Portamm,

91 2832 124 2883 in
139 2849 219 2902 quo
256 2836 335 2891 illa
365 2838 645 2894 habentur
672 2841 772 2896 sub
805 2842 907 2896 hoc
938 2841 1130 2896 titulo:
1169 2860 1187 2892 ι
1223 2840 1435 2897 Statuta
1465 2843 1601 2899 Gui-

94 2925 242 2993 Igonis
268 2926 568 2984 Carlhusia:
593 2931 792 3000 prioris
829 2943 884 2988 et
907 2932 1135 2986 aliorum
1173 2933 1395 2988 Patrum
1446 2933 1603 3003 juxta

93 3013 315 3080 (regulam
358 3019 540 3071 sancti
594 3019 892 3075 Benedicti.
938 3039 957 3073 ι
1013 3019 1169 3077 Unde
1197 3022 1369 3093 Guigo
1400 3023 1515 3095 ipse
1546 3024 1600 3079 in

91 3105 331 3168 Purfatione
360 3130 457 3167 sua
491 3116 612 3171 haec
630 3114 833 3171 statuta
859 3119 1102 3174 scribere
1127 3132 1186 3173 se
1213 3119 1489 3176 distulisse
1514 3121 1592 3175 ait

94 3201 227 3263 (quod
252 3203 326 3256 vel
355 3206 404 3259 in
432 3207 682 3275 epistolis
704 3207 843 3263 beati
871 3209 1205 3280 Hieronymi,
1224 3211 1306 3265 vel
1338 3212 1389 3266 in
1419 3211 1600 3281 regula

94 3286 233 3343 theati
261 3291 535 3354 Benedicti
560 3313 655 3352 seu
686 3298 738 3353 in
763 3301 976 3355 caeteris
1013 3301 1296 3370 scripturis
1323 3302 1603 3356 authenti-

96 3381 212 3447 σείς,
260 3387 431 3442 omnia
483 3403 650 3459 pene,
722 3405 843 3460 qua:
908 3391 999 3447 hic
1052 3391 1344 3462 religiose,
1406 3392 1598 3461 inquit,

96 3485 258 3540 ﬁgere
306 3483 743 3545 consuevimus,
809 3484 1079 3539 contineri
1138 3485 1515 3540 credebantns.
1574 3504 1594 3538 ι

93 3557 200 3617 Certe
213 3582 301 3621 non
323 3570 480 3625 aliain
512 3572 566 3627 in
593 3572 772 3643 capite
799 3573 871 3628 23
896 3574 1183 3629 formulam
1213 3572 1599 3643 professionis,

92 3662 202 3716 quam
224 3656 616 3717 Benedictinam
640 3664 907 3734 proponit.
928 3663 1129 3719 Deinde
1151 3664 1422 3735 Eugenius
1451 3666 1514 3720 ιιι
1547 3666 1601 3721 in

94 3743 304 3818 Priiilegio
330 3751 640 3809 Carlhusia:
677 3753 995 3810 Montis-Dei
1029 3770 1311 3819 concesso,
1367 3758 1559 3811 statuit
1585 3797 1601 3824 ,

98 3843 175 3887 tut
200 3840 313 3895 ordo
340 3845 681 3899 monasticus
713 3845 1010 3901 secundum
1036 3844 1180 3899 beati
1218 3846 1490 3902 Benedicti
1520 3863 1604 3902 re-

98 3936 111 3971 ι
139 3926 276 3994 gulam
306 3972 320 3996 ,
365 3950 619 3989 normam
650 3949 862 4005 quoque
888 3944 943 3989 et
968 3935 1342 3991 institutiones
1372 3936 1602 3993 fratrum

97 4012 553 4078 «Carthusiensium
582 4024 854 4094 perpetuis
882 4024 953 4077 ibi
1002 4024 1336 4094 temporibus
1378 4026 1604 4081 inviola-

100 4118 111 4148 ι
136 4105 272 4163 biliter
293 4125 663 4171 conservetur.
696 4134 714 4169 ι
746 4116 823 4169 Ad
848 4117 961 4170 haec
988 4115 1271 4172 Paschalis
1296 4116 1336 4171 ll
1364 4118 1605 4174 Lanvino

96 4190 304 4259 Squillacii
344 4216 469 4274 post
499 4216 743 4261 sanctum
775 4206 1080 4263 Brunouem
1117 4209 1285 4278 priori
1338 4209 1604 4280 indulget,

97 4295 131 4335 ul
152 4288 188 4341 in
200 4295 403 4359 quadam
432 4298 666 4354 ecclesia
691 4297 832 4367 juris
861 4300 1055 4364 eremi,
1076 4314 1199 4369 qua:
1224 4302 1363 4370 apud
1381 4302 1605 4371 Squilla-

10 4410 11 4439 l
97 4375 193 4429 tium
214 4382 299 4437 sita
328 4398 466 4453 erat,
503 4388 891 4443 monasterium
914 4390 1233 4455 constituat,
1266 4408 1284 4441 ι
1322 4400 1380 4445 υι
1410 4390 1607 4447 fratres

10 4528 13 4595 Ῠ
102 4558 352 4623 IBeuedicti
402 4572 647 4643 regulam
705 4573 816 4628 illic
855 4573 1070 4644 possint
1106 4528 1463 4643 omnipotenti
1496 4575 1605 4629 Deo

103 4649 355 4716 tileservire
386 4680 399 4715 :
430 4678 594 4732 quam
620 4665 874 4719 nimirum
925 4663 1314 4720 habitationem
1341 4679 1439 4735 per
1462 4679 1601 4734 prte-

103 4745 311 4806 lposilum
348 4761 402 4806 ct
427 4754 718 4822 decanum,
756 4775 775 4808 ι
812 4756 1008 4827 inquit,
1047 4772 1066 4806 ‹
1104 4753 1394 4825 gubernari
1424 4754 1604 4823 dispo-

104 4834 261 4903 ἠῖίιιιε
305 4844 649 4915 praecipimus
678 4862 693 4913 ;
722 4846 802 4902 sic
832 4856 1012 4901 tamen
1046 4854 1107 4899 ut
1143 4843 1310 4900 eremi
1340 4844 1602 4914 praeposi-

104 4928 200 4978 ‘lus
231 4943 425 5003 semper
474 4936 794 5006 praeferatur
834 4946 890 4992 et
919 4935 1090 5004 major
1125 4935 1414 4998 habeatur,
1443 4946 1497 4988 et
1526 4935 1605 4989 sic

10 5038 11 5043 η
105 5018 179 5064 tut
195 5014 311 5073 idem
336 5028 723 5079 monasterium
750 5026 918 5080 eremi
952 5023 1603 5095 dispositionisubjaceat,

105 5101 233 5161 «item
254 5112 480 5181 ejusdem
517 5117 619 5173 loci
650 5118 974 5189 praepositus
1005 5125 1061 5172 et
1084 5117 1321 5171 decanos
1350 5115 1605 5184 subjicia-

106 5211 120 5240 ι
144 5206 204 5252 ιιιι-
237 5208 473 5278 magistro
526 5212 717 5266 eremi.
772 5212 905 5265 Data
937 5208 1225 5265 Lateranis
1250 5225 1303 5263 vr
1335 5208 1460 5264 Kal.
1502 5208 1604 5264 Fe-

108 5304 119 5333 ι
140 5287 315 5349 bruarii.
350 5317 365 5348 ι

148 5380 277 5436 49οΑ
328 5388 401 5443 Ex
448 5391 641 5461 quibus
685 5391 1028 5463 intelligitur,
1079 5389 1274 5459 duplex
1314 5389 1421 5445 illic
1467 5390 1600 5445 Car-

109 5468 381 5535 lhusiensium
409 5500 575 5555 genus
607 5484 795 5545 fuisse,
825 5484 1283 5539 auachoretarnm
1314 5492 1368 5535 et
1414 5496 1600 5536 C(BIIO-

110 5558 290 5634 hilarum,
330 5584 384 5627 ut
431 5578 567 5646 apud
598 5577 1071 5641 Camaldulenses;
1103 5586 1157 5630 et
1186 5576 1429 5645 utrisque
1457 5576 1602 5645 prio-

111 5666 182 5739 itm
226 5668 368 5721 eremi
436 5671 714 5739 praefuisse
767 5670 1062 5726 secundum
1129 5669 1370 5737 regulam
1424 5667 1598 5722 sancti

114 5738 338 5821 Betto'alicti,
365 5738 451 5828 qui
481 5770 738 5830 utrosque
776 5761 829 5816 in
856 5760 1036 5829 regula
1066 5776 1163 5817 sua
1204 5758 1455 5815 instituit.
1489 5756 1601 5813 Hoc

281 5849 532 5917 Ριτιιοι.
585 5854 768 5920 CLII.

1702 1924 1862 1993 plane
1891 1924 2186 1979 evincunt?
2206 1921 2261 1978 Id
2285 1922 2537 1993 equidem
2563 1937 2669 1977 non
2701 1930 2831 1992 puto
2856 1939 2870 1987 ;
2923 1922 3031 1977 imo
3060 1938 3187 1978 vero
3221 1938 3290 1979 ex

1703 2017 1873 2080 hisce,
1902 2031 2021 2085 qua:
2040 2015 2211 2085 Guigo
2236 2016 2290 2070 in
2322 2014 2671 2084 praafatione,
2700 2015 3023 2085 conscriptis
3080 2032 3111 2069 a
3164 2030 3287 2073 sese

1702 2105 2007 2161 Carthasim
2044 2108 2525 2163 consuetudinilms
2576 2123 2669 2161 seu
2716 2108 2939 2163 statutis
2970 2109 3288 2178 praemissa,

1703 2197 2030 2266 suppeditat,
2066 2212 2294 2267 quat-que
2338 2196 2682 2254 Mabillonius
2730 2214 2827 2267 pro
2872 2214 2931 2254 se
2963 2199 3172 2265 laudat,
3202 2214 3293 2255 se-

1701 2287 1996 2355 quentibus
2032 2289 2211 2342 verbis
2243 2306 2256 2341 :
2312 2307 2331 2340 ι
2362 2289 2403 2342 Α
2455 2302 2563 2357 quo
2609 2289 2826 2358 negotio
2859 2289 3290 2359 (conscribendis

1704 2394 1900 2448 nempe
1940 2378 2245 2434 Carthusize
2294 2379 2801 2449 consuetudinibus)
2845 2381 3286 2446 rationaliilibus,

1704 2483 1762 2529 ut
1786 2483 2060 2541 putamus,
2089 2475 2154 2541 de
2188 2472 2368 2525 causis
2397 2472 2484 2525 diu
2513 2470 2999 2535 dissimulavimus,
3032 2471 3291 2526 videlicet

1702 2568 1846 2637 quod
1872 2564 1957 2619 vel
1985 2564 2039 2618 in
2068 2540 2313 2632 e'pistolis
2348 2563 2491 2617 beati
2523 2561 2860 2631 Hieronymi,
2900 2563 2983 2618 vel
3018 2564 3071 2616 in
3104 2563 3289 2633 regula

1703 2657 1844 2712 beati
1870 2655 2163 2715 Benedicti,
2208 2669 2305 2709 seu
2336 2654 2390 2707 in
2412 2653 2621 2708 ueteris
2643 2653 2929 2722 scripturis
2958 2656 3290 2711 authenticis

1701 2748 1884 2803 omnia
1913 2760 2209 2817 pene,quae
2246 2746 2336 2801 llic
2374 2746 2450 2815 (in
2496 2743 2785 2800 Cartlutsia
2823 2744 3104 2816 nimirum)
3160 2746 3287 2801 reli-

1703 2840 1853 2908 giose
1877 2853 2039 2909 agere
2063 2828 2452 2893 consuevimus
2476 2875 2492 2900 ,
2541 2834 2810 2890 contineri
2852 2838 3238 2903 credebamus,
3264 2856 3283 2889 ι

1704 2928 2108 2983 consectarium
2191 2926 2373 2996 potius
2444 2926 2701 2989 videtur,
2749 2932 2810 2978 ut
2862 2925 2995 2980 nulli
3055 2942 3283 2997 prorsus

1702 3017 2014 3087 particulari
2045 3016 2242 3088 regula:
2281 3015 2339 3071 S.
2385 3015 2567 3071 Bruno
2612 3029 2731 3070 sese
2776 3030 3013 3086 suosque
3079 3018 3287 3073 astrin~

1701 3109 1863 3164 xerit.
2290 3160 2293 3163 .

1772 3199 1897 3255 491.
1929 3198 2093 3263 Audi,
2131 3199 2222 3268 qui
2254 3197 2539 3255 Massonus
2573 3198 2626 3253 in
2671 3212 2854 3268 opere,
2882 3200 3026 3270 quod
3072 3200 3284 3257 ordinis

1703 3289 2109 3346 Carthtisiensis
2160 3290 2385 3346 annales
2424 3289 2722 3360 inscripsit,
2770 3292 2933 3345 verba
2997 3292 3084 3346 illa
3130 3307 3286 3348 com-

1703 3389 1994 3437 mentetur.
2017 3399 2035 3432 ι
2072 3379 2208 3436 Hinc
2236 3387 2290 3452 (e
2314 3381 2556 3437 recitatis
2578 3395 2772 3450 nempe
2802 3380 3063 3451 Guigonis
3088 3384 3289 3456 verbis)

1699 3482 1867 3543 patet.
1918 3471 2135 3542 inquit,
2192 3472 2434 3538 libertas,
2463 3486 2569 3541 qua
2598 3470 2656 3527 S.
2687 3470 2869 3527 Bruno
2919 3480 2975 3527 et
3007 3488 3290 3530 successo-

1705 3579 1793 3620 res
1839 3562 1957 3632 ejus
2015 3562 2305 3619 voluerunt
2363 3564 2704 3634 propositum
2774 3572 2831 3619 et
2892 3566 3109 3621 modum
3175 3568 3285 3625 sibi

1704 3654 1918 3710 vivendi
1962 3654 2183 3725 eligere,
2233 3664 2288 3710 et
2343 3669 2713 3724 componere,
2762 3664 2923 3725 prout
2969 3657 3194 3727 spiritus
3240 3668 3293 3715 et

1704 3746 1987 3816 prudentia
2041 3756 2417 3816 suggererent,
2483 3754 2541 3801 et
2590 3762 2697 3802 non
2747 3762 2807 3802 se
2860 3748 3167 3819 astringere
3216 3750 3287 3804 ad

1707 3838 1828 3893 illas
1864 3837 2079 3908 regulas
2112 3853 2208 3893 seu
2260 3838 2678 3893 constitutiones
2721 3839 3023 3908 specilicas,
3074 3856 3196 3911 quae
3238 3842 3293 3897 in

1706 3930 1871 3984 variis
1900 3930 2180 3985 ordinibus
2215 3930 2525 3985 monasticis
2576 3931 2691 3985 sive
2726 3930 2780 3984 in
2825 3931 3049 3986 Oriente
3079 3934 3194 3989 sive
3227 3934 3282 3987 in

1707 4022 1999 4078 Occidente
2045 4021 2154 4092 jam
2197 4021 2398 4075 dudum
2455 4021 2671 4075 fuerant
2715 4023 2967 4076 conditae.
2997 4022 3143 4079 Nihil
3185 4025 3289 4081 sibi

1707 4113 1868 4184 elegit
1895 4112 1954 4168 S.
1997 4113 2181 4168 Bruno
2224 4127 2322 4183 pro
2350 4113 2563 4168 vivendi
2608 4114 2786 4176 modo,
2831 4113 3104 4182 quodnon
3142 4126 3291 4172 esset

1708 4215 2020 4262 sanctorum
2054 4206 2362 4277 Hieronymi
2387 4251 2403 4277 ,
2427 4205 2698 4260 Benedicti
2730 4214 2785 4260 et
2816 4207 3040 4261 aliorum
3074 4208 3292 4277 scriptis

1712 4297 2009 4362 laudatum,
2039 4298 2132 4351 sed
2180 4310 2285 4349 non
2335 4296 2453 4349 ideo
2502 4294 2717 4349 illorum
2745 4295 2940 4366 regulis
2967 4310 3026 4350 se
3059 4297 3288 4362 addixit,

1711 4387 1961 4456 quamvis
1992 4386 2113 4440 inde
2134 4384 2298 4439 veluti
2342 4385 2639 4455 spiritualis
2661 4386 2777 4454 apis
2810 4384 3115 4455 collegerit,
3150 4388 3293 4444 unde

10 4528 13 4574 ἱ
101 4479 453 4536 austeritatem
487 4484 657 4537 eremi
691 4482 836 4536 ferre
864 4497 970 4536 non
1001 4483 1262 4548 valentes,
1280 4484 1433 4554 juxta
1460 4483 1604 4539 beati
1641 4515 1686 4574 υ
1716 4479 1818 4533 mel
1847 4488 1901 4532 et
1927 4492 2106 4532 ceram
2136 4476 2408 4545 propriam
2456 4485 2820 4544 componeret.
2867 4474 2982 4530 Non
3014 4492 3144 4549 ergo
3187 4480 3291 4534 im-

1713 4571 1991 4641 properari
2052 4578 2229 4639 potest
2272 4568 2353 4622 sui
2398 4568 2628 4622 instituti
2680 4567 3100 4637 professoribus,
3143 4573 3290 4641 quod

1710 4662 1810 4716 has
1844 4661 1927 4714 Vl'l
1957 4661 2074 4715 illas
2122 4668 2432 4715 sanctorum
2487 4659 2601 4714 sive
2649 4660 2894 4725 Antonii,
2924 4662 3038 4717 sive
3062 4663 3288 4720 Climaci

1709 4753 1825 4807 sive
1870 4751 2147 4806 Benedicti
2194 4750 2309 4804 sive
2348 4750 2609 4804 Bernardi
2641 4758 2734 4805 aut
2759 4762 3000 4807 veterum
3033 4753 3287 4811 Orienta-

1710 4843 1839 4897 lium
1896 4842 2118 4896 Patrum
2169 4841 2414 4895 instituta
2461 4850 2516 4895 et
2564 4856 2758 4911 praxcs
2811 4858 2915 4897 non
2968 4858 3290 4915 sequantur,

1710 4935 1835 5005 quia
1866 4933 1947 4989 sui
1979 4930 2238 5001 propositi
2277 4947 2381 4986 non
2408 4941 2552 4997 sunt,
2593 4948 2693 4988 nec
2726 4932 2842 4988 illas
2871 4937 3167 4993 senandas
3188 4938 3288 4993 sibi

1712 5024 2009 5094 elegerunt.
2065 5042 2083 5074 ι
2146 5021 2307 5088 Sane,
2342 5036 2464 5077 cum
2491 5022 2661 5094 Guigo
2693 5024 2873 5080 verbis
2917 5027 3152 5082 recitatis
3190 5028 3288 5083 do-

1712 5125 1853 5178 ceat,
1886 5129 1991 5167 non
2022 5113 2074 5167 in
2128 5112 2241 5168 sola
2283 5112 2342 5168 Β.
2402 5112 2680 5169 Benedicti
2720 5114 2926 5185 regula,
2977 5118 3073 5172 sed
3123 5118 3203 5172 vel
3238 5119 3289 5173 in

1713 5205 1771 5262 S.
1817 5206 2129 5277 Hieronymi
2182 5205 2460 5276 Epistolis,
2501 5206 2584 5262 vel
2615 5206 2665 5261 in
2707 5205 2766 5262 S.
2806 5207 3079 5263 Benedicti
3109 5210 3288 5278 regula

1711 5297 1795 5353 vel
1824 5298 2058 5366 denique
2080 5297 2134 5351 in
2160 5297 2377 5366 scriptis
2410 5297 2549 5364 aliis,
2578 5298 2719 5368 quod
2749 5298 2814 5351 ad
2850 5307 3057 5369 tempus
3088 5315 3288 5369 usque,

1709 5404 1821 5458 quo
1869 5387 2165 5452 scribebat,
2217 5387 2269 5441 in
2318 5387 2605 5444 Carlhusia
2634 5388 2885 5459 religiose
2942 5390 3026 5457 agi
3071 5388 3288 5446 solitum

1710 5480 1921 5543 fuisset,
1972 5480 2278 5544 contineri,
2316 5480 2460 5545 satis
2503 5481 2690 5550 utique
2713 5480 2929 5540 indicat,
2965 5478 3132 5533 fuisse
3163 5489 3289 5536 tunc

1708 5569 2098 5625 Carthusianos
2122 5587 2227 5624 non
2258 5572 2346 5624 uni
2381 5570 2439 5626 S.
2474 5572 2749 5627 Benedicti
2782 5571 2976 5642 regula:
2998 5571 3290 5627 observan-

1709 5665 1789 5720 da:
1835 5662 2149 5728 obstrictos,
2207 5665 2300 5718 sed
2340 5679 2402 5719 ea
2430 5674 2645 5720 secutos
2673 5679 2794 5719 esse
2832 5664 3033 5733 Optima
3079 5665 3290 5719 vivendi

1706 5758 1976 5821 instituta,
2006 5772 2126 5827 qua:
2149 5758 2262 5811 sive
2301 5758 2440 5828 apud
2467 5756 2526 5812 S.
2563 5756 2955 5829 llicronynum,
2991 5766 3085 5814 aut
3125 5757 3291 5813 Bene-

2899 5852 2971 5912 10
