3814 6306
510 316 614 374 299
644 294 646 296 ’

1299 299 1353 351 s.
1385 289 1732 349 BttUNUNlS
1761 276 2106 354 sunmus;

2214 272 2398 328 DRL'M
2438 269 2920 328 INS'l'lTUTORIS
3645 268 3730 324 300

509 434 735 490 dictum,
767 423 880 477 sive
917 417 1057 488 apud
1109 412 1242 470 alios
1269 421 1618 482 quoscunque
1647 409 1866 460 sanctos
1899 397 2091 452 Patres
2119 393 2165 452 Α
2190 388 2409 446 nedicti.
2445 387 2640 444 Verum
2673 403 2740 490 ne
2771 387 2874 487 hoc
2905 383 3121 490 mli-dettl
3153 381 3372 483 verit-ali
3403 391 3583 438 exacte
3612 384 3733 490 vide-

433 539 438 580 ξ
509 524 556 578 ei
589 531 711 573 Vitae
736 515 942 586 generi,
973 512 1117 582 quod
1147 507 1376 578 amplexi
1402 513 1580 568 erant,
1604 500 1777 568 magis
1813 493 2094 551 existima-

509 618 641 671 baut
669 584 890 674 idonea;
918 617 988 664 ut,
1007 603 1280 660 annalium
1296 594 1758 657 Carthusieusium
1777 587 1898 642 libri
1912 584 2094 654 quarti

511 708 776 761 hactenus
795 715 901 754 non
938 696 1138 768 vulgati
1162 703 1350 749 auctor
1388 701 1690 758 auonymus
1722 681 1915 738 merito
1967 694 2096 734 con-

514 797 718 858 tendat,
768 812 786 842 ι
807 792 864 846 S.
897 791 1200 844 Bruuonem
1231 784 1453 852 ejusque
1491 773 1784 846 discipulos
1818 783 2093 858 nunquam

516 899 637 939 sese
705 856 1077 936 determinata'.
1137 875 1296 930 alicui
1361 886 1428 924 ex
1506 862 1823 920 monasticis
1895 856 2096 928 regulis

517 976 860 1039 astrinxisse,
885 970 980 1026 sed
1021 983 1118 1039 pro
1140 966 1345 1022 arbitro
1363 958 1636 1030 accepisse
1661 969 1727 1009 ex
1752 951 2097 1019 antiquorum

517 1080 633 1125 tum
655 1067 901 1138 scriptis,
955 1073 1070 1118 tum
1105 1056 1400 1126 exemplis,
1443 1049 1586 1121 quod
1639 1047 1763 1100 vitae
1803 1039 2100 1098 eremitica:

516 1155 837 1230 perfectioni
863 1149 1330 1208 acconuuodatum
1372 1142 1670 1196 videretur.
1727 1153 1746 1186 ι

587 1249 714 1304 492.
747 1248 818 1302 At
841 1259 969 1300 vero
1003 1242 1077 1297 ait
1098 1237 1278 1294 verbis
1306 1233 1552 1306 proxime
1595 1225 1837 1284 recitatis
1867 1217 2102 1275 Mabillo—

518 1339 664 1403 nius,
686 1336 902 1393 condita
925 1350 956 1387 a
990 1331 1234 1401 Guigone
1261 1334 1467 1381 statuta
1499 1321 1551 1374 in
1583 1317 1772 1374 codice
1810 1312 2098 1403 Portarum

518 1402 662 1488 hunc
709 1430 1002 1501 praeferunt
1027 1423 1240 1480 titulum
1275 1439 1288 1474 :
1340 1437 1359 1471 ι
1398 1417 1612 1472 Statuta
1655 1407 1917 1478 Guigonis
1963 1402 2098 1501 Bar-

519 1494 724 1577 thusize
760 1519 956 1589 prioris
1007 1524 1064 1571 et
1113 1513 1344 1568 aliorum
1391 1508 1612 1561 Patrum
1655 1501 1811 1589 juxta
1859 1494 2098 1589 regulam

516 1611 690 1666 sancti
723 1583 1022 1663 Benedicti.
1059 1622 1077 1656 ι
1107 1602 1353 1657 Primum
1399 1598 1502 1651 hoc
1522 1601 1628 1658 est,
1672 1588 1815 1660 quod
1850 1599 1950 1654 pro
1984 1583 2102 1654 opi-

514 1702 676 1756 nione
719 1714 815 1754 sua
842 1699 888 1754 is
909 1697 1142 1765 scriptor
1179 1691 1427 1753 adducit,
1463 1691 1859 1757 argumentum.
1901 1677 2098 1733 Verum

513 1791 828 1862 praeferant,
866 1799 926 1843 ut
975 1786 1183 1856 inquit,
1218 1785 1362 1838 hunc
1393 1781 1445 1834 in
1501 1777 1688 1832 codice
1741 1773 1835 1828 illo
1886 1770 2098 1824 titulum

514 1883 778 1952 Guigouis
833 1889 1058 1944 statuta,
1105 1877 1230 1933 hinc
1276 1883 1476 1937 tamen,
1507 1877 1562 1922 ut
1587 1867 1722 1931 vult,
1763 1873 2101 1930 consequens

513 1985 624 2028 non
674 1977 780 2030 est,
833 1979 890 2024 ut
944 1970 1058 2023 haec
1095 1967 1160 2021 ad
1211 1963 1410 2035 regula:
1457 1955 1818 2013 Benedictina:
1862 1959 2101 2008 mentem

516 2065 691 2135 Guigo
713 2063 978 2130 exegerit.
1017 2059 1151 2116 Cum
1182 2058 1325 2113 enim
1360 2051 1544 2108 titulus
1569 2047 1658 2103 ille
1701 2048 2016 2118 ipsummet,
2045 2047 2106 2094 ut

519 2153 1076 2226 appar'et,Guigonem
1094 2165 1198 2206 non
1223 2147 1420 2204 habeat
1437 2151 1738 2206 auctorem,
1763 2137 1878 2193 ﬁeri
1903 2142 2101 2206 potest,

521 2256 580 2301 ut
623 2246 690 2300 ab
720 2245 924 2315 aliquo,
957 2243 1072 2314 qui,
1113 2256 1218 2311 qua
1253 2240 1466 2293 ratione
1523 2234 1696 2303 Guigo
1750 2239 1952 2286 statuta
2008 2241 2104 2280 sua

521 2339 874 2402 condidisset,
899 2337 1080 2391 minus
1097 2333 1333 2388 habebat
1361 2335 1723 2397 compertum,
1752 2320 1981 2394 prazfato
2011 2333 2104 2374 co-

522 2429 627 2485 dici
682 2428 844 2482 fuerit
889 2429 1176 2496 ascriptus.
1222 2425 1294 2482 Ut
1333 2433 1392 2478 ut
1418 2425 1509 2485 sit,
1565 2423 1633 2476 ad
1681 2420 1852 2476 solius
1906 2416 2107 2488 regula:

522 2519 885 2574 Benedictinae
932 2528 1165 2574 mentem
1215 2526 1419 2572 statuta
1468 2529 1566 2568 sua
1603 2527 1709 2567 non
1737 2511 1984 2582 exegisse
2013 2527 2108 2566 seu

524 2615 833 2671 condidisse
859 2614 1191 2685 Guigonem,
1226 2613 1456 2681 ipsemet
1485 2610 1539 2662 in
1575 2606 1914 2678 praefatione,
1945 2619 2106 2674 quam

524 2711 678 2766 hisce
701 2709 952 2779 prmﬁxit,
1002 2723 1105 2762 non
1131 2708 1358 2761 obscure
1383 2703 1606 2758 indicat.
1656 2701 1746 2754 Ait
1774 2699 1941 2763 enim,
1968 2712 2104 2760 sese,

524 2817 633 2859 non
665 2815 800 2857 nova
827 2809 922 2856 seu
944 2809 1211 2872 praecepta
1243 2811 1338 2850 seu
1367 2803 1596 2858 statuta,
1623 2791 1716 2848 sed
1745 2789 2108 2847 Consuetudi-

525 2906 624 2946 nes
659 2891 878 2960 scriptis
914 2889 1189 2949 mandare,
1215 2887 1267 2942 id
1291 2895 1394 2949 est,
1421 2899 1542 2954 quae
1571 2884 1657 2955 agi
1701 2892 1833 2938 tunc
1872 2880 2112 2936 solerent

526 2984 580 3039 in
606 2981 925 3045 Carthusia;
969 2995 1159 3050 quare,
1199 2994 1320 3033 cum
1377 2978 1511 3042 haec,
1549 2976 1628 3031 uti
1669 2976 1900 3046 ipsemet
1927 2975 2112 3030 verbis

525 3091 688 3147 supra
720 3076 825 3131 huc
855 3074 1195 3143 trauscriptis
1218 3071 1440 3135 indicat,
1472 3085 1577 3124 non
1612 3069 1664 3122 in
1697 3069 1810 3122 sola
1841 3069 1898 3122 S.
1935 3067 2108 3121 Bene-
2136 3077 2177 3134 α

525 3169 658 3224 dicti
687 3168 892 3239 regula,
937 3167 1030 3221 sed
1080 3166 1162 3222 vel
1211 3165 1264 3219 in
1293 3166 1418 3229 hac,
1446 3162 1531 3218 vel
1564 3163 1617 3216 in
1670 3159 1928 3230 Epistolis
1961 3159 2106 3214 beati

527 3259 863 3330 Hieronymi,
911 3258 998 3312 vel
1029 3258 1080 3312 in
1105 3257 1225 3311 aliis
1251 3255 1538 3324 scripturis
1569 3252 1898 3307 authenticis
1942 3250 2110 3306 conti-

527 3362 781 3417 neantur,
831 3365 1167 3418 consequens
1204 3349 1280 3410 fit,
1333 3355 1392 3400 ut
1429 3345 1603 3414 Guigo
1642 3353 1841 3398 statuta
1890 3357 1988 3398 sua
2043 3339 2110 3396 ad

528 3445 696 3498 solam
723 3444 781 3498 S.
809 3442 1080 3496 Benedicti
1127 3441 1366 3508 regulam
1396 3454 1500 3494 non
1525 3443 1784 3510 exegerit,
1816 3452 1881 3492 ac
1924 3439 2110 3507 proin,

530 3543 590 3589 ut
613 3535 677 3587 ad
707 3535 848 3589 hanc
893 3534 1052 3588 unice
1102 3533 1426 3587 servandam
1451 3543 1511 3584 se
1567 3545 1803 3600 suosque
1853 3544 2112 3600 sequaces

530 3637 640 3677 non
693 3621 1048 3676 astrinxerint
1093 3621 1149 3675 S.
1181 3621 1362 3675 Bruuo
1415 3619 1639 3690 ejusque
1677 3621 1950 3690 discipuli.
2002 3620 2114 3676 Nec

533 3713 794 3790 Sanctum
848 3713 1070 3783 ejusque
1103 3714 1396 3783 discipulos
1426 3728 1546 3768 sese
1592 3713 1684 3768 uni
1723 3714 1779 3770 S.
1835 3716 2111 3771 Benedicti

531 3801 730 3871 regulae
776 3801 1113 3868 astrinxisse,
1159 3803 1378 3865 evincit.
1409 3804 1552 3874 quod
1583 3804 1924 3861 Mabillonius
1951 3808 2112 3862 etiam

539 3895 745 3955 laudat.
772 3895 1113 3966 privilegium
1163 3896 1470 3953 Carthusia:
1493 3896 1815 3954 Montis-Dei
1847 3899 1916 3954 ab
1941 3899 2114 3970 Euge-

533 3989 625 4044 nio
650 3989 710 4043 lll
745 4003 1087 4044 concessum.

579 4081 728 4137 195.
763 4081 876 4136 Hoc
923 4082 1066 4136 enim
1105 4081 1343 4152 pontifex
1383 4084 1600 4150 statuit,
1652 4092 1710 4139 ut
1751 4083 1950 4139 ibidem
1983 4083 2117 4139 ordo

533 4181 866 4230 monastteus
889 4173 1270 4230 inviolabiliter
1285 4187 1533 4232 servetur
1553 4192 1656 4232 non
1677 4185 1882 4231 tantum
1904 4191 2120 4231 «secun-

533 4273 659 4327 dum
685 4269 825 4326 beati
849 4269 1122 4325 Benedicti
1143 4271 1402 4342 regulam,
1431 4290 1446 4323 ι
1469 4271 1561 4327 sed
1583 4290 1600 4323 ›
1636 4274 1798 4327 etiam
1821 4276 2116 4328 secundum

533 4383 781 4423 normam
823 4375 877 4422 et
903 4365 1268 4420 institutiones
1299 4363 1527 4428 fratrum
1558 4365 2026 4424 Carthusieusium
2055 4386 2069 4435 ;
2095 4389 2113 4422 ι

534 4471 595 4513 ut
621 4461 845 4529 proinde
902 4459 1168 4529 privilegii
1212 4457 1355 4514 illius
1403 4458 1666 4528 pontificii
1694 4461 1744 4515 vi
1778 4461 1830 4515 in
1883 4461 2110 4517 Montis-

536 4549 631 4602 Dei
678 4549 1006 4604 monasterio
1029 4566 1132 4603 non
1165 4565 1292 4616 una,
1327 4551 1433 4604 imo
1458 4564 1522 4604 ue
1547 4558 1654 4605 tota
1679 4553 1895 4620 quidem
1929 4552 1985 4607 S.
2015 4553 2115 4608 Be-

535 4638 736 4692 nedicti
785 4639 965 4708 regula
999 4641 1161 4695 fuerit
1197 4641 1556 4704 observanda,
1603 4642 1696 4695 sed
1745 4657 1823 4697 eae
1855 4645 2120 4697 duntaxat

529 4727 698 4797 hujus
745 4741 948 4799 partes,
987 4747 1106 4800 qua:
1140 4748 1260 4787 cum
1310 4733 1728 4802 particularibus
1769 4734 2120 4789 Carthusieu-

538 4821 676 4875 sium
707 4822 1137 4879 institutionibus
1166 4826 1546 4891 convenirent;
1571 4841 1638 4880 ex
1667 4841 1731 4880 eo
1755 4828 2121 4896 autem,quod

524 4914 714 4985 aliqua
772 4915 970 4986 regula:
1020 4916 1380 4973 Benedictina:
1432 4921 1676 4974 instituta
1715 4937 1744 4974 a
1779 4928 1836 4976 S.
1871 4925 2122 4977 Brunone

525 5003 760 5078 ejusque
793 5007 1070 5078 discipulis
1100 5009 1359 5064 horumve
1384 5012 1708 5079 sequacibus
1730 5015 1983 5084 aduptata
2011 5016 2122 5071 fue-

529 5099 648 5154 rint
702 5106 864 5168 atque
923 5099 1241 5166 observata,
1289 5115 1628 5170 consequens
1676 5117 1781 5156 non
1811 5114 1923 5171 est,
1968 5119 2024 5160 ut
2056 5109 2121 5161 ad

538 5207 700 5246 unam
757 5209 822 5246 ac
878 5202 1044 5246 totum
1077 5193 1221 5246 illam
1264 5193 1503 5264 regulam
1557 5195 1954 5254 observandam
2002 5215 2123 5257 sese

529 5281 596 5335 'S.
654 5281 834 5336 Bruno
881 5281 1107 5352 ejusque
1149 5285 1394 5355 discipuli
1447 5285 1717 5342 voluerint
1757 5290 2119 5361 ob51ringere.

539 5374 674 5430 lline
717 5391 814 5445 pro
844 5377 1099 5446 Opinione
1123 5395 1216 5434 sua
1250 5379 1592 5436 Mabillouius
1620 5383 1751 5438 nihil
1781 5399 1962 5458 posset
1988 5403 2122 5441 con-

539 5465 724 5531 ficere,
766 5467 865 5520 etsi
898 5467 1060 5522 etiam
1095 5469 1164 5532 ei,
1195 5471 1336 5539 quod
1363 5481 1625 5540 prmtcrca
1665 5475 1715 5528 in
1747 5488 2120 5546 argumentum

535 5558 778 5620 adducit,
810 5559 1070 5630 tantisper
1100 5562 1380 5628 daremus,
1411 5563 1796 5621 Carthusianos
1855 5569 2124 5639 hodieque

539 5651 704 5708 divini
729 5650 890 5708 oﬂicii
923 5654 1328 5723 dispositionem
1359 5656 1595 5713 retinere
1619 5675 1683 5714 ex
1715 5660 1898 5729 regula
1932 5659 1988 5715 S.
2021 5660 2123 5716 Be-

2197 490 2284 535 tur
2325 492 2638 534 consonum.
2687 475 2900 530 Etenim
2957 473 3238 529 Massonus
3289 473 3342 525 in
3392 486 3566 540 opere,
3615 476 3735 542 quod

2195 569 2401 625 ordinis
2421 565 2825 621 Carthusieusis
2854 563 3078 618 annales
3104 561 3400 630 inscripsit,
3429 561 3478 614 in
3508 561 3613 616 lucc
3648 573 3733 617 sta-

2197 655 2706 726 tutorumGuigonis
2737 655 2926 707 verba:
2955 653 3040 706 «In
3069 667 3176 721 quo
3203 649 3402 722 (officio
3423 649 3594 704 divino
3609 652 3738 706 nimi-

2199 747 2342 818 rum)
2385 762 2506 802 cum
2561 745 2772 800 caeteris
2801 743 3080 798 monachis
3133 741 3389 805 multum,
3444 741 3657 795 maxime
3696 744 3738 797 in

2204 836 2499 908 psalmodia
2523 831 3468 906 regulari,concordesinveniautur;
3491 849 3508 882 ι
3527 830 3595 884 ita
3619 845 3742 885 com-

2197 937 2470 982 mentatur
2499 947 2514 980 :
2549 945 2567 976 ε
2599 924 2714 979 Νοη
2763 924 2914 988 dicit,
2949 943 2967 975 ‹
3001 924 3053 977 in
3083 932 3310 986 totum,»
3348 921 3471 990 quia
3512 936 3674 975 revera
3699 923 3740 976 in

2199 1015 2572 1086 componendo
2604 1015 2788 1068 divino
2813 1012 2988 1068 officio
3017 1013 3382 1068 Carthusiano
3407 1013 3537 1066 ritus
3558 1013 3743 1081 quidem

2201 1107 2536 1162 monasticus
2563 1106 2614 1159 in
2651 1104 2933 1159 duodecim
2959 1103 3201 1174 psalmis,
3246 1104 3419 1158 tribus
3459 1102 3674 1158 Canticis
3699 1109 3744 1156 et

2200 1195 2482 1252 duodecim
2496 1195 2847 1250 Lectionibus
2867 1207 2921 1248 et
2945 1195 3065 1248 aliis
3077 1193 3347 1248 similibus
3361 1204 3648 1263 assumptus
3659 1203 3741 1258 est,

2202 1286 2296 1341 sed
2320 1300 2424 1339 non
2456 1299 2624 1354 pauca
2667 1286 2832 1338 etiam
2877 1285 2927 1338 ei
2962 1283 3215 1354 adjuncta
3258 1283 3475 1338 fuerun.
3496 1300 3556 1337 ex
3585 1283 3747 1338 ritibus

2203 1387 2317 1434 tum
2348 1376 2592 1432 ecclesia:
2641 1375 3036 1447 Lugdunensis,
3081 1385 3192 1430 tum
3249 1373 3745 1443 Gratianopolitaure,

2203 1465 2256 1519 in
2280 1462 2432 1532 cujus
2463 1463 2684 1518 dioecesi
2716 1462 2818 1516 sita
2840 1472 2922 1516 est
2949 1461 3258 1528 Carthusia,
3287 1471 3348 1516 ut
3373 1462 3577 1532 probari
3605 1471 3748 1532 potest

2207 1571 2274 1612 ex
2304 1554 2543 1626 antiquis
2569 1554 2873 1610 Missalibus
2909 1555 3154 1610 ecclesia:
3181 1555 3677 1623 Gratianopolitanm
3699 1565 3742 1609 et

2203 1646 2364 1702 modo
2403 1645 2713 1702 celebrandi
2761 1646 2982 1701 missam
3035 1657 3162 1701 tunc
3210 1646 3284 1700 ibi
3319 1647 3538 1710 uitato,
3581 1661 3684 1715 quae
3706 1647 3747 1698 in

2131 1733 2406 1794 Bnostris
2465 1736 2530 1791 ad
2552 1750 2787 1807 unguem
2853 1735 2966 1792 fere
3024 1737 3374 1804 referunturf;
3427 1735 3646 1804 i'amque
3695 1749 3746 1787 et

2201 1829 2482 1886 veteribus
2521 1827 2915 1896 antiphonariis
2940 1837 2994 1882 et
3023 1827 3300 1898 precibus,
3323 1841 3441 1896 quae
3463 1826 3527 1880 ab
3553 1823 3742 1879 ecclesia

2203 1918 2546 1989 Lugduneusi
2592 1917 2648 1971 in
2689 1928 2931 1973 nostrum
2977 1932 3132 1972 usum
3165 1925 3384 1971 constat
3416 1915 3578 1971 fuisse
3626 1923 3744 1968 tran-

2205 2018 2433 2090 sumpta.
2483 2027 2502 2062 ›

2273 2101 2400 2156 494.
2430 2100 2828 2156 Carthusiauns
2874 2115 3208 2170 anonymus,
3262 2097 3532 2154 annalium
3579 2094 3747 2152 ordinis

2207 2191 2289 2245 sui
2337 2190 2459 2244 libri
2507 2190 2686 2255 quarti
2743 2190 3006 2244 hactenus
3057 2205 3163 2244 non
3224 2189 3427 2260 vulgati
3470 2197 3658 2250 auctor,
3703 2185 3744 2239 in

2207 2283 2434 2337 auctiori
2475 2281 2633 2349 hujus
2685 2282 2864 2350 operis
2920 2281 3000 2336 sui
3047 2281 3344 2350 exemplari
3371 2321 3383 2341 ,
3427 2280 3562 2348 quod
3608 2291 3742 2346 penes

2208 2386 2294 2424 me
2323 2386 2426 2424 non
2461 2380 2664 2436 exstat,
2704 2372 2956 2440 quodque
3003 2371 3311 2426 Carthusite
3372 2369 3640 2424 Vallis-Dei
3667 2376 3746 2430 est,

2209 2459 2466 2514 nonnulla
2512 2462 2676 2514 etiam
2707 2461 2814 2516 huc
2863 2463 3164 2532 spectantia
3195 2478 3320 2533 pag.
3361 2460 3430 2516 56
3467 2459 3746 2530 suppeditat.

2213 2549 2426 2616 Verba,
2475 2551 2670 2621 quibus
2714 2553 2766 2606 id
2820 2551 2990 2619 facit,
3041 2553 3438 2608 Catthusianus
3475 2551 3749 2605 Parisiensis

2213 2657 2376 2712 supra
2424 2643 2600 2698 adhuc
2654 2643 2927 2710 laudatus,
2959 2628 3068 2714 'qui
3098 2645 3252 2709 illud,
3295 2653 3355 2698 ut
3389 2643 3513 2698 mihi
3563 2643 3749 2712 ipsemet

2213 2734 2560 2810 significavit,
2607 2737 2672 2788 ad
2701 2751 2920 2789 manum
2949 2736 3132 2802 habet,
3165 2736 3368 2804 quique
3409 2751 3558 2790 suum
3589 2743 3745 2786 numen

2213 2827 2472 2882 subticeri
2517 2827 2768 2883 omnibus
2797 2829 2972 2884 modis
3003 2829 3136 2894 vult,
3181 2829 3523 2890 describere,
3554 2838 3748 2878 mecum-

2214 2931 2320 2986 que
2353 2919 2759 2973 communicare
2808 2934 2906 2990 pro
2957 2934 3166 2974 summa
3198 2934 3298 2974 sua
3334 2917 3649 2973 humanitate
3684 2921 3748 2967 est

2213 3009 2482 3078 dignatus.
2521 3008 2658 3064 Sunt
2688 3018 2868 3065 autem
2894 3011 3050 3065 lucc:
3089 3029 3106 3062 ι
3144 3011 3404 3066 Sanctum
3427 3007 3744 3066 Benedictum,

2212 3103 2548 3157 ccenobitieze
2578 3101 2704 3156 vita:
2728 3103 2778 3156 in
2805 3102 3498 3171 partibusOccidentalibus
3521 3102 3750 3155 instaura-

2215 3205 2416 3260 torem,
2445 3195 2512 3246 ab
2550 3193 2718 3262 ipsius
2751 3193 2959 3248 ordinis
2989 3193 3333 3249 incunabulis
3362 3193 3527 3247 nostri
3551 3183 3749 3243 venerati

2214 3295 2363 3352 sunt,
2393 3285 2511 3354 ejus
2543 3285 2739 3340 festum
2785 3302 2896 3356 prae
2934 3286 3144 3340 caeteris
3169 3285 3415 3340 solemne
3468 3293 3660 3350 semper
3683 3292 3751 3330 co-

2213 3373 2420 3440 lentes,
2453 3383 2511 3428 ut
2538 3388 2602 3428 ex
2646 3374 3130 3429 consuetudinibus
3159 3374 3423 3443 Guigonis
3463 3371 3633 3425 videre
3671 3375 3750 3418 est.

2214 3463 2324 3520 Nec
2355 3465 2647 3531 immerito,
2675 3481 2796 3521 eum
2819 3481 2882 3520 ex
2915 3464 3030 3535 ejus
3083 3465 3263 3536 regula
3305 3462 3631 3521 cmuobiticre
3657 3460 3752 3509 vitae

2216 3557 2563 3610 accommoda
2601 3557 2847 3626 quaedam
2895 3556 3355 3627 deprompserint,
3415 3553 3633 3609 maxime
3685 3561 3750 3609 ea,

2215 3659 2337 3714 qua:
2363 3646 2508 3700 circa
2549 3645 2786 3700 divinum
2837 3646 3072 3701 ofﬁcium
3119 3656 3428 3701 versantur.
3483 3641 3625 3698 Unde
3668 3636 3750 3690 Ilo-

2216 3739 2405 3792 bertus
2429 3737 2496 3791 de
2529 3735 2738 3802 Monte,
2765 3736 2817 3790 in
2851 3745 3082 3791 tractatu
3121 3738 3186 3792 de
3210 3736 3502 3790 abbatibus
3543 3739 3593 3786 et
3617 3727 3752 3782 abba-

2219 3830 2307 3885 tiis
2327 3829 2392 3884 de
2419 3815 2627 3901 Origine
2650 3830 3112 3884 Carthusieusium
3139 3845 3324 3900 agens,
3353 3830 3428 3882 ait
3453 3844 3467 3882 :
3499 3844 3515 3876 ι
3547 3821 3752 3878 lnstituta

2225 3941 2243 3974 ι
2290 3935 2418 3974 vero
2444 3921 2690 3975 nocturni
2715 3905 2984 3976 ct‘hdiurni
3017 3919 3172 3976 oflicii
3209 3920 3503 3976 secundum
3549 3910 3748 3980 regulam

2225 4032 2243 4065 ‹
2282 4013 2456 4068 sancti
2481 4011 2755 4067 Benedicti
2784 4013 3119 4082 persolvunt.
3179 4031 3198 4064 ›
3235 4013 3303 4066 Et
3337 4020 3517 4067 noster
3541 4003 3692 4072 Guigo
3714 3997 3751 4048 ίη

2219 4101 2441 4172 prologo
2467 4117 2683 4157 suarum
2737 4103 3198 4157 Cutisuetudinum
3246 4103 3413 4165 dicit,
3470 4119 3486 4149 ι
3546 4092 3671 4165 quod
3712 4088 3750 4139 in

2227 4213 2244 4245 ι
2283 4193 2464 4248 ('livino
2516 4193 2692 4248 ofﬁcio
2757 4209 2877 4248 cum
2931 4195 3143 4249 caeteris
3197 4193 3479 4247 monachis
3533 4186 3750 4242 multum,

2228 4304 2245 4335 ι
2278 4284 2509 4339 maxime
2538 4284 2590 4338 in
2647 4284 2944 4354 psalmodia
2995 4283 3248 4352 regulari,
3296 4279 3585 4338 concordes
3633 4274 3751 4326 inte-

2229 4394 2246 4426 ‹
2282 4375 2518 4429 niantur.
2556 4395 2573 4427 ι
2613 4374 2726 4430 Non
2756 4384 2936 4428 tamen
2985 4375 3056 4428 ita
3101 4375 3291 4428 stricte
3323 4374 3458 4426 ritus
3496 4364 3651 4423 sancti
3679 4359 3752 4411 lle-

2224 4466 2422 4521 nedicti
2445 4461 2814 4528 Observamus,
2842 4467 2969 4536 quin
2994 4467 3044 4520 in
3070 4466 3394 4535 quibusdam
3427 4462 3750 4525 discrepemus

2224 4557 2291 4610 ab
2315 4556 2408 4619 eis,
2453 4556 2688 4610 maxime
2729 4555 2875 4610 circa
2926 4555 3279 4610 caeremonias
3313 4566 3424 4608 tum
3452 4551 3640 4609 missae,
3666 4550 3752 4593 tum

2223 4649 2388 4703 divini
2436 4647 2619 4716 officii,
2660 4650 2804 4705 circa
2860 4651 3120 4704 lectiones
3154 4650 3558 4706 Matutinarum,
3602 4646 3752 4710 preces

2228 4741 2523 4806 Horarum,
2556 4752 2774 4805 cantus,
2809 4743 3064 4812 hymnos,
3096 4751 3151 4797 et
3178 4741 3284 4795 alia
3311 4733 3622 4808 hujusmodi,
3660 4737 3753 4812 tl"?

2225 4833 2418 4902 partim
2463 4841 2713 4887 recenset
2755 4811 3044 4886 cardinalis
3075 4833 3244 4886 Bona.
3283 4851 3300 4882 ›
3349 4831 3424 4885 Ita
3464 4828 3577 4890 ille,
3623 4811 3751 4872 Simul

2224 4926 2384 4980 etiam
2438 4941 2746 4996 suggerens,
2788 4941 2887 4980 cur
2933 4925 3277 4980 Carthusiani
3318 4923 3548 4978 solemne
3579 4920 3752 4976 εειιινοτ

2225 5015 2513 5070 habuerint
2569 5015 2626 5070 S.
2675 5015 2950 5088 Benedicti
3001 4999 3214 5072 festum.
3249 5016 3391 5085 quod
3435 5010 3640 5066 scfliret.
3671 5011 3750 5052 non

2223 5107 2439 5175 quidem
2481 5107 2648 5160 solam
2690 5123 2754 5162 ac
2805 5117 2968 5162 totam
3015 5109 3186 5162 sancti
3230 5108 3388 5178 hujus
3414 5098 3750 5160 monachorum

2223 5197 2407 5251 Patris
2442 5199 2705 5268 regulam,
2755 5199 2850 5252 sed
2896 5201 3100 5267 aliquot
3144 5199 3332 5252 saltem
3367 5213 3430 5252 ex
3482 5195 3573 5247 hac
3607 5180 3748 5250 Capi”

2223 5287 2430 5342 Ordinis
2463 5289 2541 5341 sui
2570 5303 2661 5342 seu
2695 5289 2911 5342 statutis
2969 5304 3062 5343 seu
3106 5283 3582 5344 Consuetudiniiius
3612 5268 3749 5328 ascri-

2224 5379 2482 5448 psissent.
2516 5379 2690 5448 Atque
2720 5379 2846 5434 hinc
2899 5379 3099 5433 factum
3129 5379 3294 5434 etiam
3327 5391 3443 5431 esse
3494 5374 3663 5441 potest,
3707 5363 3749 5408 υι

2225 5470 2567 5525 Carthusiani
2595 5481 2719 5526 ante
2741 5472 2800 5525 S.
2835 5471 3101 5526 Brunouis
3122 5469 3576 5526 canonizationcm
3610 5456 3658 5509 S-
3679 5450 3748 5502 Be‘

2227 5558 2496 5613 nedictum
2527 5559 2579 5614 in
2612 5575 2706 5615 sua
2755 5560 3092 5616 confessione
3123 5579 3142 5612 (
3175 5560 3386 5615 Patrem
3413 5566 3594 5612 suum:
3628 5541 3747 5596 αὔθ’

2229 5653 2373 5716 rint;
2408 5660 2466 5706 ut
2489 5654 2716 5720 proinde
2737 5656 2865 5714 hinc
2895 5652 3058 5712 etiam
3083 5693 3097 5721 ,
3151 5653 3208 5710 S.
3243 5646 3508 5710 Benedicti
3548 5632 3746 5708 reﬂuum
