3814 6306
95 366 168 420 3M

1533 346 1728 402 ACTA.

3167 349 3274 406 502

94 496 113 530 ι
151 477 194 530 S.
219 475 444 528 Brunone
472 469 660 541 primis
706 465 1182 524 Carthusiensibns
1247 463 1413 519 fuisse
1459 479 1596 535 prae-
1628 479 1672 533 Α
1697 464 1818 518 vita:
1843 479 2011 534 genus
2035 463 2093 519 S.
2132 464 2435 520 Brunonem
2465 465 2690 536 ejusque
2752 480 3010 535 sequaces
3057 483 3271 522 assum-

92 565 328 630 scriptam,
357 559 666 628 neutiquam
697 558 910 611 evincat
942 555 1298 610 Mabillonius.

142 651 236 706 l95.
264 649 359 703 Nec
392 647 444 701 id
475 662 637 716 porro
661 647 825 700 etiam
866 644 1072 698 evincit
1108 645 1317 697 duobus
1347 641 1466 696 aliis
1511 642 1600 696 hic

91 740 574 799 adhucdiscutiendis
621 737 991 808 argumentis,
1021 751 1250 805 quorum
1300 733 1526 788 alterum
1566 745 1597 784 a

92 833 339 904 privilegio,
393 844 491 899 per
542 828 856 882 Paschalem
911 826 951 879 ll
1003 825 1275 888 Lanvino,
1325 821 1596 891 Squillacii

83 923 177 995 ipost
210 922 261 976 S.
295 921 595 975 Brunonem
619 918 789 987 priori
819 932 1110 979 concesso,
1164 916 1392 970 alterum
1419 930 1448 966 a
1476 929 1599 982 pro-

81 997 282 1068 lessionis
306 1010 553 1073 formula,
575 1010 715 1078 apud
751 1007 1143 1063 Carthusianos
1185 1014 1436 1074 usurpata
1459 1045 1474 1068 ,
1509 1018 1596 1057 re-

89 1105 255 1170 petitur.
282 1100 406 1166 Quis
427 1100 576 1154 enim
605 1113 674 1154 ex
703 1114 792 1163 eo,
815 1098 957 1166 quod
995 1098 1106 1150 haec
1130 1096 1319 1152 eadem
1369 1095 1459 1158 sit,
1478 1109 1600 1162 qua:

91 1191 529 1253 Bcocdictinornm,
575 1189 771 1242 merito
823 1186 1254 1242 concludendum
1283 1193 1456 1254 putet,
1510 1198 1598 1236 re-

90 1285 236 1353 gulam,
262 1298 372 1351 qua:
396 1283 590 1336 borum
620 1291 735 1341 est,
763 1279 1243 1334 Carthusianorum
1271 1275 1473 1345 pariter
1514 1289 1618 1342 es:

99 1373 520 1429 wlefessionis
555 1371 784 1424 formula
832 1369 1021 1422 eadem
1068 1367 1182 1423 fere
1211 1375 1295 1420 est
1339 1373 1597 1434 quantum

91 1469 135 1519 ad
156 1465 475 1519 substantiam
507 1464 559 1516 in
588 1463 888 1532 plerisque,
919 1475 989 1514 ne
1032 1461 1206 1514 dicam
1239 1460 1290 1512 in
1317 1458 1598 1521 omnibus,

92 1554 298 1623 religiosis
339 1553 645 1615 ordinibus,
695 1565 793 1605 nec
836 1559 1116 1618 propterea
1171 1558 1350 1602 tamen
1398 1547 1590 1600 horum

91 1643 269 1694 omnium
293 1642 478 1695 eadem
507 1641 715 1709 pariter
736 1648 1100 1707 estquanlum
1132 1638 1196 1690 ad
1229 1636 1593 1690 substantiam

91 1733 237 1800 regula.
262 1733 362 1786 Nec
400 1731 594 1794 refert,
625 1729 976 1800 professionis
1003 1728 1287 1782 formulam
1323 1737 1432 1780 tum
1467 1725 1597 1780 Car-

1703 557 1890 627 psisse
1915 598 1932 624 ,
1969 573 2063 612 seu
2092 558 2310 627 speciali
2341 558 2553 612 cuidam
2580 557 2778 628 regulae
2801 597 2818 622 ,
2869 574 2985 626 quae
3023 570 3077 611 et
3105 575 3133 611 a
3168 560 3268 612 Be-

1703 647 1976 701 nedictina
2021 656 2075 701 et
2116 658 2185 700 an
2237 647 2358 701 aliis
2407 648 2818 717 quibuscunque
2863 656 2989 700 ante
3035 648 3268 702 comlitis

1699 746 1843 792 esset
1858 738 2092 802 diversa,
2115 753 2236 793 sese
2260 739 2605 802 astrinxisse,
2631 738 2824 792 merito
2843 737 3121 791 contendit
3139 737 3272 792 Car-

1701 826 1986 880 tbusianus
2009 841 2308 895 anonymus
2325 868 2340 890 ,
2365 827 2640 881 annalium
2667 825 3128 880 Cat'tbusieusium
3149 825 3272 880 libri

1699 917 1877 984 quarti
1903 916 2162 969 hactenus
2176 930 2282 968 non
2299 917 2496 985 vulgati
2524 923 2732 980 auctor,
2755 916 2826 968 ita
2843 915 2998 981 hujus
3021 914 3270 967 lucubra-

1701 1007 1864 1061 tionis
1883 1020 2016 1069 sum,
2040 1015 2097 1058 ιιι
2122 1005 2514 1060 Carthnsianns
2537 1006 2858 1060 Parisiensis
2872 1021 3019 1058 num.
3038 1004 3141 1059 49L
3169 1005 3270 1059 ite-

1701 1095 2076 1150 rumlaudatus
2091 1111 2174 1148 me
2189 1095 2350 1148 etiam
2380 1095 2580 1158 docuit,
2598 1095 2715 1149 loco
2730 1096 2926 1150 ibidem
2943 1111 2960 1148 t
2975 1093 3106 1149 italo
3132 1095 3270 1148 scri-

1701 1184 1833 1238 bens
1865 1201 1879 1236 :
1907 1203 1926 1235 t
1965 1183 2305 1238 Hazl'tenus...
2333 1184 2468 1236 libro
2491 1185 2662 1252 primo
2690 1184 3128 1253 Disquisitionum
3156 1200 3269 1238 mo-

1702 1272 2031 1326 nasticarum
2059 1312 2072 1334 ,
2097 1281 2323 1326 tractatu
2343 1287 2481 1326 nono
2497 1274 2563 1326 de
2593 1273 2813 1341 regulis,
2842 1273 3274 1328 duodecimosaz-

1701 1363 1824 1417 culo
1845 1365 2077 1432 scriptis,
2105 1364 2479 1434 disquisitione
2505 1374 2697 1432 quarta
2718 1373 2913 1419 statuta
2933 1376 3270 1434 nostra,qute

1700 1466 1828 1506 vere
1879 1453 1982 1506 dici
2015 1453 2250 1522 regulam
2282 1453 2497 1517 fatetur,
2530 1470 2558 1506 a
2589 1455 2768 1523 regula
2797 1455 2969 1510 sancti
2999 1455 3271 1511 Benedicti

1703 1541 2009 1610 distinguit.
2049 1543 2115 1596 Et
2159 1553 2391 1598 tractatu
2441 1545 2676 1598 secundo
2707 1544 2827 1599 libri
2879 1545 3126 1610 secundi,
3161 1547 3271 1601 dis-

1702 1634 1995 1702 quisitione
2023 1635 2207 1702 quinta
2235 1636 2300 1688 de
2330 1635 2800 1690 Cartbusiensibus
2830 1635 3090 1704 loquitur,
3153 1646 3273 1692 tan-

1702 1739 1861 1793 quam
1910 1726 2140 1779 diversis
2184 1728 2252 1780 ab
2310 1727 2499 1779 ordine
2550 1726 2898 1782 Benedictino
2932 1745 2946 1780 :
2985 1746 3002 1780 ι
3055 1727 3120 1782 Ut
3175 1744 3270 1783 eos

92 1823 416 1886 illusianorum,
434 1836 551 1874 tum
579 1819 1044 1874 Benedictinorum
1076 1818 1264 1872 iisdem
1288 1817 1444 1886 plane
1476 1831 1596 1869 ver-
1629 1813 1672 1866 B
1705 1833 1722 1866 ι
1760 1816 2030 1884 omittam,
2056 1835 2074 1867 ι
2094 1817 2289 1885 inquit,
2313 1835 2330 1867 ι
2350 1818 2440 1886 qui
2459 1817 2558 1870 sub
2576 1815 2632 1871 S.
2652 1817 2922 1872 Benedicti
2945 1819 3127 1887 regula
3158 1819 3272 1873 Deo

96 1911 151 1962 bis
171 1909 369 1978 concipi.
403 1909 491 1964 Uti
515 1908 664 1962 enim
688 1922 756 1961 ex
793 1921 879 1970 eo,
921 1909 1063 1976 quod
1111 1908 1374 1976 qutcpiam
1406 1905 1600 1973 regulae

94 2001 382 2056 Bmedictime
410 2010 618 2055 statuta
641 2000 968 2054 verbotenns
993 1998 1153 2053 etiam
1195 1999 1246 2052 in
1279 1997 1596 2051 (.arthnsia-

95 2108 228 2144 norum
271 2092 501 2161 regulam
532 2091 644 2144 sint
693 2089 870 2153 illata,
925 2103 1262 2157 consequens
1303 2086 1597 2142 secundum

90 2184 164 2250 jam
183 2187 299 2239 dicta
329 2203 430 2239 non
475 2194 596 2249 est,
655 2194 716 2237 ιιι
760 2184 901 2237 hanc
931 2191 1098 2236 totam
1122 2196 1185 2235 ac
1207 2181 1377 2234 solam
1411 2181 1600 2247 primis

93 2275 391 2331 Carlhttsianis
414 2275 812 2330 observandam
863 2274 918 2326 S.
951 2273 1128 2327 Brnno
1168 2272 1560 2342 perscripserit
1582 2312 1597 2336 ,

94 2366 240 2422 innec
263 2369 376 2432 hoc,
417 2378 478 2422 ut
533 2367 896 2421 consideranti
951 2365 1156 2434 patebit
1202 2365 1599 2418 consectarium

94 2473 174 2510 csse
193 2468 343 2526 potest
377 2475 442 2513 ex
474 2474 547 2512 co
575 2499 590 2524 ,
645 2458 805 2526 quod,
835 2457 1030 2523 quibus
1064 2455 1242 2510 verbis
1265 2455 1404 2524 apud
1433 2454 1602 2508 Bene-

95 2551 258 2606 dictinos
321 2550 680 2620 professionis
753 2547 980 2602 formula
1038 2545 1360 2614 concipitur,
1412 2544 1600 2599 iisdem

93 2639 204 2690 etiam
226 2641 344 2693 hanc
365 2641 464 2694 sibi
500 2638 870 2706 usurpandum
895 2635 1240 2690 Cartlmsiani
1266 2636 1595 2704 acceperint.

93 2729 197 2792 Quod
219 2731 357 2785 modo
383 2732 448 2783 ad
473 2729 820 2800 privilegium
847 2768 861 2792 ,
889 2745 914 2780 a
956 2727 1216 2796 Paschale
1260 2725 1304 2780 ll
1358 2725 1601 2780 Lanvino

94 2835 336 2875 concessum
358 2821 622 2891 pertinet,
653 2821 810 2874 unice
836 2819 890 2873 in
918 2820 1018 2873 hoc
1047 2819 1228 2887 agitur
1261 2818 1328 2873 de
1366 2819 1601 2888 particu-

93 2906 156 2960 hri
179 2913 473 2964 monasterio
517 2910 811 2975 Mentauri,
859 2924 888 2960 a
945 2907 1206 2972 Lanvino,
1236 2907 1490 2976 pontifice
1523 2907 1603 2960 in-

95 2998 297 3064 dulgente,
328 3001 501 3054 tribus
536 3015 563 3052 a
596 2999 892 3068 Squillacio
924 2998 1246 3052 milliaribus
1284 3005 1494 3059 erecto,
1545 2997 1599 3050 in

95 3091 276 3160 qau,qui
310 3092 427 3144 vitae
472 3091 773 3145 eremiticze
805 3089 978 3143 idonei
1024 3103 1127 3140 non
1155 3097 1336 3151 erant,
1383 3087 1598 3140 vivendi

95 3179 279 3243 modum,
301 3195 326 3232 a
343 3180 831 3235 Carthnsianorum
857 3179 1184 3249 reliquortun
1208 3180 1420 3232 vivendi
1443 3180 1600 3233 modo

95 3267 314 3337 diversum,
365 3283 685 3335 tenuerunt;
735 3288 920 3340 quare,
982 3272 1083 3326 etsi
1109 3267 1270 3325 etiain
1296 3271 1448 3324 novis
1490 3286 1602 3322 mo-

97 3363 258 3415 nasterii
291 3363 426 3417 illius
489 3363 686 3416 incolis
727 3362 895 3416 solam
932 3372 987 3416 et
1039 3363 1302 3430 integram
1336 3361 1394 3414 S.
1432 3360 1602 3413 Bene-

96 3449 181 3502 dicti
208 3453 420 3523 regulam
453 3455 662 3508 diserte
706 3438 871 3507 fuisse
899 3462 1274 3523 prmscnptam
1295 3494 1310 3517 ,
1344 3451 1603 3518 tantisper

100 3543 313 3612 daremus,
345 3547 746 3601 consectarium
784 3546 905 3600 imle
939 3541 1170 3599 nondum
1207 3545 1362 3609 foret,
1405 3554 1460 3597 ut
1490 3543 1603 3596 lucc

97 3639 241 3699 pariter
259 3641 434 3709 primis
465 3639 946 3695 Cartbusiensibns
973 3654 1000 3691 a
1047 3639 1104 3692 S.
1144 3637 1394 3690 Brnnone
1442 3636 1605 3689 fuerit

97 3729 358 3796 perscripta.
406 3730 589 3797 Atque
637 3728 708 3780 ita
743 3727 900 3780 modo
931 3727 1077 3779 nullo
1105 3741 1325 3794 prorsus
1347 3740 1412 3779 ex
1443 3741 1603 3794 argu-

99 3818 255 3878 tuentis,
283 3820 468 3886 quibus
502 3819 870 3872 Benetlictime
904 3818 1110 3885 rmgulze
1132 3817 1548 3871 Cartbnsienses
1572 3831 1602 3867 a

100 3901 136 3952 S.
159 3905 364 3963 llmnonc
391 3908 563 3962 fuisse
593 3908 867 3973 astrictos,
919 3905 1259 3960 Mabilloaius
1299 3905 1599 3967 contendit,

99 3991 266 4048 evictum
299 3998 345 4050 id
379 4007 654 4066 utcunque
704 3997 846 4061 dari,
890 4011 955 4050 ex
999 3997 1252 4049 onmibus
1277 3994 1391 4063 jam
1440 3995 1602 4049 dictis

100 4086 188 4137 suis
212 4087 377 4157 liquet.

145 4176 235 4230 496.
266 4180 323 4234 Et
355 4198 501 4246 vero,
536 4193 597 4234 nt
627 4195 798 4234 meam
825 4181 983 4234 modo
1012 4183 1112 4234 hac
1145 4180 1198 4234 in
1233 4195 1290 4234 re
1316 4187 1500 4247 aperte
1521 4177 1600 4232 di-

101 4278 178 4318 tant
198 4275 513 4337 sententiam,
545 4274 804 4327 Sanetum
829 4271 1074 4326 uestrum
1108 4285 1206 4325 nec
1236 4287 1315 4334 se,
1339 4288 1438 4325 nec
1474 4283 1599 4324 S'lOS

103 4355 295 4413 adsolam
328 4379 386 4417 ac
426 4374 592 4418 totam
627 4364 682 4418 S.
710 4365 981 4419 Benedicti
1025 4362 1264 4434 regulam
1302 4363 1599 4415 observan-

103 4444 183 4500 dam
222 4451 574 4519 obstrinxisse,
605 4456 686 4508 vel
711 4471 774 4508 ex
800 4469 864 4507 eo
895 4454 1072 4522 palam
1107 4461 1210 4516 cst,
1242 4450 1415 4519 quod,
1454 4465 1600 4518 qutn-
1626 4477 1676 4536 Ι)

104 4549 251 4606 CI"uiue
294 4545 618 4599 observanda
675 4545 775 4598 sibi
821 4545 1040 4612 suisque
1089 4542 1380 4610 imposuit,
1434 4554 1599 4607 reque

106 4621 178 4688 lilia
209 4631 511 4696 observavit,
564 4649 625 4687 ea
659 4633 770 4687 fere
797 4633 975 4686 omnia
1026 4632 1078 4684 in
1111 4627 1600 4684 Consuetudinibns

106 4713 220 4784 Guigo
241 4724 422 4792 scripto
452 4726 800 4794 inpresserit,
855 4722 1189 4790 multumque
1237 4718 1399 4782 absit,
1430 4727 1486 4771 ιιι
1519 4717 1602 4770 Inc

107 4805 220 4860 solam
248 4828 302 4866 ac
324 4823 484 4868 totam
538 4815 937 4868 Benedictinam
970 4812 1205 4882 regulam
1242 4809 1599 4878 comprehcn-

109 4896 206 4953 dult.
225 4902 348 4960 Vidit
371 4908 419 4961 id
453 4909 684 4967 tandem,
724 4913 982 4976 quantum
1004 4905 1217 4972 opinor,
1241 4898 1598 4961 Mabillonins,

111 4983 273 5057 hincque
297 5011 322 5047 a
348 4997 507 5065 priori
529 4996 782 5065 opinione
809 4993 1048 5047 nonnihil
1075 4993 1376 5047 deflectens.
1397 4989 1602 5042 Bruno-

109 5089 186 5129 rtem
203 5082 433 5144 duntaxat
461 5108 488 5138 .I
512 5089 568 5142 S.
593 5087 866 5140 Benedicti
891 5086 1148 5156 regulam,
1172 5095 1439 5154 quatenus
1468 5098 1568 5134 ana
1589 5114 1600 5123 -

111 5166 372 5229 thnretarum
401 5177 606 5231 ferebat
636 5178 960 5240 institutmn,
1004 5175 1105 5230 sibi
1138 5178 1356 5243 suisque
1388 5183 1603 5228 sectan-

113 5253 226 5310 dam»
261 5267 600 5334 proposuisse,
628 5267 817 5319 Annal.
843 5266 1037 5320 Bened.
1064 5265 1154 5318 lib.
1179 5281 1324 5326 va't,
1359 5279 1509 5317 num.
1535 5262 1603 5316 63

114 5349 280 5416 scripsit.
310 5355 492 5410 Verum
522 5374 588 5412 ne
611 5360 712 5412 hoc
737 5358 975 5427 quidem,
1015 5358 1091 5409 uti
1121 5371 1186 5409 ex
1207 5355 1318 5422 jam
1353 5356 1508 5410 dictis
1536 5371 1600 5410 ac

116 5451 222 5500 Porro
246 5449 464 5502 dicendis
487 5467 711 5520 pronum
742 5460 825 5503 est
848 5449 1120 5518 colligere,
1136 5465 1295 5517 supra
1314 5450 1544 5503 adducta
1571 5463 1602 5502 e

117 5530 306 5597 Sf'riptore
349 5539 454 5603 illo,
517 5556 675 5609 quem
721 5549 898 5592 tamen
953 5540 1039 5592 hic
1093 5537 1342 5591 Veterum
1399 5538 1596 5606 Script.

119 5625 201 5672 ιεπη-
227 5625 277 5677 Ὴ
317 5629 364 5683 in
411 5631 644 5694 Pratfat.,
691 5647 837 5684 num.
879 5630 950 5682 52
1005 5630 1310 5683 Martcnens
1337 5629 1598 5698 sequitur,

121 5720 352 5776 3"e'lltlteata
373 5723 640 5778 evincunt.
691 5723 1015 5786 Astcontra,
1053 5721 1286 5791 speciale
1333 5721 1600 5791 quoddam

1707 1926 1724 1955 ι
1760 1906 2005 1959 serviunt
2036 1907 2147 1975 (qui
2173 1909 2348 1976 potius
2371 1907 2530 1962 unius
2565 1908 2772 1963 ordinis
2794 1909 2958 1962 varia:
2979 1923 3276 1980 congrega-

1710 2017 1727 2048 t
1762 1995 1961 2064 tiohes,
2013 2013 2176 2067 quam
2237 2000 2477 2054 distincti
2527 2001 2746 2054 ordines
2812 2001 3066 2054 censendi
3123 2004 3271 2071 sunt)

1708 2109 1724 2136 ι
1769 2090 1902 2144 ordo
1954 2089 2355 2146 Cartbusianus
2407 2091 2637 2159 plurima
2688 2105 2716 2143 a
2749 2090 2805 2144 S.
2835 2091 3127 2146 Benedicto
3160 2108 3278 2146 mu-

1707 2201 1726 2234 ι
1773 2191 1952 2236 tualus
2007 2191 2113 2247 est,
2146 2193 2250 2236 etc.
2310 2201 2328 2234 ι
2386 2181 2607 2248 Quibus'
2638 2183 2817 2238 verbis
2868 2193 3053 2252 aperte
3101 2183 3277 2237 innuit

1701 2270 2136 2334 Cartbusienses,
2159 2271 2258 2326 etsi
2286 2271 2513 2340 plurima
2545 2287 2574 2324 a
2611 2282 2798 2326 sancto
2842 2271 3134 2326 Benedicto
3160 2287 3278 2323 mu-

1703 2361 1837 2415 tuati
1875 2361 2004 2426 sint,
2052 2377 2158 2415 non
2213 2372 2391 2415 tamen
2422 2362 2522 2416 sub
2551 2360 2667 2429 eius
2691 2361 2872 2430 regula
2899 2361 3010 2415 Deo
3047 2363 3271 2415 servire.

1702 2451 1768 2506 Et
1803 2468 1990 2506 revera
2017 2461 2247 2506 tractatu
2273 2461 2427 2506 sexto
2454 2451 2694 2519 ejusdem
2737 2451 2891 2514 libri,
2938 2451 3278 2521 disquisitio-

1703 2557 1771 2596 ne
1799 2551 1991 2610 qnarta
2022 2557 2312 2597 recensens
2363 2542 2610 2606 ordines,
2660 2539 3063 2596 Benedictiuam
3117 2558 3274 2611 regn-

1703 2630 1808 2684 lam
1860 2632 2200 2700 profitentes,
2245 2631 2444 2686 nullam
2485 2631 2616 2686 facit
2663 2632 2992 2686 mentionem
3044 2632 3275 2688 Cartbu-

1703 2723 1998 2792 siensium.

1776 2813 1903 2868 497.
1949 2834 1965 2865 ι
2007 2815 2150 2869 Idem
2183 2816 2390 2870 censuit
2419 2826 2540 2869 ante
2565 2817 2823 2872 ducentos
2847 2833 3017 2873 annos
3057 2829 3274 2875 sanctus

1701 2903 2036 2968 Antoninus,
2091 2905 2162 2958 ita
2205 2905 2369 2974 (part.
2427 2907 2681 2959 nimirum
2742 2923 2780 2961 ιι
2841 2909 2998 2971 hist.,
3050 2910 3132 2962 tit.
3174 2910 3270 2976 l5,

1704 3009 1822 3063 cap.
1858 2995 1939 3061 14)
1986 2995 2271 3050 scribens:
2313 3015 2330 3047 ι
2382 2997 2507 3050 Post
2546 2995 2894 3051 Benedictum
2944 3015 3130 3053 omnes
3161 3014 3274 3052 mo-

1711 3104 1728 3136 ι
1763 3086 2264 3142 ιιςιοιιὶΌρρίίιριιιίε
2290 3088 2524 3141 militant
2559 3089 2659 3142 sub
2693 3089 2874 3158 regula
2918 3090 3058 3143 beati
3105 3090 3272 3144 Bene-

1711 3195 1728 3228 ι
1776 3177 1903 3230 dicti
1937 3185 1992 3230 ct
2046 3178 2216 3244 ipsum
2247 3177 2445 3231 habent
2491 3178 2543 3230 in
2576 3187 2818 3248 patrem,
2858 3180 3098 3248 exceptis
3136 3180 3269 3232 Car-

1709 3286 1726 3317 ι
1762 3267 2248 3335 tlmsiensibus,qui
2277 3268 2474 3321 habent
2496 3268 2757 3336 speciales
2781 3283 2907 3322 suas
2922 3270 3267 3324 constitutio-

1709 3377 1726 3409 ι
1763 3374 1878 3413 nes.
1917 3378 1934 3410 ι
1967 3359 2033 3412 Et
2065 3375 2246 3413 revera
2275 3373 2395 3412 cum
2424 3359 2617 3428 Guigo,
2638 3361 2842 3429 primus
2871 3359 3058 3429 legifer
3088 3370 3272 3415 noster

1703 3451 1848 3505 dicat
1875 3452 1991 3506 loco
2021 3453 2216 3505 citato:
2239 3473 2256 3500 ι
2291 3452 2345 3504 In
2375 3451 2625 3520 Epistolis
2648 3452 2706 3504 B.
2735 3452 3044 3521 llieronymi
3075 3451 3160 3505 vel
3215 3453 3268 3506 in

1709 3563 1726 3592 ι
1763 3544 1943 3613 regula
1964 3544 2022 3596 B.
2052 3543 2329 3597 Benedicti
2361 3559 2454 3597 seu
2499 3544 2548 3596 in
2599 3545 2810 3598 caneris
2841 3545 3124 3612 scripturis
3172 3560 3272 3597 an-

1709 3653 1727 3684 ι
1771 3636 2024 3690 thenticis
2065 3635 2243 3688 omnia
2270 3651 2425 3704 pene,
2475 3652 2594 3704 qua:
2620 3637 2672 3690 ltt
2701 3635 2987 3690 Carthnsia
3021 3639 3275 3705 religiose

1711 3745 1727 3778 ι
1763 3743 1924 3795 agere
1949 3729 2348 3792 consuevimus,
2392 3729 2696 3794 contineri,
2742 3748 2758 3779 ι
2806 3729 2888 3784 his
2939 3730 3115 3784 verbis
3143 3733 3274 3784 satis

1705 3827 1886 3886 aperte
1907 3819 2100 3879 innuit,
2127 3818 2539 3873 Carthusienses
2562 3819 2662 3872 sibi
2708 3819 2941 3888 aliquam
2981 3821 3269 3890 specialem

1704 3909 1916 3961 vivendi
1971 3924 2214 3962 normam
2261 3910 2695 3979 praescripsisse,
2744 3927 2772 3964 a
2810 3912 3021 3966 caeteris
3069 3913 3269 3981 regulis

1704 3995 1991 4048 diversam.
2036 3996 2203 4061 Quam
2243 3997 2312 4050 ob
2341 4013 2452 4050 rem
2506 3995 2828 4054 Franciscus
2877 4015 2907 4054 a
2947 3999 3146 4065 Puteo,
3176 4018 3273 4055 cx-

1702 4085 1910 4154 plicans
1960 4085 2087 4138 illud
2123 4085 2384 4155 Bayualdi
2423 4089 2592 4142 nostri
2649 4097 2946 4154 statutum,
2988 4106 3096 4160 quo
3144 4107 3271 4160 pro-

1704 4177 1937 4239 hibetur,
2001 4193 2066 4230 ne
2115 4178 2340 4246 professi
2393 4180 2442 4232 in
2501 4181 2689 4234 ordine
2735 4182 3169 4238 Cistercicnsinm
3215 4193 3272 4238 et

1701 4267 2088 4332 consimilium,
2122 4269 2186 4322 ad
2210 4284 2307 4323 nos
2332 4278 2688 4333 transeuntes,
2719 4274 2925 4341 possint
2952 4275 3149 4329 habere
3173 4277 3270 4328 ali-

1700 4374 1861 4426 quam
1884 4359 2242 4413 obedientiam
2264 4400 2278 4424 ,
2307 4361 2566 4430 declarat,
2587 4362 2726 4430 quod
2763 4378 2863 4430 per
2885 4363 3011 4417 illud
3039 4367 3262 4420 verbum

1702 4449 2053 4504 Cossmruun
2085 4449 2454 4521 intelligantur
2486 4452 2731 4506 monachi
2765 4468 2986 4517 omnes,
3025 4455 3115 4525 qui
3162 4459 3267 4511 mi-

1703 4539 1850 4593 litant
1892 4541 1990 4594 sub
2025 4541 2204 4610 regula
2239 4543 2409 4595 sancti
2443 4542 2737 4596 Benedicti.
2771 4543 2899 4609 Quis
2930 4560 3033 4599 non
3066 4548 3266 4607 rideat,

1704 4643 1945 4685 nostrum
1991 4633 2290 4685 Pnteanum
2323 4633 2482 4688 tacite
2525 4634 2938 4692 Caitlmsirnses
2983 4653 3012 4691 a
3058 4639 3270 4694 cat-teris

1704 4721 1872 4772 sancti
1905 4720 2176 4774 Benedicti
2207 4723 2485 4775 monachis
2513 4723 2875 4794 distinguere,
2911 4735 3164 4796 tanquam
3190 4729 3267 4782 al-

1706 4811 1803 4866 teri
1842 4828 1867 4864 r
1901 4811 2036 4880 gnlte
2071 4812 2332 4865 subditos.
2384 4811 2574 4867 Noster
2620 4813 2776 4880 Boso,
2810 4817 3050 4873 sc.ibcns
3079 4829 3271 4873 contra

1705 4917 1797 4954 eos
1829 4903 1917 4970 qui
1947 4904 2131 4956 dicunt
2179 4904 2420 4958 ordinem
2450 4905 2886 4961 Carlhnsicnsem
2917 4925 3021 4964 non
3067 4910 3272 4965 habere

1705 4993 1970 5062 regulam,
2033 4995 2273 5062 agnoscit
2305 4995 2518 5062 quidem
2554 5005 2752 5050 statuta
2781 5008 2962 5052 nostra
2992 5014 3055 5053 ex
3091 5001 3272 5055 diver-

1706 5083 1781 5137 sis
1810 5091 2119 5138 sanctorum
2136 5084 2354 5137 Patrum
2384 5086 2600 5154 scriptis
2626 5088 2923 5156 composita
2945 5105 3093 5144 esse:
3126 5108 3143 5140 ι
3165 5090 3269 5143 Pa-

1711 5193 1728 5225 ι
1772 5184 1844 5228 tet
1870 5190 2130 5242 namque,
2167 5195 2185 5227 ι
2223 5177 2427 5246 inquit,
2462 5195 2479 5228 t
2515 5178 2567 5231 in
2614 5179 2816 5234 eisdem
2848 5183 3092 5244 statutis,
3125 5182 3268 5250 quod

1711 5286 1727 5318 ι
1770 5267 1854 5320 illa
1876 5308 1890 5330 ,
1924 5282 2044 5336 qua-
2091 5268 2161 5322 ibi
2214 5269 2410 5337 scripti
2450 5279 2604 5335 sunt,
2633 5281 2725 5325 aut
2753 5281 2878 5324 sunt
2905 5273 2968 5325 de
3002 5274 3179 5342 regula
3209 5275 3268 5327 B.

1711 5380 1728 5410 ι
1765 5359 2072 5423 Benedicti,
2104 5370 2198 5414 attt
2233 5360 2298 5416 de
2329 5362 2573 5430 epistolis
2606 5362 2664 5417 ll.
2699 5362 3038 5433 Hieronymi,
3085 5374 3176 5416 aut
3201 5365 3268 5420 de

1711 5469 1727 5500 ι
1763 5449 2134 5504 collationibus
2156 5451 2372 5506 Patrum
2392 5469 2483 5506 seu
2509 5454 2573 5508 de
2595 5453 2729 5507 Vitis
2752 5453 2967 5506 Patrum
2998 5453 3080 5507 vel
3103 5455 3264 5508 etiam

1711 5559 1727 5591 ι
1769 5542 1833 5592 de
1861 5539 2009 5592 libris
2029 5540 2268 5594 Cassiani
2291 5583 2304 5602 ,
2329 5553 2381 5595 et
2405 5543 2630 5596 aliarum
2657 5552 2967 5596 sanctorum
2992 5543 3269 5597 ducturum

1711 5650 1726 5682 ι
1764 5629 2034 5683 Ecclesia.
2074 5649 2091 5681 ι
2125 5630 2325 5684 Deinde
2371 5631 2565 5685 multas
2595 5640 2835 5685 recenset
2864 5630 3104 5700 regufas,
3139 5634 3270 5688 Stil-

1705 5721 1890 5790 ditque
1922 5737 1934 5772 :
1969 5739 1984 5771 t
2027 5718 2131 5775 Sed
2159 5720 2291 5775 ordo
2318 5720 2715 5776 Cartbusiensis
2747 5720 2944 5774 nullam
2976 5723 3149 5790 potuit
3179 5741 3268 5780 as-
