3814 6306
497 338 606 396 305

1274 330 1342 394 's.
1383 324 1731 392 BBUNONI‘S
1755 316 2144 383 Cah'ruusu
2166 317 2393 373 aonun
2420 310 2901 374 lNSTlTUTORlS

3605 319 3693 373 διιι

506 472 525 510 ι
559 461 774 513 sumere
804 454 870 508 de
917 452 1003 508 his
1045 450 1351 520 praedictis,
1397 449 1523 518 quia
1575 457 1764 501 omnes
1810 439 2077 510 praedicta:
2106 442 2151 498 Α
2181 449 2286 504 quo
2316 449 2377 489 ex
2415 435 2517 489 hac
2543 431 2737 487 factam
2765 445 2795 483 a
2825 436 3014 483 sancto
3041 425 3341 487 Carthusiai
3374 429 3698 486 fundationem

511 569 531 601 ι
568 547 765 619 regular
790 553 914 600 sunt
949 543 1033 597 vel
1069 541 1287 625 fuerunt
1318 541 1382 594 de
1416 540 1523 592 vita
1552 534 1821 592 communi
1868 538 1921 584 et
1966 542 2081 625 cte-

511 656 529 690 s
560 636 797 692 nobitica
837 634 1118 695 instituta;
1153 618 1220 686 de
1249 630 1358 684 vita
1394 644 1520 683 vero
1554 624 1832 682 eremitica
1873 618 2080 674 inveni-

511 745 529 777 ε
561 736 648 778 tur
674 721 857 793 regula
885 718 1166 775 laudabilis
1190 726 1245 773 et
1272 718 1464 771 devota
1484 755 1497 778 ,
1543 730 1573 768 a
1601 714 1766 767 Petro
1815 708 2082 764 Damiano

490 833 533 867 »ι
565 814 704 885 style
734 810 1175 880 eloquentissimo
1211 809 1354 862 edita
1402 816 1458 860 et
1502 807 1707 872 digesta
1728 841 1743 869 ,
1771 803 1864 857 sed
1894 814 1994 855 nec
2020 798 2083 853 il-

496 922 536 957 νε
570 904 677 957 lam
734 908 1024 971 potuerunt
1062 907 1116 952 et
1153 898 1440 951 noluerunt
1471 895 1887 951 Carthusienses
1932 906 2084 945 assu-

521 1012 537 1043 ι
573 1007 749 1055 mere,
779 989 901 1058 quia
937 989 1055 1041 vita
1101 985 1587 1048 Carthusiensium,
1629 991 1686 1037 ut
1717 996 1876 1051 supra
1902 989 2085 1034 osten-

490 1101 535 1135 1
566 1098 683 1137 sum
711 1091 827 1147 est,
856 1079 1100 1149 quamvis
1120 1094 1159 1131 'a
1202 1078 1392 1147 majori
1440 1084 1494 1131 et
1538 1073 1769 1142 digniori
1817 1081 1971 1141 parte
2010 1071 2084 1125 sit

516 1192 535 1226 ι
565 1174 841 1229 cremitica
866 1170 1185 1241 judicauda,
1229 1179 1407 1223 tamen
1454 1175 1537 1223 est
1563 1165 1861 1233 composita
1897 1178 1965 1216 ex
1995 1176 2084 1217 so-

520 1283 539 1316 ι
568 1263 748 1317 litaria
770 1271 823 1317 et
853 1260 1147 1317 communi.

583 1355 709 1411 698.
757 1373 775 1405 ι
813 1353 879 1407 Et
908 1353 1027 1406 ideo
1055 1348 1273 1407 omnino
1299 1351 1569 1420 oportuit,
1608 1364 1730 1404 cum
1760 1346 1902 1401 nulla
1932 1345 2085 1416 prius

521 1463 540 1496 ι
573 1451 717 1498 esset
747 1442 865 1496 talis
892 1440 1109 1512 religio,
1134 1442 1274 1510 quod
1303 1441 1403 1496 sibi
1428 1440 1670 1494 facerent
1702 1438 1938 1509 regulam
1959 1450 2082 1505 spe-

519 1552 538 1585 r
575 1535 787 1588 cialem.
820 1527 951 1600 Quia
983 1533 1276 1587 secundum
1306 1532 1522 1601 regulas
1544 1546 1704 1600 supra
1739 1531 1912 1584 dictas
1939 1526 2083 1583 beati

530 1639 552 1673 ι
582 1623 903 1692 Augustini,
932 1621 1209 1676 Benedicti
1245 1629 1297 1675 et
1326 1621 1551 1674 aliorum
1579 1634 1737 1689 snpra
1765 1618 2083 1686 scriptorum

520 1722 538 1761 ι
575 1712 823 1765 monachi
851 1710 932 1764 vel
958 1711 1202 1764 canonici
1226 1709 1386 1763 simul
1412 1709 1656 1763 habitare
1676 1708 1902 1771 debent,
1927 1703 2085 1760 simul

524 1818 544 1852 ‹
575 1801 882 1867 comedere,
916 1800 1074 1855 simul
1108 1800 1344 1855 dormire
1373 1808 1426 1854 et
1454 1800 1533 1853 sic
1558 1799 1625 1853 de
1653 1797 1911 1868 singulis,
1942 1795 2086 1850 sicut

526 1908 544 1940 ι
578 1890 746 1960 exigit
769 1890 877 1943 vita
906 1889 1221 1943 comohitit-a
1246 1897 1301 1944 et
1328 1889 1646 1944 communis.
1671 1887 2085 1943 Carthusienses

520 1998 539 2032 ι
571 1995 727 2051 ergo,
758 1981 847 2049 qui
898 1995 994 2049 pro
1030 1978 1217 2045 majori
1254 1988 1405 2047 parte
1434 1978 1869 2033 anachoreticam
1915 1964 2084 2029 vitam

520 2087 542 2121 ι
573 2071 804 2133 ducunt,
855 2077 911 2123 et
956 2068 1054 2123 soli
1102 2064 1417 2139 frequenter
1446 2068 1730 2123 comedunt
1759 2075 1808 2122 et
1837 2066 1935 2122 soli
1966 2067 2088 2121 dor-

521 2176 540 2208 ι
573 2159 766 2223 miunt,
792 2161 933 2212 sicut
955 2159 1202 2227 superius
1224 2169 1308 2212 est
1328 2168 1630 2221 ostensum,
1660 2172 1764 2210 non
1796 2164 2089 2225 potuerunt

522 2264 542 2297 ι
571 2262 784 2301 sumere
809 2247 1040 2315 aliquam
1092 2247 1330 2315 regulam
1381 2247 1446 2299 de
1496 2244 1788 2313 praedictis.
1841 2244 1946 2297 Sed
1987 2242 2089 2296 sibi

524 2359 543 2391 s
573 2355 790 2403 novam,
814 2349 1057 2393 sanctam
1086 2348 1139 2392 et
1167 2337 1539 2391 rationabilem
1565 2336 1875 2401 ediderunt,
1902 2344 2091 2389 sancto

516 2444 542 2476 ιι
573 2426 778 2494 Spiritu
808 2428 1135 2495 inspirante,
1163 2442 1347 2495 quam,
1371 2428 1560 2480 eodem
1576 2425 1781 2495 Spiritu
1808 2434 2089 2494 operante,

522 2532 543 2565 ι
576 2524 763 2568 sancta
797 2514 1035 2567 Romana
1065 2513 1302 2567 Ecclesia
1343 2529 1409 2566 ex
1460 2521 1610 2566 certa
1659 2513 1883 2567 scientia
1916 2511 2091 2580 perle-

524 2624 542 2655 ι
572 2604 812 2658 ctissime
829 2602 1206 2670 conﬁrmavit,
1236 2611 1294 2656 ut
1319 2602 1444 2657 alibi
1474 2603 1845 2672 probabimus.
1868 2621 1886 2653 ι
1908 2602 1984 2655 Ex
2008 2602 2095 2656 bis

519 2703 575 2749 et
606 2695 728 2749 aliis
748 2735 762 2758 ,
812 2709 932 2763 qua:
973 2695 1206 2748 diximus
1235 2709 1428 2764 supra,
1471 2702 1651 2763 patet,
1681 2693 2091 2748 Carthusienses

519 2785 752 2855 speciale
772 2785 1039 2855 quoddam
1065 2786 1187 2839 vita:
1207 2785 1519 2840 monastica:
1540 2800 1710 2855 genus
1736 2785 2093 2854 assumpsisse

518 2892 585 2931 ac
626 2877 850 2945 proinde
882 2877 1161 2942 ordinem,
1206 2878 1274 2931 ab
1310 2876 1432 2931 aliis
1464 2876 1747 2932 ordinibus
1787 2876 2091 2941 diversum,

517 2969 851 3024 constituere
883 2969 939 3022 in
970 2968 1207 3024 Ecclesia
1238 2969 1358 3023 Dei.
1392 2987 1410 3019 ι
1451 2969 1531 3023 lta
1576 2969 1836 3023 hactenus
1866 2967 2095 3021 Carthu-

521 3060 709 3115 sianus
742 3075 1042 3131 anonymns
1088 3060 1369 3126 laudatus,
1395 3076 1428 3116 e
1461 3062 1791 3125 rationibus,
1822 3070 1931 3114 tmn
1961 3076 2093 3129 quas
2122 3096 2163 3154 Ο

522 3164 553 3203 e
598 3151 808 3205 Bosone
845 3150 977 3220 ipsis
1010 3151 1171 3221 hujus
1224 3151 1408 3205 verbis
1452 3160 1735 3215 recenset,
1791 3162 1901 3204 tum
1962 3166 2097 3221 quas

522 3238 738 3294 aliumle
774 3240 1001 3309 repetit,
1032 3241 1397 3305 contendens,
1420 3240 1657 3310 regulam
1688 3255 1717 3293 a
1756 3239 1955 3309 regulis
1980 3255 2098 3292 om-

522 3331 682 3384 nibus
728 3329 1173 3384 autecedentibus
1244 3330 1549 3393 diversam,
1602 3329 1988 3382 Carthusianos
2035 3344 2099 3382 ac

524 3420 678 3488 proin
713 3419 770 3473 S.
801 3419 1105 3473 Brunonem
1124 3461 1144 3487 ,
1169 3418 1261 3488 qui
1291 3420 1393 3473 hos
1425 3418 1570 3472 illam
1616 3433 1715 3473 suo
1754 3418 1998 3487 exemplo
2020 3419 2099 3470 vi-

523 3506 792 3576 vendique
822 3508 980 3562 modo
1001 3507 1290 3573 docuerat,
1325 3507 1426 3562 sibi
1458 3509 1774 3563 servandam
1822 3508 2094 3562 statuisse.

522 3597 591 3651 Et
614 3611 743 3650 vero
767 3612 909 3659 cum,
934 3606 993 3650 ut
1013 3596 1153 3651 Boso
1175 3598 1269 3663 ait,
1293 3597 1781 3653 Carthusiauorum
1809 3599 1935 3652 vita:
1959 3597 2098 3651 ratio

524 3686 721 3755 partim
752 3688 1062 3752 eremitica,
1088 3688 1283 3757 partim
1312 3688 1641 3744 cmuobitiea
1672 3688 1771 3753 sit,
1808 3703 1906 3744 nec.
1935 3687 2043 3743 ulla
2065 3702 2101 3743 c

524 3777 757 3845 regulis,
788 3787 913 3831 ante
941 3778 1000 3832 S.
1046 3779 1314 3835 Brunonis
1361 3790 1575 3835 aetatem
1614 3780 1964 3850 conscriptis,
1998 3780 2097 3833 hu-

534 3870 746 3922 usmodi
772 3870 898 3923 vitaz
922 3873 1104 3940 generi
1134 3870 1271 3926 foret
1297 3876 1672 3938 accouunoda,
1727 3873 1890 3927 aliam
1939 3889 2096 3939 sane,

524 3971 643 4025 quae
670 3958 770 4013 hac
798 3962 1158 4030 praerogativa
1182 3962 1443 4031 gauderet
1463 4003 1480 4028 ,
1511 3963 1614 4018 sibi
1643 3964 1866 4034 suisque
1894 3980 2097 4033 sequa-

523 4046 685 4102 cibus
706 4050 1059 4117 praescribere
1084 4065 1179 4105 seu
1215 4052 1366 4107 hisce
1404 4053 1653 4122 exemplo
1684 4069 1782 4108 suo
1808 4052 2092 4124 ellingere,

522 4154 747 4195 necesse
796 4141 1056 4195 habuere.
1132 4140 1362 4197 Sanctus
1412 4152 1596 4198 noster
1656 4144 1925 4212 primique
1978 4144 2094 4214 ejus

520 4230 805 4300 discipuli,
835 4232 993 4302 idque
1026 4234 1280 4302 proinde,
1310 4243 1367 4289 ut
1398 4236 1576 4290 verbis
1624 4235 1866 4290 recitatis
1912 4252 2087 4290 antia-

520 4323 649 4378 lium
685 4324 1153 4380 Carthusicusium
1187 4335 1380 4381 auctor
1424 4343 1727 4397 anonymus
1775 4328 2091 4395 contendit,

2180 525 2276 579 Dei
2302 539 2437 592 opus
2472 537 2623 587 esse,
2655 520 3016 590 intelligeret,
3061 521 3243 590 itaque
3269 524 3333 577 ad
3363 523 3493 576 hanc
3516 531 3699 590 aposto-

2181 613 2282 667 lica
2327 613 2650 667 auctoritate
2696 611 3120 665 conﬁrmandam
3155 621 3476 679 moveretur,
3501 611 3701 668 oblatam

2182 704 2377 771 fuisse,
2411 714 2588 771 ratus,
2620 702 2784 759 fuisse
2811 705 2987 773 reipsa
3033 705 3130 760 abs
3172 706 3264 761 illo
3295 706 3573 761 Carthusiaa
3598 705 3701 761 luu-

2183 796 2456 849 dationem
2484 793 2893 860 conﬁrmatam,
2923 792 2976 847 in
3003 794 3244 848 animum
3280 794 3510 859 induxit,
3551 801 3603 848 ut
3629 808 3699 848 se-

2182 894 2441 954 quentes,
2494 885 2690 953 quibus
2740 898 2855 938 rem
2920 883 3061 938 hanc
3129 884 3308 952 canit,
3354 899 3529 940 versus
3572 884 3704 938 ﬁdem

2183 975 2407 1030 faciunt.

2254 1065 2519 1134 Septimus
2548 1066 2764 1121 excelsis
2794 1065 2961 1122 titulis
2997 1068 3052 1121 in
3090 1070 3209 1122 sede
3234 1066 3419 1123 Latina

2254 1156 2532 1227 Gregorius
2566 1159 2794 1214 residens
2825 1160 2962 1214 orbis
2988 1159 3237 1214 retinebat
3270 1160 3521 1224 habenas;

2256 1246 2371 1312 Quo
2399 1250 2679 1315 moriente,
2718 1248 2897 1303 habuit
2931 1248 3074 1304 Petri
3094 1252 3445 1305 moderamina
3481 1250 3651 1316 Victor,

2254 1337 2412 1408 Isque
2443 1340 2510 1391 ad
2535 1339 2855 1409 olymptacos
2889 1350 2999 1394 tum
3046 1342 3181 1410 forte
3214 1345 3407 1412 aspexit
3434 1343 3486 1397 in
3512 1360 3652 1408 axes,

2253 1424 2558 1498 Felicesque
2583 1429 2768 1483 choros
2791 1431 2918 1483 vidit
2945 1430 3218 1500 splendore
3245 1448 3451 1485 corusco

2257 1517 2480 1573 Sedibus
2506 1536 2532 1573 e
2554 1521 2749 1575 sanctis
2778 1520 2957 1575 (letum
2982 1524 3248 1578 associare
3275 1523 3574 1588 Tonantem;

2258 1607 2359 1673 Qui
2390 1610 2760 1665 Carthasiacos
2784 1616 3000 1682 pergens
3027 1614 3248 1668 invisere
3282 1615 3462 1681 colles,

2261 1698 2329 1751 Hi
2365 1700 2464 1752 sibi
2493 1699 2789 1768 [undabant
2817 1702 3003 1771 dignas
3027 1705 3081 1757 in
3111 1704 3315 1757 cotibus
3335 1705 3466 1758 aedes

2260 1785 2564 1858 Obstupuit,
2596 1801 2795 1845 montes
2836 1790 2954 1845 illos
2984 1801 3033 1845 et
3066 1792 3225 1847 clima
3253 1796 3442 1848 notavit
3459 1837 3473 1863 ,

2256 1877 2631 1949 Cursoremque
2658 1879 2782 1933 illuc
2807 1880 3021 1934 celerem
3055 1884 3346 1955 celeresque
3370 1884 3575 1939 tabellas

2256 1971 2426 2037 Misit,
2456 1983 2504 2026 et
2537 1972 2748 2043 Hugoni
2779 1976 2887 2027 visa
2911 1975 3021 2028 lucc
3055 1958 3314 2029 miracula
3345 1979 3560 2047 scripsit.

2259 2060 2413 2131 Hugo
2435 2062 2760 2128 admiratus,
2786 2063 3130 2133 quodcunque
3162 2076 3398 2120 evenerat
3440 2067 3525 2120 illo

2260 2148 2507 2219 Tempore
2528 2152 2821 2218 rescripsit,
2857 2168 3035 2222 quwve
3056 2155 3110 2207 in
3137 2156 3427 2223 confinibus
3454 2155 3555 2209 illis

2260 2237 2451 2308 Egerat
2479 2238 2818 2307 Omnipotens
2840 2282 2856 2308 ,
2886 2242 3090 2296 calamo
3121 2245 3213 2297 dat
3248 2255 3371 2298 nota
3394 2245 3605 2308 volanti,

2258 2327 2539 2381 Doctorem
2568 2338 2615 2381 et
2657 2345 2809 2383 senos
2847 2330 3056 2384 comites
3084 2348 3115 2383 a
3146 2333 3351 2387 turbine
3376 2335 3548 2387 mundi

2261 2419 2547 2473 Conversos
2568 2460 2582 2486 ,
2605 2429 2794 2488 septem
2819 2421 3091 2474 stellarum
3119 2422 3324 2477 lumina
3362 2440 3449 2477 nec
3483 2440 3581 2478 non

2263 2511 2480 2564 Ordinis
2508 2511 2701 2580 incepti
2727 2512 2911 2565 seriem
2929 2554 2944 2578 ,
2977 2514 3321 2583 strictumque
3346 2515 3575 2585 rigorem.

2262 2599 2387 2654 500.
2428 2598 2669 2654 Nuncius
2707 2601 2986 2669 abscessit,
3049 2601 3361 2675 Latiumque
3444 2605 3609 2658 redirit
3663 2602 3716 2654 ad

3464 2695 3659 2766 (urbem.

2265 2781 2531 2836 Maximus
2553 2792 2608 2835 ut
2640 2782 2832 2837 Pastor
2860 2785 2991 2853 cepit
3022 2801 3157 2839 nora
3184 2787 3400 2849 nuncin,
3430 2790 3636 2856 gaudens

2264 2871 2524 2926 Convocat
2554 2873 2811 2944 extemplo
2827 2885 3029 2943 patres,
3053 2885 3391 2946 sanctumque
3414 2885 3653 2942 senatum,

2268 2962 2410 3028 Quos
2441 2963 2678 3017 Romana
2707 2964 2836 3033 facit
2869 2966 3115 3020 sublimes
3144 2982 3413 3036 purpura,
3440 2968 3608 3034 pandit

2266 3054 2455 3122 Omne,
2485 3055 2624 3125 quod
2646 3056 2932 3122 acciderat,
2953 3055 3174 3125 factum,
3215 3067 3263 3111 et
3284 3058 3525 3111 dirinitus
3547 3064 3719 3109 auctum

2268 3143 2604 3211 Confirmavit
2634 3161 2762 3213 opus
2788 3148 2925 3199 votis
2952 3147 3296 3201 concordibus
3325 3147 3488 3215 aula,

2270 3237 2730 3306 Divinisque'illud
2748 3278 2767 3302 ,
2788 3238 3023 3305 confecto
3047 3251 3342 3308 grammate
3361 3282 3376 3307 ,
3403 3240 3545 3293 donis

2270 3326 2489 3381 Munivit
2509 3369 2525 3393 ,
2551 3326 2807 3395 variisque
2833 3327 3001 3395 eﬂecit
3031 3327 3242 3381 dotibus
3271 3330 3493 3397 almum,

2267 3416 2648 3487 Servanturque
2683 3418 2817 3470 notis
2838 3417 3042 3486 signata
3077 3419 3391 3487 bifrontibus
3425 3438 3552 3475 tera.

2267 3507 2371 3562 Hic
2392 3508 2489 3576 {uit
2512 3517 2632 3561 ante
2658 3508 2878 3578 gradum
2900 3511 3130 3577 supremi
3154 3511 3403 3567 culminis
3427 3513 3576 3565 abbas

2266 3598 2461 3652 Montis
2488 3596 2757 3666 Oliviferi,
2781 3597 2867 3651 cui
2891 3614 3075 3652 nomen
3101 3600 3165 3652 ab
3198 3605 3323 3655 urbe
3345 3601 3582 3667 Casinas,

2269 3688 2400 3754 Quae
2429 3689 2531 3757 fuit
2556 3688 2859 3742 zEneadum
2882 3687 3139 3743 celebrata
3165 3693 3375 3746 colonia
3396 3694 3654 3763 quondam.

2266 3780 2384 3835 Hoc
2407 3789 2456 3834 et
2476 3779 2612 3833 idem
2639 3778 2814 3849 plures
2839 3781 3031 3834 summi
3057 3781 3225 3850 fecere
3258 3794 3530 3854 parentes,

2268 3869 2374 3935 Qui
2397 3878 2552 3937 caput
2581 3870 2845 3923 excelsum
2880 3870 3073 3939 triplici
3108 3873 3406 3928 diademate
3425 3875 3637 3943 cingunt.

2195 3960 2271 4014 lta
2305 3961 2421 4026 ille,
2448 3960 2788 4029 etrvisionem
2809 4000 2823 4026 ,
2851 3974 3013 4030 quam
3042 3962 3129 4016 hic
3155 3966 3334 4031 canit,
3361 3965 3554 4020 Victori
3581 3976 3721 4034 paptc,

2195 4067 2300 4105 non
2324 4051 2529 4117 adhuc,
2557 4061 2615 4104 ut
2640 4051 2753 4121 jam
2778 4052 2922 4117 dixi,
2954 4050 3267 4108 Cassineusi
3304 4056 3590 4119 monacho,
3618 4061 3721 4111 aut.

2194 4144 2241 4197 si
2268 4142 2459 4209 mavis,
2482 4144 2696 4209 abbati,
2727 4144 2822 4198 sed
2843 4142 2982 4211 jam,
3006 4154 3193 4199 contra
3218 4161 3285 4201 ac
3304 4146 3597 4201 Gaulredus
3616 4144 3721 4199 seri-

2194 4233 2298 4299 bit,
2325 4242 2509 4286 creato
2535 4249 2744 4287 suuuuo
2770 4234 3009 4303 pontitici
3029 4276 3044 4301 ,
3079 4235 3249 4290 fuisse
3281 4238 3545 4301 oblatam,
3576 4243 3623 4288 et
3648 4234 3723 4286 aLs

2193 4324 2283 4379 illo
2328 4324 2631 4379 Carthusia:
2677 4324 3081 4391 lundationem,
3114 4343 3236 4382 cum
3295 4332 3433 4384 hanc
3461 4345 3490 4382 a
3521 4327 3575 4382 S.
3620 4326 3721 4378 Bruo

521 4425 579 4464 re
602 4411 766 4465 etiam
800 4428 927 4467 vera
977 4412 1173 4469 fecisse
1221 4415 1569 4470 existimandi
1609 4425 1765 4480 sunt;
1796 4417 1938 4485 quod
1968 4432 2091 4472 cum
2124 4428 2169 4482 Ι)
2196 4433 2339 4471 none
2367 4416 2589 4481 factam,
2613 4432 2679 4471 ex
2701 4416 2945 4487 Hugone,
2969 4417 3473 4489 Gratianopolitauo
3490 4420 3723 4489 episcop0.

522 4509 783 4567 praeterea
813 4517 877 4556 ex
913 4504 1036 4558 aliis
1069 4505 1234 4558 etiam
1278 4522 1440 4576 supra
1472 4506 1628 4562 dictis
1679 4508 1813 4562 satis
1860 4507 2093 4562 manife-

523 4598 669 4643 stum
694 4602 979 4660 appareat,
1012 4596 1169 4648 linem
1203 4597 1279 4651 rei
1310 4596 1467 4666 hujus
1501 4599 1823 4654 discussioni
1853 4599 2087 4669 impono.

526 4726 553 4798 §
594 4726 785 4783 XXIX.
826 4729 907 4783 An
930 4728 1107 4783 Victor
1130 4730 1225 4783 III
1250 4750 1384 4801 papa
1410 4732 1828 4787 Carthasiensem
1859 4734 2093 4787 ordinem

593 4801 928 4872 approbarit,
964 4811 1011 4853 et
1042 4801 1130 4868 qui
1169 4813 1379 4872 sanctus
1428 4802 1700 4872 Hugonem
1742 4801 2090 4872 Gratianopo-

591 4868 813 4941 lisanum
851 4871 1141 4938 episc0pum
1176 4871 1258 4941 sui
1290 4868 1608 4941 reuerentem
1642 4874 1912 4941 habuerit,
1962 4868 2094 4927 Car-

591 4939 874 5009 tltusiazque
896 4955 1122 4993 eremum
1139 4940 1236 4993 sibi
1263 4940 1451 4993 donari
1470 4942 1775 5011 impetrarit.

588 5052 712 5107 499.
730 5052 1024 5119 Gaufredo,
1037 5051 1280 5107 Vosiensi
1306 5052 1499 5122 priori,
1524 5054 1637 5124 qui,
1653 5065 1711 5109 ut
1730 5069 1893 5124 supra
1908 5055 2088 5121 docui,

521 5142 727 5199 Victori
773 5144 837 5198 Ill
882 5159 1033 5215 papze
1062 5144 1355 5212 visionem,
1403 5159 1506 5213 qua
1553 5144 1642 5198 hic
1686 5144 2009 5211 Dominum,
2036 5146 2089 5200 in

520 5238 825 5293 Carthusia:
857 5252 1042 5293 eremo
1091 5236 1456 5291 habitaculum
1505 5235 1607 5290 sibi
1654 5243 2087 5303 construentem,

520 5329 755 5396 viderit,
781 5329 1039 5384 divinitus
1063 5328 1301 5383 oblatam
1336 5326 1501 5381 reEert
1522 5369 1539 5393 ,
1564 5327 1619 5383 iu
1654 5327 1905 5393 metrica,
1928 5344 2087 5397 quam

522 5421 827 5486 adornavit,
849 5420 1034 5473 Sancti
1068 5419 1235 5472 nostri
1265 5417 1382 5471 Vita
1414 5418 1570 5472 tidem
1605 5418 1855 5473 adhibuit
1881 5419 2089 5475 Zacha~

523 5511 633 5564 rias
665 5509 1006 5575 Benedictus,
1040 5509 1293 5576 hincque,
1322 5508 1583 5563 visionem
1617 5509 1762 5562 illam
1786 5525 1812 5562 a
1837 5509 1965 5578 Deo,
1994 5514 2085 5581 qui

522 5602 654 5656 nihil
701 5602 832 5657 facit
881 5601 1120 5666 frustra,
1156 5599 1359 5654 Victori
1413 5600 1660 5665 indubie,
1713 5615 1818 5654 non
1869 5602 2085 5671 quidem

521 5692 697 5748 adhuc
748 5691 1046 5758 monacho,
1079 5699 1137 5743 ut
1164 5688 1468 5745 Gaulredus
1496 5689 1603 5754 ait,
1645 5688 1736 5743 sed
1777 5687 1888 5756 jam
1937 5704 2087 5758 papa:

2196 4507 2581 4573 intellexisset,
2614 4508 2758 4563 datis
2805 4508 3003 4564 litteris
3037 4511 3352 4579 apostolicis
3388 4510 3724 4566 conﬁrmatam

2194 4596 2391 4661 fuisse,
2442 4596 2718 4650 memoriae
2767 4597 3023 4666 prodens.
3082 4598 3279 4653 Verum
3334 4594 3725 4654 conﬁrmationis

2194 4686 2354 4755 hujus
2400 4702 2497 4742 nec
2525 4688 2752 4757 ipsemet
2782 4689 3118 4757 Gaulredus,
3145 4692 3238 4760 qui
3268 4694 3527 4748 visionem
3555 4686 3726 4745 Victori

2192 4795 2344 4850 papa:
2389 4779 2623 4834 oblatam
2669 4781 2893 4845 scribit,
2940 4797 3040 4837 nec
3084 4782 3179 4836 ulli
3222 4784 3344 4849 alii,
3380 4797 3515 4852 quos
3543 4779 3725 4850 quidem

2192 4875 2456 4929 hactenus
2475 4872 2734 4940 viderim,
2762 4874 3125 4928 meminerunt
3150 4876 3472 4945 scriptores,
3500 4869 3726 4927 Zatbaria

2190 4964 2479 5020 Benedicto
2506 4965 2861 5033 antiquiores.
2913 4964 3053 5019 Hine
3100 4964 3195 5031 ﬁt,
3246 4975 3304 5019 ut
3336 4965 3478 5019 illam
3514 4978 3576 5017 ex
3619 4973 3727 5012 con-

2185 5052 2392 5122 jectura
2431 5061 2670 5120 tantum,
2700 5066 2861 5121 quam
2904 5067 2936 5108 e
2974 5054 3180 5108 credita
3212 5055 3349 5120 sibi,
3396 5068 3514 5123 quae
3556 5044 3725 5104 Victori

2189 5142 2354 5199 fuerit
2397 5142 2607 5208 oblata,
2662 5143 2871 5198 visione
2925 5143 3209 5211 formavit,
3274 5146 3554 5199 metricum
3604 5138 3724 5192 illum

2192 5234 2377 5289 Saneti
2418 5234 2589 5289 nostri
2636 5234 2993 5304 biographum
3030 5237 3357 5300 astruxisse,
3404 5232 3725 5288 vehementis-

2189 5326 2325 5380 sime
2350 5326 2616 5395 suspicer,
2649 5341 2717 5381 ue
2758 5326 2968 5389 dicam,
3016 5341 3114 5395 pro
3158 5328 3462 5382 indubitate
3508 5321 3721 5377 habeam.

2191 5415 2388 5471 Verum
2423 5431 2547 5472 cum
2577 5432 2643 5472 ex
2674 5431 2833 5486 supra
2876 5418 3037 5473 dictis
3078 5417 3410 5482 Gaulredus,
3439 5418 3558 5471 dum
3586 5408 3723 5464 visio-

2190 5524 2340 5573 uem,
2373 5523 2480 5577 qua
2515 5506 2698 5562 Victor
2732 5508 2796 5561 lll
2829 5523 2963 5577 papa
2996 5508 3192 5575 Deum,
3229 5509 3280 5563 in
3313 5506 3590 5562 solitudine
3615 5500 3724 5551 Car-

2191 5598 2379 5652 thusize
2425 5597 2792 5652 habitaculum
2830 5597 2931 5651 sibi
2960 5607 3363 5653 coustruentem
3396 5593 3606 5655 viderit,
3651 5586 3724 5637 lit-

2190 5688 2317 5744 teris
2343 5688 2648 5754 mandavit,
2679 5704 2708 5741 a
2734 5688 2966 5743 veritate
2984 5687 3282 5755 aberrarit,
3302 5688 3372 5743 ab
3399 5687 3495 5741 bac
3520 5680 3720 5752 pariter.
