3814 6306
132 374 203 429 505

131 505 243 558 quam
261 504 315 544 ex
343 489 529 545 visione
574 489 661 545 illa
712 491 942 560 format,
991 492 1357 562 conjecturam
1408 496 1609 552 dictam
1638 503 1687 560 Α

129 583 319 636 aberrare
338 582 693 653 ambigendum
718 598 825 639 non
849 593 953 640 est.

173 674 265 728 501.
294 675 364 729 Ad
387 675 492 730 haec
521 676 704 731 Victor
730 691 873 731 anno
898 677 1036 733 1086
1070 679 1136 733 ad
1173 678 1366 733 solium
1397 680 1608 748 pontifi-

127 767 207 822 cale
223 765 301 821 fuit
323 776 551 835 evectus,
599 784 700 825 nec
730 772 897 824 vitam
930 772 1197 839 protraxit
1242 772 1380 827 ultra
1411 788 1610 828 annum

126 857 304 925 pmtime
329 869 660 926 sequentem,
708 876 817 930 quo
853 862 901 916 ei
954 861 1204 918 Urbanus
1232 863 1274 917 ll
1318 866 1610 929 successit;

126 960 198 999 non
218 947 452 1001 exstitisse
496 958 673 1002 autem
708 960 835 1005 ante
860 960 1106 1021 tempus,
1154 968 1261 1022 quo
1296 953 1543 1010 Urbanus
1571 955 1612 1011 ll

126 1036 164 1089 S.
183 1036 294 1090 Petri
334 1039 629 1094 cathedram
672 1056 939 1111 occupare
965 1044 1166 1114 coepit,
1196 1045 1502 1115 pontificias
1528 1046 1613 1101 lit-

125 1129 448 1189 teras,or'inis
493 1130 896 1189 Carthusiensis
942 1135 1205 1193 facientes
1246 1138 1608 1206 mentionem,

123 1232 347 1287 anonymns
388 1221 678 1289 primorum
740 1224 977 1295 quinque
1020 1226 1323 1284 Carthusim
1368 1231 1611 1299 priorum

125 1310 514 1380 rhronograpltus,
546 1328 641 1368 seu
673 1317 950 1385 antiquior
981 1316 1167 1374 Sancti
1199 1322 1369 1376 nostri
1398 1323 1614 1394 biogra-

122 1400 339 1469 pT.us,qui
369 1403 585 1473 majoris
631 1406 818 1477 utique
865 1409 987 1464 fidei
1032 1414 1481 1483 auctoritatisque
1531 1425 1613 1472 est

123 1504 232 1555 quam
256 1493 520 1557 metricus,
551 1495 618 1550 de
661 1512 768 1567 quo
804 1499 894 1553 hic
915 1540 931 1565 ,
962 1499 1295 1570 biographus
1321 1502 1615 1561 Zacharias

122 1576 391 1643 Benedictus,
418 1599 521 1638 non
549 1586 782 1643 obscure
808 1589 995 1656 docet;
1042 1600 1330 1661 postquam
1371 1594 1516 1648 enim
1546 1597 1614 1651 ab

123 1665 278 1723 Urbano
303 1670 340 1725 ll
363 1672 572 1731 litteras
600 1677 742 1731 infra
777 1679 884 1735 huc
912 1682 1383 1748 transcribendas,
1418 1687 1614 1754 quibus

120 1756 329 1827 Signinus,
370 1762 642 1821 Cassa-Dei
691 1768 889 1833 abbas,
935 1770 1283 1826 Carthusiam
1331 1772 1614 1830 Landuino

119 1845 317 1919 huiusque
342 1853 517 1919 sociis,
536 1858 633 1925 qui
658 1872 799 1922 eam,
824 1831 1077 1915 Brunone
1097 1862 1330 1917 abeunte
1363 1863 1607 1930 Romam,
1646 1831 1688 1884 Β

117 1934 410 2009 deseruerant,
447 1946 739 2002 restituere
758 1946 943 2015 jussus
977 1950 1106 2014 fuit,
1135 1952 1366 2022 scriptas
1406 1953 1608 2022 fuisse,

119 2039 221 2079 num.
245 2028 300 2084 l9
321 2032 525 2100 retulit,
560 2051 711 2090 num.
746 2039 986 2109 proxime
1016 2043 1261 2110 sequenti
1292 2042 1567 2113 subjungit
1593 2063 1607 2101 :

119 2115 196 2170 «Et
218 2118 312 2174 ista
353 2121 609 2179 videntur
645 2127 833 2194 primae
860 2127 1052 2184 litterae
1093 2130 1344 2201 papales,
1382 2150 1502 2204 quae
1531 2136 1613 2189 itt-

116 2206 329 2262 teaiuntur
347 2210 409 2266 de
432 2213 629 2268 ordine
642 2213 1011 2273 Carthusiensi
1032 2218 1210 2275 facere
1225 2222 1571 2278 mentionem.
1588 2242 1607 2277 ι

113 2288 189 2345 lam
215 2309 345 2363 vero,
368 2315 486 2354 cum
512 2301 712 2356 littera:
735 2303 865 2372 illm,
892 2320 1026 2374 quas
1066 2322 1134 2363 ex
1174 2309 1336 2366 dictis
1366 2310 1615 2367 Urbanus

112 2383 281 2451 scripsit,
295 2390 469 2456 primat
495 2391 543 2447 si
556 2400 635 2457 nt,
659 2409 779 2463 qum
798 2396 1005 2451 ordinis
1036 2396 1439 2455 Carthusiensis
1465 2418 1615 2457 meu-

113 2471 251 2528 tionem
291 2477 460 2536 facere
508 2482 884 2551 inveniantur,
938 2486 1134 2543 litteris
1177 2490 1395 2559 scriptis
1442 2506 1473 2546 a
1522 2491 1615 2547 Vi-

112 2572 214 2621 ttore
251 2569 304 2624 Ill
345 2571 658 2631 Cartliusize
697 2576 1070 2634 fundationem
1099 2581 1475 2639 confirmatam
1518 2600 1615 2639 seu

111 2658 380 2722 approbatatn
411 2678 517 2718 non
554 2662 753 2732 fuisse,
797 2680 898 2735 pro
944 2667 1252 2724 indubitalo
1274 2709 1289 2735 ,
1321 2672 1615 2727 accedente

109 2758 301 2810 peterea
330 2754 624 2811 universali
665 2759 731 2813 de
766 2773 824 2814 re
854 2760 960 2815 hac
1010 2761 1339 2831 scriptorum
1371 2767 1612 2822 omnium

109 2838 375 2907 antiquorum
406 2847 665 2916 silentio,
699 2859 780 2905 est
804 2850 1141 2919 habendum;
1176 2862 1232 2908 ut
1264 2858 1489 2926 proinde
1510 2860 1612 2913 Za-

108 2928 260 3015 charias
299 2934 625 2995 Benedictus
672 2941 723 2994 id
775 2941 1013 3007 factum,
1058 2960 1343 3015 perperam
1386 2951 1611 3005 notarit.

108 3014 179 3072 Nec
203 3038 254 3075 ex
280 3025 371 3082 hoc
401 3038 620 3084 tantum
649 3034 907 3088 metricus
952 3035 1040 3091 hic
1064 3014 1259 3092 sancti
1290 3039 1615 3112 hiograplms

106 3113 250 3225 irritis
269 3121 576 3187 arguendos
605 3123 786 3189 venit;
822 3140 1008 3179 verum
1045 3126 1211 3180 etiam
1239 3142 1304 3183 ex
1336 3143 1431 3194 eo,
1470 3131 1612 3200 quod
1641 3163 1685 3225 Ο

107 3196 430 3275 S.llugonem,
477 3210 1053 3283 Gratianopolitanum
1096 3218 1442 3289 episcopum,
1476 3196 1613 3276 Uar-

106 3289 361 3382 llmsieusem
390 3300 645 3356 habitum
676 3319 704 3357 a
736 3303 795 3359 S.
828 3305 1083 3363 Brunone
1113 3313 1446 3382 suscepisse,
1481 3313 1615 3370 Car-

107 3378 403 3457 thasiauisque
434 3393 576 3447 adeo
604 3392 773 3450 fuisse
801 3396 965 3450 etiam
1012 3378 1341 3469 ascriptum,
1412 3378 1617 3458 memo-

106 3470 165 3526 ria:
204 3477 397 3545 prodat;
449 3483 659 3537 etenim
716 3486 792 3540 rei
850 3486 1008 3555 hujus
1056 3490 1306 3559 nuspiam
1372 3494 1618 3549 meminit

106 3560 249 3653 Quigo,
276 3569 506 3642 Hugonis
532 3577 981 3633 accuratissimus
1015 3578 1227 3649 fideque
1267 3581 1618 3653 dignissimus

104 3651 389 3729 biographus.
422 3667 518 3734 qui
551 3676 737 3721 tamen
766 3684 908 3736 eam,
943 3671 985 3724 si
1017 3670 1243 3736 fuisset,
1276 3651 1423 3728 omni
1456 3675 1618 3732 dubio

105 3752 233 3808 procul
256 3755 510 3823 sciturus,
541 3759 848 3829 scitumque
896 3761 1093 3818 litteris
1139 3765 1619 3823 commendaturus

102 3832 255 3897 fuisset.

148 3926 241 3984 502.
280 3934 372 3989 Ast
423 3938 517 3993 hic
550 3954 728 4005 error,
761 3955 791 3995 a
845 3941 1126 3999 subdititio
1176 3944 1464 4017 Sigehcrto
1511 3948 1619 4016 (adi

103 4030 203 4074 ηυω.
241 4023 355 4096 297)
391 4030 637 4099 primum
669 4031 982 4101 profectus,
1048 4044 1325 4105 utcunque
1355 4052 1620 4093 excusan-

34 4150 35 4199 Υ
102 4108 167 4162 dus
191 4115 373 4172 ridrtur
399 4138 413 4175 :
437 4122 543 4176 etsi
566 4122 713 4177 enim
746 4123 897 4193 llugn
919 4126 1160 4183 habitum
1177 4128 1618 4186 Carthusienscm

102 4212 307 4274 nunquam
352 4212 633 4280 induerit,
685 4213 1080 4274 Carthusianus
1126 4229 1305 4276 tamen
1352 4223 1619 4291 quodam-

102 4294 212 4382 taolo
233 4302 476 4358 :estimari
510 4304 721 4374 potuit,
753 4316 865 4360 tum
891 4306 961 4361 ob
988 4308 1318 4365 desiderium
1341 4352 1356 4376 ,
1390 4328 1521 4382 quo,
1556 4321 1617 4368 ut

102 4374 483 4460 Catwusianum,
531 4392 784 4449 abdicato
835 4395 1178 4465 episcopatu,
1215 4374 1456 4467 profiteri
1489 4374 1616 4471 pos-

1528 380 1731 439 ACTA.

3178 407 3287 466 306
3310 414 3317 421 ’

1718 501 1878 556 modo
1927 507 2229 576 praecipuus
2262 506 2560 567 institumr.
2601 532 2619 566 ι
2656 512 3019 581 ρυθᾶθιιῐριη
3072 518 3140 573 ad
3171 520 3282 576 llu-

1714 597 1872 666 gonis
1902 598 1954 652 in
1982 598 2270 658 Carthusia
2302 607 2781 664 commorationem
2815 612 3080 680 pertinet,
3113 611 3281 668 fuisse

1713 685 1855 740 hanc
1881 702 2012 742 sane
2036 691 2323 747 admodum
2356 693 2724 765 frequentem,
2755 698 3103 771 ejusdemque
3132 702 3281 759 illum

1717 781 1961 843 tempore
1984 778 2050 831 ad
2077 778 2559 838 Carthusianorum
2604 788 2881 857 exemplar
2907 805 2971 846 ac
2997 805 3243 846 normam
3262 833 3279 859 ,

1712 863 1855 917 unde
1901 872 1956 917 et
1998 880 2097 933 pro
2140 866 2923 941 Carthusianoquodammodo
2969 878 3156 934 haberi
3184 896 3282 950 po-

1714 952 1907 1019 tuerit,
1938 953 2102 1008 vitam
2133 969 2284 1010 suam
2309 960 2374 1012 ad
2404 961 2663 1016 amussim
2688 965 2961 1035 exegisse,
2993 966 3152 1022 docet
3181 982 3282 1022 nos

1714 1042 1908 1097 iterum
1935 1044 2107 1114 Guigo
2136 1045 2189 1101 in
2219 1050 2526 1120 conscripta
2548 1067 2578 1105 a
2608 1068 2667 1108 se
2697 1056 2870 1110 sancti
2902 1057 3043 1111 illius
3073 1058 3285 1113 antisti-

1715 1134 1783 1189 tis
1808 1133 1926 1189 Vita
1961 1139 2158 1207 partim
2205 1141 2386 1195 verbis
2432 1157 2594 1211 supra
2628 1144 2734 1200 huc
2768 1145 2881 1213 jam
2913 1149 3283 1219 transcriptis,

1714 1223 1909 1289 partim
1940 1223 2090 1279 hisce
2110 1267 2125 1292 ,
2157 1242 2276 1297 qua:
2309 1245 2452 1283 nunc
2478 1230 2652 1285 subdo
2680 1249 2694 1285 :
2726 1250 2743 1283 ‹
2778 1232 2834 1288 ln
2867 1244 3072 1291 tantum
3103 1245 3281 1291 autem

1716 1309 1797 1381 (S.
1822 1311 1976 1383 Hugo
1999 1314 2270 1387 videlicet)
2297 1333 2539 1375 eremum
2564 1320 2886 1390 (Earthusia:
2910 1341 3032 1380 cum
3062 1325 3118 1381 S.
3143 1325 3283 1380 Bru-

1715 1418 1855 1458 none
1885 1404 2107 1475 ejusque
2138 1408 2324 1477 sociis)
2354 1409 2579 1466 devotus
2610 1411 2877 1467 incolebat
2926 1422 2982 1468 et
3029 1414 3245 1470 sedulus
3266 1455 3281 1479 ,

1716 1502 1774 1548 ut
1800 1508 1922 1548 eum
1955 1495 2212 1567 magister
2237 1498 2417 1555 Bruno
2443 1516 2832 1572 nonnunquam
2866 1503 3017 1558 exire
3042 1505 3284 1573 compel-

1715 1583 1884 1652 leret,
1939 1586 2038 1654 lle,
2088 1587 2313 1655 dicens,
2362 1591 2438 1647 ite
2484 1592 2551 1646 ad
2606 1608 2734 1647 oves
2770 1603 3017 1661 vestras,
3067 1595 3284 1662 eisque,

1716 1676 1858 1745 quod
1880 1676 2109 1741 debetis,
2134 1679 2416 1735 exsolvite.
2441 1680 2517 1736 Eo
2543 1691 2803 1751 tempore,
2831 1698 3037 1754 magna:
3059 1697 3289 1753 pauper-

1718 1764 1845 1820 tatis
1874 1773 1929 1820 et
1959 1765 2279 1823 humilitatis
2307 1769 2501 1825 ardore
2528 1786 2825 1827 succensus
2844 1814 2859 1839 ,
2886 1773 3057 1827 voluit
3079 1772 3285 1842 equita-

1716 1864 1864 1910 turas
1892 1872 2018 1912 suas
2047 1868 2273 1915 cunctas
2320 1861 2588 1930 vendere,
2642 1871 2698 1917 et
2744 1864 2914 1919 diviso
2961 1865 3287 1936 pauperibus

1711 1946 1886 2015 pretio
1906 1987 1920 2013 ,
1955 1949 2191 2018 propriis
2223 1948 2451 2019 pedibus
2479 1950 2532 2005 in
2562 1950 2939 2021 praedicatione
2961 1953 3287 2007 discurrere.

1714 2034 1819 2090 Sed
1842 2036 2003 2091 homo
2032 2036 2283 2106 profundi
2310 2039 2520 2107 cordis,
2555 2041 2813 2111 magister
2841 2042 3021 2097 Bruno
3045 2042 3249 2096 scilicet
3267 2083 3283 2105 ,

1713 2124 1867 2192 cuius
1894 2125 2138 2182 consiliis
2184 2144 2291 2182 non
2339 2128 2519 2194 aliter,
2565 2144 2728 2198 quam
2762 2130 3046 2200 praeceptis
3075 2128 3285 2183 obtem-

1717 2218 1943 2286 perabat
1971 2217 2214 2285 abbatis,
2245 2233 2350 2274 non
2382 2220 2660 2275 consensit
2705 2221 2931 2286 timens,
2963 2234 3031 2275 ne
3060 2219 3200 2288 apud
3231 2234 3291 2274 se

1713 2304 1899 2361 forsan
1944 2307 2312 2372 extolleretur,
2346 2317 2441 2362 aut
2491 2323 2519 2361 a
2572 2307 2785 2363 caneris
2813 2308 2880 2362 de
2914 2307 3289 2378 singularitatc

1706 2397 2045 2467 judicaretur
2072 2399 2372 2469 episcopis;
2404 2408 2499 2453 aut
2528 2399 2694 2471 (quod
2739 2398 2957 2455 dubium
2992 2415 3099 2454 non
3145 2397 3285 2469 erat)

1714 2487 1769 2541 id
1808 2486 1980 2556 ipsum
2017 2497 2237 2557 propter
2263 2489 2613 2559 asperitatem
2644 2498 2699 2543 et
2728 2488 3150 2559 inaequalitatem
3182 2488 3273 2542 iti-

1715 2592 1906 2633 llel'lllll
1939 2566 2318 2634 consummare
2347 2595 2454 2635 non
2483 2588 2689 2650 ροεςθι.
2725 2598 2744 2633 ι

1783 2668 1907 2725 505.
1952 2666 2062 2725 Nec
2090 2678 2331 2736 tantum,
2358 2672 2501 2740 quod
2527 2671 2641 2742 jam
2687 2672 2797 2728 dixi
2819 2714 2833 2739 ,
2883 2686 2949 2728 ex
2981 2672 3132 2727 hisce
3161 2671 3292 2727 Gui-

1715 2761 1871 2831 gonis
1897 2760 2081 2815 verbis
2111 2760 2456 2831 intelligitur,
2485 2778 2671 2817 verum
2703 2764 2864 2819 etiam
2888 2763 3162 2833 llugonem
3186 2778 3293 2817 non

1716 2850 1911 2904 minori
1944 2850 1996 2905 in
2030 2848 2090 2905 8.
2135 2849 2444 2905 Brunoncm
2492 2850 2844 2908 veneratione
2865 2894 2879 2920 ,
2908 2868 3070 2922 quam
3100 2850 3294 2906 affectu

1716 2939 1912 3005 fuisse,
1944 2948 2258 3009 tantamque
2299 2955 2419 2995 eam
2465 2941 2745 2996 exstitisse
2767 2982 2781 3005 ,
2813 2951 2871 2994 ut
2901 2941 3049 2995 illum
3076 2940 3289 2994 abbatis

1716 3029 2114 3099 quodammodo
2162 3028 2282 3084 loco
2330 3030 2575 3084 haberet.
2624 3029 2759 3084 llinc
2788 3029 2986 3084 merito
3021 3027 3296 3097 antiquior

1719 3119 1904 3175 Sancti
1944 3120 2113 3174 nostri
2167 3120 2500 3191 biograpltus
2556 3120 2896 3191 transcriptis
2945 3131 3058 3175 tum
3103 3120 3289 3184 hisce,

1719 3222 1829 3267 tum
1856 3212 1999 3280 aliis,
2029 3228 2146 3283 qua!
2168 3211 2278 3280 jam
2308 3228 2469 3284 supra
2500 3213 2627 3267 data
2656 3220 2803 3278 sunt,
2826 3211 3087 3285 Guigonis
3110 3210 3291 3266 verbis

1718 3318 1867 3358 nmn.
1915 3303 1982 3358 14
2028 3303 2303 3373 subjungit
2336 3320 2349 3357 :
2386 3321 2404 3354 ι
2442 3301 2633 3359 Omnia
2665 3303 2923 3374 praedicta
2967 3311 3093 3357 sunt
3129 3301 3294 3355 verba

1718 3394 1898 3449 domni
1929 3393 2190 3466 Guigouis
2239 3394 2443 3463 scripta
2480 3395 2532 3449 in
2566 3395 2688 3449 Vita
2739 3394 2798 3448 S.
2850 3392 3119 3463 llugouis,
3156 3389 3294 3446 Gra—

1718 3485 2090 3555 tian0politani
2123 3486 2391 3555 episcopi,
2422 3499 2543 3553 quae
2572 3484 2663 3538 hic
2700 3482 2986 3538 inserenda
3028 3480 3297 3551 judicavi-

1719 3591 1871 3643 mus,
1902 3576 2027 3646 quia
2069 3578 2121 3631 in
2170 3576 2250 3631 eis
2294 3575 2589 3646 primordia
2618 3573 2953 3629 fundatiouis
2992 3570 3294 3628 Carthusiae

1719 3662 2088 3727 declarantur,
2121 3672 2176 3716 et
2207 3662 2453 3730 magistri
2482 3661 2754 3715 Brunonis
2784 3657 3104 3712 excellentia
3131 3656 3293 3711 inno-

1723 3755 1881 3811 tescit
1924 3763 1980 3810 ct
2009 3755 2060 3809 in
2094 3755 2194 3810 hoc
2221 3757 2367 3823 quod
2406 3756 2579 3810 cidem
2622 3763 2732 3808 tam
2774 3752 3129 3813 venerabilis.
3180 3763 3291 3807 tam

1723 3854 1947 3901 sanctus
1970 3846 2256 3914 episcopus
2277 3860 2399 3899 cum
2427 3854 2574 3899 tanta
2594 3846 2898 3901 reverentia
2921 3846 3001 3901 sic
3022 3844 3305 3900 ferventer

1720 3944 1775 3990 et
1806 3934 2080 3988 lmmilitcr
2114 3934 2444 3989 adhterebat.
2487 3954 2504 3987 ι
2558 3935 2796 3990 Maximo
2840 3952 3002 4006 porro
3034 3936 3084 3988 in
3110 3949 3298 3989 amore

1723 4042 1786 4081 ac
1835 4027 2010 4095 pretio
2060 4027 2198 4094 apud
2248 4023 2305 4079 S.
2365 4024 2640 4097 Hugonem
2712 4027 2986 4081 exstitisse
3034 4024 3293 4079 Sanctum

1722 4127 1968 4172 nostrum
1999 4115 2223 4186 ejusque
2245 4116 2443 4180 socios,
2472 4126 2619 4173 recte
2640 4119 2805 4171 etiam
2829 4117 3160 4172 concluseris
3184 4125 3297 4169 tum

1720 4227 1785 4265 ex
1817 4211 2036 4277 charta,
2063 4224 2224 4278 quam
2246 4249 2259 4274 ,
2296 4208 2341 4264 si
2381 4207 2727 4263 Mabillonius
2779 4208 2977 4276 (neque
3024 4206 3189 4281 enim
3219 4220 3288 4259 an

1720 4304 1835 4357 haec
1875 4303 2086 4372 uspiam
2135 4300 2366 4365 existat,
2427 4301 2573 4371 novi)
2641 4298 2968 4354 Prmfationc
3013 4298 3066 4351 in
3115 4295 3298 4351 saeculi

1722 4410 1775 4447 vr
1809 4392 2147 4448 Benedictini
2185 4401 2341 4460 parte
2366 4408 2439 4458 tt,
2479 4407 2629 4446 num.
2675 4390 2742 4443 86
2791 4396 2938 4443 recte
2987 4396 3164 4453 notet,
3212 4388 3302 4440 vix

102 4484 176 4564 ξεί,
198 4483 379 4540 arsisse
406 4486 775 4557 dignoscitur,
808 4495 920 4540 tum
951 4486 1021 4540 ob
1050 4488 1400 4558 singularem,
1430 4493 1613 4564 quoin
1645 4494 1691 4553 ῐ)
1719 4500 1825 4538 uno
1860 4497 2045 4538 mense
2093 4484 2302 4553 integro
2348 4491 2469 4552 post
2514 4481 2571 4537 S.
2605 4481 2874 4536 Brunonis
2903 4482 2970 4535 ad
3017 4481 3296 4551 llugoncm

103 4557 423 4629 Carthasianos
493 4573 798 4639 ferebatur,
849 4573 1102 4631 affectum
1151 4557 1622 4647 frequentcinque

102 4666 182 4711 mm
206 4662 340 4720 hisce
369 4668 422 4720 in
452 4667 749 4722 Carthusia
777 4668 1288 4725 commorationem.
1319 4668 1398 4727 Ac
1450 4675 1623 4727 maxi-

107 4757 203 4801 mum
225 4754 428 4822 quidem
459 4756 524 4812 S.
558 4756 802 4828 llugonis
853 4758 905 4813 in
953 4758 1011 4813 S.
1050 4758 1362 4815 Brunoncm
1390 4760 1623 4817 Carthu-

105 4834 324 4912 simusque
349 4845 609 4902 affectum
641 4848 838 4914 fuisse,
868 4848 1044 4919 palam
1073 4858 1159 4904 est
1187 4858 1300 4904 tum
1328 4866 1394 4906 ex
1423 4850 1623 4921 Guigo-

106 4926 159 4977 "is
172 4935 325 4991 verbis
348 4953 517 5009 supra
553 4939 697 4995 hunc
722 4941 1087 5011 transcriptis,
1114 4950 1225 4996 tum
1252 4958 1317 4998 ex
1343 4958 1409 4999 eo
1456 4946 1621 5015 quod,

105 5031 135 5063 ηε
159 5020 416 5083 Guibertus
449 5031 522 5085 de
544 5030 843 5101 Novigento
872 5032 967 5086 lib.
999 5049 1014 5087 I
1044 5034 1109 5089 de
1144 5034 1260 5088 Vita
1284 5050 1379 5089 sua
1408 5051 1525 5104 cap.
1558 5037 1619 5091 Η

107 5106 238 5179 dcent,
261 5134 280 5169 ι
304 5121 524 5176 abbatis
550 5142 569 5174 ι
597 5123 997 5191 quodammodo
1020 5138 1083 5177 ac
1110 5143 1127 5174 ι
1160 5124 1456 5193 provisnris
1485 5145 1503 5177 ι
1532 5127 1627 5181 d0-

106 5212 185 5255 mus
221 5207 620 5265 Carthasicnsis
674 5231 692 5263 ι
724 5212 908 5277 vices,
944 5232 962 5264 ι
1015 5228 1136 5267 cum
1189 5213 1398 5268 scilicet
1445 5230 1512 5268 ex
1563 5227 1626 5269 ea

110 5287 234 5351 Βωηο
267 5300 372 5369 jam
422 5304 798 5370 discessisset,
869 5319 1032 5375 agere
1092 5316 1350 5376 gravatus
1406 5322 1511 5361 non
1557 5308 1630 5363 sit

109 5394 268 5446 iauctus
297 5393 385 5452 ille
416 5397 667 5452 antistes.
700 5397 922 5453 Accedit
946 5399 1220 5466 antiquior
1239 5398 1427 5453 Sancti
1460 5400 1627 5454 nostri

111 5472 409 5552 δίθςηριιιις,
439 5487 537 5555 qui
588 5503 713 5543 eum
764 5489 839 5543 ita
892 5488 944 5543 in
993 5489 1243 5542 ordinem
1302 5489 1630 5556 domumque

109 5558 492 5632 Carthesiensem
517 5577 813 5633 beneficum
845 5578 1012 5633 fuisse
1029 5619 1043 5642 ,
1073 5594 1222 5632 num.
1256 5579 1320 5632 l4
1344 5577 1552 5643 scribit,
1572 5587 1631 5632 ut

111 5657 187 5707 “1m
224 5660 405 5731 hujus,
448 5673 564 5720 tum
596 5667 740 5723 illius
768 5683 889 5723 cum
925 5666 984 5722 S.
1016 5666 1268 5721 Bruuoue
1315 5667 1420 5720 dici
1458 5666 1630 5735 possit

115 5753 129 5789 ε
153 5739 381 5819 laudator,
408 5764 465 5810 et
489 5757 735 5825 quamvis
763 5773 866 5811 non
894 5757 1121 5829 primus,
1155 5764 1334 5811 tanton
1366 5755 1622 5825 quodam-

1723 4591 2000 4631 accessum
2029 4574 2362 4645 presbyteris
2390 4584 2443 4628 et
2476 4573 2632 4629 laicis
2678 4572 2759 4627 sui
2788 4572 3133 4642 episcopatus
3160 4584 3296 4623 san-

1722 4678 1841 4723 ctus
1872 4666 1961 4721 ille
2007 4666 2238 4721 antistes
2283 4665 2533 4734 scripsit,
2568 4665 2923 4736 praecipiens,
2958 4682 2976 4717 ι
3022 4662 3090 4719 Ut
3120 4677 3187 4716 ne
3220 4662 3299 4715 fc-

1724 4758 1883 4813 minaa
1930 4756 2117 4829 (verba
2174 4765 2300 4811 sunt
2344 4755 2662 4827 Mabillonii)
2707 4762 2986 4810 transeant
3049 4769 3145 4823 per
3194 4761 3304 4809 ter-

1726 4863 1841 4902 ram
1878 4846 2181 4903 Carthusia:
2224 4845 2489 4912 fratrum,
2563 4847 2690 4917 qui,
2746 4846 2855 4902 Deo
2920 4845 3134 4916 placere
3201 4860 3299 4899 cu-

1729 4938 1975 5008 pientes,
2007 4936 2267 4990 mundum
2293 4945 2348 4991 et
2378 4938 2566 4991 turbas
2601 4936 2914 5004 fugiebant;
2966 4945 3022 4992 et
3064 4949 3131 4989 ne
3155 4935 3305 5003 quis-

1727 5042 1888 5097 quam
1939 5026 2083 5082 intra
2134 5025 2397 5081 terminos
2434 5025 2672 5095 ipsorum
2704 5024 3066 5094 possessionis
3118 5024 3299 5092 pisca-

1728 5118 1927 5172 tionem
1976 5125 2070 5171 aut
2114 5118 2458 5171 venationem
2505 5124 2787 5181 exerceat,
2843 5123 2899 5169 et
2944 5129 3041 5169 sua
3103 5114 3307 5166 anima-

1729 5207 1797 5261 lia
1841 5207 2107 5276 pascenda
2148 5205 2416 5269 deducat,
2450 5225 2468 5258 ι
2516 5212 2629 5259 tum
2667 5218 2734 5259 ex
2772 5216 2837 5257 eo
2904 5201 3049 5271 quod
3104 5200 3306 5253 Sancto

1728 5297 1951 5368 ejusque
1995 5298 2187 5362 sociis,
2234 5296 2493 5367 quidquid
2537 5296 2639 5351 sibi
2681 5296 2734 5350 in
2786 5292 3125 5350 Carthusiam
3167 5288 3311 5358 juris

1729 5397 2078 5458 competeret,
2104 5388 2279 5444 libens
2305 5387 2553 5451 cesserit,
2576 5385 3094 5452 verosimillimeque
3116 5380 3307 5445 etiam,

1731 5489 1790 5535 ut
1821 5480 2251 5545 Blomenvenna,
2283 5479 2580 5533 Puteanum
2617 5478 2811 5533 iterum
2847 5475 3090 5542 aliosque
3123 5462 3310 5528 Sancti

1731 5570 2053 5642 biographos
2080 5569 2178 5625 sibi
2208 5570 2609 5625 consentientes
2639 5568 2862 5632 habens,
2891 5563 3146 5632 affirmat,
3178 5561 3306 5620 effe-

1733 5663 1897 5725 cerit,
1935 5672 1994 5717 ut
2023 5662 2147 5725 alii,
2185 5662 2277 5731 qui
2316 5662 2369 5715 in
2414 5660 2659 5717 eamdem
2697 5672 2941 5712 ercmum
2970 5656 3111 5727 juris
3147 5656 3305 5726 quid-

1733 5753 1874 5824 piam
1903 5751 2194 5815 haherent,
2225 5750 2274 5805 ei
2313 5750 2435 5803 data
2464 5748 2647 5803 charta
2676 5746 2889 5819 publica
2920 5745 2971 5800 in
3009 5744 3066 5800 8.
3098 5745 3307 5800 Bruno-
