3896 6312
455 368 458 372 ’
546 403 648 458 307

1347 400 1402 452 S.
1443 396 1789 454 BRUNOMS
1827 391 2464 449 CARTHUSIA'NORUM
2505 388 2988 446 INSTITUTORIS
3677 392 3760 451 308

493 529 496 531 '
545 515 628 568 nis
649 512 870 583 ejusque
890 511 1158 566 sociorum
1183 513 1420 563 favorem
1444 505 2109 574 renuntiariut.lntegram
2143 503 2193 553 Α
2228 503 2550 558 clericorum
2601 519 2862 568 suorum,
2913 511 2969 555 et
3007 509 3267 570 quantum
3313 499 3382 555 ad
3421 515 3480 555 se
3523 503 3764 576 pertinet,

547 605 720 668 illam,
756 611 815 657 ut
853 602 1000 656 locus
1027 601 1249 669 exigere
1287 600 1516 662 videtur,
1562 597 1720 650 modo
1757 596 1859 648 huc
1889 609 1953 646 cx
1995 607 2121 661 apo-

544 693 765 763 grapho,
782 687 1552 758 Chronologico-dipiomaticzc
1565 684 1852 739 Morkensii
1869 681 2122 736 Diatribae

543 798 704 852 supra
739 782 849 852 jam
892 781 1086 848 saepius
1118 779 1347 830 laudata:
1385 777 1589 830 inserto
1613 817 1626 840 ,
1663 775 1988 828 transcribo.
2031 771 2123 827 Sic

545 871 708 924 habet
738 884 753 922 :
791 887 808 920 ι
840 868 1025 923 Gratia
1058 877 1259 921 sanctae
1295 875 1349 919 et
1388 865 1678 920 individua:
1713 863 1993 917 Trinitatis
2025 863 2122 915 mi-

546 959 894 1014 sericorditer
915 967 1112 1011 nostra:
1133 955 1328 1009 salutis
1350 955 1632 1018 admoniti,
1656 953 1920 1006 recordati
1938 967 2122 1005 sunuts

545 1051 794 1105 humanae
833 1057 1032 1102 statum
1079 1045 1404 1100 conditionis
1443 1055 1496 1098 et
1530 1045 1651 1097 vitae
1695 1043 1900 1112 fragilis
1940 1042 2122 1118 lapsus

544 1140 904 1204 inevitabiles,
931 1154 1089 1208 quam
1119 1138 1234 1192 sine
1265 1135 1494 1188 termino
1519 1135 1764 1188 ducimus
1789 1134 1840 1185 in
1866 1133 2118 1200 peccaris.

545 1230 731 1299 Itaque
763 1211 1124 1298 Ῑιιιῖῑοεινὶιηυε
1150 1265 1164 1289 ,
1219 1241 1317 1278 nos
1361 1225 1570 1294 peccati
1619 1238 1804 1276 servos
1853 1224 1917 1275 de
1960 1237 2118 1275 manu

545 1323 736 1378 mortis
767 1322 1046 1381 redimere,
1081 1317 1392 1387 temporalia
1425 1332 1521 1384 pro
1550 1315 1858 1369 coelestibus
1891 1324 2119 1375 mutare,

547 1423 801 1467 aeternam
839 1410 1207 1464 ltmreditatern
1249 1407 1423 1476 pretio
1469 1407 1722 1476 periturae
1766 1404 2121 1474 possessionis

543 1515 859 1569 comparare
884 1539 899 1564 ,
940 1514 1006 1554 ne
1046 1497 1245 1566 duplici
1283 1495 1606 1550 contritione
1651 1505 2018 1557 conteramur,
2069 1503 2123 1546 et

541 1589 825 1661 prtesentis
857 1590 978 1642 vita:
1010 1587 1255 1641 miserias
1282 1584 1522 1638 laborum
1553 1594 1607 1637 et
1633 1583 1877 1637 dolorum
1910 1580 2120 1635 initium

541 1691 843 1734 sumamus.

612 1773 734 1828 501.
783 1793 798 1824 ι
820 1772 1004 1842 Itaque
1027 1769 1286 1838 magistro
1309 1766 1542 1820 Brunoni
1567 1773 1620 1817 et
1648 1765 1762 1827 his,
1795 1761 1883 1831 qui
1913 1777 2035 1816 cum
2057 1776 2121 1816 eo

2224 591 2484 660 quidquid
2528 591 2610 644 sui
2647 589 2788 658 juris
2833 604 2954 644 esse
2998 589 3230 654 videtur,
3273 588 3495 644 omnino
3534 597 3763 653 concedit.

2224 681 2416 735 Testes
2453 679 2606 750 ilugo
2640 680 2879 733 deeanus
2901 719 2915 745 ,
2955 677 3189 732 Joannes
3221 678 3287 731 de
3317 677 3502 743 Podio,
3533 690 3584 731 et
3611 679 3767 739 Hosta-

2223 789 2359 842 gnus
2396 773 2568 842 Guigo
2599 772 2666 826 de
2698 770 2842 825 Lanz
2863 814 2878 836 ,
2923 781 2978 826 et
3005 771 3257 826 Galterus
3283 769 3450 824 Bueta
3475 812 3492 836 ,
3529 769 3702 828 Petrus
3727 788 3768 832 et

2222 862 2516 928 Gilbertus,
2543 861 2864 931 Agelbertus
2886 869 2941 914 et
2966 859 3296 927 Aldclemus,
3328 861 3518 914 Petrus
3545 870 3597 914 et
3617 861 3767 919 Ricar-

2223 953 2340 1007 dus.
2389 951 2554 1005 Lecta
2601 961 2685 1006 est
2715 960 2894 1004 autem
2945 951 3060 1004 haec
3099 951 3289 1003 charta
3340 948 3690 1017 Gratianopoli
3729 955 3767 1009 in

2222 1042 2452 1098 ecclesia
2487 1042 2658 1096 beatae
2701 1051 2756 1096 et
2793 1040 3040 1112 gloriosa:
3077 1055 3291 1110 semper
3320 1039 3558 1109 Virginis
3592 1040 3768 1108 Marize,

2222 1146 2413 1204 quarta
2442 1134 2598 1188 Fet-ia
2631 1135 2882 1188 secundae
2907 1132 3258 1187 hebdomadte
3293 1131 3558 1186 Dominici
3589 1133 3770 1188 Adven-

2225 1235 2311 1278 tus
2337 1226 2388 1278 in
2419 1225 2710 1294 prtesentia
2739 1223 2979 1292 przedicti
3007 1223 3207 1277 domini
3233 1221 3494 1291 Hugonis,
3525 1221 3772 1277 Gratiano-

2225 1316 2360 1383 polis
2389 1314 2652 1382 episcopi,
2679 1323 2840 1382 atque
2867 1313 3252 1367 canonicorum
3283 1327 3526 1378 suorum,
3555 1311 3774 1367 aliorum-

2225 1421 2331 1474 que
2372 1405 2662 1458 multorum
2683 1447 2700 1471 ,
2737 1415 2846 1458 tam
2878 1404 3220 1458 sacerdotum
3247 1445 3261 1470 ,
3293 1419 3456 1472 quam
3491 1411 3773 1459 cmtcrorum

2223 1497 2472 1549 ordinum
2496 1495 2842 1562 clericorum,
2865 1495 3253 1549 celebrantium
3281 1505 3523 1549 sanctam
3548 1499 3775 1566 synodum

2225 1590 2417 1657 quinto
2451 1589 2574 1643 ldus
2605 1588 2932 1643 Decembris.
2970 1607 2988 1641 ι
3023 1588 3156 1643 Cum
3191 1589 3305 1643 inec
3335 1590 3544 1654 charta,
3580 1604 3705 1658 qum,
3729 1602 3775 1646 ut

2224 1681 2575 1734 characteres
2603 1679 2884 1746 chronici,
2913 1680 3108 1748 quibus
3136 1681 3342 1734 munita
3371 1690 3475 1745 est,
3519 1689 3774 1747 testantur,

2224 1773 2576 1830 hebdomadas
2603 1776 2853 1829 secunda-
2880 1773 3160 1830 Adventus
3188 1775 3342 1829 Feria
3365 1785 3578 1844 quarta,
3611 1791 3715 1844 qua:
3732 1779 3774 1831 in

543 1875 834 1928 venerunt,
869 1864 1146 1926 fratribus,
1179 1872 1235 1914 ut
1271 1861 1382 1914 Deo
1410 1867 1685 1924 vacarent,
1716 1857 1779 1910 ad
1813 1857 2117 1911 iuhabitan-
2150 1836 2196 1895 Β
2226 1879 2428 1917 nonum
2460 1863 2772 1920 Decembris
2811 1865 2952 1919 diem
2993 1865 3179 1919 incidi:
3202 1907 3218 1932 ,
3253 1836 3398 1921 ιεοιέ
3433 1875 3545 1931 εει,
3669 1868 3777 1921 Bm-

539 1962 666 2012 dum
705 1958 1051 2010 solitudinem
1083 1955 1473 2024 qurereutibus,
1516 1954 1647 2021 ipsis
1675 1967 1969 2020 eorumque
1997 1968 2119 2006 suc-

538 2050 854 2105 cessorilms
883 2047 935 2100 in
964 2057 1224 2101 aeternam
1253 2045 1646 2112 possessionem
1678 2049 1968 2112 spatiosam
2000 2058 2119 2098 ere-

539 2154 687 2192 rnum
726 2135 1115 2197 concessimus,
1147 2135 1258 2204 Ego
1290 2133 1616 2188 i-lumbertus
1647 2133 1713 2186 de
1749 2131 1979 2195 Min-ibe],
2011 2145 2118 2184 una

540 2246 663 2284 cum
693 2229 876 2282 Orione
916 2225 1080 2280 fratre
1113 2242 1230 2280 tneo
1269 2234 1323 2278 et
1361 2224 1588 2288 caeteris,
1623 2222 1714 2292 qui
1749 2222 1888 2290 juris
1918 2222 2118 2292 aliquid

539 2321 812 2378 habebant
847 2319 900 2372 in
943 2319 1202 2388 praedicto
1233 2317 1388 2381 loco;
1427 2317 1478 2369 hi
1512 2330 1638 2369 vero
1677 2315 1914 2377 scilicet,
1968 2313 2119 2383 Hugo

539 2411 608 2468 de
644 2409 882 2464 Tolnone
905 2449 919 2473 ,
969 2407 1258 2462 Ansehnus
1286 2405 1583 2470 Garcinus;
1637 2403 1831 2458 deinde
1868 2403 2031 2457 Lucia
2065 2417 2120 2456 et

541 2502 637 2556 filii
670 2502 786 2572 ejus
816 2499 1102 2560 Rostanus,
1135 2497 1328 2568 Guigo,
1368 2497 1675 2557 Anselmns.
1708 2495 1932 2550 Pontius
1958 2503 2120 2564 atque

543 2592 707 2658 Boso,
731 2591 980 2661 precibus
1000 2601 1051 2645 et
1076 2590 1378 2644 interventu
1403 2588 1670 2657 praedictae
1689 2587 1879 2640 matris
1899 2600 2115 2647 eorum;

542 2681 852 2738 Bernardus
879 2696 1092 2751 quoque
1129 2680 1512 2750 Langobardus
1543 2694 1665 2731 cum
1696 2678 1820 2732 filiis
1848 2677 2000 2740 suis;
2049 2677 2120 2731 si-

544 2773 748 2830 militer
775 2783 831 2828 et
859 2774 1087 2828 domnus
1113 2773 1279 2828 abbas
1311 2772 1565 2838 Signinus
1593 2772 1657 2824 de
1693 2769 1830 2824 Casa
1861 2769 1956 2822 Dei
1995 2783 2117 2822 cum

546 2883 766 2924 suorum
797 2866 1022 2920 fratrum
1049 2874 1341 2930 conventu,
1370 2864 1627 2933 quidquid
1660 2863 1730 2916 ibi
1758 2862 1896 2930 juris
1923 2862 2120 2916 habere

538 2957 878 3021 videbantur,
910 2955 1234 3025 supradictis
1263 2961 1654 3010 concesserunt
1693 2951 1969 3006 fratribus.
2002 2951 2120 3019 ipsa

541 3063 691 3112 vero,
715 3063 874 3118 quam
901 3048 980 3101 eis
1003 3047 1270 3109 dedimus,
1291 3060 1508 3100 eremus
1530 3045 1628 3098 hos
1652 3045 1812 3098 habet
1837 3042 2118 3105 terminos,

541 3135 745 3190 scilicet
789 3136 928 3189 infra
971 3135 1180 3199 locum,
1221 3135 1312 3203 qui
1344 3141 1566 3188 vocatur
1599 3133 1790 3197 Clusa,
1837 3141 1889 3185 et
1935 3145 2118 3199 rupem

541 3227 880 3284 claudentem
915 3225 1110 3280 vallem
1139 3235 1193 3280 et
1225 3226 1619 3295 pertingentem
1648 3239 1817 3292 usque
1847 3223 1912 3276 ad
1957 3222 2122 3275 mola-

544 3335 658 3373 rem
689 3319 1030 3374 claudentem
1071 3327 1124 3374 ct
1156 3317 1480 3371 dividentem
1511 3314 2038 3378 (lembum-Caldam,
2068 3322 2124 3366 et

540 3412 945 3483 pervenientem
992 3425 1163 3479 usque
1210 3411 1276 3464 ad
1325 3424 1509 3477 rttpcm
1551 3409 1822 3472 mediam,
1873 3424 1990 3475 quae
2042 3416 2124 3460 est

546 3515 708 3571 super
727 3500 1062 3568 Borghesos;
1085 3499 1278 3554 deinde
1309 3500 1562 3554 molarem
1587 3499 1774 3562 alium,
1793 3501 1883 3568 qui
1909 3502 2124 3553 descen-

545 3592 721 3645 dendo
751 3591 1066 3658 perdueitur
1092 3607 1188 3660 per
1221 3606 1390 3661 usque
1432 3592 1497 3644 ad
1541 3607 1728 3659 rupem
1768 3605 1795 3643 a
1841 3590 2118 3643 iionviant.

549 3679 759 3733 Exinde
801 3680 1055 3733 molarem
1085 3681 1270 3742 alium,
1294 3679 1383 3748 qui
1414 3679 1789 3732 descendendo
1814 3678 2124 3746 perducitur

546 3782 646 3839 per
666 3769 992 3840 crepidinem
1018 3769 1272 3838 plataueti
1297 3786 1322 3822 a
1349 3767 1607 3822 Bonviant
1637 3783 1802 3836 usque
1825 3782 1854 3820 ι
1879 3768 1889 3819 i
1912 3781 2122 3836 rupem,

544 3875 666 3929 qua:
693 3871 776 3916 est
804 3877 966 3932 supra
997 3861 1210 3934 furnum
1243 3863 1307 3916 de
1339 3861 1387 3914 ia
1416 3859 1606 3913 Foliia.
1655 3859 1914 3913 Similitrr
1939 3861 2005 3912 ab
2037 3858 2124 3912 illo

549 3959 732 4002 monte
753 3989 766 4012 ,
795 3951 882 4018 qui
912 3948 978 4002 de
1000 3951 1186 4004 eadem
1212 3965 1342 4019 rupe
1370 3948 1664 4018 porrigitur
1687 3961 1854 4015 uSQue
1877 3948 1942 4000 ad
1973 3961 2122 4014 mon-

551 4047 658 4094 tem
712 4039 996 4103 Aillinart,
1035 4048 1088 4092 et
1137 4055 1166 4093 a
1215 4047 1397 4093 monte
1445 4038 1695 4091 Aillinart
1748 4035 2123 4090 descendendo

548 4131 859 4184 extenditur
882 4131 1035 4198 juxta
1073 4129 1298 4183 Mortam
1337 4139 1526 4183 contra
1575 4127 1920 4181 Occidentem
1955 4142 2124 4196 usque

548 4223 615 4275 ad
666 4238 892 4292 rupem,
934 4237 1054 4292 quae
1099 4232 1182 4276 est
1222 4237 1385 4290 super
1423 4220 1728 4274 Corrcriam
1756 4259 1770 4281 ,
1817 4227 1870 4272 et
1917 4219 1984 4274 ab
2021 4220 2125 4273 hac

546 4330 680 4386 rupe
722 4316 1014 4386 porrigitur
1057 4329 1226 4383 usque
1262 4315 1327 4366 ad
1377 4327 1560 4380 rupem
1602 4313 1667 4365 de
1701 4311 1946 4366 Pertuso.
1997 4313 2124 4367 Inde

550 4421 828 4477 postremo
854 4407 1193 4477 protenditur
1215 4405 1592 4460 des:;endendo
1617 4421 1785 4473 usque
1810 4406 1876 4459 ad
1901 4404 2118 4470 flumen,

2221 1971 2361 2009 none
2405 1956 2746 2010 Carthusiam
2782 1957 2957 2012 adhuc
2988 1956 3322 2012 inhabitante
3349 1999 3364 2023 ,
3407 1973 3503 2011 seu
3553 1959 3774 2027 temporis

2221 2048 2416 2114 spatio,
2456 2062 2656 2100 annum
2689 2047 2860 2113 1084,
2907 2047 3148 2117 quinque
3178 2057 3470 2116 sequentes
3500 2057 3554 2101 et
3597 2058 3774 2116 partem

2221 2139 2346 2190 anni
2381 2137 2517 2190 1090
2546 2137 2964 2205 complectente,
2997 2137 3118 2191 data
3159 2137 3301 2191 haud
3341 2136 3504 2192 dubie
3533 2137 3621 2202 sit,
3645 2147 3772 2190 tunc-

2221 2244 2346 2298 que,
2377 2238 2433 2282 ut
2460 2229 2796 2298 computanti
2827 2238 2917 2282 aut
2941 2229 3102 2282 etiam
3126 2227 3544 2295 Chronologiam
3573 2227 3777 2282 Techni-

2219 2335 2338 2374 cam
2387 2319 2586 2374 Lahbei
2637 2321 2900 2374 duntaxat
2939 2317 3241 2387 inspicienti
3271 2325 3553 2388 patescet,
3595 2316 3776 2369 Feriam

2221 2420 2469 2482 quartam
2510 2412 2859 2466 hebdomade:
2888 2411 3137 2466 secunda:
3176 2411 3452 2465 Adventus
3481 2410 3531 2463 in
3562 2408 3777 2476 quintum

2224 2503 2344 2558 Idus
2381 2518 2474 2556 seu
2506 2503 2647 2556 diem
2679 2517 2880 2556 nonum
2917 2500 3226 2555 Decembris
3255 2501 3496 2556 incidere
3523 2499 3634 2552 solo
3663 2511 3780 2553 anno

2225 2594 2363 2648 1086
2393 2593 2704 2662 contigerit,
2743 2592 2909 2648 fuisse
2941 2593 3206 2656 chartam,
3236 2606 3358 2660 qua:
3385 2590 3492 2643 huc
3514 2590 3625 2658 jam
3655 2598 3780 2641 tran-

2222 2685 2420 2754 scripta
2451 2693 2554 2750 est,
2589 2684 2690 2738 hoc
2718 2685 2833 2752 ipso
2869 2699 3013 2738 anno
3040 2682 3232 2737 lectam
3270 2697 3365 2737 seu
3395 2680 3598 2746 datam,
3627 2679 3776 2732 mani-

2223 2776 2570 2832 festissimum
2601 2786 2706 2831 est.

2293 2866 2418 2921 506.
2457 2868 2633 2936 Atque
2660 2867 2762 2921 hoc
2785 2866 3020 2935 primum
3046 2874 3150 2930 est,
3179 2866 3322 2936 quod
3353 2866 3405 2920 in
3438 2865 3583 2919 illam
3615 2874 3782 2920 notan-

2222 2959 2348 3012 dum
2379 2958 2634 3012 occurrit.
2667 2956 2742 3012 Ne
2773 2973 2934 3026 porro
2962 2973 3194 3012 erronea
3227 2959 3278 3012 in
3305 2957 3450 3011 notis
3482 2957 3737 3011 chronicis
3758 2970 3782 3007 ιι

2223 3064 2494 3118 quoquam
2529 3057 2772 3118 putetur,
2822 3051 3197 3118 exponendum
3231 3050 3426 3112 modo,
3466 3049 3557 3116 qui
3606 3049 3656 3102 in
3683 3063 3737 3102 ea
3759 3064 3783 3099 a

2149 3168 2192 3225 ρ
2225 3138 2426 3194 Sancto
2457 3139 2679 3207 ejusque
2708 3139 2896 3205 sociis,
2927 3140 3070 3208 quod
3103 3140 3230 3193 anni
3265 3139 3404 3194 1081
3435 3154 3620 3192 mense
3653 3137 3784 3192 Junio

2224 3246 2292 3285 ex
2315 3231 2472 3284 dictis
2499 3231 2722 3296 factum,
2750 3230 3054 3285 Carthusite
3081 3246 3299 3286 eremus
3320 3230 3608 3284 inhabitari
3633 3238 3784 3296 coepta

2226 3328 2372 3374 recte
2398 3319 2612 3375 dicatur
2637 3335 2780 3373 anno
2803 3329 2999 3388 quarto
3021 3321 3364 3388 episcopatus
3391 3319 3652 3389 ilugonis,
3673 3316 3786 3371 Grao

2227 3409 2600 3477 tianopolitani
2623 3410 2882 3477 episcopi,
2911 3411 3001 3476 qui
3037 3411 3275 3476 interim,
3307 3421 3362 3463 ut
3389 3425 3552 3476 supra
3580 3406 3785 3470 oStendi,

2219 3498 2333 3568 jam
2374 3499 2500 3552 inde
2551 3499 2617 3552 ab
2669 3513 2811 3551 anno
2849 3498 2984 3552 1079
3016 3499 3255 3564 electus,
3289 3499 3527 3568 annique
3572 3483 3787 3567 proxime

2226 3589 2502 3658 sequentis
2549 3589 2704 3642 initio
2738 3597 3090 3643 consecratus
3130 3588 3230 3641 fuit
3278 3587 3789 3656 Gratianopolitanns

2225 3679 2531 3748 episcopus,
2566 3679 2766 3747 quique
2811 3679 2966 3744 adeo,
3001 3694 3122 3732 cum
3154 3678 3455 3733 Carthasim
3484 3691 3696 3732 eremus
3721 3675 3789 3726 in-

2225 3770 2457 3825 habitari
2490 3787 2518 3824 a
2560 3770 2759 3824 Sancto
2789 3771 2972 3839 cmpit,
3021 3770 3268 3838 quintum
3295 3769 3408 3832 jam
3447 3769 3582 3822 inde
3600 3767 3789 3836 episco-

2224 3869 2382 3928 palus
2413 3876 2612 3913 annum
2644 3860 2809 3929 egerit
2832 3902 2848 3924 ,
2888 3861 2931 3913 si
2967 3860 3125 3912 modo
3156 3860 3502 3927 episcopatus
3534 3859 3650 3925 ejus
3683 3854 3788 3908 arui

2227 3951 2310 4005 vel
2339 3951 2406 4004 ab
2429 3950 2690 4004 electione
2715 3949 2794 4002 vel
2819 3967 2846 4001 a
2872 3950 3280 4004 consecratione
3302 3949 3411 4002 sint
3441 3945 3787 4016 computandi.

2230 4042 2427 4098 Verum
2477 4043 2599 4096 idne
2637 4043 2708 4095 ita
2754 4042 2867 4096 fieri
2907 4057 3128 4096 necesse
3166 4044 3285 4096 est?
3327 4043 3647 4112 Anonymus
3677 4039 3792 4093 Tra—

2225 4145 2402 4190 ctatus
2433 4136 2498 4188 de
2538 4136 2596 4189 S.
2639 4136 2891 4189 Brunone
2927 4150 2956 4188 a
2987 4135 3362 4188 Carthusianis
3395 4134 3670 4203 hujatibus
3699 4145 3793 4184 me-

2224 4243 2344 4282 cum
2372 4227 2751 4281 communicati
2782 4235 2972 4281 auctor
2999 4241 3171 4282 annos
3197 4227 3544 4296 episcopatus
3571 4223 3790 4295 [lagonis

2223 4333 2330 4372 non
2353 4318 2420 4372 ab
2439 4319 2721 4384 electione,
2748 4328 2838 4372 aut
2865 4319 3294 4384 consecratione,
3319 4318 3414 4373 sed
3444 4317 3513 4371 ab
3537 4319 3679 4371 adita
3703 4313 3794 4382 epi-

2225 4417 2477 4477 scopatus
2505 4409 2842 4478 possessione
2866 4411 3163 4478 computari
3191 4410 3380 4464 solitos
3409 4407 3596 4474 fuisse,
3630 4406 3794 4475 linge-

552 4505 696 4574 quod
725 4509 952 4556 vocatur
987 4498 1199 4553 Guerus
1223 4507 1489 4550 mortuus.
1533 4496 1658 4550 bule
1690 4512 1900 4566 quoque
1929 4498 1998 4550 ab
2033 4511 2122 4568 eo-
2153 4498 2200 4556 D
2229 4512 2456 4566 nemque
2476 4513 2580 4551 non
2603 4507 2726 4552 ante
2759 4510 3042 4553 exeuntem
3085 4514 3284 4556 annum
3309 4497 3446 4551 1080
3469 4497 3795 4565 episcopatus

547 4596 667 4649 dem
693 4593 966 4648 clauditur
989 4602 1158 4656 usque
1179 4589 1242 4640 ad
1267 4589 1503 4642 (llus-am.
1532 4587 1586 4642 Si
1613 4603 1715 4655 qua
1747 4603 1872 4640 vero
1897 4600 2124 4656 persona

543 4692 735 4750 potens
777 4689 871 4734 aut
917 4681 1188 4748 impetens
1236 4677 1375 4731 hanc
1419 4677 1762 4730 donationem
1809 4675 2123 4745 infregerit,

545 4781 797 4838 tanquam
850 4765 1118 4839 sacrilegii
1168 4781 1254 4820 rea
1289 4766 1353 4819 ab
1383 4765 1779 4834 Omnipotentis
1829 4764 1920 4816 Dei
1953 4763 2126 4832 gratia

544 4870 600 4912 et
631 4859 866 4913 filelium
893 4855 1173 4913 consortio
1219 4865 1466 4922 separata
1499 4856 1847 4909 anathemate
1880 4869 2129 4906 maraua-

546 4948 636 5000 tha
665 4947 890 5001 feriatur
915 4949 1100 5000 a-terui
1135 4943 1276 5016 ignis
1302 4942 1574 5006 incendio,
1603 4943 1704 4996 nisi
1731 4943 1892 5010 digne
1917 4942 2126 4995 satisfe-

541 5039 722 5102 cerit,
773 5053 892 5092 cum
945 5036 1154 5092 Dathan
1207 5042 1265 5092 ei.
1313 5033 1516 5088 Abiron
1565 5043 1618 5086 οι
1665 5033 1800 5104 Iuda
1852 5033 2127 5102 proditore

545 5131 964 5186 concremanda.

616 5217 740 5271 505'.
787 5235 806 5268 ι
831 5216 1056 5274 Praefata
1081 5220 1296 5288 quidem
1340 5225 1504 5280 tcrra,
1531 5216 1614 5269 his
1655 5215 2126 5272 terminationibus

543 5307 819 5373 conclusa,
850 5323 880 5362 a
907 5309 1164 5375 magistro
1191 5310 1444 5363 Bru—nouc
1473 5317 1527 5359 et
1559 5306 1625 5360 ab
1656 5306 1759 5372 his,
1789 5305 1878 5374 qui
1909 5321 2029 5360 cum
2061 5320 2126 5360 eo

544 5408 722 5462 erant,
754 5397 1012 5452 fratribus
1035 5399 1198 5467 coepit
1229 5395 1520 5453 inhabitari
1548 5405 1604 5449 et
1628 5395 1867 5449 construi
1893 5410 2034 5448 anno
2058 5395 2125 5448 ab

545 5487 920 5540 incarnatione
951 5487 1157 5541 Domini
1193 5487 1360 5553 1081;
1393 5489 1740 5557 episcopatus
1771 5500 1898 5539 vero
1921 5484 2124 5537 domini

546 5576 828 5645 liugonis,
878 5569 1360 5648 Gratianopolitaui
1407 5575 1687 5648 episcopi,
1744 5586 1980 5644 quarm,
2034 5575 2124 5643 qui

467 5673 470 5676 '
545 5667 805 5722 videlicet
851 5668 1032 5724 laudat
1075 5681 1131 5726 et
1168 5673 1486 5726 corroborat
1536 5673 1637 5726 hoc
1686 5669 1886 5725 denum
1915 5709 1930 5733 ,
1982 5669 2122 5735 quod

545 5759 792 5847 ingerunt
815 5775 976 5834 supra
1004 5763 1216 5832 scriptae
1243 5778 1507 5834 ιιριεοιιτιι,
1537 5777 1656 5817 cum
1684 5759 1832 5818 onmi
1857 5768 2122 5816 conventu

2227 4586 2710 4655 Gratianopolitaui
2746 4589 3139 4656 possessionem
3169 4588 3386 4653 adiisse,
3419 4586 3704 4656 prarfatus,
3735 4585 3792 4635 ita

2228 4692 2370 4737 mox.
2393 4695 2498 4747 quo
2516 4688 2623 4732 tam
2647 4680 2767 4744 hoc,
2793 4696 2952 4748 quam
2979 4680 3351 4734 illndevictum
3372 4678 3794 4748 dat,subjungit:

2235 4785 2252 4816 ι
2284 4767 2608 4820 Asservatur
2641 4769 2690 4820 in
2724 4767 2938 4834 Majoris
2968 4769 3268 4822 Carthusiae
3300 4769 3568 4823 tabulario
3595 4765 3797 4821 donatio

2228 4871 2324 4925 per
2353 4855 2653 4924 Guigoncm
2692 4860 2943 4912 comitem
2975 4869 3028 4912 et
3057 4859 3294 4926 reginam
3324 4858 3638 4912 Mathildem
3668 4857 3794 4910 illius

2229 4963 2450 5000 uxorem
2486 4948 2668 5001 dumtli
2714 4949 3008 5002 Calcsiensi
3041 4949 3208 5013 facta,
3248 4964 3368 5016 qua:
3404 4949 3524 5002 data
3553 4958 3640 5004 est
3673 4959 3798 5000 anno

2229 5035 2618 5090 lnearnatiouis
2653 5037 2859 5089 Domini
2892 5037 3048 5101 1110,
3081 5037 3265 5092 xtlial.
3299 5036 3641 5103 Novembris,
3673 5047 3797 5088 anno

2229 5126 2570 5196 pontificatus
2611 5127 2810 5180 domini
2860 5127 3127 5196 llugonis,
3168 5130 3404 5198 episcopi
3450 5129 3800 5196 GratianOpo-

2229 5217 2380 5274 iitani
2411 5234 2540 5272 xxx.
2577 5217 2673 5272 ilic
2707 5233 2884 5273 annus
2921 5219 3268 5287 pontificatus
3303 5219 3547 5290 ilugouis
3591 5235 3698 5274 non
3727 5227 3802 5270 est

2228 5307 2508 5362 electionis
2575 5316 2667 5360 aut
2731 5309 3198 5375 consecrationis;
3269 5309 3402 5364 alias
3467 5312 3614 5364 enim
3669 5307 3799 5376 (cum

2227 5397 2472 5461 scilicet,
2509 5405 2568 5450 ut
2606 5396 2802 5450 iterum
2854 5411 2976 5452 mox
3019 5398 3246 5464 monui,
3294 5398 3450 5468 ilugo
3495 5412 3640 5452 anno
3680 5392 3801 5448 1079

2227 5487 2466 5550 electus,-
2486 5487 2721 5554 annique
2751 5487 2996 5556 proxime
3025 5488 3303 5556 sequentis
3336 5489 3492 5543 initio
3522 5499 3804 5544 consecra-

2229 5587 2312 5632 tus
2348 5577 2970 5647 sitGratianopoiitanus
2998 5579 3302 5649 episcopus)
3335 5579 3607 5634 notandus
3627 5576 3803 5630 fuisset

2229 5685 2356 5723 xxxr
2383 5679 2472 5722 aut
2500 5686 2671 5722 xxx".
2705 5671 2970 5725 Dicendus
2997 5680 3081 5724 est
3112 5670 3276 5740 igitur
3302 5686 3477 5724 annus
3504 5666 3803 5739 possessio-

2231 5762 2331 5824 nis,
2358 5776 2518 5834 quam
2547 5761 2784 5814 nomium
2814 5761 3006 5830 (illum)
3033 5761 3288 5829 adeptum
3317 5759 3483 5814 fuisse
3507 5773 3655 5812 anno
3685 5755 3804 5808 1080
