3814 6306
123 413 190 471 509
1523 400 1714 458 ACTA.
3133 407 3240 463 310

126 539 247 584 mense
280 519 462 578 Octobri
502 515 743 587 sequitur
783 531 850 573 ex
893 517 978 575 die
1025 517 1303 590 designata
1343 533 1397 572 ιι
1449 516 1568 570 Kal.
1601 529 1642 582 Α
1675 529 1860 586 grcsso
1885 556 1898 580 ,
1934 515 1986 569 in
2019 515 2476 574 Siccis—Fontanus
2511 519 2798 576 solitudine
2846 493 3014 576 vitam
3045 526 3241 578 eremi-

122 613 362 673 Novembris.
1672 608 1854 669 ticam,
1888 608 1964 661 uti
2002 607 2122 676 plus
2150 609 2321 664 semel
2342 625 2372 665 e
2401 609 2708 665 Mabillonio
2734 611 2848 680 jam
2879 612 3091 667 laudata
3127 630 3242 669 mo-

164 701 249 761 507.
285 701 445 756 tidem
474 698 772 754 necessario
807 697 1198 754 conficiendum
1242 705 1327 753 est
1372 711 1435 751 ex
1467 695 1572 749 alio
1675 694 1896 748 nasterii
1923 694 2282 753 Molismensis
2311 700 2504 754 charta
2546 699 2704 756 ﬁdem
2732 699 2882 767 facit,
2935 701 3243 772 aliquandiu

121 798 411 856 instrumento,
444 787 578 857 quod
617 797 764 842 extat
792 789 996 842 editum
1041 787 1117 840 De
1151 802 1250 840 usu
1294 786 1572 842 feodorum
1675 787 1905 851 duxere,
1953 787 2255 842 institutum
2294 805 2323 844 a
2359 789 2612 846 Brunone
2656 792 2779 846 vitae
2816 807 2984 860 genus
3031 795 3245 847 tandem

122 881 408 948 helphinatus,
459 875 608 943 cujus
667 875 877 928 initium
931 882 986 928 ei
1041 873 1164 928 ﬁnis
1213 874 1290 929 sic
1336 875 1570 927 habent:
1661 879 1838 932 etiam
1871 879 1986 933 sive
2034 879 2087 932 in
2117 879 2402 936 Carthusia
2445 883 2558 936 sive
2605 885 2658 938 in
2691 883 2940 940 Calabria
2970 898 3090 938 esse
3131 867 3246 936 ain-

125 991 136 1022 t
166 970 245 1039 Ego
272 965 396 1034 llugo
415 1004 428 1029 ,
458 963 980 1032 Gratianopolitanus
1019 963 1301 1031 episcopus
1325 1003 1340 1027 ,
1389 972 1576 1031 rogatu
1677 967 1886 1035 plexos,
1922 968 2172 1022 Historiae
2203 969 2478 1024 litterariae
2509 971 2750 1028 Francia:
2779 975 3072 1042 scriptores
3105 948 3244 1028 tom.

123 1058 463 1112 icanonicorum
493 1054 731 1108 concessi
760 1053 941 1108 abbati
971 1053 1164 1106 Bosoni
1201 1053 1372 1108 beatae
1401 1051 1579 1104 Mariae
1680 1059 1784 1125 IX,
1819 1075 1938 1128 pag,
1979 1060 2076 1113 241
2117 1077 2219 1114 non
2261 1062 2488 1116 obscure
2519 1063 2774 1118 indicant,
2819 1064 2892 1118 jbj
2939 1065 3084 1119 enim
3129 1065 3245 1132 ορί-

124 1170 134 1201 ι
163 1144 452 1207 Crudatensis,
473 1153 524 1197 et
550 1143 952 1197 successoribus
971 1142 1081 1197 suis
1107 1151 1218 1196 tres
1234 1141 1576 1196 ecclesias...
1683 1151 1797 1203 nari
1823 1166 1962 1211 sese,
1992 1151 2360 1216 manifestam,
2386 1152 2601 1208 Petrum
2629 1153 2841 1223 quidem
2871 1169 2900 1207 a
2930 1155 3107 1218 Petro,
3132 1156 3246 1225 qui,

123 1261 134 1289 ι
160 1239 277 1292 Facta
304 1245 374 1290 est
402 1236 508 1288 lucc
539 1235 758 1288 donatio
789 1233 856 1289 de
893 1234 1064 1287 tribus
1095 1233 1367 1302 praedictis
1405 1233 1580 1286 cccle-

1740 1241 1929 1293 iamvis
1957 1239 2212 1295 Bcthuna—a
2243 1250 2401 1295 natus
2423 1253 2584 1305 esset,
2612 1259 2639 1295 a
2669 1245 2920 1298 diuturna
2954 1255 3129 1298 tamen
3155 1262 3249 1300 sua

124 1329 294 1381 σεῦε...
334 1340 380 1379 tv
421 1324 598 1378 Nonas
647 1323 963 1376 Novembris
1009 1339 1150 1377 anno
1194 1321 1586 1378 lncarnationis

1795 1332 2022 1387 Francia
2071 1335 2500 1389 connuuratione
2554 1335 2795 1390 Francus
2845 1339 3252 1408 cognominatus

123 1438 135 1470 ι
162 1416 315 1471 Domini
355 1415 505 1479 Πίον
533 1429 680 1468 almo
718 1413 1064 1484 POllliﬁcalﬂS
1099 1412 1302 1476 domini
1350 1411 1589 1480 Πιιῑζυιιίθ
1689 1423 1806 1487 fuit,
1839 1423 2210 1491 secundusque
2233 1438 2263 1475 a
2289 1421 2344 1476 S.
2371 1424 2618 1477 Brunone
2648 1425 2754 1494 (adi
2781 1424 3052 1479 Labbemn
3079 1436 3207 1480 tom.
3235 1427 3252 1478 Ι

124 1509 340 1578 «episcopi
377 1523 495 1562 xxx.
527 1527 547 1559 ι
586 1507 727 1576 Ergo
765 1508 990 1560 necdum
1036 1506 1403 1574 episcopatum
1439 1502 1590 1572 llugo

1740 1511 2034 1564 ibliotheca:
2059 1527 2208 1565 novre
2231 1513 2488 1566 librorum
2516 1529 2642 1567 mss.
2669 1529 2786 1584 pag.
2815 1515 2939 1585 659)
2961 1514 3256 1570 Carthusia:

119 1601 248 1654 inierat
263 1599 346 1653 sub
368 1599 570 1652 initium
594 1597 910 1652 Novembris
930 1597 1054 1650 anni
1081 1611 1220 1664 saepe
1243 1595 1370 1650 dicti
1396 1593 1584 1647 lOSDJ
1693 1602 1840 1669 prior
1869 1602 2098 1670 “sum,
2145 1601 2489 1656 Lanjberuﬂn
2521 1612 2698 1658 autem
2739 1620 2768 1658 a
2806 1603 3089 1658 Lambeno
3115 1646 3130 1670 ’
3167 1606 3257 1672 qui

120 1691 170 1744 Ad
195 1692 277 1746 haec
305 1699 388 1756 ut,
423 1691 560 1760 quod
593 1689 684 1743 hic
720 1689 951 1742 instituti
999 1688 1102 1742 mei
1134 1687 1274 1741 ratio
1313 1684 1589 1756 postulat,

1740 1691 1989 1744 arthusize
2031 1691 2328 1746 Calabrinre
2371 1692 2519 1760 prior
2557 1707 2650 1745 seu
2702 1694 2956 1761 magister
2999 1693 3276 1761 religiosis-

120 1780 342 1850 adjungam,
369 1796 482 1834 cum
512 1778 748 1848 llugoni,
780 1787 967 1846 utpote
996 1792 1061 1830 ex
1098 1775 1256 1829 dictis
1286 1790 1430 1828 anno
1456 1772 1594 1827 1079
1697 1778 1855 1848 hujus
1898 1779 2088 1834 incolis
2130 1781 2361 1848 Optimos
2401 1779 2546 1850 leges
2583 1781 2947 1849 praescripsit,
2991 1780 3260 1834 diversum

121 1870 250 1932 ειεαο.
275 1870 570 1938 ineunleque
600 1881 744 1920 anno
774 1865 912 1920 ’1080
951 1873 1269 1918 Consecralo
1304 1862 1593 1918 Gt‘aliallo-
1628 1861 1669 1915 Β
1697 1884 1801 1922 non
1830 1885 1968 1924 esse.
2004 1870 2068 1924 Et
2092 1886 2239 1938 vero,
2267 1886 2390 1924 cum
2425 1870 2581 1925 facile
2608 1871 2806 1926 factum
2839 1886 2958 1926 esse
2979 1881 3171 1940 queat,
3205 1879 3265 1924 ut

123 1964 284 2030 ωίίιεῐιο
313 1975 548 2030 εριεεορο
570 2001 584 2025 ι
631 1974 774 2013 anno
807 1956 942 2012 ΗΠ)
984 1957 1050 2011 ad
1089 1971 1140 2011 ιν
1179 1955 1359 2010 Nonas
1389 1967 1484 2008 seu
1530 1952 1597 2004 ad
1698 1959 1890 2014 Petrus
1917 1969 1971 2014 et
2000 1959 2316 2014 Lambertns
2338 2001 2353 2028 ,
2387 1959 2476 2028 qui
2507 1959 2654 2029 prius
2683 1959 2983 2014 Brunonem
3010 1975 3040 2014 e
3071 1959 3266 2016 Sicca:-

123 2053 329 2105 secundam
355 2050 668 2105 Novembris
699 2049 838 2103 diem
865 2046 977 2115 jam
1007 2055 1260 2116 proveCIo
1280 2087 1294 2108 ,
1327 2059 1502 2097 annus
1531 2042 1597 2095 ab
1701 2049 1956 2105 Fontanae.
1984 2049 2271 2106 solitudine
2307 2049 2727 2118 Gratianopolim
2763 2047 3075 2115 abeuntem,
3115 2050 3266 2117 sequi

123 2143 312 2197 electione
337 2141 851 2209 censecrationeque
879 2153 986 2194 non
1019 2137 1346 2208 trigesimus,
1378 2136 1472 2190 sed
1505 2136 1600 2188 tri-

1741 2150 2012 2216 oluerant,
2052 2147 2334 2203 consilium
2362 2157 2577 2215 postea,
2615 2161 2738 2200 cum
2770 2145 2836 2200 de
2871 2144 2976 2199 lixa
3005 2159 3034 2198 a
3070 2133 3268 2199 Sancto

121 2233 282 2300 gesimus
307 2233 498 2301 primus
539 2229 793 2294 ﬂuxerit,
829 2235 885 2284 et
921 2237 1100 2282 tamen
1144 2227 1598 2289 instrumentum,

1741 2257 1756 2292 ι
1789 2239 2073 2294 Carthusia
2105 2238 2233 2293 sede
2278 2236 2695 2302 inaudivisscnt,
2730 2235 2988 2289 mutarint
3025 2242 3188 2302 atque
3216 2235 3270 2286 in

119 2324 219 2391 cujus
241 2325 311 2379 hic
337 2325 539 2380 initium
577 2337 636 2379 et
665 2323 824 2379 linem
853 2323 1140 2378 Tractatus
1163 2321 1229 2376 de
1265 2320 1324 2375 S.
1355 2320 1603 2374 Brunone

1743 2332 1978 2384 orridam
2010 2331 2149 2384 hanc
2182 2343 2456 2390 eremnm,
2488 2326 2692 2382 Sancto
2723 2315 3022 2391 annuente,
3052 2337 3282 2379 concess

122 2425 247 2469 fillClOI'
267 2430 542 2486 anonymus
565 2414 808 2478 exhibet,
837 2427 978 2467 anno
1001 2412 1342 2482 episcopatus
1367 2408 1606 2478 llugouis
1704 2421 1894 2484 script,
1933 2419 2104 2488 reipsa
2220 2416 2412 2472 fecisse
2440 2415 2578 2481 illos,
2608 2414 2922 2483 neutiquam
2951 2426 3080 2466 νει-ο
3109 2425 3271 2480 appa-

123 2506 319 2574 trigesimo
347 2508 524 2562 datum
559 2514 799 2571 notetur,
827 2519 1165 2573 consequens
1193 2514 1296 2569 est,
1327 2513 1387 2556 ut
1415 2511 1522 2555 tam
1550 2501 1603 2554 in

1740 2523 1788 2565 et
1833 2510 2116 2576 absimile,
2156 2509 2281 2564 licet
2329 2506 2545 2562 interim
2589 2505 2934 2560 Lambertum
2961 2545 2975 2570 ,
3020 2501 3113 2572 qui
3155 2516 3274 2556 cum

121 2594 200 2659 hoc,
223 2611 352 2662 quam
383 2597 431 2650 in
460 2597 658 2659 altero,
687 2611 794 2665 quo
815 2595 988 2663 Guigo
1011 2609 1196 2650 comes
1220 2593 1442 2662 ejusque
1473 2606 1607 2645 uxor

1740 2607 1910 2656 iltllClo
1950 2603 2001 2653 in
2043 2598 2504 2654 Siccae-Fontanac
2551 2595 2840 2650 solitudine
2874 2601 3116 2649 versatus
3154 2601 3236 2645 est
3260 2630 3274 2654 ,

122 2680 314 2738 llatliildis
345 2687 516 2740 domui
551 2684 848 2740 Calesiensi
897 2683 1166 2738 benefecit
1189 2723 1204 2746 ,
1237 2682 1361 2736 anni
1403 2680 1609 2750 episco-

1743 2693 1956 2746 mndem
1975 2706 2095 2746 cum
2117 2689 2427 2754 Lamberto,
2452 2686 2747 2742 Carthusia:
2766 2685 3062 2739 Calabriam
3077 2681 3276 2752 priore,

121 2784 226 2840 palus
255 2775 503 2847 llugonis,
536 2776 1027 2845 Gratianopolitani
1065 2775 1320 2830 antistitis
1343 2817 1360 2841 ,
1394 2789 1498 2828 non
1543 2773 1609 2828 ab
1712 2794 2020 2836 asseverare
2050 2796 2154 2834 non
2187 2779 2379 2834 ausim.

121 2865 308 2922 electione
330 2869 834 2932 eonsecrationeve,
865 2867 960 2922 sed
989 2867 1057 2920 ab
1087 2867 1229 2920 adita
1272 2875 1393 2934 post
1421 2878 1611 2919 conse—
1783 2869 1908 2924 509.
1958 2869 2056 2922 Ast
2106 2881 2423 2938 quocunque
2470 2867 2629 2921 modo
2677 2880 2762 2919 res
2809 2865 3042 2927 haheat,
3111 2859 3282 2914 fuiSSc

119 2959 336 3012 oralionem
365 2960 506 3014 sedis
538 2959 685 3013 illius
720 2958 1061 3026 possessione
1091 2963 1458 3010 numerentur.
1494 2953 1609 3008 Jam
1711 2962 1982 3032 equidem,
2015 2961 2140 3014 dmn
2169 2959 2399 3014 Sanctus
2421 2973 2450 3012 e
2478 2957 2778 3013 Carthasim
2807 2969 2988 3009 eremo
3015 2951 3278 3018 discessit,

122 3058 221 3110 vero,
242 3063 345 3100 cum
380 3064 464 3103 res
487 3050 561 3103 ita
595 3047 817 3112 habeat,
849 3047 921 3100 uti
951 3046 1199 3100 laudatus
1225 3044 1612 3100 Carthusianus

1740 3052 2005 3122 liscipulos
2034 3051 2152 3121 ejus
2181 3065 2404 3104 numero
2435 3050 2642 3118 plures,
2694 3061 2855 3115 quam
2899 3060 3020 3099 cum
3052 3043 3282 3114 primttm

119 3149 344 3205 annnymus
370 3154 528 3208 supra
561 3137 830 3198 aﬂirmat,
863 3150 1141 3206 annosque
1168 3135 1302 3189 adeo
1333 3134 1612 3203 episc0pa-

1740 3161 1856 3201 iane
1899 3145 2242 3198 solitudinem
2285 3142 2674 3210 ingrederetur,
2716 3137 2943 3192 suadent
2972 3136 3108 3190 mihi.
3147 3134 3285 3188 binae

121 3231 174 3275 tus
200 3224 402 3295 Hugouis
431 3244 538 3283 non
582 3227 655 3282 ab
682 3227 941 3282 electione
971 3226 1478 3288 consecrationeve,
1519 3225 1612 3278 sed

1899 3189 2242 3198 --..-..-...--..
2286 3189 2674 3210 ---οηηηηη
2974 3189 2996 3190 κν

1740 3240 1918 3293 :bartm
1941 3278 1954 3300 ,
1989 3236 2126 3290 infra
2161 3237 2382 3301 integrae
2425 3234 2530 3288 huc
2566 3229 2986 3286 transcribendze
3011 3267 3025 3291 ,
3060 3240 3286 3296 quarum

119 3311 162 3365 ab
175 3318 284 3371 adita
302 3319 524 3388 primum
549 3317 894 3390 possessione
908 3316 1206 3386 computari
1229 3316 1414 3370 solitos
1431 3315 1613 3379 fuisse,

120 3406 271 3462 veritati
294 3424 585 3464 consonum
614 3416 893 3478 appareat,
923 3424 1028 3461 non
1057 3415 1140 3460 est
1159 3421 1309 3470 sane,
1336 3420 1433 3460 cur
1457 3419 1616 3472 supra

122 3491 191 3548 huc
213 3499 508 3569 transcripta
537 3499 847 3552 donationis
877 3496 1176 3552 Carthusia:
1203 3495 1389 3548 charta
1420 3493 1622 3548 erroris

121 3583 154 3634 in
172 3588 280 3640 notis
298 3589 564 3642 chronicis
591 3595 842 3656 suspecta
867 3587 1148 3648 habeatur,
1180 3594 1530 3638 accuseturve
1555 3598 1623 3636 ex

120 3687 174 3739 eo,
197 3678 311 3744 quod
349 3679 658 3734 Carthusia
689 3691 928 3732 ercmum
967 3693 1108 3730 anno
1145 3677 1484 3746 episcopatus
1515 3673 1626 3727 Hu-

44 3821 46 3824 .
121 3765 227 3828 genis
257 3766 738 3837 Gratianopolitani
781 3766 1042 3820 antistitis
1091 3773 1284 3833 quarto
1323 3779 1352 3817 a
1389 3765 1456 3830 Δ5.
1493 3762 1629 3816 Bru-

121 3864 221 3908 none
242 3854 446 3926 ejusque
477 3859 646 3913 sociis
673 3857 960 3911 inhabitari
987 3865 1216 3925 emptam
1239 3857 1458 3925 prodat;
1487 3853 1628 3921 quod

44 3973 46 3978 -
121 3956 163 3993 ex
185 3961 313 4016 supra
338 3951 496 4006 dictis
519 3966 716 4006 verum
740 3964 860 4004 esse
891 3965 994 4003 non
1021 3957 1217 4018 potest,
1247 3949 1349 4002 nisi
1384 3947 1630 4001 instituto

121 4045 309 4104 computo
341 4055 371 4095 a
403 4049 686 4111 tempore,
720 4054 827 4108 quo
857 4038 1011 4108 llugo
1040 4038 1381 4108 episcopatus
1415 4051 1631 4106 posses-

44 4123 46 4172 ἰ
123 4125 270 4183 εἱοηειιι
296 4131 425 4185 iniit.

124 4255 143 4324 ἒ
171 4259 300 4332 XXX.
339 4265 593 4326 Sanctus.
625 4282 656 4318 α
685 4279 886 4318 suntme
915 4263 1152 4332 pontiﬁce
1179 4262 1476 4326 arcessitus,
1503 4258 1636 4314 Car-

44 4345 46 4405 ς
167 4331 374 4400 theriam,
407 4337 506 4389 rite
526 4337 648 4405 jam
673 4335 992 4398 ordinatam,
1016 4331 1402 4405 incolarumque
1425 4345 1637 4383 numero

168 4415 358 4478 (tactum,
381 4402 626 4478 deserere
646 4405 891 4478 cogit_ur_:
914 4403 1248 4478 quandonam
1271 4402 1346 4466 id,
1371 4411 1416 4454 et
1445 4409 1638 4470 quanto

168 4472 507 4539 discipulorum
542 4474 811 4527 Brunonis
845 4472 988 4526 luctu
1022 4472 1240 4540 factum.

168 4600 263 4659 508.
293 4606 534 4674 Quatuor
562 4616 657 4661 aut
680 4608 938 4677 quinque,
957 4615 1049 4660 aut
1069 4607 1229 4661 etiam
1247 4605 1588 4674 paucioribus
1607 4622 1635 4661 a

126 4685 255 4747 Sancti
278 4696 498 4768 ejusque
526 4699 802 4754 sociorum
833 4697 884 4750 in
909 4697 1248 4751 Carthusiam
1270 4696 1506 4766 ingressu
1529 4696 1640 4750 ela-

125 4783 385 4856 PSisannis,
419 4806 486 4846 eo
525 4789 646 4859 jam
681 4789 806 4842 inde
834 4788 1024 4853 modo,
1059 4787 1150 4857 qui
1196 4787 1318 4841 vita:
1352 4787 1644 4842 eremitica:

128 4875 304 4930 maxime
329 4879 612 4949 congruit,
645 4877 744 4932 rite
768 4876 970 4940 omnia,
999 4886 1107 4931 tmn
1136 4885 1395 4945 quantum
1426 4877 1489 4929 ad
1519 4875 1644 4930 reli-

129 4961 334 5028 giosomm
355 4972 527 5025 eremi
563 4969 860 5024 incolarum
889 4968 1212 5032 habitacula,
1247 4977 1357 5022 tum
1383 4975 1644 5036 quantum

128 5054 170 5105 ad
197 5057 380 5114 vivendi
425 5075 681 5115 normam
707 5100 722 5121 ,
767 5059 932 5114 fuisse
977 5060 1224 5113 ordinata
1245 5099 1260 5122 ,
1292 5057 1644 5112 dubitandum

129 5155 200 5197 non
237 5162 442 5220 apparet
472 5194 489 5219 ,
547 5152 626 5204 uti
677 5151 840 5205 etiam
889 5148 1146 5204 Sanctum
1197 5149 1420 5219 ejusque
1459 5145 1649 5202 ’socios

129 5244 329 5306 sItz'iceptze
348 5241 472 5294 vitae
499 5240 822 5294 austeritate
840 5237 990 5305 juxta
1021 5252 1085 5292 ac
1107 5238 1463 5292 sanctimonia
1496 5237 1650 5306 longe

131 5314 288 5392 lateque
315 5328 670 5383 inclaruisse.
701 5328 875 5396 Atque
913 5327 1036 5381 hinc
1077 5327 1276 5381 factum
1321 5343 1463 5394 reor,
1498 5338 1554 5382 ut
1597 5338 1650 5381 et

131 5419 310 5473 nonnulli
339 5422 426 5476 alii
459 5422 530 5474 ad
565 5419 824 5475 incultam
854 5427 1012 5473 antea
1049 5433 1114 5474 ac
1143 5434 1281 5488 pene
1314 5421 1648 5474 inaccessam

132 5512 312 5562 eranum
345 5511 636 5572 venerint,
680 5518 842 5579 atque
873 5509 925 5562 in
965 5508 1334 5573 celeberrimi,
1375 5509 1464 5578 qui
1515 5511 1652 5564 hanc

132 5594 472 5666 moderabatur,
525 5599 641 5654 Viri
678 5598 1058 5669 discipulorum
1096 5613 1376 5652 numerum
1411 5600 1651 5667 cooptari

136 5687 410 5745 justtilarint.
443 5693 526 5745 Ac
569 5691 746 5759 primo
781 5690 1027 5759 quidem,
1061 5689 1276 5744 Petrum
1313 5699 1364 5743 ct
1401 5689 1654 5744 Lamber—

137 5778 229 5840 tum,
252 5784 330 5850 qui
358 5802 460 5839 una
500 5799 632 5838 cum
666 5783 895 5848 Sancto,
931 5780 1270 5837 Cartlutsiam
1306 5781 1535 5836 nondum
1573 5781 1652 5836 in—

1719 3331 1887 3386 altera
1918 3331 2201 3401 Rogerius,
2233 3326 2490 3380 Calabriae
2513 3334 2567 3380 et
2597 3323 2796 3378 Sicilia:
2819 3333 3022 3385 comes,
3051 3332 3288 3372 ercmum

1720 3420 2061 3476 Calabrinam
2092 3418 2149 3473 S.
2184 3417 2420 3472 Brunoni
2460 3414 2684 3484 ejusque
2709 3414 2874 3468 sociis
2911 3401 3094 3473 donat,
3124 3408 3290 3462 altera

1723 3511 2063 3567 donationem
2098 3511 2237 3564 hanc
2266 3508 2527 3578 Rogerius
2571 3505 2775 3576 Apuliae
2797 3545 2811 3570 ,
2843 3502 3107 3558 Calabria:
3152 3501 3292 3556 Sici—

1725 3606 1914 3675 li:cque
1955 3607 2060 3658 dux
2089 3645 2102 3668 ,
2149 3601 2299 3668 cujus
2341 3600 2601 3670 liogerius
2649 3612 2831 3652 cernes
2874 3605 3097 3664 patruus
3135 3605 3252 3648 erat
3279 3636 3291 3658 ,

1727 3699 2030 3752 conﬁrmat.
2060 3696 2113 3748 lu
2143 3694 2306 3763 priori
2339 3693 2482 3747 enim
2511 3705 2692 3746 comes
2725 3691 2797 3743 ita
2831 3688 3106 3757 loquitur:
3142 3705 3160 3738 ‹
3192 3687 3294 3739 Rn-

1729 3790 1909 3858 gerius
1931 3788 2024 3842 Dei
2052 3787 2224 3856 gratia
2253 3799 2441 3839 omnes
2468 3783 2730 3838 Calabria:
2751 3791 2806 3837 et
2828 3781 3024 3837 Sicilia:
3047 3781 3298 3835 omnibus

1733 3881 1978 3935 ﬁdelibus
2019 3880 2130 3934 suis
2159 3888 2212 3934 et
2235 3877 2484 3933 Ecclesia:
2532 3877 2623 3930 Dei
2658 3875 2780 3929 liliis
2809 3883 2915 3928 tam
2948 3873 3299 3944 prmsentihns

1733 3987 1891 4040 quam
1925 3971 2116 4024 futuris
2139 3969 2385 4023 salutem.
2414 3967 2605 4022 Notum
2631 3983 2751 4023 esse
2777 3966 3024 4021 volumus
3051 3965 3300 4018 fraterni-

1735 4063 1830 4118 tati
1863 4069 2074 4126 vestrae,
2107 4077 2202 4130 per
2233 4061 2322 4115 Dei
2357 4059 2775 4114 misericordiam
2803 4075 2830 4110 a
2863 4057 3154 4112 Galliarum
3181 4071 3301 4124 par-

1737 4155 1877 4209 tibus
1901 4155 1965 4207 ad
1996 4155 2264 4223 regionem
2305 4153 2460 4207 istam
2490 4151 2751 4207 Calabria:
2779 4158 2977 4204 sanctae
3008 4146 3302 4216 religionis,

1737 4245 1882 4297 viros
1920 4241 2222 4296 Brunonem
2255 4241 2500 4295 videlicet
2545 4249 2598 4292 et
2633 4239 2931 4293 Lanvinnm
2974 4252 3094 4290 cum
3145 4236 3306 4289 sociis

1739 4350 1926 4390 eorum
1955 4335 2283 4404 pervenisse,
2315 4342 2418 4386 etc.
2453 4351 2470 4382 ι
2502 4331 2557 4384 1η
2583 4329 2862 4399 posteriori
2890 4341 3016 4380 vero
3045 4325 3307 4394 Rogerius

1742 4427 1848 4480 dux
1878 4425 2020 4478 hunc
2047 4423 2189 4476 l’alur
2233 4424 2284 4476 in
2316 4409 2530 4474 modum
2565 4439 2577 4474 :
2612 4440 2629 4470 ι
2662 4417 2921 4487 liogeritts
2951 4414 3175 4486 Apuliae,
3208 4415 3310 4470 Ca-

1673 4520 1718 4578 D
1746 4516 1961 4581 labriac,
1995 4515 2191 4568 Sicilia:
2239 4513 2327 4567 Dei
2369 4513 2537 4582 gratia
2581 4511 2726 4578 (lux‘,
2774 4511 3024 4566 omnibus
3069 4510 3312 4565 fidelibus

1741 4607 2060 4663 Christianis
2082 4605 2435 4675 praesentibus
2451 4613 2505 4658 et
2527 4603 2720 4657 futuris
2745 4604 2796 4657 in
2814 4602 3039 4657 Domino
3062 4603 3310 4658 salutem.

1742 4694 1939 4751 Notum
1976 4709 2096 4749 esse
2130 4693 2376 4748 volumus
2408 4692 2734 4746 fraternitati
2772 4701 2966 4746 vestrae
3003 4691 3069 4745 de
3105 4691 3313 4745 duobus

1742 4788 1894 4852 viris,
1929 4788 2176 4841 Brunone
2204 4786 2410 4840 scilicet
2445 4794 2500 4839 et
2525 4784 2793 4849 Lanvino,
2826 4784 2916 4852 qui
2950 4793 3151 4838 sanctae
3185 4783 3314 4836 reli—

1745 4879 1918 4950 gienis
1949 4877 2126 4932 studio
2153 4877 2363 4931 accensi
2392 4892 2513 4930 cum
2537 4877 2697 4931 sociis
2719 4877 2831 4929 suis
2858 4876 2908 4929 in
2937 4885 3132 4930 terram
3158 4875 3316 4931 Cala-

1747 4969 1878 5023 briae
1913 4985 1942 5022 a
1972 4967 2263 5022 Galliarum
2297 4969 2568 5036 partibus,
2613 4968 2930 5036 disponente
2973 4968 3114 5032 Deo,
3158 4982 3315 5020 vene-

1750 5068 1895 5124 runt,
1928 5068 2032 5114 etc.
2061 5077 2079 5109 ›
2116 5057 2348 5112 Sanctus
2381 5073 2528 5126 ergo,
2563 5072 2682 5111 eum
2723 5057 2775 5111 in
2807 5057 3142 5120 Calabriam,
3176 5055 3316 5124 quod

1749 5165 1814 5204 ex
1847 5151 2084 5204 dicendis
2123 5165 2226 5203 non
2267 5149 2355 5202 diu
2391 5149 2678 5202 admodum
2719 5147 2786 5202 ab
2816 5145 2931 5213 ejus
2965 5161 2994 5200 e
3035 5145 3317 5199 Carthusia

1750 5255 1968 5311 egressu
2001 5242 2220 5302 factum,
2251 5239 2316 5292 ad
2353 5240 2604 5293 comitem
2634 5238 2923 5308 Rogerium
2949 5237 3115 5300 venit,
3146 5235 3320 5286 socios

1752 5332 1852 5386 sibi
1899 5333 2138 5400 aliquot,
2185 5347 2216 5386 e
2259 5330 2428 5386 Gallia
2470 5330 2748 5400 appulsos,
2794 5344 3020 5398 quorum
3070 5328 3122 5379 in
3174 5325 3321 5378 hisce

1753 5423 1957 5476 chartis
1993 5422 2191 5475 mentio
2233 5421 2320 5487 fit,
2358 5420 2590 5474 habebat
2623 5420 2932 5488 adjunctos;
2963 5431 3158 5485 quare,
3199 5431 3320 5467 cum

1753 5529 1890 5568 unus
1921 5512 2106 5566 saltem
2136 5527 2200 5565 ex
2233 5512 2338 5576 his,
2369 5511 2638 5564 Lanvinus
2665 5509 2946 5574 videlicet,
2981 5509 3048 5560 ab
3074 5507 3322 5561 omnibus

1755 5621 1842 5660 sex
1869 5604 2048 5658 Sancti
2077 5603 2568 5668 sor-iis,Carthusi:n
2591 5616 2830 5655 ercmum
2857 5616 2979 5652 cum
3003 5614 3067 5655 co
3094 5601 3322 5668 primum

1759 5695 2044 5763 ingressis,
2099 5694 2168 5746 sit
2218 5694 2495 5752 diversus,
2547 5691 2940 5744 consectarium
2998 5689 3093 5757 ﬁt,
3141 5690 3323 5742 Sani-ti

1757 5783 2077 5854 discipulos,
2112 5785 2235 5836 dum
2279 5782 2363 5838 hic
2394 5799 2421 5836 e
2467 5781 2762 5835 Carthusia:
2799 5796 2980 5834 eremo
3019 5779 3324 5851 pontiliccut
