3846 6316
593 401 692 458 3H

1407 404 1464 459 S.
1507 405 1850 466 BBUNONIS
1881 409 2516 470 CARTIIUSIANOBUM
2541 416 3019 476 lNSTl'l‘U'l'OlllS
3688 439 3768 493 διε

597 511 842 566 aditurus
863 511 1179 580 discederet,
1205 529 1430 572 numero
1444 516 1624 586 plures
1647 519 1830 590 fuisse,
1855 537 2014 590 quam
2039 539 2160 578 cum
2189 529 2236 586 Α
2266 539 2385 581 sese
2428 529 2720 596 conferret,
2756 533 3100 590 severissime
3133 536 3200 591 ab
3233 535 3444 594 Urbano
3465 541 3504 596 ll
3547 560 3682 614 papa,
3720 554 3769 604 ad

597 599 938 656 solitudinem
982 617 1101 658 eam
1140 605 1374 672 primum
1420 607 1819 676 ingrederetur;
1867 610 2164 669 Lanviuum

595 697 796 755 autem,
826 690 878 743 in
908 691 1047 745 binis
1073 691 1303 748 laudatis
1325 695 1530 750 chartis
1556 706 1931 768 memoratum,
1957 702 2024 756 ab
2049 718 2166 756 om-

599 779 760 835 nibus
787 795 882 836 sex
915 782 1074 838 dictis
1103 783 1285 839 Sancti
1316 788 1504 855 sociis,
1542 803 1635 845 seu
1665 791 1868 860 potius,
1903 795 2044 862 quod
2078 794 2165 850 hic

594 873 933 940 potissimum
955 874 1173 929 dubium
1199 891 1306 930 non
1337 880 1536 933 nemini
1567 882 1728 936 videri
1757 894 1936 952 queat,
1971 899 1998 937 a
2023 884 2165 938 Lan-

597 962 761 1018 duino
788 979 909 1019 esse
939 965 1242 1032 diversum,
1274 969 1353 1022 sic
1382 972 1606 1024 ostendo
1641 989 1654 1025 :
1687 972 1950 1040 Sanctus,
1986 976 2060 1028 uti
2097 991 2164 1030 ex

511 1071 515 1074 '
593 1052 834 1110 dicendis
872 1064 1140 1124 patescet,
1175 1073 1278 1112 non
1310 1059 1458 1128 prius
1490 1077 1609 1115 cum
1648 1061 1889 1117 Lanvino
1918 1066 1968 1119 in
2012 1065 2164 1120 Cala-

591 1141 804 1198 brinam
833 1160 1075 1200 eremum
1105 1149 1346 1216 secessit,
1377 1149 1645 1222 dictisque
1673 1153 1812 1210 binis
1835 1155 2037 1211 chartis
2061 1155 2161 1211 sibi

597 1231 747 1286 illam
790 1234 976 1290 donari
1018 1251 1082 1290 ac
1117 1239 1421 1293 confirmari
1462 1241 1807 1311 impetravit,
1845 1259 2006 1314 quam
2040 1261 2161 1301 cum

595 1319 939 1377 Carthusiam
983 1325 1270 1394 majorem,
1303 1343 1464 1396 quam
1502 1330 1888 1398 deseruerant,
1925 1332 2162 1388 Landui-

594 1422 698 1463 nus
727 1425 830 1464 una
859 1425 980 1466 cum
1011 1412 1309 1483 discipulis,
1342 1431 1437 1472 seu
1470 1416 1876 1488 Cartlmsianus,
1909 1423 2105 1492 quibus
2131 1439 2162 1478 a

595 1497 654 1552 S.
681 1497 930 1555 Bruuone
951 1499 1125 1556 fuerat
1147 1505 1458 1575 praefectus,
1485 1510 1810 1579 repetiisset,
1834 1524 1894 1567 ut
1914 1515 2160 1584 proinde,

590 1588 735 1644 hunc
761 1590 830 1644 ab
856 1590 945 1646 illo
969 1593 1241 1649 diversum
1271 1609 1411 1664 esse,
1444 1599 1514 1654 sit
1545 1615 1848 1657 necessum.

659 1678 786 1733 510.
813 1681 893 1736 Ad
923 1683 1038 1738 haec
1080 1683 1376 1754 Lanvinus,
1405 1689 1496 1758 qui
1527 1705 1648 1746 cum
1686 1691 1886 1751 Sancto
1928 1695 1983 1751 in
2003 1696 2150 1754 Cala-

589 1769 805 1824 brinam
850 1787 1092 1829 eremum
1140 1778 1383 1845 secessit,
1429 1779 1480 1834 in
1531 1780 1882 1853 Normannia,
1920 1787 2162 1844 Franciae

586 1863 885 1930 provincia,
907 1865 1218 1922 Landuinus
1235 1884 1382 1936 vero,
1409 1871 1524 1941 qui,
1541 1884 1792 1932 monente
1815 1878 2162 1948 S.Brunone,
2193 1853 2238 1910 Β

587 1952 932 2010 Carthusiam
972 1956 1230 2026 Majorem
1271 1964 1502 2032 repetiit,
1543 1966 1595 2019 in
1626 1966 1821 2024 Tuscia
1845 1980 2001 2028 natus
2025 1983 2163 2030 erat.

588 2041 834 2110 Accedit,
887 2044 1228 2102 Landuiuum
1279 2047 1512 2107 Tuscum
1563 2069 1707 2110 anno
1762 2058 1920 2126 1-100,
1967 2077 2088 2117 cum
2133 2078 2166 2120 e

589 2129 882 2186 Carthusia
933 2133 1142 2204 Majori,
1178 2137 1264 2191 cui
1288 2140 1436 2208 prior
1474 2154 1724 2210 praeerat,
1754 2146 2057 2204 Brunonem
2110 2151 2164 2206 in

593 2223 899 2280 Calabriam
946 2228 1183 2282 venisset
1230 2230 1483 2298 invisum,
1526 2235 1668 2290 diem
1714 2248 2014 2295 extremum
2056 2242 2165 2312 (adi

596 2317 873 2374 Labbeum
924 2329 1054 2376 tom.
1102 2321 1502 2380 lBibliotbeeae
1545 2343 1697 2382 novae
1739 2329 1997 2385 librorum
2029 2349 2164 2390 mss.

591 2423 716 2478 pag.
746 2409 871 2480 659)
906 2410 1193 2478 clausisse;
1241 2412 1545 2470 Lanvinum
1591 2426 1769 2473 autem
1800 2419 1860 2475 S.
1901 2420 2164 2492 Brunoni,

589 2499 681 2568 qui
716 2515 855 2556 anno
875 2517 940 2558 ex
969 2505 1210 2562 dicendis
1233 2508 1362 2563 “Ol
1392 2510 1546 2576 obiit,
1571 2511 1769 2569 vixisse
1797 2519 2161 2586 superstitem,

591 2591 753 2662 eique
799 2593 854 2648 in
903 2593 1208 2654 Cartbusia:
1250 2600 1550 2658 Calabrinaa
1582 2605 1958 2675 praefecturam
1998 2610 2164 2667 fuisse

590 2682 895 2750 suffectum,
931 2689 1008 2743 uti
1033 2691 1218 2746 videre
1247 2692 1374 2748 licet
1414 2696 1554 2765 apud
1584 2695 1950 2756 Mabillonium
1977 2704 2160 2758 Anna-

588 2774 720 2830 lium
765 2775 1237 2838 Beuedictinorum
1274 2784 1366 2840 lib.
1397 2802 1524 2852 Lxx,
1565 2805 1712 2844 num.
1748 2792 1836 2848 50.
1861 2794 2161 2852 Lanvinum

590 2868 792 2938 itaque,
823 2872 916 2940 qui
949 2887 1070 2928 cum
1103 2874 1304 2932 Sancto
1345 2878 1397 2934 in
1443 2895 1627 2936 eremo
1675 2882 1960 2940 Calabriua
2011 2903 2162 2944 com-

590 2970 834 3017 moratus
878 2973 983 3030 est,
1030 2981 1058 3020 a
1112 2965 1395 3026 Landuino
1447 2970 1622 3029 Tusco
1659 2991 1778 3032 esse
1825 2977 2158 3048 distinctum,

591 3052 953 3108 indubitatum
993 3065 1097 3120 est,
1157 3060 1320 3126 quod,
1382 3076 1450 3117 ue
1498 3078 1662 3119 unum
1713 3083 1836 3122 cum
1880 3068 2052 3124 altero
2103 3071 2158 3124 in

2266 617 2630 685 pontificalem
2669 623 2879 691 apicem
2919 640 3061 680 anno
3093 627 3230 684 1088
3269 641 3471 697 erecto,
3515 636 3772 708 injungeba-

2269 715 2372 760 tur.
2417 707 2517 764 llic
2567 711 2696 766 olim
2753 714 2935 770 Sancti
2982 719 3154 772 nostri
3187 721 3392 789 Remis,
3441 733 3496 778 ut
3516 725 3618 794 jam
3646 707 3772 798 supra

2266 795 2448 864 docui,
2496 799 2670 856 fuerat
2715 803 3030 874 discipulus,
3081 807 3315 878 hincque
3355 826 3526 866 raram
3559 815 3648 869 viri
3674 795 3769 886 pru-

2267 885 2504 942 dentiam
2557 889 2864 962 ingeniique
2924 897 3276 966 sagacitatem
3325 903 3556 971 apprime
3600 885 3775 974 perspe-

2269 985 2413 1032 ctam
2441 980 2667 1047 habens,
2695 998 2816 1038 eum
2847 987 2986 1055 apud
3017 1003 3097 1053 se,
3135 1004 3245 1060 quo
3259 991 3326 1046 ad
3351 994 3561 1049 consilia
3595 999 3776 1054 adhibe-

2264 1078 2436 1136 retur,
2463 1071 2664 1130 habere
2678 1075 2893 1131 volebat
2917 1078 2972 1132 in
2998 1078 3326 1137 dillicillimis
3350 1083 3452 1139 illis
3480 1090 3775 1158 temporibus,

2267 1161 2466 1228 quibus
2513 1179 2543 1218 a
2591 1180 2728 1236 papa
2778 1167 3073 1225 dissidente
3122 1171 3533 1244 frequenterque
3570 1193 3696 1232 arma
3736 1181 3775 1234 in

2265 1253 2568 1320 pontifii-ios
2597 1256 2650 1312 in
2679 1256 2828 1313 Italia
2860 1271 3109 1318 movente
3147 1264 3468 1333 imperatore
3489 1267 3693 1324 Henrico
3706 1269 3774 1334 ιν.

2263 1347 2650 1417 deplorandum
2703 1352 2754 1406 in
2797 1353 3016 1408 modum
3058 1371 3145 1410 res
3190 1357 3444 1414 Ecclesiae
3486 1359 3536 1414 in
3575 1360 3700 1415 italia
3735 1373 3776 1417 et

2263 1437 2552 1494 Germania
2609 1450 2764 1496 erant
2804 1444 3050 1500 turbata}.
3102 1445 3172 1501 Ut
3201 1448 3424 1504 nuntius
3458 1448 3541 1504 ille
3577 1451 3636 1503 ad
3674 1449 3776 1504 Bru-

2263 1528 2424 1584 uonis
2473 1529 2857 1602 discipulorum
2926 1550 3087 1592 aures
3143 1539 3424 1607 pervenit,
3471 1540 3642 1611 ingens
3683 1557 3776 1595 mox

2262 1619 2504 1672 omnium
2588 1622 2800 1678 animos
2857 1623 3031 1681 luctus
3086 1627 3270 1682 subiit.
3335 1628 3470 1684 Audi
3541 1645 3646 1699 quae
3699 1631 3778 1685 huc

2263 1714 2567 1783 spectantia
2596 1713 2997 1774 Blomenvenna
3027 1719 3081 1774 in
3124 1719 3311 1776 Sancti
3358 1723 3521 1777 nostri
3549 1721 3652 1776 Vita
3686 1737 3711 1776 a
3735 1739 3776 1778 se

2263 1807 2572 1874 conscripta
2625 1820 3029 1866 commemoret.
3093 1829 3113 1862 ε
3166 1811 3238 1867 Ει
3291 1827 3440 1878 ecce,
3490 1812 3668 1882 inquit,
3712 1815 3776 1867 vix

2268 1896 2425 1951 annis
2477 1911 2571 1953 sex
2623 1899 2676 1952 in
2734 1899 2824 1954 tali
2868 1903 3283 1958 conversatione
3327 1905 3557 1967 exactis,
3597 1919 3775 1958 rursum

2267 1992 2576 2041 tentatur...
2615 1987 2760 2058 Papa
2808 2004 3001 2060 nempe
3054 1990 3308 2047 Urbanus
3361 1992 3426 2058 ll,
3471 1993 3608 2062 prius
3642 1992 3777 2046 dictus

2266 2075 2414 2140 Otto,
2440 2077 2610 2133 abbas
2641 2077 3034 2142 Cluniacensis,
3064 2082 3154 2150 qui
3179 2081 3310 2137 olim
3340 2083 3616 2152 discipulus
3643 2081 3776 2136 fuerat

2265 2166 2409 2223 beati
2433 2166 2722 2236 Brunonis,
2745 2184 2868 2224 cum
2894 2171 3271 2242 pontificatum
3311 2189 3570 2229 summum
3597 2173 3774 2242 adeptus

2266 2269 2434 2324 esset,
2469 2260 2693 2328 cupiens
2722 2261 2868 2316 illum
2892 2263 3052 2333 digne
3074 2265 3476 2329 administrare,
3510 2280 3605 2319 non
3632 2263 3776 2316 imme-

2266 2365 2385 2406 mor
2409 2351 2877 2408 excellentissima:
2907 2355 3169 2410 doctrina:
3207 2366 3265 2411 et
3293 2355 3567 2426 probitatis
3589 2354 3774 2425 ejusdem

2266 2443 2346 2498 sui
2390 2437 2775 2514 praeceptoris,
2809 2445 3024 2500 vocavit
3063 2462 3185 2502 eum
3233 2447 3302 2502 ad
3343 2456 3540 2503 saneta:
3573 2444 3776 2501 Ecclesia

2263 2534 2604 2603 obsequium,
2633 2535 2816 2592 addito
2843 2537 3006 2592 etiam
3030 2537 3355 2594 obedientia:
3382 2548 3648 2610 prsecepto.
3677 2555 3693 2588 ι

2333 2624 2458 2680 5n.
2524 2642 2543 2677 ι
2575 2624 2692 2693 Quo
2743 2627 2980 2696 perlecto
3031 2629 3336 2697 mandato,
3393 2646 3493 2686 vox
3545 2631 3594 2684 in
3644 2628 3773 2682 llam:

2265 2715 2443 2770 audita
2497 2726 2614 2780 est,
2670 2716 2908 2773 ululatus
2959 2729 3015 2773 et
3064 2720 3306 2789 prolatus
3349 2721 3542 2776 multus
3589 2719 3772 2774 filiorum

2263 2808 2435 2863 sancti
2505 2809 2802 2876 Brunonis,
2871 2811 3166 2866 nolentium
3235 2813 3500 2870 consolari
3550 2814 3773 2866 obtestan-

2265 2896 2504 2965 tiumque
2548 2895 2803 2964 Patrem,
2859 2899 3002 2967 quod
3048 2901 3162 2970 ejus
3223 2902 3402 2956 orbati
3453 2901 3628 2957 solatio
3666 2896 3775 2952 nullo

2263 2993 2418 3056 pacto
2445 2985 2495 3038 iu
2549 2985 2666 3042 loco
2691 2987 2932 3042 horroris
2976 2997 3028 3044 et
3059 2999 3225 3044 vasta:
3252 2989 3553 3045 solitudinis
3577 3001 3773 3060 perseve-

2261 3091 2382 3132 rare
2404 3089 2640 3145 possent.
2676 3077 2781 3133 Sed
2830 3080 2874 3135 si
2911 3090 3174 3144 maueret,
3225 3092 3524 3147 manerent,
3548 3081 3588 3136 si
3622 3079 3772 3137 abircl.

590 3143 820 3199 decursu
875 3147 1174 3203 confundas
1201 3189 1216 3214 ,
1261 3151 1396 3206 bene
1443 3164 1525 3208 est
1565 3157 1878 3214 notandum.
1924 3157 2092 3214 Porro
2129 3176 2160 3215 e
2187 3181 2228 3239 ρ
2262 3143 2472 3218 abirent
2514 3173 2569 3219 et
2623 3165 2740 3234 ipsi.
2789 3165 3029 3231 Quorum
3081 3164 3297 3222 ﬂetibus
3353 3168 3613 3238 piissimus
3637 3165 3773 3218 Bruno

591 3235 775 3290 Sancti
807 3239 994 3304 sociis,
1025 3255 1252 3309 quorum
1301 3245 1439 3298 binae
1468 3247 1669 3302 chartae
1693 3250 1935 3316 proxime
1960 3267 2162 3307 memo-

589 3334 722 3378 rata:
771 3329 1095 3383 mentionem
1139 3329 1363 3399 faciunt,
1406 3334 1610 3405 aliquot
1637 3338 1824 3393 saltem
1867 3341 2042 3394 adhuc
2070 3342 2160 3397 alii

590 3418 998 3475 verosimiilime
1045 3421 1260 3477 fuerunt
1299 3439 1329 3478 a
1361 3439 1452 3480 sex
1487 3429 1669 3482 Sancti
1714 3431 1894 3494 sociis,
1928 3431 2162 3488 Carthu-

589 3508 686 3564 siae
719 3526 960 3569 eremum
989 3529 1113 3568 cum
1146 3529 1212 3569 eo
1259 3517 1492 3585 primum
1535 3520 1812 3590 ingressis,
1843 3525 2070 3593 diversi;
2104 3537 2163 3583 ut

590 3599 818 3668 proinde
867 3602 940 3666 bi,
968 3618 1089 3657 cum
1135 3603 1259 3660 inde
1286 3605 1516 3661 Sanetus
1555 3609 1706 3676 abiit,
1753 3611 2162 3685 Calabriamque

591 3691 767 3760 petiit,
799 3707 1026 3748 numero
1047 3694 1159 3764 jam
1203 3695 1345 3749 aucti
1377 3697 1704 3753 exstiterint.
1744 3699 1854 3756 Nec
1890 3712 1992 3767 est,
2016 3706 2158 3774 quod

588 3803 842 3856 reponas,
885 3789 1097 3856 socios,
1143 3791 1462 3860 quibuscum
1502 3791 1736 3850 Sanctus
1766 3795 1818 3850 in
1857 3796 2156 3854 Calabriam

586 3880 806 3934 venisse
834 3881 886 3935 in
923 3881 1157 3937 laudatis
1188 3882 1332 3937 binis
1358 3885 1562 3940 chartis
1593 3895 1942 3951 memoratur,
1980 3905 2042 3944 ac
2062 3906 2158 3946 no-

585 3971 835 4024 minatim
888 3971 1188 4026 Lanvinum
1238 3974 1346 4044 (adi
1396 3975 1447 4029 in
1489 3975 1758 4034 Brunonis
1786 3979 1903 4034 Vita
1947 3997 2064 4051 cap.
2092 3983 2156 4036 l7

589 4061 922 4132 Zauoltium)
962 4079 1069 4117 non
1105 4065 1254 4135 prius
1283 4066 1331 4121 ei
1381 4081 1521 4130 sese,
1566 4084 1728 4138 quam
1775 4086 1914 4129 cum,
1969 4072 2154 4128 relEcta

586 4151 897 4220 Carthusia,
933 4154 984 4208 in
1019 4155 1166 4209 Italia
1201 4155 1311 4224 jatu
1339 4158 1597 4214 existeret
1625 4158 1966 4228 adjunxissc;
2021 4161 2157 4216 Sau‘

589 4255 738 4303 etum
781 4248 924 4302 enim
958 4247 1107 4302 brevi
1138 4250 1393 4318 temporis
1423 4250 1615 4318 spatio,
1645 4267 1752 4320 quo
1787 4268 1852 4307 ex
1894 4254 2156 4323 dicendis,

589 4346 880 4410 antequam
917 4339 968 4394 in
1013 4337 1319 4393 Calabriam
1351 4341 1647 4406 secederet,
1675 4343 1815 4411 apud
1847 4344 2155 4412 pontificem

582 4443 950 4488 commoratus
992 4439 1096 4501 est,
1147 4433 1420 4488 invenisse
1474 4434 1657 4488 statim
1711 4433 1914 4500 .lioma',
1960 4437 2052 4505 qui
2102 4436 2155 4491 in

2266 3253 2616 3308 vehementer
2662 3255 2909 3308 turbatus
2955 3263 3010 3309 et
3049 3255 3115 3310 ad
3155 3257 3577 3327 compassioucm
3617 3262 3772 3310 motus,

2263 3357 2384 3398 cum
2449 3343 2552 3399 sibi
2608 3358 2820 3416 quoque
2874 3346 3220 3402 durissimum
3277 3359 3462 3415 esset,
3535 3355 3645 3418 post
3689 3355 3769 3397 tam

2264 3436 2486 3508 placidae
2533 3447 2590 3493 et
2640 3439 2939 3510 tranquillae
2982 3441 3288 3496 solitudinis
3332 3442 3560 3512 quietem
3605 3450 3770 3494 rursum

2262 3531 2502 3586 externis
2529 3531 2675 3586 curis
2719 3539 2774 3586 et
2823 3531 3282 3602 inquiettulinibus
3339 3532 3608 3603 implicari.
3649 3528 3773 3582 Nisus

2261 3629 2348 3672 est
2406 3628 2586 3674 tamen
2650 3634 2836 3674 eorum
2899 3621 3107 3676 animos
3169 3622 3365 3677 sedare
3422 3631 3476 3676 et
3532 3613 3770 3675 consolari.

2263 3707 2481 3765 Sciebat
2517 3711 2629 3780 ipse
2655 3711 2910 3780 scriptum
2957 3727 3117 3766 esse:
3167 3730 3186 3764 ‹
3225 3711 3327 3779 Qui
3370 3729 3466 3768 vos
3523 3711 3666 3771 audit,
3707 3720 3772 3760 me

2266 3817 2287 3851 ι
2325 3800 2496 3863 audit,
2529 3809 2581 3855 et
2611 3801 2751 3870 quod
2785 3802 2950 3856 semel
2982 3801 3220 3872 loquitur
3251 3803 3414 3869 Deus,
3442 3801 3714 3858 etsecunda
3733 3797 3771 3850 id

2267 3913 2284 3943 ‹
2330 3893 2503 3961 ipsum
2529 3907 2632 3946 ttou
2663 3893 2878 3962 repetit.
2914 3912 2931 3944 ι
2963 3894 3025 3947 Et
3054 3895 3172 3948 ideo
3197 3910 3307 3949 non
3345 3895 3500 3950 aliter
3532 3887 3770 3962 Apostolici

2255 3981 2580 4050 iussionem,
2629 3999 2788 4052 quam
2837 3983 3043 4038 ccclein
3085 3985 3306 4038 oracula
3345 3986 3410 4041 ad
3458 3999 3514 4040 se
3549 3982 3771 4048 delapsam

2261 4088 2445 4128 vocem
2503 4074 2733 4143 accepit.
2786 4073 3126 4145 Quapropter
3189 4075 3468 4145 alloquens
3525 4087 3638 4128 suos
3683 4068 3771 4121 ait:

2259 4163 2476 4219 Manere
2498 4167 2796 4230 vobiscum,
2824 4165 3021 4220 fratres
3048 4167 3153 4222 mei
3189 4167 3544 4229 dilectissimi,
3573 4159 3770 4234 gratissi-

2258 4268 2404 4308 mum
2452 4254 2584 4310 mihi
2632 4265 2730 4316 est,
2767 4256 3005 4325 separari
3039 4271 3068 4310 a
3092 4257 3244 4312 vobis
3272 4257 3651 4327 gravissimum.
3694 4246 3772 4301 Sed

2260 4342 2530 4397 mandatis
2567 4344 2875 4412 apostolicis
2911 4345 3131 4400 obedire
3169 4346 3526 4401 necessarium
3565 4341 3772 4396 mihiest.

2259 4430 2396 4497 Quid
2426 4430 2574 4486 enim
2594 4435 2873 4503 prodesset
2917 4434 3002 4489 hic
3028 4435 3306 4491 vobiscum
3345 4434 3576 4490 exterius
3600 4439 3770 4484 carnem

581 4523 918 4592 disciplinam
941 4523 1056 4592 ejus
1083 4539 1202 4579 sese
1223 4523 1493 4589 dederint,
1521 4524 1770 4594 appulsos
1802 4542 1832 4582 e
1861 4525 2154 4581 Galliarum
2189 4523 2233 4577 D
2255 4520 2540 4591 jejuniiset
2559 4524 2901 4578 abstittcntiis
2930 4533 3182 4590 atterere,
3203 4527 3246 4582 si
3285 4543 3383 4596 per
3412 4518 3769 4580 inobedieuli'lll

583 4613 827 4680 partibus
853 4614 1016 4679 viros,
1067 4614 1208 4682 quod
1244 4623 1440 4677 tamen,
1483 4623 1543 4669 ut
1569 4615 1862 4686 quidquam
1902 4617 1988 4672 bic
2032 4633 2157 4672 con-

586 4713 665 4758 tra
689 4704 998 4774 opinionem
1037 4716 1274 4760 nostram
1307 4718 1488 4777 posset
1517 4709 1730 4774 confici,
1764 4709 2154 4779 requireretur,

587 4811 774 4864 parum
803 4797 1108 4852 verosimile
1145 4809 1386 4866 apparet.

657 4887 779 4942 5H.
811 4887 962 4955 Quod
995 4904 1116 4943 cum
1139 4889 1210 4941 ita
1245 4889 1456 4951 habeat,
1487 4905 1606 4944 esse
1641 4906 1771 4946 sane
1791 4907 1896 4946 non
1921 4893 2151 4958 videtur,

583 4996 703 5046 cur,
731 4993 798 5034 an
831 4979 1080 5045 Sanctus,
1111 4995 1229 5034 cum
1253 4995 1283 5035 e
1305 4981 1587 5036 Carthusia
1613 4982 1879 5045 discessit,
1917 4984 2154 5054 discipu-

585 5075 761 5127 lorum
803 5087 1025 5127 suorum
1075 5087 1356 5126 numerum
1386 5082 1602 5126 auctum
1631 5073 1846 5128 viderit.
1879 5084 2156 5128 revocetur

582 5165 637 5218 iu
687 5161 934 5226 dubium,
988 5161 1271 5232 magisque
1312 5178 1434 5217 eum
1488 5161 1664 5216 adlmc
1711 5165 1894 5229 augeri
1942 5164 2156 5218 indubic

579 5251 830 5318 vidisset,
848 5252 894 5308 si
920 5249 1353 5320 diuturniorejus
1377 5266 1495 5306 esse
1521 5252 1778 5320 potuisset
1807 5251 2150 5308 inCarthusia

493 5397 498 5402 .
579 5343 953 5399 commoratio.
984 5345 1207 5408 Verum,
1254 5358 1378 5398 cum
1420 5357 1512 5397 sex
1552 5342 1743 5408 annis,
1773 5357 2000 5410 quorum
2035 5343 2150 5396 ulti-

579 5447 704 5488 mus
727 5433 915 5489 saltem
943 5431 1301 5502 incompletus
1323 5446 1388 5486 ex
1407 5431 1644 5487 dicendis
1659 5431 1840 5496 fuerit,
1861 5431 1932 5486 Ca
1943 5431 2156 5486 rthusitc

580 5539 824 5580 eremum
869 5525 1017 5594 prior
1059 5537 1154 5578 seu
1193 5523 1373 5592 potius
1413 5523 1482 5589 (is
1508 5523 1652 5577 enim
1687 5522 1759 5577 illi
1790 5523 2154 5592 proximisque

583 5614 702 5684 ejus
739 5613 1144 5669 successoribus
1173 5612 1360 5667 titulus
1384 5611 1452 5665 ab
1495 5613 1744 5666 omnibus
1789 5612 1900 5666 fere
1928 5610 2151 5680 scripto-

583 5705 732 5758 ribus
779 5703 1055 5772 tribuitur)
1101 5704 1360 5774 magister
1398 5703 1659 5768 rexisset,
1693 5701 2023 5772 pontificium
2056 5700 2154 5755 fuit

583 5796 806 5852 allatum
841 5797 1172 5862 mandatum,
1202 5813 1307 5868 quo
1339 5798 1410 5864 ci,
1439 5808 1494 5851 ut
1526 5799 1592 5852 ad
1625 5798 1917 5855 [tertianam
1949 5797 2150 5853 curiam

2264 4611 2456 4667 animm
2476 4629 2609 4668 mem
2635 4615 3030 4670 damnationem
3054 4617 3332 4687 contingat
3359 4616 3640 4685 acquirere,
3661 4617 3766 4660 0ch

2258 4705 2338 4758 Ac
2383 4702 2575 4758 deinde
2623 4706 2894 4760 nonnullis
2938 4708 3134 4772 adhuc,
3167 4707 3364 4776 quibus
3405 4706 3540 4760 ultro
3572 4701 3774 4763 citroque

2257 4811 2560 4852 sermonem
2631 4796 2920 4852 miscentes
2991 4797 3196 4852 inducit
3268 4796 3521 4852 Sanctum
3591 4791 3772 4860 ejusque

2257 4887 2566 4956 discipulos,
2611 4886 2970 4955 interpositis,
3020 4886 3331 4956 subjungit:
3373 4902 3393 4935 ι
3430 4881 3648 4938 Audiens
3682 4876 3768 4928 haec

2256 4979 2444 5034 beatus
2473 4978 2674 5043 Bruuo,
2715 4994 2836 5032 cum
2867 4978 3078 5032 videret
3117 4991 3212 5032 eos
3262 4975 3661 5032 consolationem
3687 4976 3768 5016 non

2259 5070 2523 5138 recipere,
2568 5084 2667 5122 nec
2713 5067 3022 5138 persuaderi
3071 5067 3151 5122 eis
3199 5081 3378 5136 posse,
3423 5073 3479 5118 ut
3519 5062 3767 5115 manerent.

2259 5170 2526 5223 metuens,
2556 5175 2624 5213 ne
2664 5168 2782 5228 post
2820 5174 2972 5212 suum
3003 5168 3057 5212 et
3095 5173 3280 5211 eorum
3311 5169 3570 5211 recessum
3597 5157 3769 5246 erctum

2257 5253 2582 5315 Carthusite,
2613 5252 2760 5306 locus
2791 5250 2903 5320 jam
2939 5251 3047 5303 Deo
3073 5249 3302 5310 dicatus,
3331 5247 3394 5301 ad
3437 5259 3611 5299 ιιιειιτυς
3639 5238 3767 5336 lsi-it“?

2255 5352 2312 5397 et
2375 5343 2628 5412 profanas
2701 5343 2892 5397 iterum
2949 5341 3258 5402 deveniret.
3314 5340 3558 5428 cogitans
3605 5327 3768 5428 scilicet

2259 5430 2402 5485 illam
2431 5447 2554 5486 cum
2585 5431 2697 5484 suis
2723 5439 2985 5500 repetere,
3033 5429 3429 5484 commendavit
3449 5434 3500 5479 et
3527 5420 3653 5476 dedit
3673 5424 3765 5508 eaut

2256 5521 2548 5576 venerabili
2592 5521 2708 5574 viro
2753 5520 2970 5574 domino
3015 5521 3242 5590 Siguiuo
3281 5517 3454 5572 abbati
3503 5512 3765 5606 monasterii

2255 5612 2555 5676 Casm-Dci,
2605 5612 2694 5680 qui
2735 5627 2874 5666 unus
2911 5610 3088 5666 fuerat
3128 5627 3189 5666 ex
3233 5609 3422 5680 primis
3446 5595 3762 5690 donatoriltuS.

2256 5705 2321 5756 de
2372 5703 2564 5773 quibus
2613 5702 2878 5766 diximus,
2933 5701 3180 5756 confecto
3241 5716 3402 5772 super
3455 5697 3549 5750 hoc
3591 5683 3764 5758 Ρ¹¹δ¹¹⁶⁰

2258 5793 2631 5848 instrumento.
2683 5792 2879 5862 Sicque
2908 5792 3096 5847 beatus
3131 5791 3332 5858 Bruno,
3369 5791 3594 5854 suscepta
3637 5778 3763 5830 ίιευθ·
