3846 6316
38 3944 41 4091 ἱ

38 4106 41 4219 ξ

38 4224 41 4351 i'

38 4358 41 4469 ἱ

38 4472 41 4553 r

160 348 237 405 313

1618 348 1821 403 ACTA.

3217 370 3325 425 3M

162 463 348 519 dictione
372 474 398 512 a
419 468 604 512 sancto
627 458 863 527 litigone,
880 459 1130 527 episeopo
1150 459 1669 529 Gratianopolitano,
1700 461 1746 516 A
1775 462 1939 533 JEgrc
1977 465 2118 520 hanc
2143 465 2526 522 discessionem
2576 469 2696 524 tulit
2739 472 2978 528 novellus
3004 488 3154 543 grex,
3203 480 3339 535 tanti

162 548 410 606 obedientia
433 556 674 618 cogente,
709 547 938 602 Romam
968 547 1241 617 profectus
1264 559 1367 604 est.
1401 568 1420 601 ι

212 638 312 692 513.
337 637 405 690 Ita
428 635 688 690 hactenus
715 636 824 699 ille,
853 636 1116 701 Puteano,
1146 652 1177 691 e
1201 652 1309 705 quo
1344 637 1537 691 iterum
1572 653 1669 691 sua

161 731 245 785 fere
279 730 437 783 omnia
470 738 745 785 mutuatus
789 737 892 794 est,
938 730 1179 798 apprime
1217 744 1541 795 consonans,
1571 745 1671 786 nec

161 838 353 892 pugnans
399 838 515 877 cum
578 822 883 891 antiquiore
929 821 1113 875 Sancti
1158 823 1327 876 nostri
1376 822 1671 892 biographo

160 930 229 968 seu
254 914 522 983 primorum
560 914 800 983 quinque
824 912 1124 969 Carthusia:
1154 912 1405 970 Priorum
1435 914 1674 970 Chrono-

160 1005 265 1074 lngo.
292 1008 451 1072 Atque
482 1004 534 1057 hi
587 1019 774 1058 omnes
819 1013 931 1058 tres
971 1004 1210 1073 quidem,
1238 1005 1316 1058 uti
1352 1006 1538 1069 etiam,
1581 1006 1670 1075 qui

159 1110 230 1147 sua
248 1109 273 1147 c
296 1095 489 1147 duobus
511 1094 704 1148 borum
737 1094 1153 1159 recentioribus,
1182 1092 1424 1150 Puteano
1466 1094 1674 1148 scilicet

158 1197 197 1239 et
233 1184 642 1246 Blomenvenna,
695 1184 1060 1254 deprompsit,
1111 1184 1341 1249 Surius,
1392 1185 1672 1240 universos

159 1275 298 1329 Sancti
333 1274 615 1341 discipulos
665 1290 878 1329 summo
921 1274 1109 1340 fuisse,
1152 1290 1274 1329 cum
1315 1290 1438 1329 eum
1483 1291 1514 1331 e
1542 1274 1672 1330 Car-

160 1364 293 1419 thusia
334 1378 362 1417 a
400 1362 661 1419 Pontifice
702 1364 955 1419 accersiri
1002 1364 1404 1429 intellexerunt,
1439 1379 1674 1421 niterore

158 1453 351 1517 allectos,
378 1452 858 1522 Carthusiamque,
906 1454 1143 1508 abeunte
1174 1453 1396 1520 Sancto,
1425 1455 1673 1508 deserere

159 1541 358 1597 statuisse
389 1581 404 1606 ,
450 1542 649 1596 litteris
700 1549 846 1596 recte
892 1542 1243 1611 eonsignasse
1296 1542 1567 1599 videntur.
1617 1541 1672 1595 Id

159 1635 282 1699 enim,
315 1643 367 1687 ut
392 1644 500 1688 uta
533 1633 681 1688 nullo
728 1649 946 1704 prorsus
985 1643 1204 1689 auctore
1246 1639 1551 1705 syuehrono
1578 1650 1673 1691 seu

159 1725 305 1793 aequali
351 1727 626 1781 memorize
656 1726 929 1796 proditum
977 1725 1299 1791 inveniatur,
1347 1727 1561 1782 veritati
1595 1737 1673 1789 ta-

162 1831 299 1870 mene
335 1804 688 1872 restitutionis
728 1817 1028 1872 Carthusia:
1071 1817 1210 1871 infra
1253 1817 1360 1873 huc
1415 1820 1675 1875 transeri-

161 1907 288 1963 benda
314 1910 509 1971 charta,
549 1919 737 1979 utpote
765 1910 816 1963 in
855 1924 959 1979 qua
991 1924 1057 1965 ex
1084 1909 1185 1963 bac
1224 1924 1407 1965 eremo
1453 1910 1510 1966 S.
1540 1911 1675 1972 Bru-

160 2005 276 2060 nonis
299 2007 419 2060 socii
440 2005 685 2074 obhujus
710 2007 1005 2062 absentiam
1033 2007 1320 2062 recessisse
1352 2007 1674 2069 innuuntur,

160 2109 400 2149 consonum
431 2096 668 2152 videtur.
697 2095 898 2150 Verum
946 2096 1187 2151 indicant
1212 2097 1374 2150 etiam
1404 2094 1674 2149 recentio-

162 2201 224 2239 res
270 2186 451 2241 laudati
507 2186 721 2241 Sancti
749 2184 918 2249 nostri
971 2184 1250 2255 biographi
1279 2225 1294 2249 ,
1342 2184 1674 2249 Brunonem,

161 2292 248 2329 cum
265 2277 589 2333 Carthusiam
603 2277 826 2348 Siguino
853 2276 1018 2342 dedit,
1042 2285 1205 2345 atque
1228 2290 1291 2331 ex
1315 2276 1436 2342 hac,
1461 2277 1525 2329 ad
1540 2291 1678 2344 pon-

163 2367 311 2422 tificem
339 2384 391 2425 se
427 2370 746 2435 collaturus,
773 2369 924 2435 exiit,
952 2369 1130 2424 istbuc
1159 2378 1344 2437 postea
1368 2367 1545 2423 redire
1570 2376 1681 2424 sta-

164 2460 311 2525 tuisse;
357 2465 518 2531 quod,
572 2477 698 2518 eum
747 2462 1127 2527 instrumento,
1172 2476 1279 2530 quo
1326 2459 1577 2522 Sanctus,
1615 2458 1682 2515 ad

163 2550 412 2618 pontificem
456 2553 723 2617 tendens,
760 2552 986 2621 Siguino
1022 2550 1296 2606 Casa-Dei
1328 2551 1508 2605 abbati
1550 2548 1683 2604 Car-

164 2642 345 2696 thusiam
404 2643 662 2707 donavit,
714 2643 854 2698 nulla
907 2643 1128 2698 omnino
1179 2642 1246 2696 de
1298 2642 1401 2696 hac
1444 2636 1681 2695 Brunoni

164 2732 338 2801 ejusque
364 2735 547 2799 sociis,
594 2734 640 2788 si
666 2733 924 2797 redirent,
977 2732 1249 2787 reddenda
1285 2732 1491 2786 mentio
1532 2732 1683 2802 inge-

165 2835 295 2889 ratur,
319 2841 499 2893 parum
540 2825 853 2881 verosimile
894 2824 1024 2880 mihi
1049 2834 1292 2895 apparet.
1340 2823 1449 2880 Nec
1478 2825 1684 2880 verosi-

166 2914 301 2970 lltillllS
326 2925 422 2981 est,
468 2916 618 2988 quod
667 2925 844 2971 tamen
890 2916 1055 2971 etiam
1099 2914 1340 2970 nonnulli
1369 2916 1572 2981 volunt,
1602 2916 1685 2969 iu-

165 3019 502 3076 strumcntum,
572 3023 683 3080 quo
737 3008 969 3065 Sanctus
1018 3008 1357 3063 Carthusiam
1408 3007 1681 3063 Casa—Dei

1770 557 2015 611 Pastoris
2044 557 2236 611 solatio
2265 558 2589 626 destitutus;
2637 562 2972 631 cunctisque,
3000 578 3066 617 eo
3094 565 3336 633 absente,

1773 647 2129 701 intolerabilis
2170 648 2282 703 visa
2330 658 2413 704 est
2468 649 2768 706 Carthusia:
2815 650 3076 706 habitatio
3116 664 3170 708 et
3218 656 3341 709 vitae

1772 739 2057 808 asperitas.
2088 739 2193 795 Sed
2228 743 2442 796 tandem
2478 744 2775 812 parendum
2814 744 2913 799 fuit
2937 747 3131 800 summi
3165 748 3340 815 ponti-

1775 830 1890 885 ficis
1931 831 2264 893 auctoritati,
2295 832 2385 899 qui
2427 831 2602 886 locum
2649 832 2907 904 Seguine,
2955 833 3134 889 abbati
3162 834 3341 889 Casa-

1772 917 1886 980 Dci,
1937 919 2355 972 commendavit.
2417 921 2661 976 Recessit
2703 922 2887 993 itaque
2925 923 3105 977 Bruno
3144 938 3176 979 e
3210 925 3345 979 Car-

1774 1010 1955 1065 thusia
1976 1017 2098 1079 post
2123 1025 2294 1065 annos
2326 1026 2444 1077 sex,
2473 1028 2634 1081 quam
2664 1029 2784 1069 eam
2815 1016 3052 1071 incolere
3079 1028 3339 1085 cmperat.

1773 1098 1902 1168 Ejus
1970 1100 2212 1155 discessu
2261 1102 2566 1156 conturbati
2630 1104 2849 1171 fratres,
2911 1121 3030 1175 quae
3107 1106 3341 1161 humana

1776 1188 2005 1242 tentatio
2036 1198 2120 1243 est
2150 1189 2203 1243 in
2230 1190 2393 1243 rebus
2431 1190 2616 1244 arduis
2643 1192 2926 1248 deﬁciente
2957 1196 3134 1265 magni
3166 1196 3342 1249 meriti

1774 1278 1934 1343 duce,
1966 1278 2143 1332 locum
2180 1278 2471 1344 deserunt;
2506 1280 2648 1347 quod
2674 1280 2761 1334 ubi
2790 1280 2971 1336 Bruno
3011 1282 3340 1347 rescivisset,

1772 1372 1970 1426 litteris
2016 1370 2083 1425 ad
2120 1368 2432 1439 Seguinum,
2482 1370 2758 1425 Casm-Dei
2806 1373 3076 1437 abbatem,
3127 1373 3345 1443 scriptis

1774 1462 2116 1519 Carthusiam
2141 1464 2189 1518 ei
2220 1463 2444 1533 ejusque
2471 1461 2800 1516 monasterio
2830 1464 3117 1517 concessit.
3153 1481 3172 1515 ι

1845 1555 1970 1610 515.
2038 1554 2114 1609 Ita
2178 1552 2559 1616 Mabillonius,
2612 1553 2916 1607 Brununem
2962 1554 3171 1607 scilicet
3217 1561 3345 1607 tunc

1773 1648 2015 1712 demum,
2065 1662 2188 1703 cum
2234 1647 2287 1701 in
2334 1646 2527 1700 itinere
2557 1645 2801 1701 Romano
2837 1653 2930 1699 aut
2968 1646 3129 1699 etiam
3157 1644 3344 1698 Roma:

1776 1750 2111 1805 versaretur,
2166 1739 2603 1801 instrumentum,
2654 1751 2762 1804 quo
2791 1735 3128 1790 Carthusiam
3161 1733 3212 1786 in
3247 1731 3346 1787 Se-

1776 1833 1998 1901 guinum
2024 1831 2271 1885 abbatem
2302 1826 2665 1895 transcripsit,
2689 1823 2991 1880 confecisse
3011 1821 3348 1891 epistolaque

1777 1924 1843 1978 ad
1876 1939 2000 1979 eum
2045 1920 2278 1986 misisse,
2310 1917 2576 1973 indicans.
2622 1916 2689 1971 Et
2719 1931 2869 1982 sane,
2900 1930 2959 1969 re
2990 1915 3061 1969 ita
3100 1912 3348 1967 conside-

1777 2025 1915 2078 rata,
1948 2012 2104 2067 facile
2125 2010 2353 2080 quisque
2378 2006 2659 2077 intelliget,
2686 2005 2799 2075 qui,
2832 2019 2952 2058 cum
2980 2001 3211 2056 Sanetus
3232 1998 3348 2067 jam

1780 2109 1978 2162 absens
2007 2113 2171 2169 esset,
2209 2117 2301 2158 seu
2342 2102 2393 2154 in
2440 2099 2636 2154 itinere
2671 2111 2862 2151 versus
2902 2093 3209 2164 pontificem
3256 2097 3351 2145 aut

1781 2199 1966 2253 Romae
2009 2196 2292 2255 existeret,
2318 2189 2568 2259 discipuli
2615 2189 2732 2258 ejus
2760 2185 2924 2240 dilabi
2973 2198 3003 2237 e
3042 2180 3346 2243 Carthusia,

1782 2291 2005 2359 ipseque
2051 2287 2203 2340 hisce
2249 2280 2615 2337 dilabentibus
2649 2293 2740 2333 seu
2790 2276 2968 2346 potius
2996 2272 3237 2342 dilapsis,
3269 2270 3353 2323 in-

1782 2386 2142 2437 strumentum
2180 2374 2474 2444 publicum,
2507 2384 2614 2440 quo
2649 2369 2790 2423 hanc
2825 2364 3047 2436 Signino
3075 2360 3350 2416 Cassa-Dei

1782 2469 1964 2526 abbati
2000 2466 2244 2531 tradidit,
2288 2464 2492 2518 donare
2525 2459 2782 2530 potuerit,
2812 2456 2958 2511 salva
3001 2467 3187 2507 eorum
3236 2466 3353 2506 out--

1784 2565 1933 2619 nium
1978 2560 2241 2622 veritate,
2290 2572 2409 2626 quae
2456 2555 2511 2608 in
2570 2553 2758 2607 charta
2812 2546 3183 2628 restitutionis
3221 2544 3353 2598 Car-

1786 2653 1979 2709 thusia:
2002 2655 2316 2707 occurrunt.
2343 2646 2593 2700 Attamen
2622 2657 2744 2697 eum
2774 2640 3029 2704 Sanctus,
3060 2646 3354 2705 antequam

1786 2745 1891 2799 iter
1946 2742 2249 2797 Romanum
2298 2736 2616 2805 susciperet,
2681 2732 2734 2786 in
2801 2729 2919 2799 ipso
2968 2726 3355 2797 discipulorum

1785 2847 2005 2892 suorum
2051 2846 2082 2886 e
2128 2827 2413 2884 Carthusia
2462 2837 2712 2879 recessus
2759 2828 2881 2876 actu
2912 2818 3251 2873 Carthusiam
3298 2814 3355 2868 in

1785 2928 2068 2999 Siguinum
2106 2919 2387 2975 Casae-Dci
2424 2916 2670 2971 abbatem
2721 2909 3128 2999 transcripsisse
3151 2907 3356 2999 _videa-

1790 2996 1899 3084 tur,
1951 3016 2024 3071 ita
2069 3012 2251 3068 malim
2290 3023 2401 3063 rem
2438 3014 2644 3079 gestam
2697 3000 3020 3070 concipere:
3057 2998 3115 3052 S.
3150 2996 3356 3084 Bruno,

167 3099 304 3154 abbati
340 3101 559 3171 Signina
600 3100 844 3165 contulit,
876 3103 1059 3155 datum
1092 3101 1141 3155 ei
1183 3102 1294 3171 jam
1342 3112 1452 3155 tum
1496 3101 1681 3164 fuisse,
1713 3119 1754 3176 C
1790 3082 1909 3165 cum
1943 3120 1973 3160 θ
2005 3099 2314 3163 Carthusia,
2344 3094 2624 3151 Landuino
2655 3093 2705 3145 in
2737 3089 2915 3143 locum
2957 3100 3113 3140 suum
3159 3082 3359 3176 sul-3’s“.

166 3205 255 3243 cuin
277 3192 382 3262 ejus
405 3190 659 3261 discipuli
683 3206 715 3246 e
740 3190 1023 3247 Carthusia
1050 3194 1119 3247 ob
1141 3192 1318 3247 dilecti
1345 3208 1409 3248 ex
1436 3194 1538 3249 hac
1568 3193 1681 3247 Ma-

167 3284 280 3349 gistri
306 3284 597 3341 discessum
625 3286 862 3340 nondum
892 3284 1275 3350 dilaberentur,
1322 3285 1685 3355 dilapsurique

169 3377 486 3431 tanaimmodo
516 3377 669 3431 brevi
694 3384 815 3444 post
843 3392 873 3429 a
902 3375 1101 3431 Sancto
1140 3375 1577 3444 prmvidcrentur.

217 3466 318 3521 5H.
345 3468 555 3523 Etenim
604 3468 655 3522 in
687 3467 875 3522 charta
902 3466 1258 3522 restitutionis
1279 3466 1579 3521 Carthusia:
1602 3466 1683 3520 di-

166 3554 274 3608 citur
295 3556 463 3613 Bruuo
491 3559 859 3623 Carthusiam,
892 3574 1013 3612 cum
1047 3576 1065 3607 ‹
1103 3558 1224 3621 loci,
1251 3558 1508 3612 fratribus
1538 3572 1687 3612 rece-

169 3643 374 3704 dentibus
413 3660 640 3719 propter
669 3651 964 3703 absentiam
1011 3648 1147 3716 ejus,
1187 3649 1583 3704 destitutionem
1609 3649 1689 3702 vi—

170 3740 299 3806 deret,
329 3762 345 3794 ι
372 3742 597 3813 Siguiuo
623 3742 801 3797 abbati
832 3741 1041 3798 dedisse
1064 3758 1126 3798 ac
1167 3741 1599 3806 commendasse;
1635 3750 1694 3796 ut

171 3831 348 3895 proinde
389 3832 846 3896 instrumentum,
901 3847 1009 3901 quo
1061 3831 1408 3885 Carthusiam
1469 3830 1692 3900 Siguiuo

171 3916 356 3975 Sanctus
383 3922 555 3983 dedit,
597 3921 849 3975 collatum
889 3922 962 3985 ei,
1010 3921 1199 3990 primis
1227 3920 1528 3975 Carthusia:
1578 3919 1691 3973 Ma-

169 4007 271 4074 joris
316 4011 496 4067 incolis
527 4012 713 4066 Sancti
752 4011 1033 4080 discipulis
1060 4011 1291 4064 noudmn
1340 4009 1696 4064 dilabentibus

174 4113 242 4151 seu
273 4100 601 4157 Carthusiam
632 4101 1083 4171 relinquentibus,
1129 4101 1271 4155 haud
1316 4101 1500 4171 fuerit,
1529 4100 1700 4154 niaxi-

176 4204 238 4241 me
265 4205 372 4245 cum
418 4193 555 4247 idin
608 4191 835 4247 fratrum
884 4208 975 4247 seu
1025 4191 1405 4260 discipulorum
1458 4191 1698 4246 Sanctie

175 4275 414 4334 Catthusia
464 4296 685 4335 recessu
734 4280 959 4346 factum,
999 4281 1197 4335 diserte
1226 4281 1473 4335 tradatur
1496 4280 1549 4335 in
1587 4279 1700 4348 epi-

176 4366 277 4420 stula
305 4370 433 4423 infra
478 4369 689 4440 pariter
732 4371 837 4425 huc
888 4369 1316 4429 transeribcnda,
1373 4383 1476 4438 qua
1533 4368 1701 4423 Urba-

1786 3209 1924 3265 tuto,
1940 3196 2054 3266 jam
2096 3198 2428 3254 excesserat,
2476 3186 2543 3241 ad
2583 3184 2861 3253 llugonem
2900 3172 3356 3242 Gratiaquolita-

1786 3307 1914 3348 num
1942 3290 2276 3361 episcopum,
2325 3282 2403 3335 uti
2453 3278 2630 3348 reipsa
2664 3274 2856 3329 fecisse
2888 3287 2917 3324 a
2962 3267 3361 3361 Blomcnvenna

1788 3352 2017 3450 aliisque
2058 3352 2331 3438 narratur,
2364 3385 2483 3425 sese
2503 3410 2517 3431 ,
2552 3367 2600 3424 ei
2632 3363 3017 3421 valedicturus,
3049 3352 3361 3450 contulerit,

1791 3446 2150 3541 discipulique
2198 3466 2429 3525 interea,
2462 3474 2598 3530 quos
2642 3457 2691 3510 in
2723 3448 3007 3509 Carthusia
3048 3446 3367 3541 relique-rat,

1791 3535 1974 3620 audito
2004 3535 2190 3616 sancti
2219 3557 2481 3616 discessu,
2518 3548 2861 3607 Carthusiam
2889 3542 3118 3614 pariter,
3145 3535 3363 3591 deside-

1792 3660 1929 3714 rium
1961 3654 2077 3724 ejus
2105 3654 2246 3705 ferre
2280 3648 2422 3703 haud
2457 3644 2719 3706 valentes,
2754 3633 3095 3724 reliquerint.
3127 3630 3202 3684 ita
3235 3640 3367 3680 sane

1796 3748 1944 3805 facili
1992 3722 2160 3800 etiam
2206 3740 2421 3809 negotio
2454 3734 2807 3803 intelligetur,
2838 3727 2927 3799 qui
2974 3735 3029 3780 et
3058 3722 3314 3809 Sanctus,
3338 3731 3370 3770 e

1794 3838 2079 3898 Carthusia
2110 3808 2411 3895 discedens,
2463 3823 2824 3882 dilabentibus
2851 3834 2918 3874 ex
2954 3818 3057 3871 hac
3094 3808 3371 3879 discipulis

1796 3932 1930 3992 suis,
1962 3942 2085 3981 mox
2120 3924 2170 3977 id
2196 3921 2384 3975 audire
2412 3926 2467 3973 et
2512 3916 2957 3973 instrumentum,
2990 3920 3097 3985 quo
3141 3899 3374 3992 Carthu-

1798 3988 1932 4075 siam
1962 4017 2185 4085 Siguiuo
2226 4006 2501 4066 Cassa-Dei
2530 4002 2708 4059 abbati
2755 3994 3171 4085 commendavit,
3200 3988 3372 4085 conli-

1801 4125 1943 4174 cere,
1991 4079 2409 4169 confectumque
2453 4103 2542 4150 aut
2586 4095 2812 4163 ipsemet
2851 4087 2916 4141 ad
2963 4086 3109 4139 hunc
3137 4079 3377 4142 deferre,

1801 4199 2101 4255 autetiam
2162 4195 2231 4249 ab
2290 4192 2462 4246 altero
2517 4184 2866 4242 deferendum
2924 4192 3118 4234 curare
3183 4180 3373 4241 potue-

1804 4295 1892 4349 rit.
2888 4348 3326 4360 ,A_..

1875 4381 1997 4437 5l6.
2054 4381 2225 4434 Porro
2275 4390 2340 4430 ex
2398 4372 2588 4426 charta
2666 4356 3024 4419 restitutionis
3077 4350 3383 4409 Carthusize

178 4470 253 4510 nus
282 4457 315 4510 Il
355 4437 494 4528 papa
536 4458 760 4528 Signino
782 4458 987 4524 abbati,
1022 4467 1078 4510 ut
1107 4457 1410 4513 Carthusia:
1460 4471 1697 4511 eremum
1727 4447 1780 4508 D
1805 4474 1969 4528 θιίθιῃ
2018 4468 2231 4537 collige,
2281 4461 2591 4533 Opinionem
2640 4466 2849 4514 eorum,
2896 4446 2987 4516 qui
3034 4444 3293 4537 Sanctum
3324 4437 3381 4491 in

182 4543 225 4598 S.
246 4544 494 4605 Brunonis
537 4548 837 4619 discipulis,
882 4550 948 4602 ad
976 4550 1115 4603 hanc
1142 4550 1510 4612 redeuntibus,
1547 4549 1702 4602 resti-

182 4647 286 4704 tuat,
322 4640 566 4713 injungit.
623 4641 695 4695 At
738 4656 888 4708 vero,
943 4641 1181 4710 inquies,
1210 4641 1254 4695 si
1286 4640 1520 4696 Sanctus
1550 4641 1705 4693 char-

185 4736 284 4795 tam,
308 4747 405 4800 qua
430 4732 774 4787 Carthusiam
814 4732 1040 4802 Siguino
1078 4731 1246 4795 dedit,
1276 4730 1636 4786 dilabentibus
1675 4745 1706 4783 e

184 4816 429 4877 Carthusia
475 4824 752 4893 discipulis
794 4823 927 4890 suis,
960 4837 1053 4876 seu
1096 4822 1369 4876 iubarum
1411 4836 1478 4875 ex
1524 4834 1707 4874 eremo

186 4906 253 4961 illa
286 4928 488 4968 recessu
544 4914 825 4984 impertiit,
856 4914 947 4983 qui
977 4928 1161 4967 verum
1207 4912 1555 4981 intelligetur,
1587 4926 1708 4965 esse

189 4996 278 5055 illos
306 5005 368 5059 ob
399 5004 585 5060 Sancti
630 5007 928 5061 absentiam
958 5019 1050 5059 seu
1086 5020 1151 5059 eo
1197 5005 1248 5058 in
1277 5004 1472 5058 itinere
1509 5019 1539 5057 e
1578 5002 1711 5056 Car-

191 5088 328 5144 thusia
369 5110 555 5149 versus
584 5092 907 5164 pontificem
920 5094 1033 5163 jam
1083 5094 1369 5154 existente,
1407 5093 1485 5144 uti
1521 5091 1709 5145 charta

191 5182 502 5237 rEstitutiouis
524 5183 823 5237 Carthusia:
866 5183 976 5252 jam
1015 5182 1215 5249 pluries
1247 5180 1456 5234 laudata
1487 5179 1712 5243 indicat,

194 5280 214 5317 e
236 5269 492 5326 Carthusia
532 5273 800 5343 dilapsos?
848 5271 1185 5326 Mabillonius
1212 5271 1264 5324 in
1293 5270 1591 5325 Annalibus
1616 5270 1715 5325 Be-

195 5362 383 5417 nedictis
404 5363 492 5418 lib.
511 5380 873 5428 Lxxvu,num.
892 5362 1302 5421 9‘2.sicscribit:
1323 5360 1550 5414 «Eodem
1582 5370 1717 5415 tem-

198 5465 315 5519 νοτε,
361 5473 464 5525 quo
499 5467 656 5513 natus
700 5467 783 5513 est
827 5456 1159 5519 Bernartius,
1191 5454 1718 5521 Bruno,Carthusiaa

200 5539 377 5610 Majoris
402 5550 609 5617 primus
636 5548 936 5611 institutor,
975 5548 1043 5603 ab
1074 5545 1294 5601 Urbano
1320 5542 1383 5612 ll,
1427 5546 1517 5613 qui
1551 5545 1718 5614 ipsius

204 5636 309 5698 ιυριιά
352 5638 541 5695 Remos
587 5639 886 5709 discipulus
932 5638 1127 5701 fuerat,
1175 5637 1399 5691 Romam
1437 5644 1713 5693 evocatur.

205 5723 366 5792 utejus
396 5730 633 5786 consiliis
674 5731 725 5784 in
763 5730 1017 5785 Ecclesia:
1059 5728 1421 5786 moderamine
1458 5736 1721 5791 uteretur,

1804 4563 2040 4625 itinere,
2089 4533 2232 4626 (ιιῖοό
2279 4550 2586 4623 pontificem
2634 4554 2822 4598 versus
2871 4533 3154 4626 suscepit,
3189 4542 3387 4626 omnes

1803 4620 2035 4726 prorsus
2077 4620 2205 4706 suos
2252 4620 2306 4701 in
2359 4638 2647 4699 Carthusia
2689 4630 2979 4702 discipulos
3021 4624 3247 4681 comites
3285 4620 3387 4674 ha-

1805 4723 1988 4799 buisse
2012 4743 2278 4799 statuunt,
2307 4730 2522 4787 veritati
2547 4727 2858 4794 neutiquam
2882 4732 3040 4790 posse
3063 4723 3385 4783 congruere.

1808 4833 1863 4887 In
1894 4830 1980 4886 illa
2014 4828 2157 4884 enim
2187 4825 2400 4886 charta,
2442 4834 2547 4889 qua
2574 4817 2724 4872 hisce
2762 4811 3018 4882 Siguinus
3038 4802 3389 4861 Carthusiam

1811 4922 2075 4985 restituit,
2124 4918 2308 4972 Bruno
2354 4914 2542 4968 abiens
2585 4905 2926 4964 Landuinum
2980 4896 3234 4954 omnibus
3266 4892 3390 4946 aliis

1811 5015 1924 5070 suis
1954 5009 2229 5082 discipulis
2267 5008 2320 5062 in
2358 5003 2642 5061 Carthusia
2691 4992 3150 5054 commorantibus
3179 5000 3390 5082 praepot-

1813 5102 1987 5156 suisse
2013 5098 2246 5159 dicitur;
2291 5093 2379 5161 qui
2419 5100 2596 5145 autem
2641 5088 2841 5142 factum
2882 5082 2934 5136 id
2970 5092 3090 5134 esse
3120 5081 3301 5144 queat,
3342 5086 3387 5124 SI

1814 5207 1937 5249 cum
1970 5190 2175 5245 Sancto
2206 5195 2261 5241 et
2286 5182 2602 5239 Landuinus
2637 5187 2692 5235 et
2714 5175 2905 5245 reliqui
2954 5182 3142 5226 omnes
3166 5165 3291 5233 ejus
3312 5163 3387 5216 di-

1817 5280 2006 5350 scipuli
2052 5279 2157 5333 iter
2192 5289 2383 5330 versus
2413 5270 2724 5342 pontificem
2764 5256 3141 5331 susceperint?
3174 5254 3396 5353 IVerum

1820 5345 2001 5425 nonne
2042 5367 2277 5424 Sanctus
2323 5364 2530 5433 aliquot
2575 5360 2765 5416 saltem
2797 5372 2860 5413 ex
2903 5354 3050 5407 hisce
3077 5345 3254 5403 socios
3307 5345 3397 5395 iti-

1820 5462 1966 5516 neris
1990 5460 2091 5515 sibi
2139 5457 2327 5511 habuit
2376 5452 2688 5523 adjunctos!
2725 5448 2821 5503 Est
2872 5457 3038 5504 sane,
3080 5452 3177 5529 cur
3209 5434 3260 5529 id
3290 5447 3394 5529 non

1822 5561 1978 5603 nemo
2030 5545 2129 5599 sibi
2178 5542 2522 5610 persuadeat,
2579 5551 2725 5598 cum,
2780 5540 2840 5585 ut
2891 5541 3051 5596 supra
3106 5523 3285 5583 docui,
3344 5523 3394 5572 in

1822 5635 2026 5693 chartis
2074 5632 2289 5701 Rogerii
2335 5629 2567 5691 comitis,
2613 5634 2665 5678 et
2701 5621 2911 5687 lingerii
2962 5615 3116 5671 ducis
3168 5613 3398 5701 Sanctus

1824 5742 1947 5783 cum
1980 5723 2140 5778 sociis
2163 5699 2272 5775 sibi
2309 5716 2574 5789 adjunctis
2610 5730 2638 5767 e
2675 5711 2859 5768 Gallia!
2890 5706 3132 5779 partibus
3160 5704 3212 5760 in
3245 5699 3403 5755 Cala-
