3846 6316
482 343 587 400 515

1295 347 1351 405 S.
1387 348 1736 406 BRUNONIS
1775 346 2413 406 CARTIIUSIANORUM
2446 345 2926 405 lNS'I‘lTUTORlS

3591 359 3671 416 3l6

490 458 666 511 briam
705 457 917 513 dicatur
937 460 1242 526 advenisse,
1274 478 1373 518 nec
1399 474 1483 518 sat
1523 474 1648 534 apte
1681 465 1784 518 dici
1819 464 1870 518 id
1910 477 2066 532 posse
2094 465 2143 523 Α
2170 459 2450 526 Calabros,
2483 470 2543 515 ut
2591 461 2750 530 paulo
2785 470 2908 530 post
2936 461 3092 516 datus
3129 458 3176 516 ei
3212 459 3365 516 fuerit
3397 463 3532 522 locus
3556 470 3600 522 in
3623 489 3672 526 ea

488 549 767 614 videatur,
823 549 924 603 nisi
971 550 1204 607 Sanctus
1248 569 1352 607 una
1387 569 1508 607 cum
1555 555 1738 618 sociis,
1783 568 1919 622 quos
1959 553 2060 607 sibi

490 632 726 687 habebat
761 631 1066 701 adjunctos,
1120 637 1224 690 iter
1266 637 1570 692 Calabriam
1599 653 1789 693 versus
1837 654 1904 692 ex
1945 638 2061 707 ipsa

490 723 665 776 Gallia
697 724 990 779 irreboarit.
1021 727 1174 792 Quod
1197 729 1240 783 si
1275 729 1492 784 interim
1535 730 1588 784 id
1619 731 1920 800 displiceat,
1949 731 2062 806 ldu-

490 813 767 869 bitandum
800 819 1048 887 equidem
1081 836 1186 872 non
1221 830 1319 882 est=
1348 822 1478 890 quin
1514 821 1767 885 Sanctus,
1799 838 1917 876 cum
1947 837 2059 875 om-

493 919 590 960 nes
615 906 735 975 ejus
775 907 1192 964 Carthusienses
1235 913 1485 981 discipuli
1535 913 1811 968 consecuti
1845 927 1966 966 eum
2009 913 2059 966 in

488 993 642 1048 Italia
677 1007 879 1065 essent,
908 999 1113 1068 aliquot
1158 1017 1224 1055 ex
1270 1003 1442 1068 hisce,
1503 1003 1556 1058 in
1602 1004 1944 1058 Carthusiam
1982 1018 2061 1057 re-

492 1085 672 1140 missis
697 1087 838 1152 aliis,
873 1091 1012 1158 apud
1044 1107 1102 1144 se
1131 1095 1432 1146 retinuerit.
1467 1093 1619 1148 Unde
1641 1094 1785 1148 enim
1826 1093 2060 1162 alioquin

489 1191 612 1231 cum
639 1179 705 1232 ad
736 1181 989 1234 comitem
1034 1183 1321 1250 Rogerium
1364 1185 1471 1253 (adi
1521 1201 1664 1239 num.
1699 1185 1803 1239 509
1841 1194 1898 1239 ct
1921 1186 2061 1255 seq.)

490 1266 543 1340 in
569 1267 874 1326 Calabriam
905 1275 1156 1333 accessit.
1184 1277 1362 1330 socios
1409 1277 1532 1340 sibi,
1565 1277 1656 1346 qui
1707 1293 1736 1330 e
1765 1277 2062 1331 Galliarum

488 1361 734 1428 partibus
787 1365 1076 1432 venissent,
1125 1369 1404 1422 habuisset
1434 1369 1752 1436 adjunctus?
1798 1370 1902 1423 Sed
1951 1370 2064 1423 lucc

489 1449 558 1502 de
585 1450 879 1520 discipulis,
908 1443 1042 1524 quos
1071 1456 1321 1521 Sanctus,
1353 1473 1477 1511 eum
1501 1458 1843 1512 Carthusiam
1867 1459 2060 1513 summi

491 1541 762 1606 pontiﬁcis
807 1544 962 1612 jussu
1005 1546 1266 1610 deseruit,
1300 1549 1611 1616 curiamque
1647 1548 1942 1602 Romanam
1974 1563 2062 1616 pe-

488 1629 596 1691 tiit,
629 1634 740 1696 sub,
770 1635 1054 1706 disciplina
1101 1655 1196 1693 sua
1245 1639 1496 1693 habuerit
1525 1680 1538 1702 ,
1594 1640 1731 1694 dicta
1764 1640 2059 1706 sufﬁciant;

488 1717 542 1771 in
575 1729 784 1789 tempus
829 1725 1009 1790 modo,
1057 1741 1164 1794 quo
1206 1741 1348 1791 sese,
1392 1727 1674 1782 Carthusia
1721 1729 1952 1793 deserta,
1998 1730 2060 1782 ad

487 1811 694 1866 curiam
723 1814 1022 1870 Romanam
1047 1818 1357 1880 contulerit,
1402 1818 1756 1887 inquiramus.

557 1903 680 1958 517.
707 1905 973 1962 Baronius
997 1908 1046 1962 id
1079 1923 1223 1962 anno
1256 1910 1395 1965 1092
1430 1910 1632 1965 factum
1677 1911 1886 1976 statuit,
1919 1912 2060 1980 quod

491 1992 757 2058 Sanctus,
799 1999 875 2051 uti
920 1997 1288 2065 intellexerat,
1338 2017 1482 2055 anno
1520 2001 1961 2055 commorationis
2008 2002 2060 2055 iu

486 2081 772 2138 Carthusia
815 2095 972 2142 sexto
1000 2089 1068 2142 ad
1113 2091 1319 2144 curiam
1371 2090 1670 2146 Romanam
1720 2091 1909 2146 fuisset
1935 2107 2064 2146 evo-

486 2185 664 2241 catus,
696 2193 898 2249 sexque
927 2182 1054 2237 anni
1086 2183 1154 2236 ab
1183 2199 1324 2238 anno
1350 2184 1508 2246 1086,
1545 2201 1674 2253 quo,
1703 2196 1760 2239 ut
1797 2201 1957 2254 supra
1986 2189 2064 2241 vi-

488 2266 688 2330 dimus,
723 2268 906 2324 Sancti
957 2272 1011 2326 in
1053 2273 1396 2328 Carthusiam
1445 2291 1717 2329 secessum
1758 2276 2059 2347 consignat,

490 2355 561 2411 ad
598 2358 798 2414 dictum
847 2378 1046 2417 annum
1097 2364 1234 2419 1092
1279 2366 1567 2419 deducant.
1603 2368 1797 2421 Verum
1829 2384 1950 2421 cum
1995 2385 2063 2422 ex

489 2464 651 2518 supra
693 2451 850 2506 dictis
872 2453 1054 2507 Bruno
1082 2471 1184 2508 non
1213 2472 1354 2509 anno
1382 2459 1614 2526 primum
1647 2459 1804 2522 1086,
1839 2461 1932 2513 sed
1951 2458 2062 2526 jam

490 2541 618 2596 inde
644 2543 708 2596 ab
737 2559 880 2598 anno
917 2545 1052 2600 1084
1084 2547 1136 2600 in
1183 2547 1482 2602 Carthusia:
1505 2564 1688 2602 eremo
1726 2551 1904 2603 sedem
1935 2552 2065 2604 ﬂxe-

493 2633 582 2693 rit,
616 2647 788 2701 seque
829 2645 898 2694 _ut
940 2637 1374 2704 antiquissimum
1423 2640 1632 2707 ﬁdeque
1687 2657 1752 2693 ex
1794 2641 1952 2695 dictis
1983 2642 2064 2695 di-

487 2720 807 2790 gnissimum
863 2725 1157 2795 primorum
1223 2738 1418 2796 quater
1470 2730 1773 2786 Carthusia:
1825 2733 2063 2800 priorum

487 2809 797 2867 Cbronieon
828 2815 878 2868 in
907 2815 1095 2870 Saneti
1119 2818 1313 2887 elogio,
1344 2835 1490 2872 unm.
1525 2821 1555 2874 7
1586 2822 1690 2876 huc
1720 2823 2061 2890 transcripto,

491 2911 740 2969 testatur,
773 2905 1072 2962 Romanam
1126 2910 1192 2963 ad
1234 2910 1461 2975 cmiam,
1495 2927 1616 2964 cum
1652 2926 1892 2966 eremum
1933 2913 2065 2967 Car-

488 2995 683 3049 thusia:
717 2999 946 3052 rexisset
975 3014 1067 3053 sex
1097 3002 1276 3064 anuis,
1312 3003 1630 3065 contulerit,
1666 3005 2062 3059 consectarium

488 3087 569 3149 fit,
612 3095 672 3139 ut
718 3087 768 3141 id
835 3104 976 3143 anno
1011 3091 1180 3155 1090,
1231 3096 1367 3145 ultra
1404 3109 1641 3146 mensem
1686 3093 1924 3160 .lunium,
1959 3111 2064 3163 quo

485 3191 552 3229 ex
591 3177 750 3231 dictis
776 3195 896 3234 sese
944 3181 996 3234 in
1031 3182 1370 3237 Carthusiant
1414 3183 1646 3239 Sanetus
1677 3187 1902 3251 abdidit,
1947 3187 2062 3254 jam

487 3280 767 3338 provectu,
813 3272 1032 3327 indubie
1078 3274 1290 3338 fecerit,
1342 3276 1384 3329 si
1437 3277 1561 3329 anni
1605 3293 1723 3340 sex,
1769 3278 1965 3345 quibus
2013 3279 2064 3333 in

484 3355 773 3414 Carthusia
805 3373 1172 3416 commoratus
1195 3380 1223 3416 a
1248 3365 1545 3432 primorum
1577 3375 1812 3435 quatuor
1834 3367 2068 3421 Carthu-

488 3448 584 3504 sia:
631 3451 870 3518 priorum
930 3454 1273 3523 Cbrnnologo
1333 3457 1594 3520 traditur,
1649 3471 1746 3524 pro
1785 3458 2066 3524 completis

492 3539 604 3590 sint
642 3539 859 3593 ahendi.
901 3541 975 3595 Ac
1027 3542 1366 3597 IlI-abillonius
1410 3545 1625 3611 quidem
1671 3545 1724 3598 in
1768 3545 2068 3601 Annalibus

489 3627 852 3685 Renedictinis
895 3631 984 3685 lib.
1015 3649 1182 3698 vau,
1226 3652 1370 3688 unm.
1413 3637 1483 3690 9‘2
1506 3636 1689 3692 Sancti
1719 3654 1748 3693 e
1777 3641 2065 3694 Carthusia

494 3733 773 3786 egressum
799 3736 941 3774 anno
971 3723 1106 3776 1090
1147 3724 1390 3778 innectit.
1440 3727 1744 3782 Mabillunio
1768 3739 2068 3784 consonant

493 3812 745 3866 Historia:
808 3814 1084 3871 litteraria:
1145 3818 1387 3875 Francia:
1447 3820 1755 3890 Scriptores
1811 3832 1941 3877 tom.
1971 3822 2064 3888 IX,

490 3918 616 3972 pag.
645 3903 770 3969 259,
802 3907 881 3960 uti
911 3908 1074 3962 etiam
1121 3911 1313 3980 Pagins
1353 3912 1402 3965 in
1446 3913 1684 3979 Critieis,
1716 3915 1915 3983 aliique
1943 3931 2068 3969 cru-

495 3996 592 4048 diti
643 3998 844 4065 passim
885 4016 1096 4056 omnes.
1130 4001 1330 4058 Verum
1358 4005 1409 4058 in
1456 4005 1575 4059 Vita
1607 4007 1805 4061 Urbani
1837 4007 1877 4061 ll
1919 4023 2069 4076 papa:

495 4084 790 4143 Mabillonii
818 4102 872 4145 et
906 4090 1175 4146 Ruinartii
1210 4093 1444 4163 Operum
1485 4100 1901 4166 postbumorum
1935 4109 2065 4154 tom.

490 4172 555 4228 111
583 4176 806 4244 inserta,
838 4195 960 4250 pag.
987 4180 1055 4235 69
1096 4185 1366 4250 posterior
1400 4199 1429 4238 e
1455 4184 1595 4238 binis
1621 4185 1769 4239 hisce
1789 4188 2068 4255 scriptori-

488 4266 609 4331 bus,
642 4280 945 4340 postquam,
985 4272 1257 4327 Urbauum
1290 4273 1332 4327 ll
1385 4290 1576 4344 papam
1614 4290 1755 4330 anno
1783 4267 2068 4331 1089ἐοη-

492 4361 676 4417 cilium
718 4381 811 4418 seu
845 4370 1111 4438 synodum
1157 4369 1352 4440 Melpiti
1390 4371 1715 4436 celebrasse,
1761 4373 1904 4427 Barii
1943 4390 2066 4428 ossa

495 4451 556 4506 S.
606 4454 810 4510 Nicolai
861 4461 1236 4528 transtulisse,
1286 4463 1457 4516 Eliam
1510 4463 1820 4533 episcopum
1879 4479 2071 4520 conse-

494 4557 683 4598 crasse
714 4562 777 4599 ac
813 4551 1028 4603 tandem
1059 4551 1368 4608 Calabriam
1399 4553 1784 4623 perlustrando
1807 4553 2072 4624 Rhegium

497 4649 672 4703 usque
712 4648 1024 4705 penetrasse
1055 4646 1316 4711 narravit,
1362 4647 1432 4700 ita
1481 4656 1784 4701 memorat:
1824 4664 1843 4696 ι
1875 4647 2071 4701 Eadem

495 4725 664 4779 etiam
710 4730 998 4786 occasione
1048 4733 1396 4800 Rrunonem,
1438 4736 1923 4791 Cartltusianorum
1979 4751 2074 4806 pa-

499 4825 730 4885 rentem,
777 4837 900 4875 cum
945 4823 1163 4878 Urbano
1187 4826 1490 4882 Calabriam
1526 4829 1910 4898 perlustrasse,
1952 4829 2074 4898 plus

495 4925 662 4981 quam
690 4913 970 4982 probabile
996 4925 1096 4970 est.
1129 4916 1180 4971 Is
1212 4934 1404 4988 nempe
1429 4934 1456 4971 a
1485 4921 1766 4988 pontiﬁce,
1799 4937 1896 4976 suo
1918 4921 2070 4988 olim,

496 5010 558 5056 ut
579 5002 837 5069 diximus,
871 5021 993 5060 cum
1033 5007 1241 5062 litteras
1275 5009 1356 5062 vir
1417 5019 1638 5066 sanctus
1701 5013 1754 5064 in
1792 5012 2074 5070 Remensis

493 5094 744 5151 ecclesia:
775 5099 1051 5153 academia
1082 5100 1322 5166 doceret,
1351 5101 1634 5171 discipulo,
1666 5113 1942 5167 evocatus,
1970 5105 2072 5160 hoc

499 5201 643 5240 anno
666 5188 829 5255 (1089
855 5189 1128 5260 videlicet)
1157 5192 1224 5246 ad
1247 5191 1394 5245 illum
1425 5193 1672 5256 accessit,
1701 5207 1798 5246 nec
1827 5193 2072 5260 dubium,

495 5278 628 5348 quin
667 5278 830 5333 etiam
867 5294 991 5334 eum
1028 5290 1246 5336 secutus
1276 5282 1439 5338 fuerit
1471 5285 1520 5336 in
1559 5283 1805 5353 Apuliam
1833 5292 1888 5337 et
1917 5283 2077 5338 Cala-

498 5368 700 5433 briam,
725 5385 849 5425 cum
885 5386 948 5426 eo
987 5373 1168 5427 animo
1196 5372 1502 5428 Brunonem
1547 5375 1923 5429 accersivisset
1973 5373 2076 5428 Ur-

500 5461 695 5526 banus,
724 5472 784 5516 ut
821 5461 940 5532 ejus
987 5463 1229 5520 consiliis
1259 5465 1310 5519 in
1356 5466 1516 5519 rebus
1559 5465 1908 5529 difﬁcillimis,
1956 5481 2076 5535 qua:

500 5565 628 5611 tunc
668 5556 982 5627 frequenter
1010 5560 1382 5628 emergebant,
1414 5568 1678 5614 uteretur.
1719 5559 1877 5613 Aliud
1906 5558 2074 5612 babe-

499 5654 589 5699 tur
615 5647 856 5716 ejusdem
906 5650 980 5704 rei
1021 5661 1424 5721 argumentum,
1463 5650 1604 5720 quod
1639 5666 1828 5720 nempe
1869 5651 2076 5704 Bruno-

501 5737 584 5792 nis
630 5739 889 5796 sanctitas
921 5757 983 5797 ex
1030 5758 1092 5799 co
1124 5752 1364 5812 tempore
1395 5743 1525 5798 adeo
1566 5751 1692 5798 nota
1728 5741 1887 5796 fuerit
1933 5741 2072 5810 apud

2164 551 2384 620 regione
2430 551 2496 604 ad
2542 551 2975 616 inhabitandum,
3024 567 3182 622 quem
3232 555 3402 624 reipsa
3447 574 3569 614 anno
3609 578 3676 615 se-

2165 640 2355 706 quenti
2390 656 2512 694 cum
2539 641 2810 694 nonnullis
2835 657 2864 696 e
2889 642 3002 696 suis
3038 643 3320 697 incolebat.
3348 645 3398 698 ld
3422 659 3605 702 constat
3628 668 3679 704 cx

2165 731 2378 802 Rogerii
2435 734 2652 786 comitis
2691 733 3019 802 diplomate,
3065 735 3206 803 quod
3253 735 3317 790 G.
3367 735 3598 794 Surianus
3639 743 3680 794 in

2165 822 2317 878 Notis
2363 823 2427 877 ad
2468 823 2644 878 Vitam
2691 825 2748 878 S.
2787 825 3078 889 Brunonis,
3125 836 3177 878 et
3214 824 3459 896 Ughellus
3493 839 3602 881 tom.
3627 830 3682 883 lx

2164 912 2320 965 simul
2350 928 2470 966 cum
2519 912 2786 966 Theodori
2829 913 3212 982 Squillaeensis
3255 916 3478 985 episcopi
3523 918 3684 973 contir-

2164 1004 2404 1058 matione
2445 1005 2751 1058 ediderunt.
2792 1023 2807 1056 ι

2235 1091 2358 1145 518.
2406 1093 2557 1158 Quod
2607 1093 2650 1146 si
2705 1108 2834 1161 ergo
2883 1103 3032 1148 recte
3077 1095 3164 1150 hic
3209 1105 3355 1150 notet
3396 1096 3686 1166 Ruinartius,

2167 1180 2398 1237 Sanetus
2429 1193 2612 1238 noster
2632 1183 2744 1251 jam
2787 1186 2911 1240 inde
2942 1187 3010 1239 ab
3050 1203 3192 1241 anno
3222 1188 3370 1250 1089,
3401 1199 3450 1242 et
3486 1190 3686 1257 quidem,

2164 1273 2268 1327 hoc
2319 1274 2554 1327 nondum
2601 1275 2739 1327 ultra
2785 1291 3023 1329 mensem
3059 1276 3426 1346 Septembrem
3456 1289 3686 1347 provecto,

2165 1363 2232 1416 ad
2268 1363 2544 1417 Urbanum
2585 1364 2626 1418 ll
2667 1381 2860 1434 papam
2902 1368 3226 1430 accesserit;
3267 1367 3523 1421 Urbanum
3555 1370 3689 1434 enim,

2166 1464 2225 1507 ιιι
2255 1455 2385 1520 vult,
2421 1455 2474 1509 in
2516 1455 2765 1524 Apuliam
2805 1473 2949 1510 anno
2978 1458 3067 1510 illo
3095 1459 3515 1526 proﬁciscentem
3556 1461 3691 1511 comi-

2168 1554 2310 1599 tatus
2355 1557 2460 1611 εει,
2494 1547 2852 1615 concilioque,
2900 1548 3096 1602 ibidem
3127 1558 3252 1602 tunc
3283 1565 3460 1602 mense
3489 1547 3693 1616 Scp'cut-

2166 1635 2270 1699 hri,
2316 1645 2373 1690 ttt
2416 1637 2592 1699 docet,
2638 1637 2934 1702 celebrato,
2982 1653 3102 1692 cum
3133 1654 3196 1691 eo
3242 1638 3494 1692 interfuit.
3527 1636 3691 1691 Verum

2169 1724 2375 1778 nihilne
2411 1734 2518 1790 est,
2572 1728 2716 1795 quod
2762 1728 2900 1780 hanc
2943 1726 3212 1780 Ruinartii
3257 1728 3548 1797 Opinionem
3583 1738 3696 1781 vetet

2097 1793 2137 1850 Β
2167 1817 2445 1885 amplecti,
2496 1831 2588 1869 seu
2634 1831 2662 1869 a
2696 1831 2822 1870 vero
2864 1815 3094 1870 alienata
3137 1833 3260 1872 esse
3289 1817 3557 1870 evidenter
3577 1817 3697 1870 evin-

2163 1909 2286 1962 cat?
2316 1908 2602 1977 Antiquior
2631 1907 2811 1962 Sancti
2841 1908 3009 1962 nostri
3047 1909 3376 1977 biographus
3402 1922 3538 1960 num.
3560 1907 3620 1961 21
3641 1909 3698 1960 ita

2164 2002 2230 2055 de
2261 2001 2510 2056 Bi‘ttnone
2529 2003 2706 2070 prodit
2735 2003 3008 2056 memoria:
3035 2021 3046 2055 :
3100 2021 3117 2052 ι
3160 2002 3412 2055 Eremum
3442 1998 3699 2054 Carthusia:

2166 2093 2309 2145 rexit
2351 2107 2442 2145 sex
2480 2092 2656 2156 anuis,
2700 2102 2755 2146 et
2788 2101 2926 2160 post,
2961 2101 3016 2144 ut
3056 2090 3370 2161 prmdictum
3398 2100 3495 2154 est,
3525 2104 3549 2141 a
3588 2101 3700 2158 papa

2163 2192 2408 2247 vocatus,
2439 2192 2493 2236 et
2525 2198 2630 2236 non
2665 2183 2753 2237 diu
2783 2198 2901 2252 pos:
2943 2183 3008 2236 ad
3054 2197 3298 2236 eremum
3343 2180 3608 2242 Calabriae,
3632 2177 3701 2232 cui

2165 2271 2357 2326 Turris
2386 2287 2580 2326 nomen
2612 2281 2716 2338 est,
2747 2273 3040 2337 transiens,
3069 2273 3166 2337 ibi,
3215 2280 3404 2327 sancto
3433 2275 3703 2325 constructo

2165 2365 2519 2429 monasterio,
2553 2365 2843 2420 multorum
2869 2365 2962 2418 Dei
2987 2380 3265 2420 servorum
3292 2364 3701 2417 anachoretarum

2166 2463 2349 2510 rector
2377 2455 2590 2510 exstitit
2613 2464 2669 2510 et
2697 2455 2964 2517 minister,
2987 2464 3036 2509 et
3067 2455 3292 2518 ibidem,
3311 2453 3451 2508 felici
3483 2453 3592 2505 vita:
3615 2464 3704 2505 sua:

2164 2560 2326 2600 cursu
2357 2556 2596 2614 peracto,
2629 2543 2883 2615 migravit
2909 2544 2975 2598 ad
3000 2543 3286 2598 Dominum
3318 2553 3436 2612 post
3467 2554 3705 2612 egressum

2165 2635 2470 2691 Carthusia:
2514 2637 2802 2691 undecimo
2850 2623 3024 2701 anno,
3064 2652 3161 2691 nec
3212 2635 3356 2706 plus,
3404 2650 3501 2689 nec
3538 2633 3706 2695 minus,

2166 2727 2306 2780 sicut
2336 2726 2388 2780 in
2432 2726 2585 2780 libris
2615 2726 3072 2781 Cousuctudinum
3113 2727 3297 2780 domui
3323 2727 3588 2796 Guigonis,
3613 2738 3708 2794 qua:

2167 2829 2294 2874 sunt
2337 2820 2389 2872 in
2422 2819 2583 2874 domo
2619 2818 2938 2884 Carthusiae,
2971 2818 3302 2874 continetur.
3344 2837 3363 2870 ι
3397 2818 3468 2872 Ita
3504 2817 3601 2879 il'c,
3639 2813 3708 2867 cui

2167 2912 2212 2965 si
2263 2911 2665 2966 assentiendum
2710 2911 2803 2974 sit,
2851 2909 3034 2963 Sancti
3083 2925 3114 2962 e
3153 2909 3441 2963 Carthusia
3471 2918 3710 2978 egressum

2167 3016 2261 3055 seu
2313 3015 2592 3054 accessum
2643 2999 2712 3054 ad
2761 2999 3041 3054 Urbanum
3089 2997 3130 3052 ll
3175 3014 3370 3068 papam
3420 3012 3553 3052 anno
3580 2993 3707 3050 1089.

2169 3092 2308 3147 ultra
2341 3090 2714 3159 Septembrem
2756 3104 2862 3142 non
2902 3096 3192 3159 provecto,
3237 3087 3551 3141 Ruinartius
3590 3083 3710 3138 omni

2169 3182 2332 3237 dubio
2360 3179 2547 3249 procul
2573 3191 2856 3248 perperam
2889 3179 3131 3234 innectit.
3163 3178 3298 3231 Cum
3332 3179 3474 3232 enim
3490 3177 3711 3234 Sanctus.

2169 3273 2246 3326 uti
2280 3271 2421 3342 apud
2470 3286 2659 3324 omnes
2707 3271 2758 3324 in
2791 3270 3038 3325 confesso
3069 3278 3183 3332 est,
3215 3270 3463 3338 infraque
3493 3265 3712 3337 probabi-

2171 3374 2257 3417 tur
2281 3378 2423 3416 anno
2445 3363 2604 3426 1101,
2625 3377 2676 3415 vt
2712 3360 2963 3415 Octobris
2993 3362 3097 3423 die,
3123 3377 3154 3414 e
3175 3361 3313 3414 vivis
3339 3360 3550 3422 abierit,
3579 3356 3716 3422 ejuse

2171 3453 2460 3508 Carthusia
2491 3466 2792 3522 egressum,
2833 3451 2877 3505 si
2910 3466 3104 3515 annus,
3135 3451 3223 3519 qui
3260 3453 3327 3504 ab
3363 3451 3463 3504 hoc
3486 3447 3713 3502 cucurrit.

2168 3545 2509 3606 undecimus,
2552 3559 2672 3597 cum
2725 3558 2848 3596 mox
2899 3543 3042 3598 dicto
3097 3542 3387 3597 emortuali
3438 3541 3550 3608 ejus
3598 3549 3716 3590 anno

2170 3640 2300 3692 1101
2339 3638 2521 3691 verbis
2566 3636 2812 3690 recitatis
2854 3635 2922 3690 ah
2949 3635 3258 3701 antiquiore
3305 3642 3493 3688 nostro
3536 3631 3717 3698 biogra-

2169 3730 2276 3799 pho
2306 3738 2454 3783 recte
2493 3736 2872 3796 componatur,
2920 3741 3024 3779 non
3070 3740 3233 3789 anno,
3279 3734 3338 3778 ttt
3384 3725 3563 3778 statuit
3607 3719 3719 3774 Rui-

2171 3819 2399 3880 nartius,
2435 3819 2589 3879 1089,
2621 3817 2760 3870 ultra
2791 3816 3166 3883 Septembrem
3198 3816 3435 3868 nondum
3469 3825 3716 3884 provecto,

2172 3909 2262 3964 sed
2301 3925 2442 3962 anno
2475 3909 2632 3971 1090,
2683 3917 2735 3959 ct
2779 3907 2993 3976 quidem
3045 3907 3184 3959 ultra
3222 3922 3272 3959 Vl
3317 3905 3562 3959 Octobris
3600 3903 3718 3956 diem

2165 3999 2279 4068 jam
2309 4008 2588 4069 provecto,
2621 3999 2890 4061 evenisse,
2946 4013 3168 4051 necesse
3198 4006 3302 4060 est,
3345 4011 3470 4050 eum
3499 3996 3564 4047 ab
3601 4006 3720 4045 anno

2170 4095 2390 4163 quidem
2422 4093 2578 4158 1089,
2611 4092 2748 4146 ultra
2777 4091 3155 4160 Septembrem
3203 4091 3441 4144 nondum
3472 4095 3718 4160 provecto,

2170 4200 2342 4255 usque
2365 4186 2432 4238 ad
2460 4185 2586 4238 anni
2622 4184 2751 4238 1101
2799 4193 3006 4238 sextam
3033 4182 3285 4238 Octobris
3309 4184 3454 4236 diem
3483 4180 3601 4234 anui
3628 4194 3724 4232 am—

2171 4279 2310 4348 plius
2339 4277 2623 4331 duodecim
2663 4276 2944 4346 completi,
2991 4290 3132 4329 anno
3173 4285 3352 4330 autem
3389 4274 3553 4337 1090,
3584 4272 3643 4324 ad
3681 4284 3721 4320 vt

2169 4368 2421 4423 Octobris
2451 4367 2591 4421 diem
2618 4367 2850 4418 nondum
2879 4374 3156 4436 provecto,
3177 4365 3242 4418 ad
3266 4367 3512 4419 eamdem
3538 4370 3721 4418 sextam

2101 4475 2146 4532 ι)
2175 4457 2298 4510 anni
2329 4456 2456 4509 1101
2479 4455 2730 4510 Octobris
2756 4453 2897 4508 diem
2925 4454 3049 4507 anni
3075 4455 3306 4522 amplius
3331 4454 3579 4508 undecim
3604 4463 3724 4504 com-

2177 4548 2304 4617 pleti
2342 4547 2707 4609 excurrerint,
2753 4547 2964 4615 sicque,
3009 4556 3198 4601 contra
3237 4562 3300 4601 ac
3347 4546 3616 4615 antiquior
3641 4556 3721 4595 no-

2175 4650 2288 4694 ster
2315 4639 2644 4708 biographus
2669 4638 2880 4702 scribit,
2916 4638 3149 4691 Sanctus
3180 4653 3288 4690 non
3319 4636 3619 4698 undecimo,
3645 4630 3726 4686 srd

2176 4732 2260 4786 vel
2307 4731 2628 4786 duodecimo
2660 4739 2750 4783 aut
2780 4730 2944 4783 etiam
2975 4729 3185 4783 decimo
3213 4727 3371 4781 tertio
3397 4735 3518 4796 post
3539 4739 3679 4779 suum
3701 4733 3727 4772 e

2176 4823 2462 4880 Carthusia
2510 4837 2788 4891 egressum
2823 4836 2965 4874 anno
3009 4820 3190 4873 vivere
3236 4819 3506 4872 desiisset.
3549 4815 3726 4897 Verum

2176 4930 2317 4968 anne
2364 4913 2452 4967 hic
2495 4913 2792 4981 primorum
2853 4911 3087 4978 quinque
3147 4910 3452 4963 Carthusia:
3504 4907 3725 4977 priorum

2177 5007 2540 5076 cbronologus
2575 5021 2668 5059 seu
2707 5005 2980 5074 antiquior
3007 5002 3188 5055 Sancti
3222 5003 3390 5055 nostri
3423 4998 3729 5066 biograplnls

2176 5115 2376 5155 annmn
2432 5097 2589 5162 1101,
2661 5095 2864 5148 Sancto
2922 5093 3310 5159 emortualem,
3358 5109 3479 5146 cum
3531 5089 3730 5145 deﬁnito

2175 5201 2296 5262 post
2320 5191 2436 5260 ejus
2461 5205 2492 5244 e
2513 5188 2797 5244 Carthusia
2822 5201 3099 5255 egressura
3127 5201 3270 5240 anno
3299 5185 3578 5240 undecimo
3603 5190 3729 5234 recte

2175 5283 2440 5350 camponit
2457 5281 2483 5334 τ

2247 5373 2368 5428 519.
2402 5372 2726 5442 Neutiquam
2755 5383 2924 5424 sane:
2961 5368 3223 5424 Sanctum
3265 5368 3432 5429 cnim,
3462 5373 3729 5432 antequam

2179 5479 2353 5518 annus
2399 5463 2534 5518 1090
2569 5462 2635 5516 ad
2666 5461 2978 5522 Octobrem,
3033 5459 3140 5514 imo
3169 5459 3235 5513 ad
3284 5458 3562 5527 septimam
3599 5453 3728 5506 deci-

2180 5570 2320 5607 mam
2347 5552 2680 5620 Septembris
2709 5552 2851 5606 diem
2880 5559 3026 5605 esset
3061 5557 3373 5617 provectus,
3406 5563 3437 5601 e
3463 5539 3727 5600 Carthusia

2180 5661 2299 5699 sese
2327 5645 2392 5696 ad
2431 5643 2704 5697 Urbanum
2734 5642 2771 5694 il
2804 5656 2995 5710 papam
3026 5639 3336 5700 contulisse,
3379 5653 3410 5691 e
3437 5637 3615 5690 charta
3657 5631 3728 5682 iu-

2182 5737 2260 5790 b-a
2292 5737 2395 5791 lntc.
2421 5735 2848 5798 transerilu'mla,
2875 5749 2977 5801 qua
3009 5731 3263 5802 Siguiuus
3285 5724 3553 5785 Casa—Dei
3577 5721 3726 5776 abbas
