3846 6316
147 355 234 418 517
563 419 566 424 ,
1636 359 1834 418 ACTA.

3262 369 3368 428 518

147 475 465 533 Carthasiam
494 473 851 530 redeuntibus
878 473 944 530 ad
973 475 1134 540 hanc,
1155 490 1183 529 a
1203 476 1417 544 quibus,
1441 476 1692 531 Brunone
1724 484 1769 538 Α
1801 479 2017 534 functus
2063 491 2216 537 certo
2259 497 2364 536 non
2393 491 2494 547 est,
2551 489 2698 538 tanto
2747 481 3004 552 temporis
3037 483 3211 553 spatio
3246 492 3369 554 post

146 571 199 623 ad
226 568 493 621 Urbanum
528 567 793 632 abeunte,
847 565 1024 621 fuerat
1069 567 1281 632 relicta,
1328 567 1702 622 Cartbusianis

149 660 321 723 reddit,
353 667 563 712 certum
588 657 810 711 omnino
836 669 920 710 est
952 669 1114 725 atque
1155 657 1540 722 indubitatum,
1579 673 1700 712 cum

151 764 310 802 «anno
330 747 396 800 ab
429 748 810 801 lnearnatione
839 747 1043 800 Domini
1075 746 1233 812 1190,
1283 763 1350 800 xv
1390 747 1506 801 Kal.
1540 747 1726 802 Octo--

149 838 270 891 bris:
297 836 416 889 data
451 841 691 898 notetur,
735 834 970 902 annique
997 834 1226 902 amplius
1267 835 1514 888 undecim
1547 849 1576 887 a
1615 849 1702 889 se-

149 930 289 995 ptima
337 926 548 980 decima
587 926 714 978 anni
753 924 890 978 1090
913 924 1248 994 Septembris
1297 925 1385 980 die
1428 942 1597 996 usque
1633 927 1699 980 ad

149 1029 326 1072 sextam
377 1016 503 1070 anni
555 1015 686 1070 1101
745 1014 994 1069 Octobris
1047 1015 1212 1077 diem,
1271 1015 1470 1070 Sancto
1515 1026 1701 1072 nostro

149 1110 496 1168 enutrzualcm,
527 1109 888 1162 exeurreriut.
924 1109 1098 1176 Atque
1143 1110 1214 1162 ita
1243 1110 1458 1176 quidem
1501 1109 1613 1178 iam
1638 1111 1700 1164 li-

151 1215 294 1270 quet,
346 1219 547 1256 annum
599 1201 836 1256 Brunoni
890 1204 1241 1257 emortualem
1285 1204 1506 1258 deﬁnito
1557 1219 1699 1258 anno

151 1303 248 1360 post
271 1293 382 1359 ejus
423 1307 454 1346 e
495 1292 786 1346 Carthusia
826 1307 1100 1362 egressura
1137 1295 1419 1348 undecimo
1448 1295 1515 1346 ab
1559 1293 1701 1346 anti-

155 1385 316 1451 quiore
361 1383 550 1436 Sancti
597 1383 766 1436 nostri
818 1383 1112 1453 biographo
1151 1398 1435 1453 perperam
1473 1384 1695 1437 innecti.

153 1473 241 1526 lmo
271 1486 396 1525 vero
431 1471 485 1524 id
527 1471 750 1535 faciens,
796 1487 915 1525 cum
958 1473 1140 1538 simul,
1172 1472 1356 1528 Sancti
1387 1473 1698 1542 discipulos,

153 1567 251 1618 dum
279 1566 362 1619 hic
390 1565 620 1618 Romam
661 1565 727 1618 ad
774 1563 1048 1618 Urbanum
1094 1564 1136 1617 ll
1177 1579 1370 1633 papam
1413 1564 1637 1626 abierat,
1669 1579 1699 1618 e

153 1656 408 1711 Cartltusia
447 1657 499 1710 in
531 1657 638 1710 line
664 1656 802 1710 sexti
843 1671 872 1708 a
901 1671 998 1709 suo
1025 1656 1077 1708 in
1120 1656 1263 1709 hanc
1294 1657 1538 1725 ingressu
1570 1655 1697 1708 anui

153 1751 432 1812 recessisse,
466 1765 614 1802 num.
661 1749 732 1802 ‘25
777 1749 939 1814 dicat,
994 1749 1221 1818 ipsemet
1247 1763 1430 1802 secum
1475 1757 1695 1818 pugnat,

152 1849 199 1892 ut
223 1838 578 1893 consideranti
613 1839 837 1907 patebit.
883 1837 1082 1892 Verum
1125 1853 1264 1892 anne
1299 1839 1463 1892 etiam
1513 1853 1699 1906 perpe-

159 1943 247 1981 ram
277 1944 380 1982 non
421 1927 557 1982 citat
591 1927 758 1981 libros
789 1926 1248 1981 Consuetudinum
1285 1927 1466 1982 domni
1499 1927 1699 1995 Guigo-

155 2019 240 2080 nis,
268 2025 358 2069 aut
386 2031 454 2070 an
507 2017 700 2070 horum
746 2015 1042 2086 exemplar,
1073 2017 1212 2084 quod
1262 2016 1326 2069 ad
1355 2032 1570 2070 manum
1604 2017 1700 2071 ha-

147 2105 257 2168 bail,
286 2107 336 2160 in
364 2107 510 2160 notis
534 2105 1066 2169 chronicis,annum,
1101 2121 1205 2174 quo
1225 2105 1456 2160 Sanctus
1492 2121 1521 2160 a
1551 2121 1646 2161 suo
1669 2122 1698 2160 e

147 2198 402 2252 Carthttsia
417 2212 642 2268 egressu
657 2197 825 2251 obieri
835 2204 873 2260 ι,
890 2197 1166 2265 exprimen
1177 2197 1338 2262 tibus,
1351 2211 1457 2250 non
1477 2195 1573 2250 l‘uit
1585 2211 1701 2251 cor-

149 2299 332 2358 ruptum
350 2291 374 2342 ?
394 2289 723 2359 Corruptum
751 2305 879 2343 sane
893 2288 1075 2352 fuisse,
1092 2290 1311 2344 omnino
1342 2304 1562 2344 necesse
1592 2298 1694 2344 est.

149 2382 328 2436 Etenim
344 2381 466 2435 libri
480 2381 1118 2449 Consuetudiuum,quos
1135 2381 1337 2442 laudat,
1367 2381 1454 2434 alii
1481 2381 1698 2436 indubie

146 2488 236 2526 non
275 2482 418 2537 sunt,
459 2488 622 2541 quam
663 2472 924 2543 Guigonis
977 2473 1106 2544 (adi,
1138 2489 1257 2542 quae
1287 2472 1314 2544 §
1348 2475 1372 2528 1
1408 2487 1438 2526 a
1484 2489 1634 2526 num.
1665 2473 1696 2526 1

147 2580 300 2633 usque
328 2564 393 2618 ad
418 2579 570 2618 num.
604 2563 635 2615 7
666 2563 812 2632 dicta
843 2571 990 2631 sunt)
1033 2562 1243 2618 Statuta
1275 2567 1369 2618 seu
1402 2561 1697 2617 Consuetu-

143 2654 297 2718 dines,
325 2661 559 2723 quatuor
589 2651 885 2720 primorum
917 2651 1220 2706 Carthasiae
1249 2652 1488 2720 priorum
1521 2650 1694 2705 Chro-

147 2744 297 2807 nicon,
332 2759 424 2798 seu
447 2743 640 2797 horum
672 2752 901 2811 quatuor
936 2743 1107 2814 elogia
1145 2743 1246 2797 sibi
1273 2743 1534 2798 habentes
1558 2760 1696 2814 prte-

150 2833 257 2892 lixa,
285 2833 337 2885 in
367 2832 593 2901 quibus,
626 2847 732 2887 non
783 2841 962 2886 autem
1011 2832 1064 2885 in
1111 2831 1242 2900 ipsis
1283 2831 1698 2887 Consuetudini-

148 2921 263 2982 bus,
321 2930 483 2975 notas
528 2922 816 2976 ehronicas
864 2921 1107 2985 invenit,
1153 2920 1370 2990 quibus,
1420 2936 1526 2990 quo
1560 2936 1699 2976 anno

149 3011 357 3064 Sanctus
386 3019 514 3078 post
542 3025 699 3065 suum
748 3025 780 3064 e
831 3009 1118 3064 Cartbusia
1156 3023 1432 3078 egressura
1481 3011 1695 3074 obierit,

149 3098 340 3162 definit;
394 3099 835 3168 antiquissimum
895 3109 1075 3154 autem
1135 3115 1198 3154 ac
1253 3100 1543 3170 genuinum
1589 3101 1697 3171 (adi

149 3190 317 3242 iterum
353 3189 381 3261 §
419 3190 472 3259 1)
519 3191 814 3258 primorum
855 3202 1086 3262 quatuor
1116 3192 1418 3248 Carthusiae
1457 3192 1696 3262 priorum

149 3281 378 3336 Chroniei
406 3283 708 3351 exemplar,
740 3283 996 3338 Sanctum
1039 3292 1282 3338 nostrum
1317 3303 1334 3335 ι
1362 3292 1484 3352 post
1517 3299 1700 3353 egres-

151 3387 243 3426 sum
267 3375 595 3438 Carthusiae,
621 3379 639 3424 ἱ
675 3390 805 3438 non,
837 3385 895 3429 ut
934 3375 1205 3444 antiquior
1229 3374 1345 3443 ejus
1373 3375 1702 3443 biographus

149 3479 172 3516 e
203 3464 350 3518 libris
387 3466 849 3520 consuetudinum
906 3467 1166 3537 Guigonis
1203 3481 1322 3521 sese
1354 3466 1531 3521 facere
1557 3463 1701 3518 θρετ-

150 3567 259 3621 mat,
277 3558 597 3613 «undecimo
627 3573 768 3613 anno
794 3574 894 3614 nec
925 3559 1064 3629 plus,
1085 3556 1185 3613 nec
1213 3559 1440 3624 minus,:
1462 3561 1554 3614 sed
1575 3574 1706 3611 «un-

153 3647 338 3703 decimo
372 3650 495 3720 plus
526 3651 704 3705 minus
740 3666 880 3705 anno
905 3669 923 3702 ι
959 3649 1179 3713 obiisse,
1207 3651 1478 3705 memoriae
1508 3653 1703 3721 prodit.

209 3739 329 3794 520.
369 3740 489 3796 Jam
526 3755 657 3796 vero
683 3757 805 3796 eum
835 3741 949 3796 haec
976 3741 1046 3794 ita
1081 3741 1336 3804 habeant,
1360 3756 1426 3795 ex
1465 3757 1529 3796 eo
1554 3759 1704 3808 sane,

156 3834 273 3900 quod
311 3835 590 3904 antiquior
625 3842 810 3888 noster
839 3832 1189 3904 biographus,
1216 3832 1519 3887 Brunonem
1554 3848 1583 3886 a
1611 3849 1708 3888 suo

154 3939 178 3978 e
200 3926 477 3982 Carthusia
509 3942 730 3995 egressu
780 3944 798 3978 ι
827 3929 1112 3983 undecimo
1135 3944 1274 3982 anno
1310 3942 1410 3982 nec
1439 3927 1578 3998 plus,
1609 3942 1708 3981 nec

161 4014 311 4070 minus
336 4015 564 4080 obiisse,
593 4034 608 4066 ι
646 4016 864 4077 scribat,
895 4017 1044 4086 argui
1072 4033 1175 4072 non
1193 4024 1398 4086 potest,
1433 4031 1462 4069 a
1484 4017 1710 4070 veritate

161 4118 258 4158 esse
301 4106 524 4161 deviam
582 4105 848 4160 Ruinartii
878 4106 1182 4176 opinionem
1209 4147 1224 4172 ,
1274 4121 1394 4174 qua:
1438 4121 1502 4159 ex
1552 4105 1709 4160 dictis

161 4193 320 4252 Sancti
355 4213 389 4253 e
419 4196 709 4252 Cartbusia
738 4211 1011 4265 egressum
1044 4213 1138 4252 seu
1185 4211 1462 4250 accessura
1492 4197 1557 4249 ad
1603 4196 1708 4250 Ur-

163 4285 331 4342 banum
368 4287 413 4341 ll
441 4302 637 4357 papam
667 4301 808 4341 anno
831 4285 990 4349 1089,
1009 4287 1148 4340 ultra
1179 4285 1550 4356 Septembrem
1575 4302 1708 4341 nou-

161 4376 262 4432 dum
298 4388 584 4450 provecto,
614 4379 919 4449 eonsignat.
950 4379 1148 4433 Verum
1185 4393 1364 4433 nonne
1387 4379 1560 4433 eidem
1595 4379 1711 4448 Opi-

1807 570 2151 625 undecimum
2181 572 2248 626 ab
2281 587 2500 642 egressu
2525 571 2616 627 illo
2653 587 2851 626 annum
2895 572 3148 628 collocari
3185 581 3367 642 queat,

1802 668 1862 712 nt
1909 660 1954 714 is
2002 662 2052 715 in
2107 678 2305 716 annum
2341 679 2508 732 usque
2554 664 2622 718 ab
2671 663 2763 718 illo
2802 662 2986 718 Sancti
3025 679 3056 718 e
3083 663 3368 719 Carthusia

1801 763 2023 818 egressu
2083 751 2299 805 tertium
2344 752 2637 818 decimum,
2686 757 2845 822 prout
2891 752 3158 807 Ruinart-ii
3203 755 3371 822 exigit

1800 838 2002 907 opinio,
2047 840 2216 909 possit
2243 840 2470 905 dill‘erri,
2498 841 2646 896 nulla
2675 842 2898 896 omnino
2933 843 3146 896 ratione
3183 841 3285 895 alia
3316 842 3368 896 id

1801 927 2081 983 suadente.
2136 931 2226 984 Ait
2281 931 2496 1000 quidem
2549 932 2908 998 Ruinartius,
2958 931 3264 986 Brunonem
3301 945 3368 985 eo

1801 1020 1982 1074 animo
2010 1021 2077 1075 ab
2105 1021 2325 1077 Urbano
2349 1025 2670 1079 accersitum
2693 1025 2878 1088 fuisse,
2905 1035 2965 1079 ut
2991 1025 3046 1079 in
3074 1025 3236 1078 rebus
3264 1023 3361 1078 dif-

1799 1109 2078 1172 ﬁcillimis,
2099 1111 2410 1182 frequenter
2437 1123 2564 1168 tunc
2585 1116 3004 1186 emergentibus,
3028 1115 3366 1170 consiliarius

1799 1199 2183 1265 adhiberetur,
2243 1204 2403 1273 idque
2455 1204 2683 1273 proinde
2745 1214 2851 1260 tam
2907 1215 3118 1260 mature
3167 1206 3364 1260 factum

1800 1289 1987 1356 fuisse,
2023 1301 2215 1348 utnon
2264 1296 2368 1349 nisi
2400 1297 2558 1350 tertio
2603 1298 2814 1353 decimo
2850 1279 2994 1352 anno
3035 1309 3156 1367 post
3187 1299 3365 1352 Bruuo

1798 1393 1829 1432 e
1864 1381 2000 1435 vivis
2037 1382 2252 1437 abierit.
2291 1384 2489 1440 Verum
2528 1400 2633 1439 non
2662 1386 2840 1450 video,
2870 1387 2958 1454 qui
2989 1387 3246 1441 accidisse
3273 1402 3366 1440 ne—

1799 1479 1983 1536 queat,
2017 1481 2074 1524 ut
2119 1471 2387 1538 Urbanus,
2415 1474 2628 1528 etiamsi
2680 1474 3011 1538 Brunonem,
3047 1475 3364 1545 magistrum

1797 1559 1929 1614 olim
1982 1576 2159 1626 suum,
2206 1572 2261 1618 et
2316 1565 2552 1619 maximo
2603 1567 2655 1618 in
2701 1565 2875 1633 pretio
2923 1565 3160 1630 haberet,
3209 1575 3263 1619 et
3297 1565 3366 1620 ad

1799 1651 2022 1704 consilia
2055 1653 2315 1708 adhibere
2347 1641 2566 1708 omnino
2596 1655 2779 1720 vellet,
2814 1655 2883 1708 ab
2912 1669 2976 1710 eo
3014 1666 3189 1709 tamen
3213 1656 3277 1709 ad
3307 1671 3368 1712 se

1799 1741 2070 1795 eVoeando
2102 1742 2168 1795 ad
2198 1757 2396 1796 annum
2425 1758 2592 1811 usque
2623 1743 2758 1798 1090
2789 1759 2879 1798 seu
2910 1745 3116 1799 duobus
3148 1744 3368 1798 circiter

1800 1830 1976 1894 annis,
2005 1841 2288 1900 postquam
2313 1834 2423 1902 jam
2451 1849 2696 1889 summus
2730 1843 2944 1890 creatus
2974 1835 3163 1890 luisset
3189 1835 3366 1904 ponti-

1800 1921 1910 1986 fex,
1936 1923 2206 1976 abstinere
2233 1924 2482 1978 voluerit.

1869 2011 1991 2065 521.
2028 2011 2140 2067 Nec
2165 2013 2216 2067 id
2238 2013 2350 2082 jam
2379 2015 2502 2070 inde
2533 2016 2760 2072 abanno
2793 2015 2929 2072 1089
2953 2015 3176 2079 factum,
3203 2016 3366 2070 etiam

1801 2099 1993 2154 suadet
2015 2110 2136 2155 nota
2172 2101 2381 2169 Sancti,
2411 2119 2572 2173 quam
2608 2105 2922 2160 Ruinartius
2949 2106 3110 2158 etiam
3139 2105 3190 2158 in
3215 2121 3369 2173 argu-

1799 2200 2041 2245 mentum
2090 2192 2331 2262 adducit,
2389 2196 2457 2250 ab
2517 2212 2580 2251 eo
2638 2207 2874 2267 tempore
2924 2198 3064 2266 apud
3111 2197 3368 2252 Calabros

1800 2282 2097 2349 sanctitas;
2149 2293 2506 2356 praeterquam
2554 2287 2696 2341 enim
2743 2289 2885 2358 quod
2943 2289 3045 2343 hac
3088 2288 3197 2359 jam
3241 2283 3366 2341 ‘tum

1799 2376 1938 2445 apud
1983 2378 2236 2448 populum
2295 2379 2442 2434 illum
2491 2381 2808 2437 inclaruisse
2853 2381 3185 2446 Brunonem,
3235 2380 3370 2434 Rui-

1800 2467 2012 2521 nartius
2055 2483 2160 2522 non
2205 2469 2414 2539 probet,
2455 2471 2627 2540 potuit
2671 2472 2834 2526 etiam
2871 2472 3172 2526 sanctitatis
3205 2470 3368 2534 fama,

1799 2571 1960 2626 quam
2007 2559 2052 2614 is
2086 2559 2220 2624 vita,
2251 2559 2305 2614 in
2337 2560 2642 2615 Carthusite
2685 2561 2978 2615 solitudine
3002 2560 3370 2614 austerissime

1801 2657 1964 2714 acta,
2023 2650 2476 2720 divitiarumque,
2533 2651 2851 2721 dignitatum
2913 2666 2974 2705 ac
3015 2649 3198 2704 mundi
3244 2665 3370 2703 eon-

1801 2751 2002 2809 tempta
2017 2756 2111 2811 per
2134 2739 2300 2796 totam
2331 2743 2436 2798 late
2464 2742 2690 2798 Galliam
2723 2743 2823 2797 sibi
2855 2750 3158 2812 pepererat,
3189 2739 3372 2795 adCa-

1802 2831 1986 2886 iahros
2017 2833 2182 2887 etiam
2205 2831 2319 2900 jam
2349 2842 2460 2888 tum
2491 2833 2656 2888 fuisse
2678 2833 2901 2901 perlata.
2927 2834 3102 2901 Atque
3131 2835 3256 2886 tunc
3286 2831 3370 2895 ﬁt,

1804 2937 1862 2982 ut
1891 2944 2066 2996 neque
2099 2943 2165 2982 ex
2196 2928 2334 2992 loco,
2377 2944 2536 2997 quem
2577 2919 2642 2982 ex
2680 2927 2924 2983 dicendis
2970 2927 3080 2996 jam
3134 2926 3258 2980 inde
3302 2927 3371 2980 ab

1807 3035 1950 3072 anno
1985 3019 2122 3073 1090
2161 3028 2254 3072 aut
2297 3029 2443 3074 certe
2471 3020 2747 3088 sequentis
2791 3017 2943 3073 initio
2975 3019 3039 3071 ad
3070 3017 3374 3070 inhabitan-

1727 3137 1772 3198 ρ
1805 3107 1930 3161 dum
1975 3107 2029 3161 in
2074 3106 2324 3161 Calabria
2373 3107 2606 3160 Sanetus
2655 3107 2907 3168 obtinuit,
2939 3119 3112 3173 neque
3152 3120 3213 3158 ex
3259 3104 3374 3172 ipsa

1802 3200 1968 3252 etiam
2009 3195 2147 3264 eius,
2199 3212 2318 3266 quae
2363 3197 2551 3252 eodem
2597 3205 2835 3266 tempore
2884 3197 3098 3258 accidit,
3134 3194 3199 3248 ad
3228 3195 3375 3249 Rhe-

1802 3288 2043 3358 giensem
2072 3287 2596 3357 archiepiscopatum
2629 3286 2891 3341 electione
2931 3302 3030 3355 pro
3057 3284 3374 3340 stabilienda

1808 3379 2078 3433 Ruinartii
2123 3379 2379 3451 opinione
2435 3388 2520 3434 sat
2571 3379 2741 3433 solide
2786 3379 2935 3448 argui
2989 3393 3148 3448 posse
3189 3375 3376 3431 existi-

1805 3487 1967 3524 mem.
2002 3472 2081 3525 Ad
2118 3472 2232 3526 haec
2269 3473 2366 3526 etsi
2402 3487 2462 3526 ex
2489 3486 2574 3536 eo,
2620 3472 2759 3540 quod
2808 3487 2951 3524 anno
2987 3471 3124 3525 1090
3167 3484 3194 3522 a
3233 3469 3377 3522 Rhe-

1805 3559 2080 3628 giensibus
2133 3561 2338 3616 electus
2395 3562 2557 3615 fuerit
2614 3561 3085 3630 archiepiscopus,
3154 3547 3375 3629 speciali

1807 3651 2037 3716 quodam
2085 3652 2244 3705 modo
2287 3651 2437 3706 hisce
2476 3660 2633 3705 notus
2679 3652 2978 3713 exstitisse,
3013 3666 3076 3705 ac
3121 3649 3276 3720 proin
3322 3649 3376 3702 in

1809 3739 2101 3809 Rhegiensi
2133 3741 2372 3805 civitate,
2402 3756 2522 3810 qua:
2551 3741 2602 3794 in
2624 3750 2868 3794 extremo
2896 3739 3157 3794 Calabria:
3183 3737 3378 3808 angulo

1809 3831 1913 3884 sita
1957 3838 2062 3893 est,
2087 3829 2198 3898 jam
2230 3831 2354 3885 inde
2383 3831 2450 3884 ab
2494 3846 2658 3894 anno,
2687 3847 2793 3899 quo
2826 3845 2944 3885 eam
2984 3845 3048 3883 ex
3081 3829 3239 3884 dictis
3278 3827 3380 3883 Ur-

1810 3922 1984 3974 banus
2031 3920 2069 3974 ll
2116 3936 2252 3991 papa
2297 3921 2504 3986 invisit,
2559 3921 2694 3975 1089
2743 3928 2990 3975 versatus
3030 3919 3229 3984 fuisse,
3274 3934 3380 3972 non

1812 4017 2016 4070 nemini
2061 4026 2221 4085 queat
2270 4017 2465 4082 videri,
2495 4016 2610 4070 ﬁeri
2644 4025 2824 4070 tamen
2863 4015 3055 4086 potest,
3085 4023 3142 4067 ut
3177 4029 3206 4068 a
3239 4012 3382 4067 Rhe-

1817 4107 2116 4176 giensibus,
2140 4108 2240 4162 etsi
2269 4107 2334 4161 iis
2374 4108 2460 4161 vix
2497 4124 2602 4162 non
2633 4108 2852 4162 omnino
2881 4116 3024 4162 esset
3054 4107 3290 4174 ignotus,
3327 4105 3378 4157 in

1808 4199 2306 4267 archiepiscopum,
2357 4199 2521 4268 quod,
2551 4207 2606 4252 ut
2649 4199 2944 4268 primorum
2992 4204 3220 4264 quatuor
3248 4193 3382 4247 Car-

1811 4288 2003 4342 thasiae
2033 4287 2279 4342 Priorum
2315 4288 2675 4358 chronologus
2705 4295 2952 4349 testatur,
2984 4301 3146 4353 «papa
3164 4283 3382 4339 Urbano

1811 4379 2080 4443 volente,»
2115 4377 2383 4441 factum,c
2405 4377 2517 4432 sola
2549 4377 2707 4446 hujus
2730 4375 3190 4430 commendatione
3221 4372 3383 4426 fuerit

163 4465 280 4521 nioni
323 4467 498 4524 olIicit
539 4477 770 4537 quatuor
797 4469 1090 4538 primorum
1133 4467 1436 4523 Carthasim
1466 4468 1705 4537 priorum
1740 4473 1785 4530 1)
1813 4470 2036 4525 electus.
2076 4471 2144 4525 At
2172 4474 2319 4534 vero,
2345 4470 2442 4534 ait,
2475 4470 2565 4538 qui
2599 4470 2803 4539 pariter
2832 4467 3013 4523 Sancti
3042 4482 3072 4521 e
3097 4467 3381 4522 Carthusia

163 4554 462 4623 Chronicon,
496 4558 550 4613 in
593 4575 701 4628 quo
730 4558 966 4614 Sanetus
1009 4559 1074 4614 ad
1121 4559 1404 4613 Dominum
1447 4561 1710 4630 migrasse

165 4659 260 4714 post
284 4666 440 4706 suum
468 4667 500 4706 e
518 4651 802 4706 Carthusia
820 4666 1093 4720 egressum
1129 4651 1441 4706 (llllthClmO
1463 4651 1581 4720 plus
1611 4651 1712 4705 mi-

165 4752 246 4791 nus
286 4757 426 4797 anno
459 4761 479 4794 ι
544 4741 810 4794 traditur?
853 4739 988 4794 Cum
1042 4740 1142 4794 hac
1179 4740 1429 4810 loquendi
1481 4740 1711 4795 formula

167 4829 432 4898 signiﬁcari
493 4831 775 4896 videatur,
831 4829 1087 4886 Sanctum
1158 4847 1263 4884 non
1315 4830 1535 4886 deﬁnito
1592 4841 1712 4902 post

169 4933 297 4976 suum
345 4939 376 4979 e
423 4923 718 4979 Cartlmsia
773 4938 1049 4994 egressum
1101 4936 1242 4975 anno
1277 4921 1580 4986 undecimo,
1617 4923 1710 4977 sed

169 5008 236 5062 vel
268 5013 553 5067 undecimo
594 5022 716 5082 post
765 5027 1040 5080 egressum
1087 5009 1235 5063 illum
1277 5025 1438 5074 anno,
1483 5010 1567 5064 vel
1610 5009 1712 5064 ali-

172 5111 344 5163 quanto
400 5104 666 5170 temporis
714 5105 889 5173 spatio
935 5119 1028 5156 sco
1081 5111 1207 5156 ante
1257 5115 1352 5157 seu
1401 5111 1522 5170 post
1571 5102 1712 5156 hunc

172 5189 358 5259 abiisse,
402 5197 611 5266 itaque,
641 5206 701 5249 ut
733 5211 834 5250 non
867 5195 1067 5250 nemini
1110 5193 1246 5249 forte
1272 5203 1548 5264 appareat,
1580 5202 1712 5247 tem-

174 5283 294 5344 poris
333 5288 590 5354 spatium,
620 5287 764 5354 quod
792 5302 890 5340 nec
924 5285 1090 5339 multo
1121 5284 1384 5347 anterius,
1415 5299 1512 5337 nec
1546 5285 1712 5339 multo

177 5370 309 5426 etiam
355 5393 496 5432 anno
550 5376 644 5432 illo
675 5377 745 5431 sit
786 5376 1077 5447 posterius,
1130 5375 1460 5444 designetur,
1506 5375 1708 5437 nescio,

180 5473 230 5512 In
255 5475 442 5532 stante,
465 5484 629 5538 quam
659 5469 954 5537 primorum
985 5477 1216 5536 quatuor
1241 5465 1538 5520 Carthasim
1569 5466 1712 5534 prio-

181 5562 273 5604 tum
296 5557 652 5630 chronologus
681 5557 920 5622 adhibet,
950 5556 1197 5628 loquendi
1246 5555 1473 5610 formula
1525 5557 1712 5625 przedi-

183 5647 266 5703 cta,
299 5646 464 5703 obitus
489 5648 677 5704 Sancti
700 5649 889 5712 nostri,
916 5648 1006 5718 qui
1029 5637 1091 5702 ex
1116 5649 1225 5717 jam
1255 5647 1414 5702 dictis
1442 5656 1566 5701 ante
1588 5647 1712 5701 duo-

188 5727 415 5795 decimum
464 5758 495 5797 a
545 5756 643 5798 suo
693 5756 724 5797 e
779 5739 1062 5796 Cartlmsia
1105 5753 1324 5810 egressu
1369 5754 1568 5794 annum
1607 5737 1709 5792 \ita

1811 4575 2086 4630 egressum
2117 4569 2279 4629 atque
2309 4560 2375 4614 ad
2423 4559 2698 4614 Urbanum
2745 4573 3020 4613 accessum
3065 4573 3208 4612 anno
3247 4558 3383 4613 1089

1815 4649 2062 4709 innectit,
2097 4649 2149 4702 in
2177 4647 2931 4718 Chronologica-diplomatiea
2956 4663 3048 4702 sua
3077 4648 3140 4702 de
3163 4646 3220 4702 S.
3249 4647 3384 4700 Bru-

1815 4756 1956 4795 none
1995 4741 2231 4795 Diatriba
2265 4740 2624 4806 Morkensius,
2652 4739 2793 4794 inter
2819 4739 3003 4795 Sancti
3034 4755 3063 4794 e
3093 4738 3381 4794 Carthusia

1814 4830 2138 4895 discessum,
2187 4839 2242 4885 et
2287 4829 2673 4900 discipulorum
2725 4829 2859 4899 ejus,
2908 4829 2996 4898 qui
3051 4828 3381 4883 dilectissimi

1814 4921 1992 4976 Patris
2030 4921 2330 4976 absentiam
2372 4920 2515 4976 ferre
2546 4935 2654 4976 non
2694 4921 2955 4984 valentes,
2980 4921 3033 4974 in
3062 4919 3268 4974 Italiam
3293 4935 3386 4988 pa-

1816 5011 1964 5076 riter,
1979 5029 2042 5067 eo
2069 5015 2320 5076 abeunte,
2337 5011 2676 5067 Carthusiam
2702 5013 3088 5082 relinquentes,
3116 5012 3382 5074 abierant,

1823 5101 2022 5156 factum
2052 5104 2266 5158 tandem
2295 5103 2361 5157 ad
2411 5105 2550 5159 hanc
2581 5104 2810 5158 reditum
2840 5103 2964 5157 anni
3012 5115 3070 5157 ut
3105 5102 3384 5155 minimmn

1815 5193 1976 5247 unius
2001 5194 2238 5263 spatium
2266 5195 2662 5259 intercessisse,
2699 5211 2784 5250 res
2813 5204 3050 5263 tempore
3096 5211 3124 5244 ιι
3139 5204 3387 5262 trumque

1815 5281 1957 5336 inter
2002 5291 2258 5336 eventum
2305 5284 2482 5338 medio
2532 5292 2696 5353 gestze
2742 5284 3052 5352 requirunt,
3099 5297 3161 5337 ac
3208 5282 3386 5350 proin,

1816 5387 1936 5425 cum
1974 5371 2039 5424 ad
2066 5372 2411 5428 Carthusiam
2443 5389 2506 5428 ex
2533 5374 2645 5443 jam
2685 5373 2844 5428 dictis
2873 5388 2935 5426 ac
2968 5387 3128 5441 porro
3152 5371 3388 5425 dicendis

1815 5461 1872 5516 S.
1897 5462 2163 5517 Brunonis
2189 5465 2434 5534 discipuli
2467 5473 2593 5520 ante
2622 5463 2909 5518 Octobrem
2937 5462 3062 5514 anni
3099 5461 3243 5516 1090
3279 5463 3385 5516 sint

1815 5552 2038 5616 reversi,
2065 5555 2263 5609 abiisse
2293 5556 2434 5610 hunc
2463 5571 2528 5609 ex
2555 5554 2643 5607 illa
2669 5567 2809 5605 anno
2838 5550 2988 5616 1089,
3019 5553 3082 5605 ad
3101 5551 3388 5607 Octobrem

1817 5643 2050 5698 nondum
2081 5656 2353 5710 provecto,
2382 5662 2603 5702 necesse
2632 5652 2731 5699 est.
2774 5643 2848 5697 lta
2881 5642 2994 5698 fere
3022 5654 3288 5714 quantum
3323 5645 3386 5698 ad

1815 5737 2168 5792 substantiam
2200 5739 2306 5793 ille.
