3846 6316
552 346 661 405 319

1358 358 1416 417 S.
1456 359 1803 423 BRUNONIS
1837 368 2479 429 CARTHUSIANORUM
2519 377 3000 441 lNSTlTUTORlS

3657 403 3744 460 320

636 466 763 524 522.
798 452 999 526 Verum
1040 484 1149 527 non
1183 471 1357 541 video,
1396 477 1539 535 inter
1580 481 1764 538 Sancti
1795 499 1825 539 e
1851 484 2135 539 Carthusia
2162 486 2207 546 Α
2241 500 2385 540 mum
2408 503 2437 541 a
2460 504 2559 544 suo
2586 506 2616 547 e
2643 491 2922 548 Carthusia
2944 511 3167 567 egressu
3189 511 3384 555 annum
3408 503 3745 575 essenteiapsi,

557 558 888 624 discessum,
915 562 1167 633 illiusque
1205 565 1591 638 discipulorum
1637 574 1704 627 ad
1732 574 1871 630 hanc
1899 576 2129 631 reditum

560 663 651 702 res
681 659 756 704 tot
792 661 1081 724 tantasque
1126 657 1395 723 evenisse,
1440 670 1499 715 ut
1545 678 1621 718 ea:
1651 664 1807 735 longe
1837 665 1998 719 etiam
2028 666 2129 721 mi-

558 738 702 801 nori,
749 756 911 810 quam
941 744 1065 798 anni
1094 746 1277 812 unius,
1301 750 1475 819 spatio
1505 751 1614 821 geri
1641 755 1966 823 nequierint.
1990 755 2126 823 Quid

442 860 473 907 ί
555 830 737 883 enim?
782 830 988 897 Bruno,
1034 835 1222 891 relicta
1273 843 1758 913 eommendataque
1797 861 1890 899 seu
1931 848 2124 901 donata

555 914 801 985 Signino,
830 920 1101 978 Cosse-Dei
1152 926 1355 991 abbati,
1382 929 1684 998 Carthusia,
1716 933 1770 988 in
1810 935 2017 991 Italiam
2056 939 2125 993 ad

552 1020 826 1062 summum
871 1015 1182 1081 pontificem
1232 1019 1503 1075 Urbanum
1543 1023 1607 1086 ll,
1657 1041 1687 1079 a
1735 1042 1841 1096 quo
1868 1038 2124 1086 evocatus

551 1095 749 1162 fuerat,
782 1116 903 1159 sese
940 1108 1190 1173 contulit,
1225 1110 1533 1182 discipulos,
1566 1117 1657 1185 qui
1695 1121 2001 1187 abeuntem,
2036 1138 2124 1181 rei

555 1184 682 1238 licta
713 1192 919 1255 pariter
966 1196 1278 1264 Carthusia,
1327 1202 1379 1256 in
1410 1184 1617 1261 Italiam
1661 1209 1876 1266 fuerant
1924 1216 2118 1282 secuti,

546 1275 777 1347 benigne
828 1286 893 1337 ad
932 1302 992 1342 se
1034 1291 1312 1349 venientes
1361 1299 1598 1368 excepit,
1647 1303 1881 1359 reditum
1940 1308 2007 1362 iis
2052 1310 2119 1365 ad

542 1364 893 1427 Carthusiam
935 1379 1126 1445 suasit,
1159 1392 1327 1453 utque
1379 1364 1558 1456 reipsa
1589 1391 1655 1444 ad
1687 1393 1936 1450 dilectam
1978 1398 2118 1455 hanc

543 1469 733 1514 sancto
770 1463 913 1519 Patri
949 1484 1047 1523 suo
1092 1488 1331 1529 eremum
1358 1475 1658 1536 Pontificiis
1699 1485 1765 1537 ad
1808 1485 2113 1557 Signinum,

2232 576 2372 631 diem
2402 589 2702 650 extremum
2734 583 3010 649 clauserit,
3037 603 3137 643 nec
3158 603 3264 657 quo
3289 591 3462 647 minus
3479 594 3585 662 ejus
3602 613 3746 658 orntus

2232 672 2382 720 tanto
2419 670 2673 739 temporis
2697 684 2818 742 post
2845 675 3186 731 undecimum
3218 679 3365 734 illum
3390 696 3577 737 annum
3604 693 3746 756 spatio

2228 758 2391 810 statui
2440 773 2618 828 queat,
2669 762 2933 832 impedire
2969 767 3217 823 videatur
3256 770 3500 839 loquendi
3534 776 3745 843 formula,

2227 860 2329 914 qua
2362 849 2822 916 «postCarthusia:
2853 870 3131 926 egressum
3157 860 3441 916 undecimo
3469 865 3579 933 plus
3601 870 3749 923 minus

2225 948 2397 987 anno»
2436 938 2655 1006 obiisse,
2686 956 2715 994 a
2748 942 3043 1011 primorum
3075 949 3604 1014 quatuorCartbusiae
3628 957 3745 1023 prio-

2226 1039 2346 1077 rum
2379 1026 2711 1099 chronologo
2760 1034 3038 1099 asset-itur;
3094 1045 3206 1090 tum
3249 1041 3391 1108 quod
3428 1043 3581 1096 etiam
3608 1044 3745 1100 inea-

2223 1113 2343 1167 dem
2372 1118 2627 1186 opinione
2651 1121 2796 1176 facili
2845 1125 3078 1195 negotio,
3121 1130 3232 1196 qui,
3272 1144 3391 1198 quae
3434 1132 3567 1187 inter
3593 1134 3743 1191 Sancti

2222 1218 2253 1259 e
2292 1206 2580 1264 Carthusia
2617 1212 2939 1281 discessum,
2988 1217 3267 1288 illiusque,
3294 1222 3655 1291 discipulorum
3690 1228 3743 1280 ad

2220 1292 2362 1349 banc
2410 1299 2644 1354 reditum
2688 1311 2837 1373 gesta
2888 1306 3196 1375 traduntur,
3251 1312 3424 1381 reipsa
3472 1315 3619 1367 etiam
3651 1317 3741 1383 geri

2218 1386 2459 1452 potuisse
2506 1389 2895 1461 intelligantur,
2943 1395 3019 1449 uti
3077 1411 3140 1452 ex
3199 1399 3285 1463 iis,
3313 1416 3429 1468 qua?
3476 1401 3741 1472 §sequeuti

2217 1474 2657 1543 suppeditatnrus
2685 1495 2826 1542 sum,
2876 1482 3049 1551 magis
3084 1485 3376 1540 elucescet.
3404 1487 3480 1539 Ad
3511 1489 3613 1541 brcc
3640 1504 3738 1541 cum

540 1546 822 1607 Casca-Dei
851 1557 1121 1623 abbatem,
1162 1566 1359 1632 quibus
1383 1569 1531 1635 huic,
1565 1581 1623 1626 ιη
1663 1546 2000 1633 επιιιυξίωη
2030 1546 2115 1637 re;
2217 1562 2450 1620 Sanctus
2478 1568 2618 1623 haud
2647 1569 2736 1623 diu
2762 1586 2793 1626 e
2819 1572 3104 1627 Carthusia
3131 1586 3421 1646 antequam
3440 1592 3555 1631 eum
3581 1593 3739 1647 seque-

541 1641 787 1676 αιῖιιιοι-οι
838 1654 1230 1676 ..ηπηωιμηεμη
1288 1673 1304 1676 _
1337 1659 1349 1676 ι
1392 1660 1406 1676 ι
1563 1662 1595 1676 η
1652 1666 1690 1676 κ
1882 1669 1893 1676 .
1971 1673 2000 1676 -,
2074 1675 2082 1676 ,
2216 1662 2403 1676 -.ι-ι---
2448 1656 2688 1676 12-45,:-
2786 1660 2883 1676 ,.--
3069 1661 3118 1676 ο.
3196 1672 3205 1676 -
3425 1665 3435 1675 .
3479 1664 3491 1676 .
3565 1666 3576 1676 .
3633 1666 3643 1676 .
3694 1666 3703 1676 .

540 1641 792 1698 stitueret
838 1654 1234 1709 revertentibus
1284 1659 1349 1711 ad
1392 1660 1534 1717 hanc
1563 1662 1618 1718 S.
1650 1666 1925 1725 Brunonis
1952 1673 2115 1728 disci-
2215 1662 2404 1707 remur
2440 1656 2727 1725 (ίίδείνηίίν
2776 1660 2980 1715 abiisse
3030 1661 3304 1725 Videam".
3352 1664 3577 1733 ορίιιίοηί
3632 1666 3736 1730 ίδιίν

536 1732 697 1800 palis,
728 1735 979 1797 Urbanus
1020 1760 1153 1815 papa
1204 1748 1523 1818 imperabat,
1562 1756 1757 1816 “ueris
1803 1764 1993 1819 muniti
2020 1780 2107 1821 τε,
2136 1813 2177 1826 h
2213 1750 2271 1796 ut
2306 1783 2322 1810 ,
2376 1747 2739 1803 consideranti
2777 1750 3014 1819 patebit,
3073 1753 3234 1807 etiam
3290 1753 3601 1826 suffragatur
3625 1758 3738 1809 anti-

535 1823 739 1892 dirent,
770 1831 934 1886 etiam
964 1834 1164 1891 effecit.
1214 1838 1408 1896 Verum
1442 1845 1627 1914 quidni
1666 1850 1779 1906 haec
1807 1856 1985 1909 omnia
2010 1872 2099 1913 sex

2210 1835 2363 1901 quior
2417 1847 2603 1893 noster
2649 1813 2978 1911 biographus
3009 1883 3024 1907 ,
3089 1853 3282 1912 utpote
3329 1862 3475 1902 num.
3535 1848 3600 1902 25
3624 1850 3735 1902 scri-

530 2108 660 2150 vere
704 2113 770 2152 ex
809 2100 949 2157 infra
996 2106 1241 2163 dicendis
1277 2109 1498 2177 factum,
1531 2131 1596 2170 eo
1646 2117 1763 2187 ipso
1790 2136 1950 2187 anno,
1995 2140 2103 2194 quo

530 2182 877 2243 Carthusiam
906 2192 1167 2263 deseruit,
1197 2209 1357 2269 atque
1384 2204 1448 2256 ad
1490 2182 1768 2263 Urbanum
1815 2210 1857 2265 ll
1888 2182 2102 2283 pontiﬁ-

530 2290 648 2331 cem
676 2282 843 2344 venit,
874 2284 925 2336 in
957 2284 1297 2357 Calabriam,
1320 2293 1537 2351 obtenta
1578 2299 1645 2354 ab
1678 2301 1779 2356 hoc
1806 2304 1873 2359 ad
1905 2309 2100 2363 eremi-

531 2364 694 2419 ticam
728 2369 893 2426 vitam
936 2374 1195 2432 redeundi
1234 2380 1510 2450 facultate,
1553 2402 1675 2444 sese
1718 2393 1959 2462 recipere
2005 2413 2100 2466 po-

529 2456 734 2511 tuerit?
761 2458 878 2515 Non
922 2465 1096 2535 magis
1142 2468 1348 2539 itaque,
1388 2488 1508 2542 quae
1553 2456 1890 2536 Morkensius
1919 2456 2095 2552 affert,

528 2560 690 2614 quam
717 2565 837 2620 quae
876 2568 1039 2624 supra
1082 2572 1113 2612 e
1141 2558 1424 2618 Ruinartio
1446 2565 1677 2623 adducta
1725 2580 1871 2637 sunt,
1913 2573 2095 2630 Sancti

525 2640 698 2694 nostri
733 2656 763 2695 e
784 2642 1070 2701 Carthusia
1089 2649 1404 2718 discessum,
1436 2662 1598 2725 atque
1631 2660 1697 2714 ad
1722 2661 1998 2719 Urbanum
2030 2666 2093 2730 ll,

528 2746 559 2785 a
617 2747 725 2800 quo
770 2739 1067 2795 accersitus
1133 2742 1354 2811 fuerat,
1403 2761 1679 2806 accessum
1718 2763 1845 2810 ante
1892 2772 2093 2813 annum

524 2823 663 2878 1090
701 2838 907 2897 cogunt
956 2840 1214 2890 statuere.
1253 2836 1406 2904 Quod
1448 2856 1570 2895 cum
1620 2844 1693 2898 ita
1736 2847 1829 2913 sit,
1863 2856 1942 2915 ut,
1976 2866 2095 2920 qua:

2206 1922 2376 1987 bens,
2428 1941 2459 1981 e
2492 1926 2778 1984 Carthusia
2836 1930 2955 1987 illos
2982 1936 3272 1991 recessisse
3329 1955 3348 1986 ο
3391 1937 3441 1992 in
3503 1937 3599 1993 fine
3621 1940 3733 1993 sexti

2205 2015 2333 2069 anni
2374 2035 2392 2068 ι
2472 2033 2500 2071 a
2576 2034 2674 2075 suo
2729 2021 2781 2075 in
2831 2022 2971 2078 banc
3038 2025 3333 2096 ingressu,
3398 2031 3487 2099 qui
3552 2046 3611 2087 ex
3648 2032 3735 2102 jam

2204 2117 2363 2172 supra
2408 2105 2567 2162 dictis
2607 2124 2793 2166 mense
2835 2110 2994 2167 Junio
3042 2116 3170 2170 anni
3212 2116 3353 2173 1084
3403 2120 3592 2174 evenit.

2205 2212 2233 2285 §
2487 2216 2727 2297 "Sanctus
2759 2218 2971 2297 Romam
3000 2223 3069 2276 ad
3101 2223 3371 2280 Urbanum
3398 2245 3577 2297 papam
3606 2231 3733 2295 venit,

2272 2285 2563 2365 discipulis,
2598 2300 2652 2365 ut
2678 2288 3012 2365 Carlltttaiam
3051 2305 3305 2363 repetant,
3339 2285 3541 2365 su'aJet,
3567 2285 3733 2353 litteras

2270 2354 2352 2436 his
2380 2356 2448 2436 ad
2481 2356 3021 2436 Siguinumnqbbqlem
3050 2381 3081 2417 a
3104 2354 3358 2434 pontiﬁce
3385 2354 3637 2436 impetrat,
3664 2386 3733 2421 ar-

2270 2424 2704 2506 chiepiscopatum
2750 2428 3087 2506 R_ltcgiensem
3112 2424 3372 2506 'recu'sat,
3409 2424 3482 2503 εί,
3519 2449 3569 2489 ut
3598 2424 3680 2490 sibi
3708 2457 3733 2490 α

2269 2495 2417 2613 εῗνξα
2445 2495 2499 2547 in
2528 2512 2757 2552 eremum
2785 2495 2970 2555 iterum
2996 2504 3230 2559 secedere
3256 2495 3435 2567 liceat.
3464 2495 3525 2561 ab
3553 2506 3731 2562 Urbano

2269 2578 2297 2613 0
2336 2575 2479 2613 “uel.

2269 2575 2479 2618 ommet.

2266 2653 2392 2711 524.
2431 2657 2827 2717 Blomenvenna
2861 2663 2912 2717 in
2944 2674 3192 2721 contexta
3222 2682 3252 2721 a
3292 2684 3352 2724 se
3382 2670 3557 2724 Sancti
3590 2670 3730 2724 nostri

2198 2747 2319 2802 Vita
2344 2748 2412 2801 ita
2426 2749 2603 2818 prodit
2616 2753 2914 2807 memorias:
2936 2772 2953 2805 ι
2967 2754 3163 2811 Beatus
3177 2758 3379 2822 Bruuo,
3399 2768 3632 2828 suscepta
3654 2758 3729 2812 be-

2194 2840 2502 2897 nedictione
2527 2858 2555 2896 a
2599 2854 2788 2900 sancto
2822 2845 3065 2917 llugone,
3086 2850 3342 2920 episcopo
3364 2850 3725 2918 Gratianopoli-

2195 2938 2343 2994 tano,
2374 2932 2677 2988 obedientia
2712 2945 2938 3005 cogente
2959 2977 2975 3003 ,
3005 2937 3228 2992 Romam
3255 2939 3527 3010 profectus
3554 2949 3650 3003 est;
3675 2939 3727 2993 de

2195 3018 2348 3088 cujus
2383 3023 2614 3078 adventu
2666 3040 2911 3082 summus
2957 3029 3196 3097 pontifex
3235 3032 3488 3087 ineffabili
3528 3031 3727 3101 repletus

2193 3114 2388 3181 gaudio
2432 3114 2812 3187 benignissime
2842 3135 2964 3175 eum
2993 3122 3227 3192 suscepit
3254 3123 3464 3192 (utpote
3491 3139 3636 3193 quem
3663 3122 3726 3174 in~

2194 3203 2322 3257 time
2352 3203 2605 3275 diligebat
2626 3218 2680 3261 et
2703 3209 3082 3281 venerabatur)
3114 3221 3273 3282 atque
3308 3214 3449 3268 inter
3478 3214 3659 3283 primos
3683 3221 3726 3264 ct

2190 3296 2489 3364 praecipuos
2518 3298 2620 3353 sibi
2659 3300 2957 3368 peculiares
2992 3301 3393 3377 familiaresque
3426 3306 3724 3361 consiliarios

2188 3392 2240 3438 et
2272 3384 2455 3439 fideles
2489 3387 2693 3442 amicos
2728 3404 2940 3460 semper
2969 3391 3173 3461 habuit,
3204 3405 3363 3450 utens
3391 3394 3503 3464 ejus
3544 3408 3724 3461 semper

2184 3474 2430 3529 consiliis
2463 3476 2515 3530 in
2561 3479 2744 3534 arduis
2774 3479 3025 3537 Ecclesia:
3055 3486 3304 3553 negotiis.
3340 3506 3357 3537 ι
3391 3487 3465 3540 Ita
3494 3486 3577 3540 ille
3607 3483 3720 3538 San-

2182 3563 2253 3618 cti
2286 3566 2457 3619 nostri
2506 3567 2870 3638 biographus,
2910 3586 3004 3626 sua
3052 3573 3244 3628 iterum
3284 3578 3352 3629 ad
3393 3578 3601 3631 verbum
3634 3574 3724 3627 fere

2185 3654 2271 3708 liic
2299 3664 2574 3712 mutuatus
2602 3675 2632 3712 e
2657 3659 2918 3724 Puteano,
2948 3663 3040 3731 qui
3074 3672 3273 3732 tamen,
3300 3667 3445 3735 quod
3470 3666 3617 3720 etiam
3642 3662 3725 3718 Su-

2183 3743 2292 3797 rius
2332 3744 2497 3812 facit,
2537 3747 2802 3805 Brunonis
2839 3751 2907 3805 ad
2939 3750 3214 3808 Urbanum
3248 3769 3528 3809 accessum
3569 3754 3723 3807 Roma:

2179 3833 2471 3901 accidisse,
2512 3853 2606 3893 seu
2642 3837 2919 3895 Urbanum
2958 3850 3111 3910 tunc,
3142 3860 3261 3898 cum
3301 3847 3372 3900 ad
3411 3861 3528 3899 eum
3571 3844 3721 3897 Bruno

2176 3926 2343 3993 venit,
2370 3928 2553 3984 Romze
2573 3933 2862 3998 exstitisse,
2890 3934 3087 3991 diserte
3113 3938 3303 4008 magis,
3330 3955 3491 4007 quam
3510 3938 3721 3992 Blomcn-

2177 4032 2351 4071 veuna
2380 4059 2393 4082 ,
2431 4022 2612 4076 tradit.
2663 4023 2763 4078 Ast
2798 4042 2921 4078 num
2953 4042 3078 4080 vere
3108 4028 3268 4081 etiam
3300 4027 3546 4083 Urbanus
3568 4071 3581 4092 ,
3620 4043 3719 4081 cum

2175 4109 2241 4161 ad
2271 4123 2392 4160 eum
2425 4107 2655 4165 Sauclus
2685 4121 2867 4167 noster
2897 4115 3040 4168 venit
3063 4155 3079 4180 ,
3112 4115 3295 4172 Romae
3327 4118 3429 4172 fuit
3464 4114 3718 4172 versatus?

2172 4196 2227 4250 ln
2259 4197 2509 4266 Opinione
2539 4214 2749 4264 eorum,
2808 4203 2896 4272 qui
2929 4203 3185 4259 Sanctum
3208 4206 3319 4275 jam
3352 4208 3475 4264 inde
3509 4211 3572 4263 ab
3598 4222 3717 4262 anno

495 4287 611 4342 lucc
636 4291 936 4347 acciderit?
965 4292 1098 4349 Cum
1138 4315 1155 4348 ι
1180 4297 1362 4353 Bruuo
1389 4308 1515 4369 post
1550 4316 1829 4371 egressum
1868 4322 1900 4361 e
1941 4308 2071 4364 Car-
2174 4286 2331 4352 1089’
2364 4288 2498 4342 "nm
2525 4288 2894 4392 ξεριοιηὺτειη
2922 4294 3154 4401 "indm"
3179 4301 3540 4401 Ρνονεξοιςξῖξιά
3570 4300 3714 4355 Πν¹¹³’

495 4378 667 4401 ,ιι-.-μ
712 4398 771 4401 μ
804 4384 816 4401 ,
868 4384 901 4401 ί,
976 4400 985 4401 ί
1052 4386 1064 4401 ,
1214 4389 1225 4401 ,
1679 4395 1691 4401 ,
2350 4394 2636 4401 -----.----
3080 4400 3085 4401 ν

491 4378 672 4434 musia
708 4384 997 4439 undecimo
1014 4386 1133 4454 plus
1156 4389 1335 4444 minus
1366 4406 1530 4456 anno,
1556 4413 1573 4446 ,
1608 4395 1909 4463 primorum
1938 4415 2071 4469 (μω,
2172 4394 2298 4431 num
2348 4382 2641 4434 accessisse
2669 4391 2929 4448 statuunt,
2961 4384 3143 4438 Romzu
3168 4388 3586 4454 verosimilliuie,
3612 4401 3714 4441 cum

493 4476 620 4522 tum.
641 4470 947 4530 Canhusiw
971 4477 1216 4546 primum
1247 4479 1600 4553 ehmnologo’
1627 4498 1656 4538 a
1683 4499 1791 4554 quo
1824 4502 1889 4541 ex
1910 4467 2071 4545 dictis
2098 4478 2146 4537 ι)
2176 4467 2224 4520 id
2251 4469 2465 4537 accidit,
2501 4468 2746 4526 Urbanus
2776 4488 2933 4541 papa,
2964 4484 3147 4544 utpote
3173 4493 3331 4546 quem
3360 4491 3585 4547 quatuor
3609 4477 3712 4531 ulti-

494 4572 601 4610 non
634 4564 1017 4632 recedendum,
1076 4578 1329 4636 testante,
1366 4588 1396 4627 e
1431 4573 1589 4640 vivis,
1626 4577 1768 4644 quod
1816 4566 1960 4633 anno
2001 4595 2067 4635 ex
2169 4557 3087 4671 ξιξ,ξῗξξξῃίεηξῗξιἛφξξίίξυδᾲξ’θί
3117 4567 3328 4671 Milli-3:
3358 4570 3527 4671 Ubicet
3556 4580 3714 4671 unicust:

494 4649 731 4671 A!_-_.,I!_
801 4656 921 4671 nunc
1000 4657 1022 4671 Α
1316 4664 1366 4671 ..
1438 4666 1449 4671 -
1586 4667 1638 4671 --

488 4649 736 4707 dicendis
796 4656 924 4710 μοι
998 4657 1225 4727 factum,
1281 4664 1519 4726 amem,
1586 4667 1783 4737 meque
1838 4671 2065 4738 proinde
2169 4647 2473 4715 Septembri
2512 4650 2841 4706 Melfitamun
2882 4655 3167 4709 concilium
3199 4657 3517 4723 celebravit,
3554 4658 3627 4711 vel
3668 4658 3709 4709 iu

485 4747 714 4795 ενθηιηε
775 4760 882 4798 mm
938 4747 1093 4804 valde
1148 4751 1237 4805 diu
1269 4792 1283 4815 ν
1333 4763 1616 4826 poslquam
1668 4758 1985 4816 undecimus
2034 4778 2063 4816 a
2165 4738 2411 4793 Calabria
2435 4741 2728 4809 exstitisse,
2758 4743 2985 4798 adducta
3015 4762 3042 4797 a
3076 4745 3361 4804 Ruinartio
3388 4750 3439 4804 in
3462 4746 3711 4804 Pontificis

486 4828 672 4884 Sancti
722 4848 752 4885 e
800 4832 1086 4891 Carthusia
1134 4853 1354 4908 egressu
1408 4859 1582 4899 annus
1633 4857 1781 4901 esset
1826 4849 2061 4918 elapsus,
2164 4828 2306 4884 imus
2330 4828 2468 4944 Iit”
2507 4832 3230 4944 Probanfrjersa'ﬂs,m“ff
3273 4839 3455 4944 fuefn'
3485 4840 3561 4943 ,Αι

482 4922 650 4976 statui
680 4939 841 4993 posse
880 4928 1148 4989 videatur.
1183 4932 1313 4987 dicti
1357 4935 1484 4987 anni
1516 4951 1701 4992 mense
1732 4937 1924 4994 Martio
1951 4942 2060 4996 cir-
2165 4935 2285 4974 cm“
2319 4919 2639 5033 Erbalnuslgl
2678 4933 2737 5033 υπξ
2788 4925 2926 4980 “lem
2978 4927 3295 5033 RW"??ij
3352 4931 3405 5033 “3
3452 4947 3569 5033 qui
3604 4930 3709 5033 .v'm

483 5013 624 5068 citer
670 5030 702 5069 e
750 5015 1042 5072 Carthusia
1075 5020 1257 5077 Bruno
1301 5025 1689 5081 verosimiliter
1726 5029 2060 5098 discesserit,

2210 5027 2284 5079 ig.
2319 5012 2385 5064 7'7
2412 5015 2665 5083 ostendit,
2699 5014 2921 5069 Romam
2954 5033 3096 5073 anno
3127 5021 3286 5084 1090.
3315 5021 3501 5092 quinto
3530 5019 3706 5121 Kalen-

480 5106 840 5175 scquentiqtte
871 5124 1057 5163 mense
1091 5112 1265 5181 Aprili
1315 5123 1410 5167 aut
1457 5126 1607 5170 certe
1646 5117 1770 5172 Maii
1815 5118 1970 5174 initio
1994 5123 2060 5174 ad
2162 5105 2258 5214 fias
2289 5105 2516 5214 Aprilis.
2558 5122 2650 5214 seu
2689 5123 2855 5161 mm
2898 5107 3072 5214 Martii
3112 5112 3495 5214 reversusian}
3531 5110 3703 5214 ffieri};

478 5198 790 5267 pontificem
823 5200 1127 5264 Urbanum,
1154 5204 1245 5273 qui
1278 5213 1424 5271 tunc,
1450 5216 1508 5260 ut
1533 5206 1850 5263 Ruinartins
1876 5210 1928 5263 in
1962 5211 2060 5265 llll-
2160 5194 2342 5299 ξδῖίιυξὶ
2364 5197 2428 5300 {id
2454 5198 2682 5252 mediam
2706 5214 2875 5306 “5‘1":
2898 5209 3140 5306 ωδξθιθω
3167 5201 3383 5306 “imiter
3408 5203 3704 5306 5"b5filfﬂl;

473 5288 566 5357 jus
595 5287 715 5343 Vita
749 5305 910 5360 supra
965 5291 1085 5361 plus
1141 5294 1307 5348 semel
1344 5293 1455 5363 jam
1499 5298 1592 5352 cit.
1629 5297 2057 5356 luculentissime
2157 5285 2211 5340 ίη
2239 5287 2669 5396 Opil'ionelsa'l'le‘,
2700 5305 2804 5359 (11³³
2837 5290 3096 5394 Samium
3129 5309 3233 5347 “0"
3274 5304 3398 5349 θυίθ
3432 5295 3556 5396 θηηξ
3592 5290 3706 5347 ¹⁰90

473 5381 689 5447 probat,
712 5398 775 5436 ex
804 5384 999 5455 Apulia
1028 5395 1077 5439 et
1106 5384 1354 5442 Calabria
1382 5387 1607 5444 Romam
1638 5398 1756 5445 erat
1782 5406 2054 5457 reversus,
2154 5381 2395 5450 Aprilem
2448 5381 2523 5435 δά
2567 5382 2844 5503 UI‘Pallllm
2894 5397 3106 5503 ⁸⁷0ιῖ1856
3132 5425 3147 5449 ν
3170 5401 3354 5503 supra
3402 5395 3669 5441 εῑίιιιιηηυε
3688 5422 3700 5446 ο

477 5476 787 5503 ηηιννηηηηῗο
840 5476 914 5503 In.
963 5493 1075 5503 -..ηε
1110 5478 1306 5503 ι’..,..,....
1342 5480 1540 5503 ε.ι-ε..--
1573 5482 1842 5503 --μ-Αμυμ,
1874 5484 2025 5503 -..ξμς
2159 5477 2338 5503 0...“...
2366 5478 2452 5503 [τι.
2482 5480 2624 5503 ..η-ιε
2659 5495 2717 5503 η..
2770 5495 2886 5503 ..η-..η
2922 5496 2967 5503 ..,
3019 5495 3134 5503 -..Μ
3214 5488 3399 5503 ...η-ο..-
3433 5487 3604 5503 ..ΑΑΙΑ-
3627 5488 3700 5503 νη-

477 5476 808 5538 pervenerit.
840 5476 916 5530 lta
963 5493 1075 5532 rem
1110 5478 1307 5534 fartam
1342 5480 1545 5537 idcirco
1573 5482 1846 5552 praecipue
1868 5484 2055 5538 existi-
2155 5477 2340 5532 “0mm
2366 5478 2454 5532 hic
2481 5478 2741 5547 Pontifex.
2766 5495 2888 5534 cum
2920 5480 2984 5533 ad
3015 5495 3137 5535 eum
3170 5478 3401 5535 δδηοίυε
3432 5487 3604 5532 ηοείθτ
3627 5488 3702 5525 "0'

470 5576 580 5623 mo,
615 5572 727 5617 tum
759 5568 901 5634 quod
954 5568 1006 5622 in
1047 5569 1149 5624 bac
1186 5571 1441 5642 opinione
1473 5573 1703 5627 Sanctus
1730 5582 1935 5640 noster,
1968 5582 2053 5627 ut-

470 5659 752 5674 -A.--___-
789 5655 911 5674 ..ιη
1097 5658 1120 5674 ..
1232 5671 1240 5674 _
1605 5662 1617 5674 .

2214 5578 2252 5631 t,
2286 5567 2503 5623 indubie
2531 5569 2821 5625 exstiterit.
3572 5656 3582 5667 ο
3642 5652 3672 5674 ι,

469 5659 594 5716 pote
616 5666 757 5706 anno
786 5655 912 5709 1101
953 5657 1058 5711 vita
1095 5658 1332 5725 functus,
1369 5678 1474 5716 non
1511 5662 1706 5725 serius,
1734 5676 1893 5731 quam
1926 5676 2048 5716 cum
2222 5660 2347 5716 525.
2391 5661 2541 5727 Quod
2584 5662 2741 5763 modo
2786 5661 2850 5716 ad
2901 5660 3102 5763 reliqua
3130 5703 3145 5727 ν
3195 5660 3452 5763 Nmis“?

462 5739 579 5809 jam
615 5744 856 5816 quinque
901 5758 992 5803 aut
1024 5765 1119 5805 sex
1166 5753 1389 5809 circiter
1424 5771 1639 5812 menses
1667 5762 1786 5824 post
1826 5753 2045 5809 undeci-
2150 5750 2560 5806 Blamicuveunm
2582 5751 2762 5807 verbis
2793 5751 3202 5822 comprehensa.
3231 5751 3477 5823 νοτιίηειτ
3507 5749 3695 5801 "enm"

522 2931 645 2971 mea
694 2921 909 2976 tandem
966 2924 1037 2979 sit
1082 2928 1284 2997 Opinio,
1332 2942 1515 3001 aperte
1565 2935 1806 3005 edicam,
1862 2938 2092 2997 Sanctus

515 3016 701 3063 noster
728 3011 933 3081 absque
955 3014 1122 3071 solida
1149 3020 1358 3075 ratione
1385 3025 1545 3079 statui
1568 3041 1672 3081 non
1696 3038 1871 3097 potest
1894 3034 2092 3088 obiisse

517 3101 782 3170 temporis
832 3105 1011 3175 spatio
1061 3118 1181 3177 post
1216 3127 1371 3167 suum
1413 3130 1444 3169 e
1481 3116 1769 3176 Carthusia
1813 3137 2088 3193 egressum
2116 3148 2161 3209 ρ

517 3186 683 3209 ,μην
731 3194 743 3205 .
1160 3200 1172 3209 .
1261 3203 1310 3209 --
1527 3207 1535 3209 ξ

511 3186 773 3261 longiori,
832 3210 993 3265 quam
1062 3200 1172 3268 pati
1223 3203 1468 3260 videatur
1525 3207 1773 3279 loquendi
1825 3186 2085 3283 formula,

515 3298 646 3352 qua,
677 3296 734 3339 ut
753 3286 861 3353 jam
884 3290 1109 3357 dictum,
1144 3297 1501 3371 aprimorum
1530 3313 1762 3371 quatuor
1786 3304 2087 3364 Carthusize

510 3374 758 3441 priorum
798 3379 1129 3452 clironologo
1166 3368 1315 3454 «post
1343 3404 1618 3458 egressum
1662 3393 1962 3453 Carthusia:
1987 3416 2088 3455 un-

507 3465 721 3521 decimo
745 3467 867 3536 plus
906 3472 1084 3528 minus
1114 3490 1255 3531 anno
1277 3496 1297 3531 »
1335 3479 1474 3534 diem
1500 3492 1803 3539 extremum
1826 3488 2084 3547 clausisse

509 3555 773 3623 traditur;
810 3574 980 3628 quare
1024 3580 1145 3619 cum
1180 3569 1387 3625 nullum
1419 3572 1598 3641 plane,
1649 3579 1791 3647 quod
1822 3578 2079 3640 Sanctum

502 3642 617 3712 jam
670 3648 792 3704 inde
818 3652 886 3707 ab
914 3670 1055 3711 anno
1086 3658 1244 3726 1089,
1275 3662 1340 3717 ad
1370 3642 1929 3728 Octobrem‘nondnm
1959 3690 2081 3743 pro-

502 3747 684 3803 vecto,
715 3743 856 3798 unde
886 3760 1009 3799 eum
1060 3748 1151 3804 tali
1183 3759 1423 3822 tempore
1451 3758 1671 3825 obiisse,
1707 3761 1849 3818 foret
1888 3780 2081 3822 conse-

504 3840 700 3895 quens,
733 3844 765 3886 e
799 3830 1087 3891 Carthusia
1118 3839 1184 3894 ad
1221 3843 1530 3910 pontificem
1558 3848 1895 3917 discessisse,
1923 3856 2078 3910 evin-

500 3927 615 3983 cat,
665 3935 1045 3991 argumentnm
1095 3939 1179 3983 sat
1226 3932 1463 3990 validum
1507 3952 1779 4003 occurrat.
1827 3942 1879 3997 id
1929 3944 2074 4000 illum

499 4019 626 4065 ante
670 4026 872 4069 annum
908 4016 1069 4081 1090,
1106 4029 1166 4074 ut
1205 4021 1549 4082 Mabillonius
1586 4029 1785 4100 aliique
1834 4048 2076 4090 commu-

497 4103 622 4158 nius
648 4114 920 4173 statuunt,
952 4126 1055 4164 non
1092 4111 1305 4179 fecisse,
1338 4115 1391 4169 in
1417 4118 1654 4173 animum
1685 4121 1901 4179 induco.

567 4196 692 4252 525.
727 4200 928 4254 Verum
978 4218 1085 4269 quo
1136 4205 1356 4261 circiter
1398 4210 1527 4263 anni
1575 4211 1718 4265 illius
1764 4230 1948 4271 mense
1983 4232 2071 4273 res
