3846 6316
130 328 196 388 Sil

130 460 210 503 esse
230 446 320 501 haec
344 440 568 514 apprime
596 453 854 503 consona,
884 436 1248 492 indubitatum
1278 443 1522 505 apparet,
1548 450 1612 490 ac
1640 443 1687 499 Α

131 546 166 597 in
187 539 334 609 primis
359 534 559 603 quidem
590 532 849 587 Sanctum
881 530 949 584 ad
995 528 1220 584 consilia
1252 529 1321 580 ab
1355 526 1571 581 Urbano
1596 565 1611 590 ,

130 637 262 699 utpote
278 642 302 679 a
324 639 418 693 quo
440 624 577 677 hunc
604 638 657 675 tn
684 621 870 686 linem,
901 627 1037 672 teste
1060 617 1357 686 primorum
1384 626 1616 685 quatuor

129 717 351 774 Carthusia:
371 713 598 783 priorum
621 708 969 778 cbronologo,
991 714 1244 760 evocatus
1262 713 1427 768 esset,
1453 704 1617 758 fuisse

127 806 373 861 adhibitum.
406 800 483 855 Ad
512 799 613 854 alia
643 797 802 853 modo
831 797 918 851 hic
947 795 1282 851 discutienda
1311 810 1616 849 sermonem

128 906 445 953 convertamus.
480 892 628 946 Haud
665 891 755 945 diu
794 890 1113 953 admodum,
1150 896 1413 956 quantum
1450 900 1616 954 appa-

129 999 199 1052 ret,
219 988 269 1041 ad
293 984 578 1056 pontiﬁcem
609 981 849 1037 Sanetus
893 990 1077 1036 noster
1103 988 1461 1051 pervenerat,
1494 993 1616 1033 cum

128 1082 171 1133 ad
192 1078 547 1133 dilectissimum
583 1073 893 1139 Parentem,
919 1073 1207 1129 Carthusia
1235 1072 1444 1136 relicta,
1474 1070 1619 1141 pari-

129 1178 184 1224 ter
197 1168 369 1221 venisse
391 1165 500 1234 ejus
522 1165 842 1235 discipulos,
871 1178 1056 1218 omnes
1084 1162 1267 1218 Sancti
1300 1162 1465 1216 nostri
1494 1161 1619 1216 'bio-

128 1259 258 1328 graphi
283 1255 500 1311 unanimi
516 1270 782 1311 consensu
806 1252 1092 1307 afﬁrmant.
1113 1271 1131 1304 ι
1147 1252 1421 1307 Venerunt
1437 1259 1616 1306 autem

129 1348 273 1417 (subdit
294 1346 453 1401 verbis
475 1346 589 1400 suis
610 1344 855 1415 proxime
881 1342 985 1397 huc
1012 1342 1349 1409 transcriptis
1372 1341 1620 1395 Blomen-

129 1438 264 1508 reuna)
306 1439 364 1490 ad
397 1451 537 1501 eum,
574 1434 781 1504 Spiritu
842 1440 1031 1487 sancto
1060 1441 1351 1501 operante,
1392 1432 1473 1486 sui
1504 1446 1617 1485 om-

128 1545 218 1594 nes,
254 1529 327 1597 qui
367 1529 415 1582 in
459 1527 745 1582 Carthusia
793 1540 915 1579 cum
962 1538 1028 1579 eo
1074 1522 1325 1589 fuerant,
1376 1523 1619 1578 dolentes

127 1621 338 1690 plurimum
360 1620 487 1689 (ipse
512 1634 644 1673 vero
666 1616 915 1686 amplius)
941 1615 1081 1684 quod
1103 1614 1279 1669 locum
1305 1614 1619 1685 praedictum

127 1711 374 1775 Carthusia},
405 1724 566 1778 quem
613 1708 871 1762 Dominus
899 1707 999 1761 sibi
1026 1706 1297 1776 elegerat,
1330 1714 1383 1760 et
1426 1706 1476 1759 in
1513 1720 1618 1775 quo

128 1800 247 1853 locum
278 1798 364 1853 sibi
407 1775 692 1853 exstruere
716 1798 864 1851 visus
892 1796 1069 1852 fuerat
1091 1775 1509 1865 ,7reliquissent.
1559 1796 1615 1850 In
1650 1775 1693 1834 Β

129 1898 252 1942 mente
273 1889 414 1943 etiam
442 1888 731 1943 veniebant
757 1888 869 1953 eis,
905 1901 1009 1939 non
1042 1900 1234 1940 carnes
1258 1926 1273 1951 ,
1307 1900 1619 1940 cucumeres

128 1991 186 2033 aut
205 1994 400 2049 pepones
426 1980 590 2050 (sicut
619 1978 1106 2032 murmuratoribus
1140 1976 1243 2030 illis
1276 1977 1330 2030 in
1360 1977 1618 2048 deserto),

126 2073 186 2125 sed
216 2073 386 2127 derotze
414 2071 795 2125 meditationes
820 2110 835 2134 ,
882 2070 1181 2132 orationes,
1227 2070 1485 2125 lectiones
1506 2110 1523 2135 ,
1566 2080 1623 2125 et

126 2162 354 2230 spirituales
379 2161 808 2226 consolationes,
847 2176 981 2231 quas
1005 2161 1152 2229 prius
1181 2161 1234 2214 in
1273 2176 1459 2215 eremo
1489 2159 1621 2215 Car-

129 2254 260 2307 thusize
282 2254 595 2319 habuerant;
629 2262 684 2309 et
721 2253 874 2317 ideo,
912 2266 1035 2307 cum
1066 2267 1125 2307 se
1147 2250 1259 2320 jam
1288 2253 1533 2307 viderent
1568 2253 1621 2307 in

128 2345 227 2398 curia
270 2354 377 2415 post
427 2353 540 2399 tam
584 2343 881 2411 jucundum
936 2342 1133 2411 quietis
1186 2358 1297 2398 suae
1349 2342 1622 2397 silentium

129 2437 296 2490 maximo
321 2436 638 2490 circumdari
670 2432 895 2489 tumultu
924 2448 988 2489 ac
1022 2433 1271 2502 strepitu,
1308 2450 1338 2488 a
1370 2434 1625 2503 lacrymis

128 2525 324 2583 abstinere
357 2543 456 2582 non
498 2536 771 2598 poterant.
805 2544 824 2579 ι
863 2524 1136 2579 llactenus
1181 2525 1580 2580 Blomenvenna
1606 2568 1622 2594 ,

129 2617 181 2669 cui
209 2618 366 2673 iterum
399 2618 693 2683 Puteanus,
728 2632 759 2671 e
804 2631 911 2686 quo
939 2631 1037 2671 sua
1074 2616 1253 2671 hausit
1280 2658 1295 2683 ,
1342 2617 1419 2670 uti
1461 2618 1625 2671 etiam

129 2706 280 2772 Surius,
305 2709 364 2763 ad
394 2709 658 2764 amussim
686 2707 800 2763 fere
836 2715 1116 2762 consonat.
1161 2707 1355 2761 Verum
1395 2708 1500 2762 duo
1539 2709 1627 2763 hic

124 2796 194 2864 iam
214 2802 346 2868 quaeri
373 2810 621 2871 possunt.
650 2798 895 2854 Alterum
915 2806 1016 2865 est,
1042 2813 1110 2851 an
1139 2797 1394 2853 Sanctum
1420 2814 1547 2854 vere
1573 2800 1626 2853 in

127 2889 271 2943 Italiam
291 2908 346 2947 ac
366 2891 595 2946 Romam
635 2890 805 2944 secuti
824 2888 932 2944 sint
949 2886 1065 2956 ejus
1086 2888 1363 2958 discipuli;
1396 2888 1625 2945 alterum

44 2980 45 2983 “
127 2995 229 3045 vero,
249 2999 323 3049 an,
351 2984 392 3039 si
421 2998 511 3037 res
544 2983 616 3036 ita
642 2981 856 3047 habeat,
883 2979 1139 3049 singulari
1178 2981 1411 3049 quodam
1442 2980 1627 3050 prodi-

44 3072 45 3077 “
128 3071 314 3141 giosoque
342 3074 494 3127 modo
534 3071 794 3126 divinitus
820 3069 1033 3140 impulsi
1065 3069 1115 3123 id
1157 3068 1424 3136 fecerint,
1470 3083 1629 3141 ιιι-«ται

44 3196 45 3199 η
125 3157 196 3223 iam
227 3177 329 3216 mox
365 3164 591 3219 recitata
636 3160 1050 3215 Blomenvennae
1088 3160 1252 3215 verba
1293 3160 1516 3217 innuere
1549 3162 1628 3216 vi-

44 3298 45 3303 η
129 3252 279 3306 detaut.

173 3336 266 3395 5215.
301 3343 361 3397 Ut
385 3343 451 3398 ab
473 3358 564 3411 eo,
595 3340 739 3410 quod
768 3340 1000 3411 primum
1029 3349 1133 3406 est,
1153 3342 1344 3397 ducam
1374 3341 1585 3395 initium
1610 3381 1652 3407 ,.

44 3456 45 3497 ξ
130 3428 256 3484 Sancti
272 3436 418 3487 nostri
440 3433 737 3504 discipulos
749 3434 813 3487 ad
837 3449 980 3497 eum,
1006 3433 1058 3486 in
1079 3432 1343 3488 Calabriae
1364 3448 1627 3499 eremum,

44 3508 45 3587 ξ
127 3523 330 3587 pontiﬁcia
371 3526 517 3580 curia
567 3524 754 3579 relicta
782 3564 797 3590 ,
846 3525 1079 3578 nondum
1129 3523 1469 3593 profectum,
1512 3539 1631 3579 sese

128 3615 363 3680 contulisse,
383 3617 809 3673 concludendum
828 3625 1049 3684 apparet
1075 3630 1142 3670 ex
1165 3616 1353 3670 charta
1378 3617 1628 3684 prtesenti

44 3740 45 3743 η
128 3699 647 3780 §transcribenda,qna
681 3705 1247 3778 Siguinus,Casa:-Dei
1273 3708 1467 3770 abbas,
1499 3708 1630 3763 Car-

44 3870 45 3873 ,
130 3793 297 3851 tbusiam
318 3800 614 3867 Landuino,
643 3798 866 3867 ejusque
890 3798 1074 3863 sociis,
1107 3799 1171 3852 ad
1205 3799 1342 3852 hanc
1358 3798 1631 3853 redeunti-

44 3904 45 3951 ;
128 3881 210 3948 ll05.
232 3892 465 3955 restituit;
492 3892 546 3945 in
575 3892 676 3946 bac
699 3892 871 3956 enirn,
890 3902 949 3945 ut
976 3890 1028 3944 bi
1051 3889 1460 3944 celeberrimam
1487 3888 1629 3942 illam

130 3989 324 4048 eremum,
348 4000 503 4053 quam
529 3984 880 4040 dilectissimo
918 3984 1082 4039 Patre
1109 3997 1208 4038 suo
1230 3984 1295 4036 ad
1321 3982 1629 4052 pontificem

44 4050 47 4145 ξ
129 4064 313 4135 abeunte,
341 4073 707 4138 deseruerant,
736 4074 980 4128 unanimi
1008 4088 1270 4129 consensu
1304 4081 1629 4143 repeterent,

44 4150 47 4255 γ
130 4152 253 4255 Bruno
271 4162 478 4219 Romam
515 4165 630 4234 jam
660 4166 932 4235 profectus
962 4176 1125 4235 atque
1151 4165 1289 4236 apud
1321 4166 1627 4235 pontificem

44 4247 45 4319 ξ
129 4247 301 4308 existens
339 4256 579 4311 eﬁ‘ecisse
622 4258 861 4311 innuitur
902 4259 1048 4311 hisce
1092 4257 1316 4312 verbis:
1363 4276 1381 4308 ε
1423 4257 1630 4328 Rogatu

44 4340 45 4411 ξ
130 4342 249 4403 patris
268 4349 418 4402 nostri
450 4364 604 4419 papze
625 4348 855 4417 Urbani,
874 4358 928 4403 et
953 4350 1204 4419 precibus
1228 4350 1623 4419 prtemetnorati

131 4517 347 4592 fratribus,
382 4542 440 4584 ut
488 4531 688 4585 ibidem
728 4539 1111 4598 remanerent,
1158 4546 1188 4585 a
1237 4532 1417 4599 priore
1445 4546 1637 4587 eorum

132 4608 315 4673 anone
356 4621 644 4691 plurimum
697 4622 1059 4689 confortatis,
1106 4621 1258 4676 fratri
1311 4620 1639 4688 Landuino,

134 4717 242 4768 quem
267 4715 510 4782 magister
534 4714 719 4769 Bruno
742 4715 1023 4769 discedens
1045 4715 1098 4783 (e
1121 4713 1406 4769 Carthusia
1429 4714 1640 4769 scilicet

44 4792 47 4807 ’
136 4794 487 4873 Μῃοηιίῆοθηι)
532 4804 745 4858 caeteris
775 4804 1036 4859 fratribus
1074 4806 1365 4874 praeposuit
1388 4846 1403 4872 ,
1450 4805 1550 4875 ipsi
1581 4814 1640 4860 et

135 4889 285 4943 ceteris
318 4892 568 4947 fratribus
610 4893 709 4947 sub
747 4908 813 4947 eo
857 4894 1173 4963 degentibus
1201 4902 1255 4948 et
1287 4909 1474 4948 eorum
1508 4908 1635 4949 suc-

137 4980 370 5036 wssoribus
389 4982 609 5048 donum,
637 4985 778 5053 quod
807 4984 961 5039 nobis
984 4985 1272 5053 praedictus
1297 4984 1476 5040 Bruno
1499 4986 1644 5055 (ejus

135 5063 310 5124 fidelieet
341 5073 638 5144 discipulis,
674 5076 751 5129 uti
778 5075 980 5129 chartae
1025 5076 1181 5146 hujus
1217 5076 1373 5130 initio
1417 5076 1635 5145 dicitur,

44 5162 45 5171 ‘
137 5150 391 5215 eCarthnsia
408 5165 798 5235 recedentibus)
816 5166 1015 5221 fecerat
1028 5179 1210 5220 coram
1223 5167 1640 5236 congregatione

44 5274 47 5323 ί
139 5244 249 5300 “bis
269 5256 627 5309 comrnissa....
663 5257 776 5326 Ego
809 5257 925 5327 ipse
966 5256 1134 5312 frater
1173 5256 1459 5329 Signinus,
1504 5273 1640 5328 pra:-

141 5329 247 5391 dicta:
266 5338 519 5400 Casa-Dei
549 5348 805 5403 abbas....
833 5348 1054 5418 reliqui;
1090 5368 1110 5401 ι
1150 5364 1319 5419 quare
1349 5366 1469 5405 cum
1502 5350 1641 5406 San-

141 5434 221 5480 ctus
248 5444 436 5501 noster,
485 5447 543 5491 ut
584 5439 827 5494 unanimi
870 5455 1140 5495 consensu
1181 5442 1248 5496 ad
1294 5440 1638 5497 Carthusiam

142 5527 250 5577 illam
276 5523 609 5595 reliquerant,
641 5529 888 5600 discipuli
917 5546 999 5586 ειη
1038 5539 1456 5605 reverterentur,
1483 5548 1639 5588 vero-

145 5604 361 5703 simillime,
391 5621 441 5673 ni
465 5620 563 5674 sibi
596 5633 891 5689 praesentes
917 5623 1214 5689 habuisset,
1240 5604 1324 5679 vel
1354 5624 1497 5678 nulla
1521 5640 1638 5680 om-

148 5709 236 5754 nino
268 5708 452 5765 ratione
495 5714 574 5770 vel
626 5724 774 5771 certe
818 5732 923 5772 non
974 5717 1078 5774 nisi
1118 5718 1399 5789 aegerrime
1442 5719 1638 5777 litteris

1552 323 1752 379 ACTA.

3176 330 3286 385 ἴ)ῖῖ

1713 435 1926 490 efﬁcere
1951 434 2243 504 potuisset,
2277 435 2452 506 reipsa
2494 435 2546 490 hi
2583 443 2706 492 tunc
2734 435 2936 493 Sancto
2960 438 3197 495 adfuisse
3224 458 3284 498 ac

1717 527 1869 595 proin
1892 542 2014 580 eum
2044 535 2165 596 post
2188 542 2342 582 suum
2372 544 2402 582 e
2424 527 2710 583 Carthusia
2734 544 3009 601 egressura
3034 534 3207 588 secuti
3233 536 3291 590 in

1718 618 1924 671 Italiam
1955 619 2224 672 videntur.
2254 620 2496 684 Accedit,
2521 628 2633 674 tum
2664 620 3149 677 Carthttsianorum
3176 634 3287 678 tra-

1718 710 1871 773 ditio,
1905 718 2014 763 tutn
2044 711 2314 780 antiquior
2345 723 2529 766 noster
2566 713 2922 782 biographus,
2954 715 3067 783 qui,
3098 718 3287 774 omnes

1719 798 1903 853 Sancti
1931 798 2220 869 discipulos
2243 802 2306 855 ad
2334 818 2480 866 eum,
2506 802 2557 856 in
2587 819 2631 857 Ct
2657 806 2734 857 ria
2761 804 3029 873 pontificia
3054 807 3289 863 existen-

1720 898 1847 954 tem,
1873 891 2189 954 accessisse,
2220 906 2367 945 num.
2392 892 2456 947 l9
2482 894 2722 949 indicare
2743 896 2904 949 etiam
2933 896 3143 951 videtur
3170 915 3182 951 :
3209 908 3287 965 ut,

1719 979 1771 1033 id
1797 994 1923 1035 vere
1951 980 2154 1036 factum
2185 997 2327 1044 esse,
2357 991 2465 1036 tum
2498 984 2630 1046 haec,
2666 994 2773 1039 tum
2815 987 3068 1052 maxime,
3096 990 3292 1057 quibus

1720 1068 1994 1140 Siguinus,
2018 1071 2298 1127 Casze-Dei
2327 1073 2515 1139 abbas,
2542 1074 2901 1143 Carthusiam,
2923 1085 2983 1131 ἰιι
3008 1093 3134 1133 mox
3156 1080 3289 1147 dixi,

1722 1161 2069 1216 redeuntibus
2098 1163 2163 1217 ad
2195 1163 2335 1217 hanc
2358 1162 2416 1218 S.
2442 1164 2708 1221 Brunonis
2734 1168 3012 1237 discipulis
3036 1170 3297 1237 resdtuit,

1720 1251 1917 1306 litterae
1954 1252 2180 1321 publicae
2218 1254 2346 1307 mihi
2392 1270 2524 1309 sane
2562 1257 3058 1327 verosimillimum,
3097 1275 3166 1316 ne
3211 1261 3291 1316 di-

1720 1360 1837 1399 cam
1869 1345 2250 1410 indnbitatum,
2281 1346 2528 1401 reddant.

1790 1434 1913 1488 527.
1957 1434 2109 1501 Quod
2141 1450 2283 1489 nunc
2307 1436 2540 1505 pertinet
2572 1438 2637 1492 ad
2667 1439 2906 1501 modum,
2951 1455 3061 1510 quo
3088 1441 3291 1497 factum

1721 1527 1812 1591 sit,
1847 1534 1906 1580 ut
1940 1527 2007 1581 ad
2036 1526 2326 1593 Sanctum,
2361 1528 2412 1581 in
2438 1528 2586 1583 curia
2630 1531 2900 1599 pontificia
2927 1532 3252 1588 cxistentem
3276 1573 3293 1600 ,

1720 1635 1909 1674 omnes
1934 1617 2051 1687 ejus
2079 1618 2347 1689 discipuli,
2379 1618 2665 1675 Carthusia
2696 1622 2901 1688 relicta,
2947 1626 3297 1691 accesserint,

1724 1710 1775 1763 in
1820 1710 2063 1779 prodigio
2106 1709 2255 1763 illum
2292 1711 2494 1779 pariter
2531 1713 2864 1768 constituere
2903 1714 3115 1767 videtur
3153 1719 3296 1769 anti-

1723 1800 1879 1870 quior
1905 1809 2087 1855 noster
2106 1800 2458 1871 biographus;
2488 1800 2670 1857 Sancti
2695 1804 2836 1856 enim
2867 1803 3154 1873 discipulos
3180 1820 3289 1859 non

1721 1890 1904 1944 statim
1929 1905 1959 1944 a
1997 1905 2095 1944 suo
2125 1904 2155 1943 e
2184 1890 2472 1946 Carthusia
2501 1906 2723 1960 egressu
2755 1892 3165 1947 dilectissimum
3193 1893 3292 1948 Pa-

1722 1988 1860 2034 trem
1906 1997 2062 2035 sunm
2105 1981 2158 2033 in
2189 1979 2398 2034 italiam
2435 1996 2557 2036 esse
2589 1994 2840 2045 secutos,
2886 1983 2981 2037 sed
3026 1993 3153 2037 tunc
3191 1985 3304 2039 alio

1721 2081 1882 2142 atque
1906 2072 2012 2126 alio
2036 2072 2255 2139 abiisse,
2288 2073 2507 2140 indicat,
2537 2088 2599 2127 ac
2625 2071 2840 2140 deinde,
2864 2091 2986 2129 cum
3016 2074 3294 2142 Sanctum,

1722 2170 1782 2217 ut
1822 2178 1853 2218 e
1898 2163 2048 2217 curia
2082 2163 2354 2233 pontificia
2408 2163 2461 2218 in
2507 2179 2750 2219 eremum
2798 2166 2990 2220 iterum
3040 2167 3295 2222 secedere

1723 2253 1827 2309 sibi
1870 2251 1950 2306 fas
1996 2261 2180 2319 esset,
2233 2254 2301 2308 ab
2347 2253 2563 2309 Urbano
2608 2255 2969 2325 impetrasse,
3018 2258 3297 2322 narravit,

1723 2345 1998 2426 subjungit
2023 2362 2035 2398 :
2065 2364 2083 2397 ‹
2115 2344 2271 2400 Prius
2304 2355 2500 2411 tamen,
2531 2362 2693 2415 quam
2726 2348 2789 2401 de
2818 2348 2966 2403 curia
2997 2350 3299 2416 recederet,

1722 2435 1857 2503 ejus,
1887 2446 1943 2489 ut
1975 2437 2236 2500 creditur,
2269 2438 2478 2491 meritis
2504 2447 2556 2491 et
2584 2439 2834 2507 precibus
2872 2439 3052 2495 divina
3090 2441 3302 2495 miseri—

1725 2525 1909 2580 cordia
1941 2540 2128 2579 omnes
2169 2525 2287 2595 ejus
2315 2526 2491 2581 socios
2518 2536 2571 2581 et
2600 2526 2845 2583 subditos
2876 2530 3184 2594 revocavit,
3227 2530 3301 2585 ita

1725 2617 1867 2686 quod
1910 2616 2129 2671 omnino
2166 2631 2353 2672 omnes
2401 2618 2579 2672 redire
2618 2619 2963 2674 Carthusiam
3014 2635 3305 2677 consense-

1726 2712 1890 2769 runt;
1931 2724 1948 2756 ι
1990 2703 2184 2773 quibus
2213 2704 2393 2760 verbis
2433 2705 2637 2775 utique,
2669 2721 2856 2761 eorum
2887 2708 3068 2774 simul,
3106 2709 3308 2779 quibus

1726 2801 1885 2860 ante,
1931 2792 2115 2848 Sancti
2157 2793 2444 2863 discipulos
2492 2809 2523 2848 a
2557 2810 2654 2850 suo
2698 2810 2729 2850 e
2765 2796 3056 2852 Carthusia
3081 2811 3298 2866 egressu

1725 2887 1907 2941 varias
1936 2886 1989 2940 in
2015 2894 2196 2954 partes
2220 2884 2386 2941 fuisse
2418 2884 2713 2955 dispersos,
2747 2886 3062 2952 insinuavit,
3094 2887 3305 2942 ratione

1728 2977 1909 3032 habita
1938 3018 1952 3043 ,
2020 2978 2321 3047 prodigium
2385 2984 2631 3032 astruere
2676 2978 2885 3033 videtur
2923 2979 3179 3032 divinitus
3224 2978 3305 3032 fa-

1730 3075 1897 3130 ctum,
1936 3080 2043 3134 quo
2075 3066 2127 3119 bi
2160 3066 2225 3119 ad
2259 3065 2540 3130 Sanctum,
2569 3073 2857 3135 antequam
2884 3082 2914 3121 e
2941 3067 3093 3121 curia
3124 3069 3309 3137 ponti-

1733 3156 1854 3211 ﬁcia
1888 3156 2215 3220 discederet,
2248 3155 2604 3211 conﬂuxerth
2648 3164 2811 3225 atque
2843 3157 2908 3211 ad
2957 3157 3307 3214 Carthusiam

1731 3247 1909 3302 redire
1929 3247 2321 3302 consenserint.
2348 3245 2545 3301 Verum
2569 3247 2669 3301 etsi
2700 3248 2936 3317 quidem,
2964 3247 3145 3316 utjam
3167 3250 3305 3317 dixi,

1731 3343 1796 3396 ad
1827 3341 2154 3407 Brunonem,
2189 3340 2242 3394 in
2267 3340 2415 3394 curia
2439 3339 2711 3409 pontiﬁeia
2739 3340 3082 3405 existentetn,
3112 3357 3300 3398 acces-

1730 3434 1867 3488 sisse
1903 3448 1933 3486 e
1959 3432 2245 3487 Carthusia
2274 3431 2390 3501 ejus
2420 3431 2729 3501 discipulos,
2763 3432 2850 3485 vix
2887 3448 2993 3486 non
3028 3432 3304 3489 indubita-

1735 3533 1845 3578 tum
1894 3534 2108 3594 putem,
2150 3524 2392 3593 prodigio
2432 3532 2608 3578 tamen
2654 3524 2762 3580 ullo
2812 3524 3206 3583 interveniente
3251 3528 3305 3583 id

1731 3616 1969 3679 factum,
2022 3616 2164 3670 haud
2208 3615 2365 3668 facile
2391 3616 2712 3671 crediderim
2767 3618 2910 3686 quod
2954 3632 3043 3673 res
3073 3618 3219 3684 haec,
3249 3629 3309 3674 ut

1731 3706 2115 3775 discipulorum
2148 3705 2333 3760 Sancti
2366 3706 2419 3760 in
2449 3706 2652 3760 Italiam
2681 3709 2744 3761 ad
2774 3708 2917 3762 hunc
2944 3723 3215 3773 accessus,
3250 3710 3304 3765 in

1732 3796 2251 3868 Signini,Cas;e—Dei
2282 3797 2718 3864 abbatis,cltarta
2745 3799 2941 3869 saepius
2965 3799 3306 3868 jamlautlata

1732 3891 1957 3946 fundata
2009 3906 2113 3943 non
2162 3890 2272 3953 sit,
2322 3906 2421 3946 nec
2471 3891 2748 3961 biograpbi
2796 3893 2964 3947 nostri
3009 3892 3312 3963 horumque

1731 3981 1895 4037 etiam
1937 3979 2216 4043 vetustior,
2259 3995 2286 4033 a
2319 3980 2515 4050 quibus
2557 3980 2832 4036 memoriae
2868 3983 3146 4051 proditur,
3178 3983 3320 4038 satis-

1734 4073 1940 4143 antiqui
1972 4072 2104 4136 sint,
2141 4080 2200 4125 ut
2228 4079 2421 4137 rebus,
2464 4088 2598 4142 quas
2629 4071 2728 4127 soli
2757 4073 2823 4127 de
2854 4071 3054 4128 Sancto
3086 4072 3318 4142 ejusque-

1733 4164 2009 4233 discipulis
2041 4172 2284 4229 narrant,
2314 4164 2473 4218 fidem
2498 4164 2851 4219 indubitatam
2879 4165 3057 4219 facere
3084 4174 3306 4232 queant.

1733 4257 1871 4325 Quid
1906 4258 2154 4318 Sanctus,
2186 4273 2306 4311 cum
2339 4257 2406 4312 ad
2438 4273 2558 4313 eum
2580 4300 2595 4324 ,
2639 4272 2774 4327 quos
2810 4258 2860 4310 in
2894 4256 3175 4311 Carthusia
3213 4257 3311 4310 ha-

1732 4348 1957 4412 buerat,
1988 4345 2234 4415 discipuli
2286 4345 2512 4399 Romam
2553 4346 2937 4412 accessissent,
2969 4345 3309 4413 potissimum

130 4425 259 4487 fratris
276 4434 550 4503 Brunonis,
608 4450 660 4495 et
681 4441 883 4495 eisdem
911 4439 1091 4510 (hujus
1116 4455 1306 4510 nempe
1327 4441 1635 4517 discipulis)
1660 4440 1710 4502 D
1736 4438 1929 4509 egerit,
1958 4437 2119 4491 modo
2146 4435 2512 4504 dispiciamus.

1805 4529 1928 4584 528.
1969 4528 2199 4584 Curasse
2226 4526 2370 4579 illum
2402 4525 2540 4595 apud
2566 4524 2871 4594 pontiﬁcem
2896 4564 2910 4589 ,
2940 4532 2998 4579 ut
3027 4527 3321 4581 commodo

1736 4621 2004 4692 hospitio,
2033 4620 2087 4675 in
2123 4633 2231 4688 quo
2259 4618 2423 4673 statui
2471 4633 2568 4673 suo
2597 4632 2832 4686 congrua
2861 4619 3118 4673 exercitia
3159 4620 3321 4674 obire

1735 4724 1976 4786 possent,
2005 4713 2402 4782 exciperentur,
2434 4711 2788 4766 dubitandum
2818 4727 2923 4767 non
2950 4720 3060 4777 est,
3091 4712 3193 4768 etsi
3230 4714 3313 4768 in-

1741 4810 1900 4865 terim
1934 4808 1984 4861 id
2017 4806 2163 4862 nullo
2192 4819 2414 4876 prorsus
2447 4805 2729 4875 scriptoris
2760 4805 2963 4875 antiqui
3003 4804 3323 4860 test'monio

1740 4898 1943 4955 ﬁrmari
1988 4905 2170 4968 queat.
2223 4896 2418 4952 Verum
2460 4912 2581 4951 cum
2633 4894 2864 4950 Sanctus
2912 4895 3161 4949 dilectam
3208 4895 3324 4950 sibi

1737 4989 2041 5047 Carthusia:
2069 5002 2310 5043 eremum
2349 5002 2380 5041 a
2410 4986 2676 5057 religiosis
2717 4987 2830 5041 suis
2859 4985 3048 5040 incolis
3072 5000 3194 5040 esse
3221 4986 3327 5040 de-

1738 5092 1962 5147 sertam,
1993 5081 2274 5152 aegerrime
2298 5079 2483 5143 ferret,
2511 5080 2683 5145 hisce,
2710 5086 2769 5134 ut
2793 5078 2859 5133 ad
2888 5079 3025 5132 hanc
3050 5076 3325 5144 redirent,

1739 5175 1994 5239 suadere,
2023 5173 2313 5228 identidem
2342 5169 2439 5226 fuit
2477 5182 2730 5236 conatus;
2772 5185 2871 5226 nec
2912 5170 3114 5225 frustra
3144 5183 3157 5221 :
3189 5182 3319 5221 cum

1739 5267 1904 5331 enim,
1938 5274 1995 5320 ut
2020 5274 2079 5319 ut
2106 5264 2357 5333 hospitio,
2385 5264 2545 5319 statui
2574 5279 2672 5319 suo
2706 5278 2963 5336 congruo,
2994 5260 3320 5317 verosimili-

1740 5367 1844 5424 ter,
1892 5366 1952 5411 ut
1978 5357 2201 5423 dictum,
2232 5355 2473 5426 excepti,
2505 5356 2665 5411 solita
2694 5364 2896 5422 tamen,
2939 5368 3046 5424 qua
3089 5353 3141 5407 in
3182 5351 3316 5407 Car-

1740 5449 1915 5503 thusia
1944 5446 2113 5518 gavisi
2141 5446 2377 5511 fuerant,
2400 5447 2582 5516 quiete
2608 5462 2712 5501 non
2738 5446 3060 5517 gauderent,
3077 5444 3321 5512 hincque

1740 5536 1964 5592 desertae
1993 5534 2392 5590 Carthusiensis
2416 5536 2583 5590 eremi
2626 5550 2717 5591 eos
2744 5535 3048 5604 pmniteret,
3081 5534 3316 5590 reditum

1740 5628 1808 5683 ad
1840 5627 1980 5680 hanc
2008 5626 2251 5681 suadenti
2300 5625 2538 5681 Brunoni
2582 5626 2769 5680 faciles
2798 5642 2957 5679 aures
2999 5627 3315 5696 praebuere,

1739 5719 2040 5788 munitique
2069 5717 2301 5786 litteris,
2324 5729 2433 5772 tum
2472 5719 2798 5788 pontificiis,
2834 5719 3028 5789 quibus
3060 5721 3314 5777 Urbanus
