3846 6316
542 313 646 368 523

1355 307 1410 360 S.
1455 306 1798 363 BRUNONIS
1825 303 2464 362 CARTl-IUSIANORUM
2493 305 2984 366 INSTITUTOBIS
3620 318 3701 373 '52l

541 443 679 497 papa
711 425 954 495 Signina,
987 421 1259 478 Caute-Dei
1294 422 1507 485 abbati,
1539 430 1592 473 ιιι
1642 419 1982 474 Carthasiam
2032 434 2116 473 re-
2147 427 2194 482 Α
2225 421 2441 474 tradidi.
2485 421 2591 476 Sed
2627 421 2840 487 charta,
2883 438 3046 491 quam
3085 423 3366 492 praedictus
3395 425 3560 484 Bima
3587 431 3708 486 ut.

541 519 827 574 deuntibus
854 515 919 568 ad
943 515 1080 568 hanc
1105 513 1165 567 S.
1193 514 1461 566 Brunonis
1491 513 1764 581 discipulis
1789 513 2117 576 restitueret,

543 608 885 679 prtccipicbat
910 647 924 672 ,
965 615 1074 658 tant
1118 605 1239 657 aliis
1265 644 1279 666 ,
1314 604 1512 672 quibus
1554 603 1681 656 illud
1717 605 1888 672 ipsum
1939 602 2120 655 Bruno

541 693 682 754 hunc
707 699 956 752 abbatem
983 696 1294 750 enixissime
1327 695 1569 764 rogabat,
1599 695 1777 748 itineri
1810 693 2023 747 tandem
2051 692 2118 746 ad

539 790 710 855 illam,
741 802 900 857 quam
931 786 1286 854 reliquerant,
1316 793 1558 838 eremum
1599 791 1956 845 revertentes,
1998 795 2118 836 sese

541 880 835 942 dederunt,
889 886 948 930 ut
1005 873 1282 944 biographi
1330 872 1499 926 nostri
1558 870 1796 925 unanimi
1849 885 2116 926 consensu

543 977 784 1024 tradunt.
817 968 942 1022 Illas
967 967 1168 1021 Urbani
1215 966 1446 1029 litteras,
1473 979 1538 1018 ex
1576 977 1736 1032 supra
1769 963 1983 1016 laudato
2007 962 2119 1016 An-

541 1060 748 1113 nalium
791 1057 1254 1112 Carthasiensiam
1303 1055 1423 1108 libri
1485 1054 1658 1124 quarti
1702 1053 1961 1106 hactenus
2011 1067 2114 1105 non

537 1147 754 1220 Vnigati
785 1147 1075 1202 Vallis-Dei
1092 1145 1380 1214 exemplari
1397 1145 1722 1213 exscriptus,
1753 1156 2068 1210 mecumque
2084 1157 2113 1196 a

531 1237 646 1306 jam
679 1239 875 1308 saepius
897 1238 1133 1300 laudato,
1165 1237 1254 1305 qui
1285 1251 1404 1289 sese
1432 1234 1697 1288 nominari
1731 1232 1877 1285 nulla
1903 1242 2114 1286 ratione

539 1326 674 1392 vult,
722 1325 1078 1379 Carthasiano
1129 1323 1420 1377 Parisiensi
1473 1322 1944 1384 communicatas,
2009 1321 2115 1374 huc

543 1416 868 1470 transcribo.
903 1414 1063 1467 llisce
1117 1412 1494 1481 concipiuntur
1533 1413 1750 1466 verbis:
1806 1430 1824 1462 ι
1862 1409 2113 1467 Urbanus

536 1509 1049 1577 cpiscopus,servus
1075 1519 1356 1559 servorum
1393 1503 1507 1565 Dei,
1534 1503 1857 1557 charissima
1890 1503 1999 1557 ﬁlio
2029 1503 2113 1556 Si-

541 1599 725 1668 gnino,
767 1597 948 1651 abbati
993 1596 1290 1658 CasteoDei,
1315 1604 1368 1649 et
1395 1595 1539 1648 omni
1583 1594 1990 1664 congregationi
2026 1610 2113 1649 sa-

531 1689 700 1742 lutem
753 1698 808 1741 et
846 1687 1198 1757 apostolicam
1246 1686 1698 1739 benedictionem.
1734 1686 1861 1750 Eos,
1905 1687 1995 1756 qui
2042 1686 2111 1740 ob

534 1779 797 1833 Ecclesiae
823 1778 1081 1832 Romana:
1109 1776 1468 1830 obedientiam
1495 1775 1772 1829 laboribus
1796 1775 2107 1844 fatigantur,

531 1870 795 1923 Romamn
824 1883 1041 1938 quoque
1073 1866 1329 1921 Ecclesia:
1363 1883 1462 1936 cpe
1493 1867 1712 1936 dignum
1743 1875 1825 1921 cst
1857 1867 2105 1932 relevari,

531 1962 666 2028 Quia
701 1976 830 2031 ergo
876 1975 972 2014 nos
1014 1961 1080 2013 ad
1113 1960 1256 2014 sedis
1309 1958 1618 2027 apostolica:
1655 1959 1933 2012 scrvitimn
1972 1959 2108 2011 Bru-

533 2069 752 2116 nonem,
782 2053 1163 2106 charissimam
1215 2051 1415 2115 ﬁlium,
1449 2051 1823 2113 evocavimus,
1877 2050 1994 2119 ipso
2039 2051 2107 2104 ad

532 2161 634 2200 nos
683 2144 1054 2214 perveniente,
1111 2153 1169 2196 ut
1208 2145 1324 2212 ejus
1371 2141 1504 2209 cella
1547 2141 1858 2194 detrimenti
1904 2141 2104 2210 aliquid

530 2234 796 2304 jatiatur,
846 2235 954 2302 pati
1002 2249 1107 2286 non
1160 2247 1469 2300 possumus,
1521 2232 1773 2300 quoniam
1815 2247 1912 2285 nec
1943 2233 2106 2285 debe-

537 2341 682 2380 mus.
731 2325 980 2378 Vestram
1025 2340 1154 2394 crgo
1192 2323 1535 2376 dilectionem
1588 2337 1858 2388 rogamus,
1910 2331 1965 2376 et
2017 2335 2105 2376 ro-

531 2417 706 2488 gando
738 2415 1100 2486 prascipimus,
1153 2426 1204 2467 ιιι
1247 2415 1491 2467 eamdem
1524 2413 1715 2467 cellam
1762 2413 1814 2466 in
1857 2413 2106 2466 libertate

529 2508 756 2578 pristina
819 2507 1143 2570 remittatis,
1193 2505 1624 2576 chyrographam
1670 2519 1911 2573 quoque,
1960 2504 2104 2574 quod

529 2600 686 2654 vobis
736 2599 802 2651 de
858 2599 1044 2652 eadem
1092 2597 1226 2652 cella
1271 2598 1558 2666 praedictus
1623 2596 1767 2650 ﬁlius
1812 2605 1996 2650 noster
2049 2595 2103 2650 in

527 2691 761 2745 fratrum
808 2689 1112 2758 dilapsione
1163 2687 1389 2750 fecerat,
1440 2704 1538 2757 pro
1584 2697 1770 2742 nostra
1819 2687 2104 2744 dilectione

527 2779 823 2846 restituite,
853 2788 912 2832 ut
942 2779 994 2831 in
1025 2779 1274 2832 libertate
1304 2779 1530 2847 pristina
1563 2771 1737 2831 valeat
1765 2792 2099 2846 permanere.

528 2869 867 2952 Nunc‘enim
921 2868 1138 2930 fratres,
1173 2868 1262 2937 qui
1295 2867 1486 2937 dilapsi
1520 2867 1758 2933 fuerant,
1795 2868 1908 2923 Deo
1937 2869 2102 2937 inspi-

529 2970 710 3026 rattte,
744 2961 974 3031 regressi
1015 2967 1163 3024 sunt,
1209 2973 1309 3014 nec
1347 2959 1504 3014 aliter
1530 2959 1884 3028 acquiescant
1925 2960 1979 3014 in
2012 2976 2102 3016 eo-

2218 512 2446 578 fecerat,
2483 514 2602 568 ideo
2637 529 2742 567 non
2775 523 2860 569 est
2893 515 3127 581 reddita,
3170 517 3407 586 quoniam
3439 533 3468 572 a
3501 520 3710 578 fratribus

2220 601 2422 656 nostris
2458 603 2511 656 in
2543 601 2779 671 capitulo
2811 604 2910 657 sub
2942 603 3228 659 interdicto
3261 607 3494 675 requisita
3529 623 3614 662 non
3639 626 3708 678 po-

2221 695 2323 748 tuit
2355 695 2620 760 inveniri;
2667 704 2723 749 et
2772 695 2818 749 si
2851 711 3086 764 unquam
3125 695 3331 752 inventa
3370 700 3530 762 fuerit,
3562 716 3708 755 eorum

2219 783 2334 851 ipsa
2362 785 2551 838 charta
2586 784 2658 838 sit
2681 783 2844 852 juris.
2885 784 3109 840 Factum
3143 793 3224 839 est
3270 801 3403 842 anno
3425 788 3486 841 ab
3511 787 3715 844 lucarna-

2220 874 2365 927 tione
2391 871 2604 926 Domini
2637 873 2796 938 1090,
2831 889 2900 929 xv
2948 873 3066 928 Kal.
3095 873 3355 930 Octobris.
3382 876 3486 946 Ego
3509 876 3715 947 Sigainas

2216 964 2385 1018 abbas
2433 965 2769 1034 subscripsi,
2834 973 2890 1019 et
2954 967 3008 1019 in
3061 967 3342 1036 praesentia
3385 969 3714 1041 archiepiscOpi

2216 1053 2458 1124 llugonis
2499 1056 2637 1109 hanc
2665 1055 2911 1110 chartam
2947 1073 3010 1110 ex
3044 1057 3251 1128 integro
3285 1057 3587 1112 conﬁrmavi.
3616 1079 3632 1112 ι

2285 1145 2412 1200 550.
2443 1144 2804 1214 Morkensius,
2841 1161 2872 1201 e
2921 1146 3074 1214 cujus
3110 1148 3427 1218 apographo,
3455 1149 3503 1202 in
3529 1149 3716 1204 chrono-

2215 1235 2837 1307 logicodiplomaticam,
2861 1252 3023 1306 quam
3051 1238 3116 1291 de
3133 1237 3192 1292 S.
3216 1238 3454 1292 Branone
3474 1239 3715 1301 contexuit,

2215 1325 2516 1379 Diatribant
2568 1325 2742 1390 illato,
2795 1336 2958 1396 atque
2989 1327 3057 1381 ad
3103 1328 3494 1397 autographuni,
3539 1329 3605 1381 uti
3644 1332 3716 1393 ait,

2215 1416 2512 1485 recognito,
2562 1417 2806 1470 chartam
2857 1417 2998 1472 hanc
3040 1418 3323 1487 descripsi,
3358 1417 3608 1488 llugonem
3651 1433 3719 1470 ar-

2214 1505 2647 1574 cliicpisc0pam,
2689 1505 2742 1559 in
2787 1505 2940 1572 cujus
2976 1508 3262 1576 praesentia
3299 1523 3412 1563 sese
3440 1508 3540 1576 jam
3568 1509 3720 1562 recita-

2216 1607 2325 1652 tam
2361 1599 2606 1652 chartam
2659 1613 2725 1652 ex
2781 1599 2994 1669 integro
3043 1599 3428 1664 conﬁrmasse,
3479 1599 3717 1668 Sigainus,

2212 1689 2488 1744 Casca—Dei
2527 1692 2715 1755 abbas,
2759 1690 3012 1756 afﬁrmat,
3056 1693 3251 1747 merito
3277 1693 3342 1748 ab
3371 1691 3589 1761 ﬂugone,
3613 1690 3720 1746 Gra-

2142 1763 2186 1821 Β
2219 1786 2610 1854 tianopolitano
2656 1786 2943 1855 episcopo,
2982 1795 3170 1855 utpote
3215 1787 3305 1856 qui
3349 1787 3722 1856 archiepiscopus

2214 1892 2320 1930 non
2368 1876 2558 1942 fuerit,
2595 1877 2912 1932 distinctum
2963 1879 3298 1947 pronuntiat,
3347 1878 3597 1948 aliumque
3629 1893 3720 1930 eum

2217 1983 2322 2022 non
2353 1983 2495 2034 esse,
2528 1984 2688 2038 quam
2740 1968 3044 2036 "agonem,
3087 1985 3231 2024 anno
3271 1969 3402 2025 1080
3429 1984 3488 2024 ex
3517 1969 3721 2038 episcopo

2215 2058 2394 2112 Diensi
2429 2057 2680 2126 sedisque
2705 2059 3018 2128 apostolicae
3044 2058 3248 2128 legato,
3301 2073 3452 2128 supra
3481 2058 3722 2126 sapies-inte

2211 2146 2450 2207 laudato,
2502 2147 2914 2218 Lugdunensem
2971 2149 3452 2218 archiepiscopum
3483 2159 3720 2221 creatum,

2214 2237 2474 2291 insinuat.
2525 2238 2667 2292 Idem
2709 2239 2873 2292 etiam
2929 2238 2982 2292 in
3037 2254 3136 2294 sua
3190 2239 3258 2294 de
3308 2238 3724 2293 Carthasianoram

2212 2328 2382 2383 initiis
2400 2320 2790 2384 Dissertatione
2815 2345 2962 2384 nam.
3007 2329 3134 2396 108,
3169 2331 3262 2386 ubi
3308 2330 3412 2384 hac
3460 2330 3564 2400 jam
3607 2340 3726 2381 tran-

2209 2417 2470 2488 scriptam
2522 2421 2772 2474 chartam
2822 2421 3030 2490 pariter
3077 2421 3428 2485 transcribit,
3468 2417 3727 2476 Columbius

2209 2509 2490 2575 observat,
2530 2521 2584 2565 et
2623 2519 2770 2564 recte
2804 2510 3059 2579 quidem;
3104 2511 3275 2566 alium
3316 2511 3455 2566 enim
3497 2509 3725 2578 llagonem

2206 2601 2697 2670 archiepiscopum,
2729 2616 2892 2670 quem
2929 2601 3175 2671 Signino,
3205 2603 3482 2658 recitatam
3527 2601 3725 2654 chartam

2206 2693 2588 2757 conﬁt-inanti,
2653 2693 2894 2748 astitisse
2957 2693 3274 2748 verosimile
3318 2693 3429 2758 sit,
3478 2706 3572 2746 non
3613 2688 3727 2743 novi.

2206 2782 2316 2838 Nec
2362 2793 2465 2848 est,
2512 2799 2612 2836 cur
2663 2785 2858 2837 mirum
2902 2784 3130 2848 accidat,
3180 2783 3458 2853 Hugonem
3503 2781 3644 2835 aliam
3685 2777 3725 2830 in

2204 2874 2588 2942 eharta,alium
2612 2875 2662 2927 in
2689 2874 2892 2929 charta:
2909 2863 3310 2944 subscriptione
3334 2868 3726 2931 commemorari;

2206 2967 2341 3021 nihil
2387 2968 2532 3020 enim
2587 2967 2809 3021 obstare
2859 2966 3091 3032 videtur,
3143 2981 3253 3035 quo
3290 2966 3466 3020 minus
3517 2961 3728 3032 Signina,

522 3057 644 3110 dem
679 3057 793 3112 loco
824 3055 1138 3126 persistere.
1182 3053 1328 3108 Sane
1359 3064 1643 3123 postquam
1687 3055 1767 3108 lim
1799 3055 1952 3109 vobis
1978 3070 2101 3124 per—
2127 3096 2172 3157 C
2203 3057 2500 3112 Casze-Dei
2553 3057 2731 3110 abbati
2762 3096 2782 3121 ,,
2841 3066 2968 3110 tunc
3019 3056 3236 3126 quidem
3262 3096 3276 3121 ,
3335 3070 3454 3108 cum
3497 3049 3730 3108 Landuino

521 3148 647 3204 latae
703 3158 828 3204 sunt
881 3147 1120 3212 litterte,
1180 3146 1324 3200 intra
1380 3146 1598 3215 triginta
1656 3145 1771 3200 dies
1820 3147 2098 3215 praefatum

523 3245 961 3316 chyrographum
994 3257 1092 3311 pro
1120 3253 1320 3295 nostra:
1347 3239 1606 3307 jussionis
1643 3240 1948 3294 reverentia
1988 3256 2100 3294 res-

527 3336 726 3390 tituere
751 3349 818 3388 ne
847 3333 1151 3386 moremini.
1195 3351 1212 3383 ι

595 3423 719 3478 5‘29.
751 3422 919 3476 Porro
944 3421 1218 3489 Signinus,
1243 3420 1425 3474 statim
1450 3429 1613 3488 atque
1656 3420 1736 3473 hae
1765 3436 1826 3474 ac
1855 3422 1912 3476 S.
1952 3421 2094 3474 Bru-

528 3512 687 3568 nonis
715 3512 908 3566 litterae
929 3511 1183 3565 exhibita:
1213 3511 1263 3565 ei
1304 3511 1539 3571 fuerunt,
1577 3509 1854 3578 pontiﬁcio
1883 3512 2103 3564 manda-

531 3612 609 3668 to,
652 3602 730 3654 uti
778 3615 970 3655 omnes
1016 3600 1211 3654 iterum
1270 3599 1453 3653 Sancti
1508 3599 1784 3670 Liegraphi
1838 3600 2099 3665 scribunt,

528 3703 914 3762 obtemperans
945 3733 959 3757 ,
1025 3691 1370 3746 Carthasiam
1427 3690 1708 3745 Landuino
1760 3691 1989 3761 aliisque
2040 3691 2097 3746 S.

529 3785 799 3839 Brunonis
822 3783 1122 3853 discipulis,
1165 3785 1231 3838 ad
1263 3785 1404 3838 hanc
1440 3784 1810 3848 redeuntibus,
1843 3785 2097 3838 restituit.

525 3877 786 3932 Chartam
819 3877 1110 3945 publicam,
1155 3890 1317 3944 supra
1346 3875 1772 3943 smjiissititejatit
1805 3875 2098 3940 laudatam,

529 3983 638 4036 qua
671 3966 723 4019 id
755 3967 908 4029 fecit,
940 3966 1224 4034 subjungo.
1262 3965 1355 4018 Sic
1384 3965 1583 4019 habet:
1623 3983 1642 4016 ι
1681 3965 1790 4035 Ego
1817 3967 1985 4019 frater
2017 3965 2101 4020 Si-

527 4061 743 4131 gninns,
789 4058 959 4112 abbas
996 4057 1289 4121 (insae-Dei,
1339 4067 1522 4111 notum
1559 4057 1672 4111 ﬁeri
1719 4057 1838 4111 volo
1867 4072 2101 4126 prtesen-

529 4149 675 4203 tibus
705 4157 757 4203 et
803 4148 1025 4214 futuris,
1074 4148 1217 4216 quod
1253 4145 1422 4200 frater
1454 4146 1636 4201 Bruno
1663 4162 1692 4200 a
1731 4146 1789 4199 Ι).
1823 4161 1957 4216 papa
2001 4147 2101 4202 Ur-

526 4240 667 4294 bano
721 4241 954 4293 Romam
1003 4246 1282 4301 evocatus,
1312 4237 1502 4292 videns
1542 4237 1644 4290 loci
1675 4237 2096 4304 destitutionem,

525 4330 784 4385 fratribus
823 4331 1202 4385 recedentibus
1233 4337 1452 4399 propter
1474 4329 1771 4383 absentiam
1800 4327 1937 4397 ejus,
1953 4329 2102 4384 dedit

2205 3148 2433 3218 ejusque
2467 3148 2634 3202 sociis
2663 3147 3012 3201 Carthasiam
3055 3147 3318 3210 restituit,
3350 3145 3516 3216 Hugo,
3557 3140 3731 3195 Gratia-

2205 3241 2550 3310 nopolitanus
2600 3240 2923 3310 episcopus;
2979 3249 3106 3293 tunc
3162 3254 3294 3293 vero
3335 3254 3453 3292 cum
3499 3237 3730 3290 chartam.

2202 3345 2308 3399 qua
2358 3330 2759 3385 restitutionem
2792 3331 2931 3384 hanc
2977 3329 3126 3394 fecit,
3175 3327 3544 3390 conﬁrmavit,
3586 3323 3731 3390 litigo.

2202 3421 2580 3492 Lugdunensis
2649 3422 3137 3492 archiepiscopus,
3210 3420 3449 3475 adfuisse
3503 3415 3730 3472 credatur.

2204 3514 2356 3581 Quod
2381 3516 2423 3568 si
2453 3515 2503 3568 id
2535 3514 2838 3584 displiceat,
2871 3514 3013 3578 vide,
3059 3529 3184 3566 nutn
3218 3513 3337 3568 haec
3365 3513 3558 3568 chartae
3583 3507 3732 3567 verba.

2209 3626 2226 3658 ι
2266 3606 2512 3670 Donum,
2558 3605 2701 3674 quod
2756 3606 2911 3659 nobis
2961 3605 3251 3674 praedictus
3310 3605 3488 3658 Bruno
3533 3603 3733 3662 fecerat,

2203 3712 2386 3750 coram
2461 3697 2880 3766 congregatione
2943 3695 3100 3750 nobis
3163 3697 3454 3750 commissa
3516 3697 3566 3748 in
3615 3691 3735 3759 rapi--

2204 3786 2315 3840 tulo
2344 3794 2530 3840 nostro
2567 3786 2667 3840 sub
2696 3786 2982 3855 praesentia
3017 3785 3500 3856 Gratianopolitani
3538 3784 3734 3852 episcop.

2205 3876 2445 3946 Hugonis
2470 3890 2570 3946 ego
2601 3875 2715 3944 ipse
2744 3875 2914 3929 frater
2940 3875 3288 3945 Sigttinus....
3315 3875 3525 3944 reliqui,
3556 3875 3737 3926 Lilllei-

2201 3966 2490 4034 punctione
2513 3977 2632 4034 post
2653 3965 2874 4018 verbum
2912 3983 2930 4016 ι
2964 3965 3164 4018 fecerat
3195 3983 3212 4014 ι
3243 3967 3470 4029 omissa,
3499 3963 3738 4033 positaque

2201 4067 2324 4125 post
2355 4070 2546 4109 nomen
2572 4054 2809 4123 Hugonis
2832 4054 2931 4124 legi
2966 4063 3258 4122 nequeant,
3285 4069 3345 4107 ut
3370 4068 3556 4108 sensus
3572 4051 3740 4104 chartae

2201 4145 2293 4206 sit,
2321 4143 2556 4198 Brunoni
2581 4144 2818 4213 quidem,
2841 4142 2967 4197 dum
2994 4142 3336 4198 Carthasiam
3356 4143 3573 4213 Sigaino
3589 4139 3737 4192 Case-

2201 4235 2296 4290 Dei
2341 4234 2523 4289 abbati
2560 4235 2818 4298 donavit,
2856 4232 3169 4302 llugonem,
3216 4230 3740 4301 Gratianopolitanutn

2201 4328 2542 4398 episcopum;
2591 4327 2814 4398 Siguiuo
2867 4336 3078 4392 autem,
3137 4327 3262 4382 dum
3309 4330 3452 4382 hanc
3498 4322 3741 4380 Landuino

524 4423 700 4477 locmn
731 4424 1036 4478 Carthasim
1064 4423 1222 4477 nobis
1246 4431 1301 4477 et
1325 4421 1742 4492 Congregationi
1777 4423 1928 4477 nobis
1955 4437 2099 4476 eom-
2131 4433 2175 4489 ι)
2203 4419 2426 4488 ejusque
2447 4419 2610 4474 sociis
2635 4419 2893 4485 restituit,
2925 4418 3224 4486 “agonem,
3254 4417 3654 4489 Lugdunensem
3676 4426 3742 4464 ar-

530 4512 735 4565 misste.
767 4511 1115 4568 Postmodam
1149 4527 1278 4567 vero
1305 4522 1500 4583 rogatu
1546 4513 1722 4568 Patris
1751 4513 1918 4567 nostri
1948 4508 2098 4584 papae

530 4597 757 4666 Urbani,
795 4610 848 4654 et
874 4605 1125 4671 precibus
1157 4605 1557 4672 praememorati
1588 4604 1774 4659 fratris
1805 4603 2097 4670 Brunonis,

529 4701 585 4747 ct
611 4691 816 4747 eisdem
845 4691 1124 4755 fratribus,
1156 4704 1213 4746 ut
1241 4693 1438 4750 ibidem
1466 4706 1825 4760 remanerent,
1858 4713 1886 4750 a
1917 4697 2100 4766 priore

526 4799 714 4838 eorum
760 4784 1012 4838 Brunone
1063 4785 1354 4853 plurimum
1394 4787 1731 4849 confartatis,
1768 4787 1922 4842 fratri
1960 4789 2101 4843 Lan-

521 4877 718 4940 duino,
751 4890 912 4944 quem
945 4878 1197 4945 magister
1225 4878 1403 4930 Bruno
1433 4879 1715 4934 disce-deus
1749 4881 1959 4934 caeteris
1987 4879 2099 4936 fra-

530 4968 705 5024 tribus
735 4967 1045 5036 pratposnit,
1067 4967 1164 5035 ipsi
1190 4977 1244 5021 et
1269 4968 1479 5022 caeteris
1505 4968 1760 5025 fratribus
1788 4970 1888 5026 sub
1915 4987 1979 5026 eo
2009 4973 2102 5026 de-

525 5057 796 5128 gentibus,
854 5064 909 5108 et
960 5071 1146 5108 eorum
1203 5056 1605 5112 successoribus
1658 5059 1901 5126 donum,
1957 5061 2100 5128 quod

528 5148 684 5201 nabis
715 5145 1004 5216 praedictus
1027 5145 1206 5199 Bruno
1233 5147 1452 5209 fecerat,
1480 5161 1659 5200 coram
1685 5150 2098 5218 congregatione

527 5241 683 5295 nobis
720 5239 1008 5295 commissa
1068 5238 1122 5292 in
1172 5239 1410 5309 capitulo
1449 5251 1636 5294 nostro
1665 5241 1765 5295 sub
1808 5243 2094 5312 prtcscntia

525 5330 1010 5399 Gratianopolinati
1047 5331 1285 5399 episcopi
1317 5329 1579 5402 ﬂagellis.
1607 5332 1749 5403 Ego,
1790 5333 1903 5401 ipse
1931 5332 2100 5388 frater

529 5421 808 5490 Signinns,
830 5420 1110 5492 pra-dicta:
1137 5421 1408 5475 Casta-Dei
1447 5420 1636 5484 abbas,
1673 5438 1794 5476 cum
1829 5438 2096 5478 consensu

528 5510 758 5564 fratrum
797 5521 1108 5565 nostrorum
1143 5511 1364 5579 reliquit
1391 5519 1446 5564 et
1477 5511 1559 5564 eis
1609 5521 1663 5566 et
1697 5513 2100 5568 successoribus

530 5616 717 5654 eorum
753 5601 928 5656 locum
964 5601 1236 5671 praedicta!
1263 5601 1562 5656 Carthasim
1588 5616 1684 5672 pro
1708 5602 1980 5656 voluntate
2007 5619 2098 5656 eu-

529 5709 649 5748 rum
675 5694 906 5750 ‘omnino
950 5695 1179 5750 liberum
1218 5695 1338 5763 feci,
1388 5705 1442 5751 et
1479 5694 1588 5764 juri
1647 5711 1832 5750 eorum
1878 5695 2096 5752 omnino

2203 4510 2626 4580 chiepiscopum,
2656 4518 2974 4578 pra-sentem
3021 4509 3278 4563 astilisse.
3331 4507 3592 4564 Utrolibet
3613 4500 3744 4556 modo

2207 4619 2292 4658 res
2320 4602 2598 4666 habuerit,
2639 4602 2712 4655 ita
2740 4603 2986 4670 equidem
3015 4609 3266 4670 apparet,
3299 4615 3406 4654 non
3436 4614 3583 4662 esse,
3618 4605 3702 4648 cur
3721 4602 3746 4640 ε

2204 4695 2411 4748 duobus
2449 4691 2761 4761 Hugonibus
2809 4691 3073 4756 diversis,
3122 4706 3353 4759 quorum
3386 4689 3522 4744 alter
3557 4687 3607 4741 in
3651 4684 3744 4752 ipsa

2203 4787 2411 4847 charta,
2437 4785 2572 4837 alter
2601 4785 2652 4836 in
2692 4783 2848 4850 hujus
2881 4783 3278 4851 subscriptione
3307 4788 3647 4839 memoratur,
3669 4788 3745 4827 an-

2206 4876 2408 4943 tiquum
2444 4875 2608 4928 hocce
2646 4881 3052 4926 tuonumentum
3086 4887 3182 4940 pro
3208 4882 3464 4941 suspecto
3491 4871 3744 4924 habeatur.

2273 4961 2400 5016 551.
2423 4961 2500 5015 Ex
2531 4963 2632 5016 hoc
2663 4977 2822 5030 porro
2851 4973 3047 5029 praeter
3067 4963 3171 5014 alia
3205 4977 3312 5015 non
3341 4976 3542 5029 pauca,
3566 4960 3626 5012 de
3645 4953 3744 5016 aui-

2145 5053 2151 5059 ”
2204 5056 2302 5111 bus
2326 5055 2434 5122 jam
2474 5069 2636 5122 supra
2677 5063 2880 5115 aetum,
2907 5053 3070 5106 etiam
3117 5052 3402 5115 habemus,
3435 5049 3745 5104 Landuinuin

2203 5146 2442 5215 aliosque
2489 5145 2673 5199 Sancti
2719 5145 3008 5214 discipulos
3054 5143 3258 5208 Roma,
3307 5159 3416 5214 quo
3471 5142 3746 5194 Brunonem

2205 5237 2417 5290 fuerant
2442 5235 2637 5303 secuti,
2659 5237 2727 5290 ab
2750 5236 2877 5290 anni
2908 5234 3046 5290 1090
3067 5236 3276 5290 decimo
3299 5236 3489 5304 quinto
3509 5229 3749 5286 Kalendas

2203 5329 2487 5393 Octobris,
2518 5343 2609 5382 seu
2637 5329 2866 5398 septima
2904 5327 3108 5383 decima
3142 5326 3478 5397 Septembris
3509 5327 3615 5385 die,
3660 5330 3748 5386 qua

2201 5421 2401 5474 dictum
2431 5429 2840 5474 monumentum
2870 5419 3052 5474 datum
3079 5418 3315 5482 notatur,
3345 5419 3410 5472 ad
3434 5412 3748 5490 Carthasiam

2201 5513 2365 5568 fuisse
2392 5527 2663 5568 reversos.
2688 5515 2864 5582 Atque
2897 5513 3021 5566 hinc
3041 5511 3152 5580 jam
3185 5509 3556 5578 consequitur,
3586 5513 3748 5556 utnon

2201 5619 2308 5658 uno
2338 5603 2569 5672 amplius
2600 5618 2774 5665 anno,
2805 5601 3258 5671 quemadmodum
3303 5597 3540 5654 nonnulli
3569 5596 3752 5657 absque

2204 5695 2335 5750 vade
2358 5694 2581 5764 antiquo
2603 5695 2960 5760 contendunt,
2988 5692 3080 5747 sed
3104 5691 3290 5761 paucis
3331 5691 3594 5745 duntaxat
3621 5694 3752 5736 tuea-
