3846 6316
142 312 213 368 5.35
1303 249 1306 254 Ι
1550 284 1748 342 ACTA.

3189 293 3292 350 526

141 421 244 474 sibus
265 412 377 484 apud
400 409 694 482 pontificem
721 421 842 459 cum
865 404 1118 459 Brunone
1139 403 1248 458 sint
1273 399 1614 458 commorati.
1651 404 1693 462 Α
1726 401 2095 456 thusianorum
2129 402 2516 471 patriarcham,
2553 404 2604 458 in
2637 404 3098 474 archiepiscopum
3137 424 3292 462 suum

143 510 286 561 \‘crntn
313 515 432 556 anne
464 512 668 560 omnes,
700 495 790 564 qui
828 504 952 550 ante
983 493 1326 548 Cartbusiam
1349 492 1622 546 inhabita-

142 609 250 661 rant,
281 609 378 649 cum
407 590 678 644 Landuiuo
706 588 772 641 ad
804 587 942 642 hanc
974 594 1103 640 tunc
1141 583 1383 640 rediere?
1423 583 1623 638 Omnes

141 703 229 743 sane
249 683 592 754 propemodum
621 679 671 732 id
697 678 944 739 fecerint,
975 677 1019 730 si
1048 677 1316 738 Zanottio,
1343 675 1456 743 qui,
1488 677 1622 729 duos

141 782 364 839 duntaxat,
392 774 680 827 Lanvinum
715 769 970 824 nimirum
1000 777 1052 822 et
1080 767 1452 831 Lambertum,
1483 765 1622 834 apud

139 868 329 922 Sanctum
355 863 623 924 mansisse,
651 860 703 914 iu
725 859 1033 927 conscripta
1061 874 1092 912 a
1113 871 1175 912 se
1204 857 1478 911 Brunonis
1500 856 1622 911 Vita

139 975 201 1014 seu
221 956 435 1016 Historia,
460 970 511 1023 p.
543 952 631 1016 89,
660 952 913 1016 afﬁrmat,
927 951 996 1004 sit
1021 951 1369 1004 credendum.
1401 949 1620 1014 Verum,

135 1049 202 1102 etsi
225 1060 464 1099 numerum
491 1057 704 1106 eorum,
725 1040 814 1110 qui
838 1056 959 1095 cum
976 1039 1259 1093 Landuino
1287 1037 1354 1093 ad
1385 1037 1620 1092 Carthu-

137 1141 230 1192 siam
251 1136 498 1199 redierint,
528 1134 881 1202 aliorumque,
909 1132 998 1202 qui
1027 1147 1150 1186 cum
1183 1131 1432 1185 Brunone
1471 1145 1624 1183 man-

135 1229 267 1292 serint,
293 1226 492 1280 deﬁnire
523 1223 664 1278 haud
689 1222 910 1292 possim,
939 1221 1119 1291 plures
1149 1230 1327 1274 tamen
1357 1219 1622 1289 posterio-

136 1332 193 1370 res
215 1318 346 1370 hosce
385 1315 572 1376 fuisse,
605 1327 768 1380 quam
799 1312 964 1374 duos,
999 1324 1028 1363 a
1057 1310 1310 1363 Zanottio
1353 1325 1419 1362 ex
1467 1307 1625 1362 dictis

134 1415 400 1466 memoratos,
425 1402 601 1472 palam
628 1409 713 1455 est
736 1417 802 1456 ex
826 1400 1034 1454 duobus
1061 1414 1221 1467 supra
1247 1399 1424 1452 adhuc
1445 1398 1626 1452 citatis

134 1495 450 1562 diplomatibus,
479 1507 710 1561 quorum
744 1489 971 1544 alterum
999 1504 1029 1543 a
1062 1488 1316 1558 Rogcrio,
1344 1489 1548 1557 Apulia:
1572 1496 1628 1540 et

133 1583 275 1637 Sicilizc
303 1583 442 1646 duce,
485 1581 721 1634 alterum
751 1595 781 1632 a
818 1579 1049 1649 Rogerio
1088 1578 1310 1643 itidem,
1343 1578 1502 1647 hujus
1533 1593 1627 1646 pa-

132 1671 496 1734 truo,Calabria2
543 1681 598 1724 et
638 1668 836 1724 Siciliae
872 1669 1098 1732 comite,
1149 1669 1202 1721 iu
1255 1667 1312 1722 S.
1359 1667 1627 1722 Brunonis

131 1763 292 1831 ejusque
314 1765 608 1826 sociorum,
661 1777 752 1830 qut
791 1763 845 1815 in
889 1760 1236 1825 Calabriam,
1284 1759 1405 1814 aliis
1441 1760 1626 1814 Sancti

131 1855 334 1922 discipulis
366 1857 426 1908 ad
442 1855 790 1909 Carthusiam
821 1851 934 1921 jam
967 1851 1224 1917 reversis,
1253 1860 1624 1917 secesserant,

131 1942 304 1998 favorem
327 1943 420 1998 fuit
439 1959 782 1999 concessum.
816 1941 948 1997 Tam
971 1943 1024 1997 in
1056 1958 1163 1996 uno
1186 1944 1352 2008 enim,
1383 1959 1544 2012 quam
1574 1943 1626 1995 in

130 2031 246 2086 altero
270 2034 362 2101 (adi
391 2049 543 2086 num.
575 2032 699 2102 509)
729 2032 981 2086 dicuntur
1010 2032 1190 2087 Bruuo
1216 2043 1269 2088 et
1298 2032 1573 2087 Lanvinus
1597 2048 1627 2086 a

131 2121 345 2176 Galliarum
388 2125 636 2192 partibus
675 2139 796 2176 cum
839 2124 1001 2178 sociis
1035 2125 1087 2177 in
1134 2124 1436 2180 Calabriam
1469 2125 1631 2180 adve-

128 2215 252 2277 nisse;
276 2223 323 2266 ut
349 2214 596 2282 proinde,
630 2213 910 2269 Landuino
935 2215 1166 2284 aliisque
1198 2215 1468 2270 nonnullis
1499 2215 1630 2270 Car-

131 2303 297 2356 thasiam
339 2305 736 2374 repetentibus,
756 2304 939 2375 plures
967 2307 1104 2375 apud
1127 2304 1420 2372 Sanctum,
1467 2322 1629 2376 quam

127 2393 327 2449 Lanvinus
349 2404 400 2450 et
426 2395 783 2459 Lambertus,
808 2397 1127 2451 manserint.
1169 2397 1449 2462 Quomodo
1483 2398 1627 2451 enim

128 2484 554 2554 alioquin.(videsis
579 2501 724 2540 num.
752 2486 876 2557 510)
914 2487 1095 2541 Bruno
1123 2487 1392 2555 simulque
1429 2487 1629 2542 Lanvi-

124 2591 204 2640 nus,
221 2577 274 2642 si,
296 2593 408 2632 cum
430 2579 483 2632 iu
507 2577 820 2634 Calabriam
842 2587 1128 2643 venerunt,
1156 2594 1296 2632 unus
1320 2579 1450 2647 ipsis
1473 2579 1630 2633 Lam-

125 2665 252 2723 iteillls
276 2670 458 2734 adfuit,
498 2670 686 2726 socios
713 2669 816 2724 sibi
863 2684 893 2724 e
935 2669 1231 2724 Galliarum
1263 2670 1506 2740 partibus
1537 2671 1632 2723 ha-

125 2758 249 2813 buisse
272 2761 570 2828 adjunctus,
599 2761 703 2814 dici
737 2761 788 2813 in
814 2758 1025 2813 duobus
1053 2757 1294 2828 praefatis
1325 2758 1598 2828 diplomati

123 2849 189 2902 bus
207 2853 430 2918 potuere?
459 2853 609 2919 Quin
635 2853 819 2922 itaque
842 2849 1077 2905 Sanctus
1103 2851 1237 2905 duos
1265 2859 1323 2904 ut
1351 2852 1630 2906 minimum

119 2951 258 3009 prater
269 2942 560 2998 Lanvinum
583 2943 778 3008 socios,
801 2941 920 2996 aliis
943 2943 994 2995 in
1010 2940 1352 2995 Carthusiam
1368 2941 1631 3008 remissis,

121 3033 215 3099 apud
238 3050 287 3089 se
315 3034 625 3100 retinuerit,
651 3034 1004 3088 dubitandum
1035 3033 1122 3086 vix
1149 3041 1388 3102 apparet.

163 3125 256 3179 552.
290 3127 676 3182 Examinemus
723 3127 916 3190 modo,
951 3125 1080 3193 quid
1126 3124 1276 3180 hisce
1323 3124 1632 3194 Sancteque

120 3213 258 3268 deinde
275 3217 572 3271 sitfactum.
598 3216 841 3284 Quatuor
863 3214 1159 3284 primorum
1179 3213 1634 3284 Carthusia-prio-

120 3318 200 3357 rum
238 3308 584 3378 chronologus
635 3308 686 3361 in
737 3305 922 3362 Sancti
971 3305 1144 3360 nostri
1179 3305 1354 3376 elOgio
1404 3305 1634 3374 (videsis

120 3392 432 3452 Commentarii
465 3399 633 3469 hujus
661 3413 809 3451 num.
841 3396 896 3465 7)
931 3396 996 3450 de
1043 3397 1294 3451 Brunone
1330 3396 1473 3464 apud
1503 3411 1634 3464 pon-

121 3481 264 3540 titicem
293 3486 566 3544 Urbanum
598 3488 714 3555 jam
753 3493 1033 3552 versante,
1073 3486 1152 3540 sic
1192 3485 1382 3540 scribit
1424 3503 1437 3538 :
1469 3502 1487 3535 ι
1529 3483 1634 3539 Sed

121 3585 202 3624 cum
227 3577 467 3632 tumultus
507 3586 566 3632 et
597 3591 779 3631 mores
815 3575 982 3630 curia:
1031 3573 1349 3646 (pontificio:
1395 3573 1632 3644 scilicet)

119 3659 219 3719 ferre
257 3681 351 3722 non
392 3678 614 3738 posset,
649 3667 840 3722 relicta
877 3667 1025 3720 curia
1048 3704 1066 3732 ,
1113 3674 1424 3734 contempto
1467 3666 1632 3720 etiam

121 3760 520 3834 archiepiscopum
550 3761 878 3832 Rhegiensis
901 3760 1172 3825 ecclesiae,
1205 3760 1272 3814 ad
1294 3773 1453 3828 quem
1472 3798 1487 3824 ,
1519 3759 1636 3828 ipso

119 3864 213 3922 papa
243 3857 465 3926 volente,
501 3857 712 3914 electus
749 3853 952 3920 fuerat,
990 3854 1041 3908 in
1091 3853 1354 3908 Calabriae
1391 3867 1635 3907 eremum

119 3951 345 4018 successit,
375 3972 393 4004 ι
428 3967 560 4018 seu,
595 3958 658 4004 ut
685 3947 818 4002 alias
845 3947 1035 4001 melius
1080 3945 1361 4007 scribitur,
1401 3945 1630 3998 secessit.

121 4034 293 4098 Sanctus
315 4043 528 4113 itaque,
563 4042 658 4111 qui
678 4082 693 4107 ,
724 4040 801 4094 uti
832 4039 920 4093 hic
951 4053 980 4091 a
1014 4039 1283 4107 scriptore
1320 4037 1424 4091 ftde
1456 4036 1631 4089 enim-

120 4143 207 4186 rero
229 4134 530 4204 dignissimo
570 4135 850 4198 docemur,
892 4132 944 4184 in
981 4130 1322 4195 Calabriam,
1358 4127 1634 4198 pontificia

121 4223 222 4276 curia
250 4225 456 4293 relicta,
485 4225 745 4290 secessit,
775 4223 840 4276 ad
871 4221 1230 4291 Rhegiensem
1255 4220 1416 4274 etiam
1448 4217 1632 4272 archi-

119 4313 450 4384 episcopatum,
483 4325 780 4384 antequam
815 4313 872 4366 in
911 4311 1184 4383 regionem
1227 4311 1371 4364 illam
1411 4309 1631 4364 secede-

1725 493 1990 563 delegissc
2019 493 2222 561 fertur;
2254 511 2442 550 verum
2468 510 2590 549 eum
2622 495 2768 550 illam
2801 497 3109 566 dignitatem
3137 513 3296 553 recu-

1723 601 1906 652 sasse,
1954 600 2017 641 ac
2063 586 2368 642 solitudinis
2421 602 2610 643 amore
2663 588 2978 658 dignitatem
3024 588 3300 643 humiliter

1722 677 1993 745 respuisse
2021 677 2286 732 scribunt.
2318 677 2472 733 Tunc
2501 678 2682 732 Bruno
2702 720 2716 744 ,
2749 692 2980 733 excusso
3016 679 3300 733 mundanae

1724 769 1908 837 gloriae
1931 769 2094 840 jugo,
2126 785 2367 826 eremum
2404 773 2543 841 apud
2579 770 2903 842 Scyllacium
2943 771 2997 824 in
3031 769 3299 824 Calabriae

1725 859 1922 915 finibus
1954 861 2136 931 petiit,
2168 861 2281 928 ubi,
2314 871 2624 916 constructo
2648 860 2898 916 coenobio
2924 858 2983 914 S.
3020 859 3298 928 Stephano

1724 967 1912 1018 sacro,
1947 968 2042 1019 ac,
2071 953 2319 1024 {Rogerio
2356 954 2519 1018 duce,
2561 953 2756 1008 ibidem
2790 951 3085 1020 angelicam
3131 950 3295 1003 vitam

1729 1042 1990 1108 traduxit,
2007 1043 2442 1112 meritisplenus,
2468 1042 2758 1098 sanctitate
2781 1058 2886 1098 non
2916 1041 3114 1108 minus,
3138 1055 3300 1110 quam

1729 1131 2111 1186 miraculorum
2143 1148 2208 1186 ac
2228 1133 2490 1187 doctrina:
2519 1131 2662 1186 fama
2685 1132 2866 1188 clarus
2891 1131 3220 1187 obdormivit
3245 1130 3302 1184 in

1727 1219 1956 1275 Domino
1988 1237 2130 1275 anno
2157 1223 2315 1288 1101,
2347 1223 2698 1292 sepultusque
2727 1234 2810 1278 est
2841 1224 2894 1276 in
2928 1238 3091 1292 supra
3130 1221 3300 1276 relato

1728 1313 2005 1378 cwnobio,
2039 1313 2132 1368 ubi
2158 1315 2422 1370 hactenus
2450 1314 2749 1369 honorifice
2779 1315 2995 1369 colitur.
3027 1334 3044 1367 ι

1797 1402 1921 1456 555.
1954 1401 2032 1454 Ita
2061 1401 2169 1469 ille,
2203 1403 2464 1457 Sanctum
2493 1412 2738 1458 nostrum
2765 1419 2870 1456 non
2905 1412 3134 1468 tantum,
3160 1401 3304 1473 quod

1729 1506 1850 1545 mox
1889 1491 2086 1544 iterum
2135 1492 2386 1548 laudatus
2418 1495 2716 1561 primorum
2746 1502 2975 1563 quatuor
3001 1493 3302 1548 Carthusite

1729 1585 1969 1652 priorum
2025 1585 2387 1654 chronologus
2444 1585 2603 1651 facit,
2666 1584 2734 1638 ad
2785 1583 3302 1654 archiepisc0palem

1729 1674 2049 1745 Rhegiensis
2093 1676 2338 1730 ecclesia:
2383 1677 2566 1731 sedem
2619 1677 2852 1732 electum
2911 1676 3106 1741 fuisse,
3159 1676 3300 1728 amr-

1731 1784 1912 1834 tnans,
1947 1783 2133 1824 verum
2169 1772 2332 1825 etiam
2364 1770 2698 1840 Arnulphum
2735 1772 3090 1842 Rhegiensem
3128 1772 3302 1825 archi-

1728 1859 2061 1928 episcopum,
2093 1869 2214 1930 post
2237 1859 2389 1928 cujus
2416 1862 2624 1915 obitum
2665 1861 2717 1915 id
2750 1863 2964 1925 accidit,
2995 1877 3138 1916 anno
3168 1861 3304 1916 1090

1731 1950 1872 2004 diem
1901 1960 2206 2006 extremum
2233 1951 2518 2006 clausisse.
2552 1953 2604 2004 Id
2637 1951 2812 2020 ipsum
2845 1967 3006 2020 porro
3032 1953 3216 2019 etiam,
3246 1961 3305 2007 ut

1732 2043 2072 2099 Morkensius
2117 2043 2170 2098 in
2213 2045 2971 2116 cltronologicu-diplomatica
3018 2061 3112 2099 sua
3147 2047 3213 2099 de
3243 2045 3302 2099 S.

1731 2133 1983 2189 Brunone
2021 2135 2253 2188 diatriba
2277 2137 2462 2198 docet,
2497 2136 2729 2190 Severus
2759 2151 2787 2189 a
2822 2135 3067 2203 Neapoli,
3101 2137 3306 2192 ordinis

1731 2220 2135 2274 Carthttsiensis
2151 2220 2430 2284 alumnus,
2465 2221 2515 2273 in
2550 2237 2651 2274 ms.
2680 2222 2899 2290 antiquo
2925 2221 3306 2290 Rhcgieusium

1731 2310 2260 2380 archiepiscoporum
2317 2311 2564 2379 catalogo
2630 2323 2875 2374 notatum
2944 2313 3188 2378 invenit;
3247 2322 3306 2368 ut

1732 2401 1956 2470 proinde
1999 2400 2336 2469 Arnulphum
2371 2402 2518 2454 dicto
2552 2415 2697 2455 anno
2729 2401 2866 2456 1090
2890 2403 3124 2468 obiisse,
3152 2404 3307 2458 dubi-

1735 2493 1955 2548 tandum
1993 2509 2098 2548 non
2128 2495 2228 2560 sit,
2265 2493 2502 2548 maxime
2533 2509 2654 2548 cum
2689 2494 2824 2548 nihil
2851 2504 3132 2556 occurrat,
3164 2494 3306 2564 quod

1733 2586 1893 2641 aliam
1923 2587 2142 2640 eventui
2173 2587 2298 2640 huic
2333 2587 2596 2654 epocham
2626 2585 2995 2654 praestituere,
3035 2595 3307 2655 utcunque

1732 2678 1976 2733 suadeat.
2005 2677 2123 2732 Jam
2148 2663 2278 2732 vero
2308 2694 2431 2731 cum
2465 2693 2552 2731 res
2583 2677 2656 2730 ita
2690 2677 2906 2744 habeat,
2933 2687 3093 2746 atque
3115 2676 3307 2730 Arnul-

1733 2771 1892 2840 phus,
1924 2778 1982 2824 ut
2020 2769 2270 2823 laudatus
2305 2769 2564 2839 Ughellus
2597 2768 2718 2824 loco
2747 2771 2991 2840 proxime
3023 2769 3115 2822 cit.
3143 2769 3306 2822 etiam

1732 2861 1913 2926 docet,
1945 2859 2206 2929 Gregorio
2253 2859 2362 2925 Vll,
2395 2862 2486 2930 qui
2528 2876 2668 2916 anno
2698 2860 2836 2914 1085
2867 2860 3032 2924 obiit,
3071 2859 3128 2913 S.
3162 2859 3308 2912 Petri

1733 2952 2047 3006 cathedram
2079 2961 2400 3020 occupante,
2432 2962 2526 3005 aut
2555 2960 2733 3017 certe,
2764 2951 2810 3005 si
2835 2951 2908 3014 id,
2941 2950 3083 3018 quod
3113 2949 3311 3002 Aruul'

1659 3065 1703 3127 ρ
1733 3040 1824 3111 phi
1852 3040 2104 3096 decessor
2131 3056 2273 3096 anno
2302 3040 2438 3094 1086
2467 3041 2643 3093 adhuc
2671 3041 2724 3092 in
2761 3039 2896 3092 vivis
2926 3037 3091 3093 fuisse
3126 3037 3307 3092 videa-

1739 3138 1856 3196 tur,
1888 3129 2195 3198 displiceat,
2229 3128 2446 3183 Urbano
2481 3128 2521 3182 ll
2561 3129 2628 3182 ad
2655 3127 2800 3182 illam
2828 3129 3064 3182 nondum
3091 3137 3306 3194 evecto,

1737 3219 2124 3289 Rhegiensium
2155 3227 2372 3274 creatus
2401 3218 2564 3272 fuerit
2613 3218 3072 3287 archiepiscOpus,
3121 3233 3313 3292 cause--

1735 3313 1966 3368 ctarium
1997 3321 2108 3376 est,
2141 3322 2200 3364 ut
2226 3311 2328 3365 sub
2371 3309 2568 3364 Urbani
2608 3307 2922 3378 pontificatu
2956 3308 3112 3363 sedes
3161 3307 3306 3362 Rhe-

1736 3402 1937 3472 gieusis
1971 3411 2096 3456 ante
2139 3415 2340 3454 annum
2369 3397 2506 3454 1090
2535 3414 2642 3452 non
2679 3398 2918 3464 vacarit,
2962 3413 3027 3452 ac
3052 3397 3206 3466 proin
3250 3405 3308 3450 ut

1735 3492 1902 3548 etiam
1939 3499 2063 3546 ante
2093 3493 2237 3548 hunc
2266 3507 2465 3545 annum
2495 3490 2683 3545 Sancti
2715 3489 2885 3544 nostri
2921 3490 2988 3544 ad
3029 3489 3174 3543 illam
3199 3488 3309 3544 ele-

1738 3583 1864 3650 ctio,
1893 3590 2077 3651 utpote
2105 3597 2240 3651 papa
2271 3581 2506 3644 Urbano,
2534 3579 2985 3650 quemadmodum
3011 3579 3309 3649 primorum

1736 3684 1969 3744 quatuor
1982 3672 2280 3728 Carthusizr
2291 3671 2903 3742 priorumchronologus
2928 3671 3106 3727 verbis
3127 3671 3310 3741 proxi-

1738 3777 1824 3818 me
1843 3761 2084 3818 recitatis
2095 3763 2368 3816 memoriae
2380 3762 2577 3832 prodit,
2596 3761 2830 3827 volente,
2853 3764 2915 3815 fa-
2939 3772 2988 3814 ta
3025 3777 3128 3816 non
3139 3761 3316 3836 conti-

1737 3849 1895 3919 gerit.
1923 3847 2031 3902 Nec
2053 3847 2230 3902 serius
2267 3846 2546 3912 eamdem,
2575 3855 2635 3899 ut
2664 3845 2776 3914 jam
2809 3862 2968 3914 supra
3001 3845 3310 3915 probatum,

1737 3939 2048 4008 contigisse,
2101 3937 2260 3992 simili
2322 3935 2680 3992 ratiocinandi
2730 3935 2890 3991 modo
2942 3934 3098 3990 facile
3150 3934 3312 3989 etiam

1735 4029 2070 4100 probabitur,
2099 4028 2142 4083 si
2177 4029 2334 4083 modo
2359 4027 2661 4097 Rangerius
2695 4026 2759 4079 ad
2791 4025 3313 4093 archiepisCOpatmn

1736 4123 2100 4192 Rhegiensem
2125 4121 2240 4190 ipso
2263 4135 2423 4184 anno,
2454 4129 2512 4174 ut
2539 4117 2902 4174 verosimilius
2925 4116 3144 4179 factum,
3176 4115 3314 4169 1090

1737 4213 1898 4268 fuerit
1923 4212 2155 4274 electus;
2188 4227 2312 4267 cum
2333 4211 2474 4266 enim
2505 4209 2591 4264 ille
2621 4210 2688 4262 ad
2715 4223 2912 4261 annum
2945 4215 3004 4260 ut
3031 4205 3312 4259 minimum

1738 4302 1874 4358 1106
1899 4303 2080 4358 sedem
2105 4301 2248 4356 illam
2274 4299 2525 4365 tenuerit,
2551 4285 3029 4366 consequenserit,
3048 4305 3104 4348 ut
3125 4293 3314 4348 Sancti

121 4413 189 4471 tet,
235 4406 324 4462 fuit
359 4409 601 4473 electus;
642 4417 702 4461 ut
743 4405 1000 4476 proinde,
1028 4420 1152 4459 cum
1199 4418 1446 4458 secessus
1485 4401 1530 4455 is
1564 4417 1630 4455 ex
1665 4402 1709 4456 Ι)
1735 4392 1905 4448 nostri
1936 4393 2002 4446 ad
2029 4393 2275 4447 eamdem
2302 4389 2496 4445 electio
2527 4399 2647 4458 post
2677 4402 2878 4441 annum
2917 4384 3085 4450 1090,
3129 4393 3315 4454 utpote

120 4492 301 4553 dicendis
333 4508 592 4554 currente
631 4497 807 4550 adhuc
844 4496 962 4564 ipso
1003 4509 1143 4548 anno
1176 4491 1314 4548 1090
1350 4491 1628 4558 acciderit,

121 4594 222 4640 certe
254 4605 349 4644 non
387 4589 592 4656 serius,
622 4601 782 4656 quam
812 4585 914 4640 hoc
937 4585 1098 4638 etiam
1145 4597 1287 4637 anno
1313 4582 1378 4636 ad
1406 4581 1636 4652 dignita-

121 4683 190 4726 tetu
209 4677 333 4732 illam
367 4678 539 4734 fuerit
573 4673 898 4746 postulatus.
945 4672 1145 4727 Verum
1189 4686 1330 4724 anne
1373 4670 1426 4724 id
1467 4670 1632 4724 etiam

122 4778 191 4818 non
213 4769 369 4838 citius,
395 4785 565 4840 quam
595 4767 782 4824 eodem
827 4780 968 4820 anno
999 4763 1134 4819 1090
1163 4763 1373 4818 evenit?
1412 4762 1464 4816 1d
1505 4776 1636 4817 sane

122 4858 220 4911 nullo
243 4877 300 4915 ex
337 4864 520 4932 capite
551 4868 808 4930 apparet;
847 4857 1027 4910 Bruuo
1058 4857 1202 4910 enim
1233 4870 1300 4910 ex
1333 4854 1443 4921 jam
1477 4855 1635 4909 dictis

122 4959 206 5002 ante
221 4955 449 5006 etundem
481 4955 688 5007 dictum
715 4965 912 5004 annum
940 4947 1077 5002 1090
1099 4947 1166 5003 ad
1192 4947 1499 5017 pontificem
1529 4962 1635 5002 non

123 5040 246 5106 tenit,
286 5059 380 5098 nec
425 5043 539 5097 ulla
584 5041 791 5095 ratione
827 5038 1135 5092 verosimile
1181 5037 1419 5105 videtur,
1472 5039 1637 5096 fuisse

121 5142 229 5196 eam,
267 5149 379 5188 cum
427 5135 669 5189 nondum
701 5132 767 5187 ad
795 5129 1109 5198 Urbanutn,
1142 5131 1464 5203 discipulum
1509 5133 1635 5188 olim

123 5231 256 5288 suum,
282 5225 549 5291 venisset,
588 5240 616 5276 a
647 5221 1047 5290 Rbegiensibus
1085 5221 1139 5275 in
1169 5221 1636 5292 archiepiseOpum

123 5307 314 5368 electura.
341 5317 422 5369 Ad
447 5317 570 5370 haec
597 5313 887 5382 Ughellus,
918 5311 1036 5367 LIX
1089 5311 1256 5367 Italia:
1289 5326 1456 5366 sacrae
1483 5312 1534 5365 in
1553 5327 1638 5366 ar-

124 5398 417 5474 chiepiscOpis
448 5404 868 5475 Rhegiensibus,
915 5402 1020 5460 col.
1052 5403 1179 5471 521,
1229 5402 1487 5458 Sanctum
1545 5420 1638 5459 uo-

127 5502 248 5550 Slrntn
271 5501 512 5570 sequenti
551 5508 706 5553 ornat
740 5499 917 5568 elogio
947 5516 960 5552 :
1001 5515 1020 5549 ι
1053 5497 1278 5553 Moritur
1301 5495 1637 5566 (Arnulphus

129 5580 381 5658 ltltegiensis
419 5591 1160 5664 archiepiscopus)=.auno...
1206 5589 1363 5644 1090.
1402 5588 1529 5659 Ejus
1583 5589 1635 5644 in

129 5671 535 5740 locoelericorum
564 5693 785 5740 senatus
825 5690 1072 5739 sanctum
1113 5680 1448 5749 Brunonem,
1496 5679 1630 5734 Car-

1735 4492 1857 4555 post
1885 4498 2044 4552 quem
2072 4483 2169 4546 ita,
2192 4482 2405 4536 vivente
2434 4478 2672 4542 Urbano,
2697 4477 2795 4532 sub
2818 4475 2972 4546 cujus
2993 4474 3315 4546 pontificatu

1737 4577 1853 4630 haec
1885 4591 1949 4630 ex
1981 4574 2141 4630 dictis
2178 4572 2413 4637 accidit,
2445 4570 2600 4626 sedes
2631 4570 2719 4624 illa
2749 4585 2852 4624 non
2893 4569 3121 4640 amplius
3149 4582 3311 4622 vaca-

1739 4667 1828 4730 rit,
1861 4664 2164 4721 certissime
2191 4665 2332 4718 haud
2356 4661 2649 4733 contigerit

1807 4759 1929 4814 551.
1961 4758 2096 4814 Hinc
2127 4757 2442 4812 Ruinartius
2477 4756 2530 4810 iu
2561 4754 2763 4812 Urbani
2801 4753 2839 4808 ll
2876 4769 3026 4823 papa:
3052 4753 3168 4807 Vita
3200 4754 3312 4824 jam

1737 4853 1938 4924 plnries
1988 4853 2198 4907 laudata
2247 4867 2395 4904 num.
2427 4852 2485 4906 8|
2541 4851 2733 4905 merito
2775 4849 2854 4904 sic
2885 4849 3075 4904 scribit
3113 4867 3124 4902 :
3168 4869 3185 4898 ι
3232 4848 3312 4902 Ad

1739 4947 1882 5001 hunc
1905 4960 2102 4998 annum
2123 4944 2289 5014 (1090
2318 4943 2546 5011 scilicet)
2572 4940 2836 4996 Brunonis
2865 4943 2930 4994 ad
2955 4939 3312 5009 lihegieasem

1739 5038 2262 5107 archiepiscopatum
2292 5036 2632 5095 electionem,
2657 5049 2816 5102 quam
2841 5031 3034 5098 vulgati
3063 5037 3313 5081 auctores

1740 5148 1880 5188 anno
1905 5131 2042 5186 1095
2063 5131 2381 5200 consignare
2406 5129 2603 5192 solent,
2637 5128 2756 5181 ideo
2787 5137 3126 5185 revocamus,
3171 5121 3313 5190 quod
3380 5144 3390 5160 ε

1740 5225 1843 5278 hoc
1871 5224 2208 5279 solummodo
2252 5237 2392 5277 anno
2437 5221 2536 5275 sub
2567 5219 2765 5280 Urbani
2802 5216 3111 5287 pontificatu
3156 5211 3313 5266 sedes

1741 5314 1830 5368 illa
1857 5329 2024 5370 vacua
2064 5313 2256 5376 fuerit,
2292 5322 2464 5367 morte
2509 5309 2716 5366 scilicet
2755 5306 3014 5376 Aruulphi
3046 5301 3315 5369 archiepi-

1741 5405 1923 5476 scopi,
1975 5406 2092 5469 cui,
2137 5411 2419 5459 recusante
2472 5402 2788 5473 dignitatem
2837 5399 2981 5452 illaut
3027 5395 3310 5456 Brunone,

1740 5499 2063 5555 substitutus
2091 5506 2174 5552 est
2209 5498 2306 5552 sub
2336 5495 2497 5564 hujus
2525 5496 2648 5550 anui
2677 5495 2837 5546 finem
2868 5484 3188 5557 ltaugerius.
3217 5483 3256 5538 ll
3283 5499 3313 5540 c

1740 5588 1940 5658 quippe
1980 5586 2316 5657 privilegium
2346 5585 2612 5641 Theodori
2655 5577 3038 5652 Squillaccusis
3075 5576 3312 5645 episcopi

1743 5695 1904 5750 Supra
1955 5679 2226 5736 laudatum
2271 5677 2444 5750 (infra
2479 5677 2530 5732 id
2564 5672 2941 5742 recitabimus)
2974 5671 3315 5728 confirmavit
