3846 6316
520 298 625 355 327

1323 297 1379 350 S.
1423 294 1769 352 BRUNONIS
1804 292 2447 353 CARTHUSIANORUM
2479 296 2963 355 INSTITUTORIS
3605 309 3687 367 ω

520 412 609 467 die
628 410 693 465 17
715 406 1027 464 Decembris
1050 422 1192 463 anno
1217 408 1352 463 1090
1374 410 1815 479 archiepiscopus
1842 407 2103 475 Rhegien-
2134 410 2178 466 Α
2208 408 2381 463 minus
2403 408 2714 473 efﬁcaciter,
2730 426 2853 465 cum
2877 411 3060 465 Romae
3081 412 3248 469 adhuc
3274 415 3521 482 existeret,
3567 439 3694 492 quam

522 499 600 552 sis
627 498 869 559 electus,
904 511 969 549 ac
994 497 1250 566 deinceps
1280 497 1347 551 ad
1384 514 1580 551 annum
1614 498 1750 552 1106
1773 496 1938 551 variis
1980 511 2109 550 con-

526 589 665 645 ciliis
684 597 737 643 et
769 586 1001 656 publicis
1033 587 1409 643 instrumentis
1432 590 1816 659 subscripsisse
1838 602 2107 643 memora-

526 688 617 732 tur
665 678 764 732 sub
822 677 1212 748 archiepiscopi
1263 679 1456 743 titulo,
1512 690 1567 733 ut
1609 680 1793 734 videre
1835 687 1919 733 est
1965 678 2108 749 apud

526 768 816 838 Ughellum
866 778 996 823 tom.
1031 768 1102 823 1X
1130 770 1293 847 Italia;
1327 784 1518 826 sacrm.
1553 790 1571 823 ι
1620 770 1876 826 Sanctum
1926 771 2108 840 itaque

527 860 837 915 Brunonem
870 875 969 915 nec
998 861 1206 925 serius,
1255 877 1352 915 nec
1380 863 1570 927 citius,
1604 878 1763 930 quam
1799 877 1940 916 anno
1969 860 2107 917 1090

528 950 596 1004 ad
649 951 1176 1022 archiepiswpatum
1220 953 1577 1024 Rhcgiensem
1627 954 1793 1009 fuisse
1840 955 2110 1022 electum,

528 1050 736 1094 certum
784 1042 1008 1097 omnino
1043 1053 1203 1112 atque
1244 1053 1395 1098 extra
1439 1060 1651 1101 omnem
1681 1046 2105 1100 controversiam

533 1140 873 1199 argumentis
918 1131 1074 1185 modo
1123 1131 1173 1184 in
1210 1133 1446 1186 medium
1478 1134 1725 1188 adductis
1764 1134 1993 1203 positum
2025 1133 2107 1186 vi-

532 1219 723 1283 detur;
754 1228 813 1273 ut
845 1220 1067 1288 proinde
1093 1220 1370 1292 biographi
1397 1224 1566 1278 nostri
1598 1232 1956 1287 recentiores,
1992 1223 2109 1275 alii-

530 1324 636 1377 que
661 1311 973 1379 scriptores,
1005 1311 1117 1379 qui,
1151 1310 1410 1367 Sanctum
1443 1322 1686 1366 nostrmn
1715 1312 1768 1365 in
1791 1312 2106 1367 Placentino

530 1397 781 1462 concilio,
815 1413 907 1452 seu
935 1399 1274 1466 hujus,‘ante
1304 1416 1507 1455 annum
1534 1401 1669 1456 1095
1696 1416 1803 1455 non
1830 1401 2105 1465 celebrati,

532 1496 775 1556 tempore
803 1504 832 1541 a
862 1488 1256 1557 Rhcgieusibus
1290 1492 1341 1545 in
1369 1492 1831 1560 archiepiscopum
1872 1490 2109 1559 postula-

530 1588 642 1632 tum
678 1580 910 1649 primum
945 1581 1135 1646 fuisse,
1165 1582 1371 1645 volunt,
1405 1583 1657 1636 audiendi
1704 1597 1809 1637 non
1843 1583 1970 1637 sint.
2008 1580 2112 1636 Ve-

528 1686 648 1723 rum
688 1687 794 1741 quo
819 1672 1040 1726 circiter
1068 1672 1192 1725 anni
1223 1672 1359 1727 1090
1405 1688 1589 1728 mense
1621 1674 1681 1728 S.
1711 1674 2018 1729 Brunonem
2056 1675 2108 1728 in

2209 513 2332 552 cum
2373 499 2426 553 in
2455 499 2747 570 Campania
2771 499 2884 569 jam
2930 511 3254 569 versaretur,
3286 504 3337 559 S.
3373 506 3633 567 Brunonem
3657 516 3697 572 in

2209 587 2567 659 Rhegiensem
2598 592 3063 661 archiepiscopum
3110 593 3396 664 eligendum
3432 614 3597 657 curare
3628 621 3699 673 po-

2212 680 2401 742 tuerit,
2434 678 2692 735 feceritne
2717 682 2769 736 id
2796 682 2913 747 ille,
2951 698 3071 736 cum
3113 683 3280 739 adhuc
3319 687 3507 753 Roma,
3533 706 3589 745 an
3606 710 3700 750 cum

2204 767 2314 837 jam
2366 770 2417 824 in
2465 770 2763 841 Campania
2795 783 3010 840 ageret,
3047 773 3201 842 plane
3236 784 3315 829 est
3357 776 3619 848 incertum,
3655 800 3703 840 ac

2210 860 2365 928 proin
2407 861 2571 915 etiam
2617 877 2686 915 an
2717 870 2876 927 ante,
2920 878 2989 916 an
3037 869 3156 931 post
3206 864 3421 919 mediam
3457 869 3565 923 anni
3599 870 3704 927 1090

2210 959 2489 1017 aestatem,
2545 966 2651 1020 quo
2681 959 2963 1020 tempore,
3013 963 3071 1007 ut
3099 951 3208 1022 jam
3250 955 3465 1020 dictum,
3510 957 3706 1016 Urbanus

2211 1038 2383 1093 Roma
2434 1040 2486 1094 in
2532 1041 2884 1111 Campaniam
2918 1042 3085 1110 abiit,
3126 1042 3351 1100 Sanctus
3388 1056 3551 1101 noster
3580 1048 3708 1105 fuerit

2210 1127 2530 1199 Rhegicnsis
2560 1132 2765 1189 electus
2792 1133 3252 1205 archiepiscopus.
3286 1136 3406 1192 Utut
3426 1137 3506 1204 sit,
3528 1138 3574 1192 id
3592 1141 3708 1208 equi-

2211 1219 2330 1272 dem
2364 1235 2507 1275 anno
2536 1222 2706 1289 1090,
2756 1232 2809 1277 et
2852 1224 3071 1293 quidem
3103 1235 3161 1278 ut
3199 1226 3462 1281 minimum
3504 1229 3562 1281 ad
3588 1227 3710 1295 hujus

2209 1307 2449 1376 Aprilem
2485 1310 2598 1379 jam
2634 1322 2915 1383 provecto,
2944 1313 3165 1381 factum,
3204 1316 3531 1371 indubitatum
3556 1325 3627 1374 est
3660 1334 3708 1375 ex

2210 1412 2371 1468 Supra
2403 1400 2585 1455 dictis.

2280 1489 2404 1544 556.
2436 1490 2547 1546 Nec
2570 1491 2767 1558 minus,
2796 1501 2981 1562 utpote
3011 1493 3066 1548 in
3098 1494 3442 1565 irrefragabili
3472 1497 3711 1565 primorum

2211 1589 2443 1646 quatuor
2480 1579 2778 1635 Carthusiae
2838 1583 3080 1651 priorum
3119 1584 3493 1655 chronoyaphi
3520 1587 3711 1639 testimo-

2214 1668 2301 1720 nio
2329 1666 2446 1738 (adi
2470 1684 2618 1723 num.
2644 1669 2779 1739 532)
2809 1668 3115 1736 fundatum,
3154 1671 3495 1726 indubitatum
3545 1682 3629 1735 est,
3668 1674 3711 1725 S.

530 1760 893 1831 Rliegieusem
930 1761 1397 1830 archiepiscopum
1421 1763 1545 1829 eligi
1577 1762 1793 1817 evenit?
1823 1762 1955 1817 Cum
1983 1774 2107 1816 ante
2144 1742 2185 1799 Β
2215 1756 2548 1824 Brunonem,
2597 1774 2717 1812 cum
2752 1758 3034 1814 sublimem
3069 1762 3300 1814 maxime
3344 1762 3620 1829 dignitatem
3639 1760 3713 1813 sibi

528 1852 768 1919 Aprilem
791 1850 921 1905 dicti
942 1851 1070 1904 anni
1098 1849 1236 1905 1090
1259 1849 1491 1906 Sanetus
1516 1866 1579 1906 ex
1609 1851 1765 1906 dictis
1792 1850 2015 1905 Romam
2040 1851 2108 1906 ad

531 1940 808 1995 Urbanum
838 1955 1031 2010 papam
1065 1939 1321 2009 appulsus
1346 1956 1450 1997 non
1478 1942 1568 2006 sit,
1595 1957 1692 1996 nec
1715 1951 1839 1997 ante
1865 1957 2020 1996 suum
2041 1942 2109 1996 ad

530 2032 676 2086 hunc
702 2045 1002 2097 accessum,
1033 2040 1087 2086 ut
1109 2033 1313 2102 pariter
1333 2048 1399 2088 ex
1422 2033 1583 2089 dictis
1605 2042 1849 2103 apparet,
1876 2033 1943 2088 ad
1966 2033 2109 2089 Rhe-

531 2122 771 2190 gieusem
818 2122 1000 2178 sedem
1043 2123 1248 2179 electus
1289 2124 1659 2193 postulatusve
1692 2124 1881 2187 fuerit,
1922 2138 2113 2177 conse-

530 2228 705 2280 quens
741 2226 856 2278 est,
884 2225 941 2269 ut
979 2232 1079 2270 nec
1111 2216 1212 2270 hoc
1239 2226 1364 2271 ante
1397 2216 1523 2270 dicti
1554 2216 1677 2269 anni
1707 2215 1843 2270 1090
1871 2214 2109 2283 Aprilem

531 2303 819 2371 acciderit;
852 2306 1037 2375 ipsoue
1063 2306 1241 2361 alitem
1270 2308 1374 2361 hoc
1402 2322 1604 2373 mense,
1636 2322 1703 2361 an
1736 2309 1911 2362 serius
1934 2348 1948 2371 ,
1981 2306 2112 2360 deﬁ-

533 2391 652 2447 nire
674 2393 817 2446 haud
840 2409 999 2462 queo,
1029 2395 1282 2449 omnibus
1310 2410 1555 2464 prorsus,
1601 2411 1720 2464 qua:
1744 2398 1811 2450 ad
1842 2397 1895 2449 id
1926 2404 2114 2448 utcun-

529 2495 639 2552 que
683 2482 984 2552 sufﬁciant,
1034 2486 1369 2555 argumentis
1414 2486 1812 2541 deﬁcientibus.
1860 2486 2112 2539 Attamen

532 2572 903 2641 dispiciamus,
938 2590 1005 2627 an
1048 2589 1115 2628 ex
1150 2574 1234 2638 iis,
1257 2590 1378 2646 quae
1407 2575 1789 2646 discipulorum
1815 2575 1875 2630 S.
1906 2558 2115 2629 Bruno-

531 2660 618 2714 nis
646 2661 713 2714 ad
744 2661 1084 2718 Carthusiam
1113 2663 1344 2718 reditum
1380 2678 1661 2733 excepere,
1694 2665 1825 2719 tnhil
1862 2667 2113 2729 omnino,

530 2766 639 2821 quo
665 2751 853 2807 Sancti
879 2754 946 2807 ad
971 2752 1330 2824 lihcgiensem
1351 2755 1872 2826 archiepiscopatum
1898 2756 2117 2812 electio-

535 2841 619 2896 nis
650 2850 864 2912 tempus
896 2844 1116 2915 propius
1145 2844 1320 2901 adhuc
1350 2845 1663 2912 deﬁniatur,
1689 2848 1859 2918 possit
1882 2847 2024 2902 elici.

601 2931 730 2989 555.
764 2952 783 2985 ι
806 2932 987 2990 Visum
1014 2944 1114 3003 est,
1140 2956 1159 2990 ι
1183 2938 1440 3007 inquitde
1463 2938 1683 2996 Urbano
1710 2957 1847 3013 papa
1878 2943 1929 2996 in
1960 2942 2117 3011 hujus

533 3021 656 3077 Vita
679 3039 830 3078 num.
860 3024 929 3080 82
954 3025 1290 3094 Ruinartius,
1323 3048 1342 3080 ι
1363 3029 1510 3087 circa
1536 3030 1692 3101 hujus
1716 3032 1841 3087 anni
1862 3032 2024 3101 (1090
2045 3032 2119 3087 ni-

532 3114 756 3182 mirum)
784 3116 1042 3182 medium,
1071 3133 1194 3172 cum
1216 3119 1264 3173 ei
1294 3119 1477 3175 Romae
1504 3120 1590 3175 vix
1617 3122 1885 3192 respirare
1906 3120 2118 3186 liceret,

533 3204 865 3272 provincias,
894 3206 1129 3277 Rogerio
1151 3207 1381 3278 (Apuliae
1405 3210 1634 3276 scilicet,
1660 3210 1922 3266 Calabria:
1948 3219 2002 3267 et
2033 3210 2120 3266 Si-

532 3294 674 3348 cilia:
698 3294 858 3364 duci)
888 3304 944 3350 et
987 3296 1314 3352 Boamuudo
1347 3299 1731 3368 (praecedentis
1767 3298 1953 3368 fratri)
1996 3302 2122 3356 sub.

528 3381 726 3450 jectas,
756 3382 928 3449 adire,
968 3395 1027 3438 ut
1059 3385 1131 3439 ibi
1162 3386 1323 3454 paulo
1346 3386 1569 3442 liberius
1592 3403 1773 3442 rerum
1794 3387 2122 3445 ecclesiasti-

536 3484 726 3525 carum
761 3486 950 3527 curam
978 3482 1186 3544 ageret.
1215 3473 1375 3530 Certe
1410 3490 1535 3531 eum
1574 3477 1674 3530 sub
1702 3476 1937 3530 medium
1966 3492 2119 3533 men-

536 3562 616 3618 sis
637 3563 867 3634 Augusti
892 3564 994 3619 hoc
1023 3580 1167 3620 anno
1190 3564 1243 3619 in
1275 3565 1566 3636 Campania
1589 3566 1879 3632 exstitisse,
1910 3576 2123 3623 constat

538 3669 602 3708 ex
652 3652 937 3724 privilegio
979 3656 1155 3709 sancti
1191 3654 1408 3720 Basoli,
1448 3655 1593 3725 quod
1632 3654 1909 3711 Sinuessaa
1939 3659 2123 3713 datum

534 3753 622 3800 est
643 3744 744 3799 hoc
761 3759 904 3799 anno
915 3745 1002 3800 die
1015 3744 1430 3803 xvaalendas
1443 3746 1801 3818 Septembris,
1814 3746 2123 3805 Burchardo

535 3834 781 3905 ejusdem
808 3833 911 3890 loci
934 3834 1116 3889 abbati
1148 3835 1489 3904 inscriptum.
1522 3856 1541 3889 ι
1574 3835 1644 3892 Ut
1676 3836 1891 3892 Urbano
1914 3835 2119 3904 Romae,

536 3923 995 3993 quemadmodum
1043 3924 1130 3979 hic
1169 3925 1246 3979 ait
1288 3924 1640 3991 Ruinartius,
1678 3927 1949 3996 respirare
1999 3936 2123 3982 tunc

537 4016 631 4071 vix
655 4014 895 4082 licuerit,
928 4014 1130 4072 factum
1162 4017 1381 4072 indubie
1407 4017 1569 4072 fuerit
1595 4033 1660 4073 ex
1691 4033 1757 4074 eo
1808 4019 1973 4088 quod,
1999 4034 2121 4074 cum

537 4104 811 4162 Henricus
860 4106 1191 4176 imperator,
1248 4107 1411 4177 Alpes
1469 4117 1868 4179 transgressus,
1927 4108 2125 4165 infesto

537 4200 754 4271 agmine
778 4200 856 4254 uti
884 4215 949 4256 ex
973 4198 1247 4254 Bertholdi
1272 4199 1704 4255 Constantiensis
1733 4200 2035 4270 presbyteri
2057 4201 2123 4255 ad

539 4289 910 4348 Herniannum
953 4290 1309 4347 Contractum
1346 4291 1643 4362 appendice
1677 4292 1747 4346 ad
1792 4290 1993 4346 dictum
2028 4307 2126 4345 an-

2210 1844 2447 1898 oblatam
2496 1856 2838 1913 recusasset,
2892 1866 2912 1900 (
2951 1848 3007 1902 in
3052 1848 3312 1904 Calabria:
3358 1864 3601 1909 eretnum,
3649 1848 3712 1901 cui

2212 1934 2404 1989 Turris
2448 1951 2643 1991 nomen
2679 1946 2785 2003 est,
2820 1956 2840 1991 ι
2874 1939 3186 1994 secessisse.
3214 1939 3405 1994 Verum
3435 1937 3717 2007 quandonam

2212 2025 2264 2079 id
2297 2025 2529 2082 Sanctus
2567 2027 2716 2094 fecit,
2750 2040 2863 2095 aut,
2894 2038 2953 2084 ut
2981 2030 3049 2085 ab
3084 2044 3174 2095 eo,
3205 2031 3344 2099 quod
3373 2033 3510 2098 prius
3546 2029 3719 2083 indubie

2215 2108 2402 2176 fuerit,
2436 2111 2721 2181 incipiam,
2752 2115 3099 2182 quandonam
3128 2115 3180 2167 id
3207 2114 3430 2170 faciendi
3466 2113 3719 2168 facultatem

2214 2215 2244 2254 a
2285 2202 2542 2270 pontiﬁce
2576 2203 2791 2259 Urbano
2825 2205 3093 2259 obtinuit?
3133 2204 3516 2261 Blomeuvenna
3552 2203 3597 2257 in
3622 2218 3721 2256 con-

2213 2294 2412 2364 scripta
2441 2309 2471 2348 a
2494 2309 2552 2348 se
2587 2294 2773 2350 Sancti
2800 2296 2969 2350 nostri
3004 2294 3127 2350 Vita
3160 2296 3234 2350 ita
3267 2295 3441 2367 prodit
3465 2294 3720 2348 memoriae:

2221 2399 2240 2433 ι
2270 2383 2535 2438 Beatus...
2556 2384 2759 2452 Bruno,
2783 2401 2904 2441 cum
2928 2402 3140 2442 summo
3159 2387 3396 2457 pontiﬁci
3417 2394 3613 2456 propter
3629 2384 3724 2437 οδες

2217 2473 2473 2528 dientiam
2509 2476 2667 2530 annis
2696 2478 2884 2545 paucis
2912 2477 3198 2533 adhaerens
3236 2472 3342 2532 non
3387 2478 3627 2533 modicum
3653 2476 3727 2528 Ec-

2216 2565 2395 2621 clesia:
2422 2566 2714 2635 profuisset
2740 2569 2852 2623 suis
2879 2569 3139 2632 consiliis,
3170 2571 3450 2640 prudentia
3485 2579 3535 2624 et
3557 2568 3726 2638 sapien-

2218 2658 2292 2712 tia
2340 2659 2785 2730 ineomparabili,
2824 2671 2986 2731 prout
3010 2678 3074 2716 ex
3108 2662 3347 2730 ejusdem
3392 2676 3531 2733 papa:
3570 2658 3728 2716 Urbani

2218 2752 2449 2807 decretis
2468 2763 2522 2807 et
2538 2753 2661 2807 aliis
2681 2753 2840 2808 factis
2861 2753 3057 2823 conjici
3080 2755 3260 2820 datur,
3280 2756 3331 2809 in
3358 2754 3539 2824 quibus
3558 2761 3731 2807 sanctus

2217 2841 2399 2898 Bruno
2430 2845 2597 2914 (haud
2627 2845 2870 2916 dubium)
2898 2846 3167 2901 indefesso
3199 2847 3386 2901 labore
3413 2844 3729 2901 desudaverali

2219 2946 2431 3002 semper
2457 2942 2635 2989 tamen
2660 2936 2725 2989 ad
2748 2935 2958 2991 dilecta:
2986 2951 3096 2989 sua:
3119 2935 3374 2991 Rachelis
3400 2934 3665 3005 amplexus,
3684 2928 3734 2980 ad

2219 3026 2388 3079 eremi
2411 3034 2466 3079 et
2485 3026 2790 3081 solitudinis
2814 3028 3051 3096 quietem
3068 3027 3248 3083 redire
3274 3028 3588 3090 desiderans,
3608 3021 3735 3077 curia:

2222 3117 2481 3185 strepitus
2510 3125 2566 3170 et
2608 3117 2867 3171 tumultus
2898 3116 3285 3173 molestissime
3327 3131 3530 3187 semper
3557 3113 3734 3172 ferebat,

2221 3211 2455 3276 cumque
2506 3222 2614 3261 non
2646 3217 2828 3276 posset
2868 3207 3011 3262 ultra
3052 3207 3327 3262 ﬂammam
3370 3206 3501 3261 tanti
3534 3199 3736 3259 desiderii

2221 3298 2611 3365 comprimere,
2653 3308 2939 3367 antequam
2977 3296 3239 3367 praefatus
3286 3311 3522 3353 summus
3546 3289 3738 3365 pontifex

2223 3386 2289 3442 de
2325 3385 2596 3442 Placentia
2650 3388 2906 3442 transiret
2943 3388 2995 3441 in
3032 3386 3299 3454 Galliam,
3340 3401 3460 3443 cum
3500 3383 3644 3437 multa
3679 3378 3740 3430 in-

2222 3478 2423 3533 stantia
2458 3478 2549 3532 vix
2578 3480 2792 3532 tandem
2813 3477 3045 3532 obtinuit
3069 3476 3371 3543 licentiam,
3406 3474 3580 3530 relicta
3603 3468 3740 3526 curia.

2223 3583 2491 3633 ereinnm,
2523 3583 2684 3637 quam
2715 3567 3037 3632 incoluerat,
3075 3567 3374 3636 repetendi,
3413 3572 3503 3619 aut
3529 3561 3683 3620 aliam,
3707 3555 3742 3609 si

2223 3657 2483 3727 placeret,
2516 3656 2768 3728 eligendi.
2806 3675 2824 3707 ι
2862 3656 3135 3710 Hactenus
3155 3653 3569 3714 Blomeuvenna,
3594 3644 3745 3718 preci-

2224 3763 2326 3819 pua
2351 3748 2561 3812 saltem,
2589 3764 2709 3817 qua:
2738 3748 2827 3802 hic
2847 3755 3131 3812 memorat,
3163 3761 3194 3802 e
3218 3746 3361 3810 Vita,
3387 3760 3481 3815 per
3502 3743 3745 3797 Puteanutn

2224 3846 2506 3905 contexta,
2553 3846 2861 3904 mutuatus,
2906 3852 3007 3892 nec
3051 3835 3278 3902 Surius,
3319 3837 3411 3907 qui
3446 3850 3511 3891 ex
3536 3827 3749 3887 ambobus

2225 3930 2375 3985 hisce
2402 3930 2713 4000 biograpiiis
2735 3944 2889 3983 suam
2914 3928 2978 3983 de
3001 3926 3059 3983 S.
3088 3928 3345 3983 Brunone
3369 3922 3747 3981 lucubrationem

2225 4019 2592 4085 concinnavit,
2625 4018 2851 4072 multum
2883 4018 2997 4072 sive
3022 4017 3090 4072 ab
3119 4033 3248 4082 uno,
3282 4018 3397 4071 sive
3424 4016 3488 4070 ab
3516 4011 3665 4067 altero
3684 4007 3750 4059 hic

2225 4108 2504 4175 dissentit;
2552 4108 2695 4177 quod
2745 4108 2792 4162 si
2836 4116 3016 4161 autem
3060 4116 3208 4161 recte
3243 4113 3463 4170 notent,
3502 4102 3748 4157 Sanctusa

2224 4200 2479 4270 pontiﬁce
2514 4199 2796 4255 secedendi
2825 4199 2877 4253 in
2908 4213 3181 4261 eremum,
3219 4197 3374 4252 curia
3405 4190 3659 4268 pontiﬁcia
3691 4200 3751 4237 τε·

2227 4294 2375 4358 licta,
2396 4292 2704 4348 facultatem
2720 4307 2826 4346 non
2850 4283 3001 4362 prius
3021 4290 3342 4356 obtinuerit,
3368 4302 3526 4359 quam
3545 4279 3682 4347 cumj
3702 4290 3750 4327 -m

538 4397 669 4437 num
714 4382 848 4438 1090
886 4382 1227 4454 intelligitur,
1270 4383 1323 4438 in
1356 4382 1666 4454 pontiﬁcem
1710 4381 1934 4453 ejusque
1961 4380 2114 4452 adju-
2154 4413 2199 4467 ι)
2229 4386 2347 4449 hic,
2379 4385 2654 4440 celebrato
2694 4383 2987 4439 Placentia:
3021 4381 3280 4447 concilio,
3315 4381 3369 4435 in
3400 4378 3617 4435 Galliam
3642 4374 3753 4424 esset

542 4482 690 4530 tores
734 4474 988 4541 ferretur,
1030 4477 1256 4531 Romani
1298 4477 1566 4547 antipapre
1594 4475 1837 4531 Guiberti
1868 4475 2120 4540 asseclzc,

540 4568 864 4623 audaciores
910 4569 1035 4622 inde
1078 4568 1237 4636 facti,
1276 4569 1329 4624 in
1360 4568 1538 4624 oflicio
1565 4567 1832 4623 contineri
1871 4567 2123 4637 vix‘pos-

541 4664 684 4720 sent,
712 4666 991 4726 tutamque
1020 4656 1241 4713 Urbano
1268 4658 1454 4714 Romae
1480 4660 1961 4715 commorationem
1978 4658 2125 4712 nullo

542 4748 705 4803 modo
735 4747 1124 4817 relinquerent.
1157 4750 1378 4818 Verum,
1412 4761 1471 4807 ut
1500 4754 1567 4807 ad
1604 4768 1717 4807 rem
1742 4752 1852 4821 jam
1885 4739 2121 4815 veniam,

537 4841 649 4897 erit
684 4840 952 4906 fortassis,
988 4842 1113 4911 qui,
1148 4844 1293 4912 quod
1325 4844 1576 4900 Urbanus
1621 4854 1749 4900 tunc
1797 4845 1849 4899 in
1896 4846 2124 4915 Campa-

545 4932 690 4986 niam
721 4931 891 4985 Roma
922 4946 1039 4987 sese
1074 4933 1344 5002 receperit
1375 4935 1555 5003 itaque
1581 4942 1692 4989 tum
1725 4935 2011 5005 Rbegiensi
2040 4934 2120 4989 ci-

541 5025 699 5079 vitati
725 5024 947 5094 propior
972 5025 1043 5079 sit
1070 5023 1266 5089 tactus,
1293 5023 1553 5080 Sanctum
1574 5035 1842 5089 nostrum.
1870 5025 2123 5095 pontiﬁce

541 5116 655 5180 illo,
681 5131 842 5186 quem
876 5116 928 5169 in
951 5115 1306 5186 Campaniam
1333 5125 1551 5173 secutus
1589 5117 1788 5182 fuerat,
1813 5126 2026 5187 agente,
2056 5116 2122 5170 ad

544 5207 909 5278 Rhegienscm
938 5208 1466 5279 archiepiscopatum
1491 5207 1657 5263 fuisse
1678 5207 1926 5268 elortum,
1959 5206 2126 5275 suspi-

541 5310 718 5355 cetur.
753 5299 816 5353 Et
850 5315 1000 5364 vero,
1029 5300 1073 5355 si
1114 5298 1385 5367 Urbanus,
1414 5298 1489 5353 uti
1514 5313 1655 5353 anno
1682 5298 1837 5363 1089,
1868 5298 1939 5351 ita
1961 5298 2123 5351 etiam

542 5407 688 5447 anno
716 5392 853 5447 1090
884 5392 1076 5463 Rhegii
1118 5391 1338 5458 fuisset,
1366 5401 1511 5447 esset
1536 5405 1700 5456 sane,
1738 5404 1836 5445 cur
1864 5388 1984 5458 quis
2017 5403 2121 5442 non

545 5481 822 5537 immerito
850 5484 901 5537 id
931 5484 1331 5553 suspicaretur.
1357 5481 1557 5537 Verum
1590 5497 1712 5537 cum
1744 5482 1797 5535 in
1834 5478 2124 5548 Campania

549 5573 786 5641 pontifex
814 5614 826 5638 ,
871 5585 1154 5644 postquam
1201 5574 1371 5628 [lonia
1416 5583 1564 5629 esset
1594 5587 1877 5642 egressus,
1920 5570 2123 5638 reliqua

552 5666 677 5719 anui
719 5664 862 5720 illius
895 5676 1047 5737 parte
1091 5676 1457 5725 commoratus
1507 5666 1675 5724 fuisse
1710 5665 1980 5731 videatur,
2028 5676 2126 5718 nec

2226 4477 2501 4543 abiturus;
2556 4478 2699 4546 quod
2741 4491 2863 4530 cum
2900 4489 3040 4529 anno
3080 4473 3247 4538 1095,
3302 4472 3381 4526 uti
3430 4471 3567 4524 inter
3602 4471 3755 4519 omnes

2226 4570 2510 4637 convenit,
2557 4568 2757 4624 factum
2795 4569 2895 4632 sit,
2926 4579 3262 4635 consequens
3294 4564 3429 4627 erit,
3476 4568 3532 4614 ut
3563 4556 3755 4611 Sanctus

2226 4679 2329 4719 nec
2361 4672 2488 4717 ante
2515 4661 2662 4716 hunc
2690 4676 2915 4723 annum,
2945 4673 3042 4713 nec
3065 4667 3191 4712 ante
3219 4650 3659 4725 quinquennalem
3681 4646 3758 4696 circ

2224 4754 2362 4808 citer
2397 4752 2539 4822 apud
2583 4750 2861 4806 Urbanum
2891 4749 2985 4820 (ad
3017 4762 3141 4801 eum
3176 4746 3321 4800 enim
3354 4760 3417 4800 ex
3470 4740 3619 4797 dictis
3645 4744 3759 4831 anno

2228 4844 2364 4900 1090
2406 4842 2655 4911 venerat)
2708 4838 3187 4895 commorationem
3239 4832 3528 4889 recedendi
3570 4845 3598 4883 a
3640 4835 3757 4879 cum

2224 4933 2500 5005 pontiﬁcia
2549 4930 2933 5003 repetendique
2978 4943 3222 4984 eremum
3272 4926 3582 4981 facultatem
3622 4918 3760 4982 impe-

2225 5029 2399 5084 trarit.

2295 5119 2419 5175 537.
2452 5117 2675 5179 Verum,
2704 5114 2780 5168 uti
2812 5112 3067 5167 Sanctum
3096 5118 3223 5163 ante
3250 5122 3451 5161 annum
3485 5101 3633 5162 1095,
3659 5110 3762 5151 con-

2226 5226 2311 5270 tra
2340 5228 2403 5267 ac
2431 5210 2594 5266 iidem
2624 5206 2893 5261 Brunonis
2928 5199 3207 5273 biographi
3237 5198 3515 5259 scribunt,
3565 5191 3762 5248 electum

2227 5303 2393 5357 fuisse
2421 5300 2779 5371 Rhegiensem
2817 5294 3310 5362 archiepiscopum,
3353 5289 3428 5341 ita
3461 5284 3616 5341 etiam
3642 5276 3762 5331 illum

2226 5402 2352 5447 ante
2379 5391 2630 5447 eumdem
2663 5401 2862 5441 annum
2894 5381 3063 5438 eremi
3094 5380 3323 5447 vitaeque
3355 5371 3609 5431 solitaria:
3634 5377 3763 5432 repe-

2230 5485 2401 5538 tenda:
2448 5480 2759 5535 facultatem
2814 5474 2880 5528 ab
2928 5471 3149 5527 Urbano
3192 5466 3497 5523 obtinuisse
3546 5456 3765 5553 evincti"l

2231 5578 2369 5634 infra
2420 5576 2525 5629 huc
2574 5567 2995 5626 transcribeudae
3032 5565 3236 5618 chartae
3285 5557 3503 5628 Rogerii
3553 5547 3765 5606 comitis.

2230 5672 2541 5734 Mcsimerii.
2596 5662 2982 5733 Squillacensis
3006 5655 3267 5729 episc0pi,
3295 5652 3526 5722 aliaque,
3554 5638 3766 5711 equibus
