3846 6316
2136 246 2163 269 α

153 296 220 353 ,3ὶο
1554 274 1656 330 AC'.

3196 273 3302 325 550

151 415 332 470 Sanctum
368 412 475 459 ante
505 414 698 455 annum
734 397 903 462 1095,
938 395 1047 451 imo
1084 394 1191 463 iam
1223 392 1348 447 inde
1378 392 1444 446 ab
1473 407 1615 445 anno
1647 400 1690 451 Α
1724 398 1829 442 tem
1867 386 2156 452 obtineret,
2190 395 2348 455 atque
2378 386 2429 439 in
2461 382 2763 439 Calabriam
2802 386 3076 439 secederet
3106 426 3121 450 ,
3160 387 3302 454 apud

152 493 556 564 1090,autcerteab
582 487 937 544 ann01091in
959 482 1618 550 eremoCalabrina,pon-
1725 480 1999 536 Urbanum
2034 494 2225 549 papam
2276 477 2442 533 fuisse
2494 486 2933 541 commoratum,
2990 476 3102 532 suis
3163 492 3301 546 quas

152 585 393 643 tiftciacuria
413 579 794 649 relictaﬂuisse
819 585 1116 641 versatum,
1141 574 1491 629 manifestum
1514 581 1618 638 est,
1722 570 1939 624 adhibet
1988 567 2239 638 loquendi
2294 566 2541 622 formulis
2588 567 2853 622 indicans.
2909 565 3126 634 Quare,
3178 582 3303 622 cum

150 679 389 749 aliquisque
409 690 464 729 ex
487 671 617 727 infra
643 669 886 725 dicendis
913 668 1071 723 facile
1098 665 1466 737 intelliget.Et
1493 678 1621 719 vero
1721 660 2066 716 Carthusiani
2100 660 2473 730 antiquiores,
2516 659 2606 728 qui
2649 658 2944 730 quidquam
2996 656 3064 712 de
3114 667 3302 714 sancto

151 767 284 823 laudati
303 763 563 836 biographi,
590 776 682 816 seu
710 760 894 830 potius
916 759 978 822 ii,
1002 758 1243 828 equibus
1265 757 1457 812 horum
1482 755 1623 809 anti—
1724 753 1940 810 Ordinis
1971 753 2052 808 sui
2084 753 2395 808 lnstitutore
2416 752 2612 808 litteris
2632 753 3041 823 consignavere,
3075 768 3170 807 sua
3196 752 3307 807 fere

148 860 254 928 quior
275 855 508 910 Puteanus
556 853 606 908 id
638 850 820 907 hausit
846 890 863 916 ,
912 848 1173 904 Sanctum
1209 856 1457 903 nostrum
1505 854 1624 899 tan-
1723 846 1904 902 omnia
1927 861 1957 901 e
1984 845 2223 909 laudato,
2262 843 2415 913 cujus
2446 845 2532 900 hic
2553 843 2662 914 jam
2694 845 2919 900 recitata
2949 843 3108 899 verba
3139 853 3264 900 sunt
3290 886 3306 910 ,

149 951 206 1003 diu
232 947 340 1018 apud
368 946 626 1002 Urbanum
661 958 855 1012 papam
884 949 1279 997 commoratum
1323 954 1443 995 esse
1465 979 1481 1005 ,
1518 953 1622 993 non
1724 936 2022 1004 primorum
2070 935 2308 1005 quinque
2346 934 2647 990 Cartltusia:
2677 934 2925 1006 Priqrum
2979 934 3308 1005 chronologo

148 1046 216 1099 alio
238 1043 348 1098 forte
376 1056 435 1096 cx
456 1040 627 1109 capite
674 1037 728 1092 in
752 1037 967 1092 litteras
993 1024 1215 1098 misere,
1270 1047 1432 1102 quam
1482 1029 1625 1101 quod
1728 1026 2030 1092 hauserint,
2060 1025 2468 1081 vcrosimillitne
2506 1026 2665 1096 hujus
2688 1027 3016 1081 inhzerentes
3067 1027 3310 1096 vestigiis

148 1134 256 1203 priori
284 1130 614 1202 quinquennio
646 1168 663 1194 ,
720 1143 829 1198 quo
875 1125 1222 1181 Calabrinam
1266 1137 1508 1177 eremum
1553 1121 1629 1174 in-
1730 1121 1929 1175 Sancto
1952 1130 2157 1186 nostro,
2191 1135 2297 1175 non
2329 1119 2819 1188 quinquennalem,
2872 1118 2966 1173 sed
3006 1117 3164 1187 longe
3208 1117 3313 1172 mi-

147 1225 368 1287 ltabitavit,
411 1220 628 1277 subinde
659 1235 686 1272 a
735 1216 1003 1274 Pontiﬁce
1054 1214 1146 1269 illo
1176 1254 1192 1280 ,
1246 1212 1487 1269 consiliis
1511 1210 1629 1280 ejus
1729 1231 1830 1270 nus
1856 1215 2164 1271 diuturnam
2195 1214 2336 1284 apud
2369 1213 2644 1268 Urbanum
2693 1228 2885 1283 papam
2921 1213 3310 1268 commoratio-

148 1318 180 1373 in
210 1315 330 1371 rebus
354 1312 520 1367 arduis
550 1310 944 1381 implexisque,
1001 1305 1334 1362 difﬁcillimis
1382 1304 1450 1358 iis
1495 1312 1628 1357 tem-
1731 1321 1853 1359 nem
1885 1302 2252 1366 attribuerim;
2279 1317 2379 1356 nec
2400 1317 2530 1356 sane
2561 1302 2831 1357 immerito
2855 1344 2871 1369 ,
2920 1318 3042 1358 cum
3077 1303 3311 1358 Sanctus

146 1408 297 1477 poribus
336 1406 627 1475 frequenter
676 1399 1086 1469 emergentibus
1111 1437 1127 1462 ,
1159 1396 1235 1451 uti
1285 1394 1500 1449 volente
1526 1432 1543 1457 ,
1597 1406 1629 1447 e
1731 1396 1797 1450 ad
1830 1394 1973 1448 hunc
2003 1401 2128 1446 ante
2158 1393 2283 1445 anni
2315 1392 2453 1448 1090
2481 1393 2720 1463 Aprilem
2750 1408 2854 1448 non
2888 1394 3139 1461 venerit,
3179 1395 3315 1448 hoc-

148 1500 357 1553 solitudine
386 1510 475 1551 sua
525 1493 692 1549 fuerit
736 1499 995 1547 evocatus
1023 1528 1039 1555 ,
1092 1487 1169 1541 uti
1221 1484 1362 1540 infra
1398 1484 1627 1559 docebo.
1732 1500 1838 1556 que
1869 1485 1984 1554 ipso
2015 1498 2157 1538 anno
2196 1482 2536 1538 Pontiliciant
2564 1485 2771 1539 curiam
2801 1485 3101 1554 reliquerit,
3134 1487 3207 1540 uti
3245 1500 3310 1541 ex

147 1592 188 1647 Ut
204 1600 246 1646 ut
265 1592 335 1657 sit,
364 1590 613 1645 Sanctum
640 1585 890 1657 equidem
921 1597 1031 1638 non
1062 1580 1302 1650 quinque
1327 1577 1507 1641 annis,
1538 1576 1630 1631 sed
1728 1572 1841 1641 jam
1868 1587 2027 1642 supra
2053 1572 2216 1628 dictis
2244 1574 2377 1629 satis
2404 1574 2612 1644 liquet,
2660 1575 2939 1645 magisque
2971 1589 3037 1630 ex
3072 1576 3316 1631 dicendis

148 1683 302 1737 totidem
348 1682 640 1745 duntaxat,
693 1686 786 1731 aut
834 1674 975 1730 forte
1023 1672 1189 1727 etiam
1244 1668 1627 1741 paucioribus,
1736 1670 1995 1733 patescct.

146 1773 346 1829 mensibus
392 1772 523 1843 apud
573 1769 855 1825 Urbanum
908 1774 1034 1838 post
1080 1779 1238 1819 suum
1291 1757 1636 1816 eCarthusia
1672 1752 1713 1805 B

146 1879 342 1933 egressum
368 1861 645 1926 mansisse,
677 1858 851 1930 palam
895 1867 982 1912 est
1008 1871 1074 1911 ex
1113 1869 1178 1908 eo
1208 1851 1350 1922 quod
1391 1851 1457 1904 ad
1489 1851 1635 1905 hunc

144 1954 319 2008 exdictis
368 1968 466 2008 non
518 1961 648 2006 ante
678 1950 806 2004 anni
856 1947 995 2003 1090
1024 1946 1262 2017 Aprilem
1298 1952 1390 1997 aut
1438 1941 1635 1995 Maium

144 2043 372 2107 accesserit,
423 2057 592 2112 eoque
638 2041 755 2109 ipso
804 2052 947 2093 anno
1000 2036 1178 2092 adhuc
1230 2040 1525 2096 currente,
1580 2030 1635 2084 in

144 2132 318 2188 Calabria
357 2131 461 2203 jam
514 2131 790 2188 exstiterit
855 2138 1018 2198 atque
1073 2127 1276 2183 ibidem
1347 2139 1634 2185 eremum,

147 2240 255 2291 quam
295 2234 376 2279 aut
424 2223 611 2281 eodem
652 2236 794 2276 anno
851 2220 989 2275 1090
1019 2259 1035 2283 ,
1083 2226 1178 2273 aut
1224 2225 1373 2273 certe
1402 2230 1509 2271 non
1547 2214 1639 2269 diu

144 2325 222 2384 post
240 2315 506 2371 inhabitare
534 2315 729 2384 coepit,
781 2328 811 2367 a
849 2311 1102 2383 Rogerio,
1134 2309 1402 2365 Calabriae
1457 2315 1513 2363 et
1554 2306 1638 2362 Si-

143 2410 234 2463 ciliae
253 2411 434 2473 comite,
466 2410 564 2466 sibi
594 2422 856 2465 concessa
885 2406 1074 2461 charta
1103 2401 1320 2472 publica
1373 2400 1637 2469 impetra-

144 2504 205 2568 rit,
236 2506 293 2559 uti
338 2504 464 2560 infra
494 2504 723 2560 dicenda
776 2500 1042 2571 aperient.
1074 2495 1184 2552 Nec
1233 2496 1493 2549 Sanctum
1523 2493 1641 2547 diu-

144 2596 224 2660 tius,
255 2612 388 2665 quam
425 2597 534 2668 jam
572 2593 878 2657 statuerim,
928 2589 1069 2661 apud
1105 2586 1383 2643 Urbanum
1422 2597 1638 2653 papam,

144 2694 355 2756 antequam
379 2703 406 2741 a
430 2703 526 2745 suo
555 2703 588 2743 e
618 2684 904 2741 Cartliusia
933 2694 1155 2752 egressu
1187 2675 1468 2732 Pontiﬁcia
1501 2690 1530 2728 a
1551 2690 1643 2727 cu-

143 2775 191 2828 ria
224 2777 466 2833 secedendi
522 2775 843 2832 facultatem
898 2771 1192 2833 obtineret,
1228 2766 1645 2834 Calabriamque

142 2873 287 2931 peteret
309 2908 321 2931 ,
347 2875 735 2923 commoratum
765 2878 908 2929 esse,
933 2859 1213 2917 credidere
1239 2898 1253 2924 ,
1286 2864 1343 2910 ut
1373 2863 1598 2927 apparet
1627 2894 1641 2919 ,

141 2959 385 3013 retustiores
412 2956 781 3014 Carthusiani.

184 3044 276 3099 538.
302 3048 491 3102 Etenim
513 3048 816 3118 primorum
831 3042 1069 3114 quinque
1081 3039 1381 3097 Cartbusice
1396 3036 1643 3093 Priorum

1744 1801 1771 1870 ᾗ
1820 1802 2036 1857 XXXII.
2073 1803 2154 1856 An
2194 1803 2418 1857 Sanctus
2466 1820 2496 1856 α
2534 1803 2756 1871 Roget-io
2795 1802 3058 1858 Calabria:
3085 1807 3272 1860 comite
3301 1847 3318 1871 ,

1813 1875 2462 1947 venationem,rexercente,
2506 1873 2850 1947 inACal’abriw
2890 1891 3043 1943 specu
3069 1915 3083 1939 ,
3125 1878 3179 1928 in
3218 1894 3320 1947 quo

1812 1960 1865 1997 se
1890 1960 2007 2013 cun}
2036 1945 2190 1997 sociis
2212 1944 2508 2010 abdiderat,
2549 1945 2709 2012 fuerit
2752 1954 3014 2009 repertus;
3044 1962 3145 2013 quo
3171 1987 3186 2011 ,
3230 1944 3321 2000 ’νε-

1815 2013 1937 2065 licia
1970 2011 2248 2083 Poni/ida
2272 2014 2440 2079 curia,
2474 2011 2700 2083 primum
2725 2011 3069 2079 concesserit,
3120 2027 3168 2068 et
3228 2033 3325 2069 cur

1812 2093 1936 2136 tum:
1962 2082 2293 2137 Carthasiam
2319 2100 2423 2137 non
2448 2085 2726 2152 repetierit.

1813 2218 1940 2275 559.
1968 2217 2222 2274 Sanctum
2245 2226 2511 2285 nostrum,
2536 2218 2816 2275 Pontificia
2847 2221 2996 2276 curia
3020 2237 3087 2276 ex
3120 2222 3323 2278 Urbani

1744 2314 1903 2383 Papae
1939 2326 2204 2368 consensu
2234 2312 2441 2378 relicta,
2494 2312 2551 2366 in
2605 2310 2869 2367 Calabriae
2916 2329 3178 2380 eremum,
3234 2318 3327 2371 cui

1746 2406 1934 2461 Turris
1956 2419 2173 2471 nomen,
2203 2406 2512 2471 secessisse,
2555 2405 2736 2460 sedem
2793 2407 3012 2475 ibidem,
3047 2411 3189 2465 casis
3218 2413 3321 2467 bu-

1747 2496 1964 2552 milibus
1985 2496 2297 2561 exstructis,
2327 2493 2530 2562 fixisse,
2574 2496 2629 2550 in
2664 2496 2935 2567 speluncis
2963 2542 2977 2566 ,
3024 2500 3079 2555 in
3127 2502 3323 2571 quibus

1748 2605 1869 2644 cum
1901 2590 2066 2646 sociis
2097 2590 2440 2655 morabatur,
2481 2605 2511 2643 a
2557 2589 2790 2660 Rogerio
2819 2591 3082 2648 Calabriae
3110 2602 3165 2649 et
3189 2593 3329 2649 Siri-

1745 2684 1832 2740 lia:
1861 2686 2080 2753 comite,
2111 2687 2200 2756 qui
2229 2700 2354 2741 eum
2387 2694 2497 2739 tum
2529 2685 2765 2740 nondum
2789 2688 3125 2757 cognoverit,
3160 2705 3326 2744 vena-

1750 2776 1948 2831 tionem
1971 2785 2283 2843 exercente,
2316 2776 2484 2831 fuisse
2530 2776 2805 2831 inventum
2831 2818 2846 2841 ,
2906 2777 3119 2848 hacque
3165 2794 3328 2834 occa-

1748 2869 1901 2924 sione
1935 2870 2171 2935 factum,
2218 2880 2279 2924 ut
2316 2885 2560 2925 eremum
2620 2869 2765 2923 illam
2817 2870 2885 2924 ab
2933 2870 3037 2925 hoc
3090 2872 3333 2940 principe

1750 2962 2064 3027 obtinuerit,
2096 2961 2373 3016 memoria:
2396 2961 2627 3030 produnt
2656 2974 2847 3015 omnes
2870 2961 3150 3030 pratcipui,
3193 2976 3334 3030 quos

1753 3054 1819 3107 ad
1850 3069 2064 3108 manum
2092 3054 2285 3118 habeo,
2312 3052 2508 3107 saeculo
2534 3052 2725 3120 quinto
2748 3051 2959 3108 decimo
2982 3055 3331 3122 posteriores,

139 3135 416 3209 rhrouologus
456 3116 549 3195 seu
574 3136 854 3207 antiquior
876 3133 1063 3190 Sancti
1096 3132 1267 3188 nostri
1291 3130 1644 3203 biographus,

1768 3142 1816 3196 5.
1849 3142 2115 3197 Brunonis
2146 3116 2428 3212 biographi
2456 3182 2470 3206 ,
2511 3116 2764 3197 videlicet
2817 3116 3111 3198 Zacharias
3165 3144 3336 3198 Bene—

141 3227 198 3293 qtti
220 3242 269 3281 ex
296 3245 444 3299 supra
469 3231 635 3286 dictis
661 3227 857 3307 saeculo
880 3242 976 3282 xm
1000 3224 1201 3288 ﬂoruit,
1231 3223 1297 3279 de
1316 3223 1376 3278 S.
1401 3222 1652 3278 Brunone

139 3318 259 3384 primo
285 3322 480 3391 quidem
512 3339 672 3377 num.
700 3319 767 3377 16
798 3330 854 3375 et
875 3334 995 3389 seq.
1028 3318 1100 3372 ita
1130 3317 1311 3389 prodit
1340 3316 1648 3373 memoriae:

145 3406 466 3466 «Venerabilis
490 3412 662 3467 Pater
687 3451 702 3476 ,
754 3410 823 3465 ad
873 3423 1145 3464 summum
1195 3405 1517 3462 Pontificem
1559 3420 1653 3460 ve-

144 3498 268 3563 niens,
294 3502 481 3569 eidem,
529 3518 644 3558 non
701 3501 901 3572 longo,
952 3499 1049 3554 sed
1093 3498 1243 3554 brevi
1285 3505 1527 3568 tempore
1567 3511 1654 3551 as-

142 3592 299 3661 sistens,
322 3599 558 3654 consiliis
617 3606 674 3653 et
694 3596 912 3651 auxiliis
938 3594 1270 3650 salutaribus
1317 3591 1434 3661 ejus
1486 3590 1652 3646 multa

139 3699 254 3741 onera
281 3693 627 3762 supportabat
654 3731 668 3755 ,
704 3698 760 3744 el
792 3689 1019 3742 multum
1053 3686 1106 3740 itt
1144 3686 1407 3758 regimine
1454 3692 1655 3741 sancta:

143 3774 202 3828 Dei
230 3778 452 3836 Ecclesia:
487 3782 609 3850 ejus
635 3777 1054 3835 sollicitudinem
1094 3792 1190 3832 sua
1234 3775 1657 3847 promptitudine

140 3868 402 3929 sutievahat.
450 3873 553 3928 Diu
604 3882 789 3927 tamen
840 3871 1111 3941 patienter
1155 3867 1500 3923 dissimulare
1548 3881 1653 3921 non

142 3964 263 4025 potuit
285 3966 551 4021 tristitiam
589 3974 649 4021 et
669 3964 911 4020 dolorem
952 3969 1275 4031 conceptum
1324 3959 1390 4014 de
1437 3974 1657 4013 suorum

140 4050 404 4121 dispersione
425 4056 665 4112 ﬁliorum
690 4098 704 4123 ,
735 4062 791 4109 et
819 4059 1077 4125 strepitus
1105 4062 1159 4107 et
1185 4050 1440 4109 tumultus
1469 4048 1655 4114 curiae,

145 4141 429 4212 impedientes
476 4147 822 4205 dulcedinem
868 4155 924 4201 et
974 4145 1252 4217 quietem,
1306 4158 1411 4214 qua
1456 4141 1560 4196 frui
1606 4150 1661 4196 et

142 4237 242 4299 pasci
286 4240 330 4294 in
370 4255 554 4298 eremo
579 4247 961 4303 consueverat,
994 4235 1229 4307 graviter
1251 4232 1429 4290 ferens
1458 4241 1511 4288 et
1540 4232 1661 4287 diu—

144 4326 217 4381 tius
238 4329 357 4387 ferre
383 4351 485 4388 non
514 4333 796 4389 sustinens
823 4373 837 4398 ,
894 4329 1136 4400 exposita
1169 4342 1383 4384 summo
1413 4326 1661 4383 Pontifici

146 4432 210 4472 sua
230 4422 538 4481 desolatione
572 4470 591 4493 ,
643 4440 767 4480 cum
816 4437 1026 4479 summa
1065 4420 1322 4476 instantia
1354 4419 1663 4489 imploravit

144 4520 178 4559 et
195 4511 463 4582 impetravit
510 4531 542 4569 a
586 4514 737 4570 curia
784 4510 1028 4584 separari
1079 4519 1135 4565 et
1172 4508 1316 4581 quod
1372 4519 1555 4578 posset
1595 4508 1660 4560 ad

146 4611 322 4661 creatum
364 4618 415 4663 et
452 4608 608 4663 cellm
655 4605 766 4674 jam
809 4610 1193 4676 praegustatam
1231 4600 1569 4657 dulcedinem
1612 4609 1665 4654 et

146 4691 435 4754 desideratam
468 4700 718 4769 requiem
747 4698 1040 4767 repedare;
1074 4715 1094 4748 ι
1127 4694 1320 4749 deinde
1351 4708 1481 4748 vero
1513 4708 1663 4747 num.

146 4782 190 4838 3i
210 4795 454 4861 sequentia
479 4836 494 4859 ,
535 4807 660 4863 qua:
704 4791 811 4846 huc
836 4790 1000 4845 etiam
1044 4787 1287 4855 faciunt,
1315 4786 1621 4857 suppeditat
1651 4803 1663 4839 :

153 4876 318 4937 «Βηιηο
343 4886 522 4953 igitur,
569 4884 655 4937 vir
694 4882 1071 4938 sanctissimus
1100 4888 1155 4933 et
1196 4879 1408 4949 gemina
1438 4877 1663 4933 scientia

149 4972 360 5033 traditus.
384 4986 489 5030 tam
530 4976 716 5029 divina
763 4973 1009 5037 scilicet,
1071 4986 1233 5040 quam
1285 4971 1667 5035 humana,.....

146 5072 327 5118 tremum
354 5065 660 5122 Carthusia:
684 5065 823 5121 rexit
846 5080 941 5119 sex
967 5065 1146 5131 annis,
1174 5072 1230 5120 et
1255 5074 1396 5135 post,
1450 5074 1510 5119 ut
1531 5079 1670 5135 prae-

149 5149 296 5209 dlt‘lum
321 5168 415 5224 est,
444 5174 474 5211 a
502 5158 653 5227 Papa
676 5166 921 5224 vocatus,
953 5167 1008 5213 et
1056 5173 1162 5213 non
1216 5157 1306 5212 diu
1350 5166 1477 5227 post
1515 5158 1581 5212 ad
1615 5172 1673 5211 c-

152 5254 301 5298 reatum
323 5248 605 5313 Calabriae,
653 5247 740 5302 cui
768 5246 958 5302 Turris
984 5262 1182 5302 nomen
1209 5257 1292 5302 est
1310 5289 1324 5315 ,
1358 5247 1630 5302 transiens
1654 5290 1669 5313 ,

153 5328 216 5395 ibi,
240 5348 402 5392 sancto
446 5346 765 5395 constructo
819 5338 1152 5395 monasterio
1180 5380 1194 5404 ,
1231 5338 1521 5395 multorum
1576 5338 1672 5395 Dei

152 5432 369 5482 servorum
391 5431 845 5485 attacboretarum
870 5438 1049 5486 rector
1068 5429 1277 5486 exstitit
1295 5439 1349 5486 et
1368 5430 1633 5485 minister.
1650 5450 1668 5484 ι

155 5506 206 5562 ita
226 5516 296 5571 ille
321 5523 633 5593 utrobique,
663 5531 919 5592 quantum
949 5533 1195 5593 apparet,
1247 5523 1304 5576 S.
1337 5522 1672 5588 Brunonetn,

157 5617 230 5658 non
250 5613 461 5685 quinque
482 5616 669 5679 annis,
700 5615 793 5670 sed
825 5614 984 5685 longe
1008 5614 1241 5670 breviori
1272 5614 1530 5684 temporis
1562 5628 1677 5683 spa-

160 5701 225 5765 υο,
249 5712 511 5777 antequam
536 5709 702 5762 curiae
731 5707 1026 5763 Pontificis:
1054 5708 1422 5777 relinquenda:
1450 5704 1677 5762 faculta-

416 5801 696 5862 ΡΑτιιοι..
754 5799 941 5871 CL";

1755 3236 1951 3299 dictus,
1997 3233 2290 3297 Puteanus,
2338 3232 2735 3287 Blomenvenne
2781 3242 2837 3288 et
2890 3234 3099 3289 Surius.
3154 3234 3334 3289 Solius

1756 3329 2199 3389 Blomenvennae,
2230 3325 2372 3394 quod
2420 3324 2654 3394 reliquos
2703 3324 2804 3380 sibi
2835 3325 3167 3380 adamussim
3224 3326 3339 3380 fere

1753 3426 2121 3475 consonantes
2159 3415 2399 3480 habeat,
2458 3417 2761 3486 horumque
2814 3416 3040 3487 proinde
3089 3418 3334 3472 omnium

1756 3515 1933 3570 locum
1975 3522 2158 3567 tenere
2185 3519 2369 3582 queat,
2400 3511 2565 3565 verba
2589 3510 2694 3564 huc
2722 3510 3017 3579 spectantia
3038 3551 3053 3574 ,
3106 3510 3337 3579 reliquis

1759 3607 1872 3663 fere
1925 3606 2178 3662 omnibus
2236 3604 2496 3669 omissis,
2553 3602 2878 3657 transcribo.
2947 3602 3041 3659 Sic
3087 3603 3337 3658 habent:

1763 3719 1781 3752 i
1827 3701 1961 3757 Cum
2019 3698 2295 3754 voluntate
2352 3697 2535 3766 itaque
2588 3694 3082 3777 ettqpencdictioue
3138 3695 3336 3750 summi

1758 3788 2036 3846 Pontificis
2065 3787 2320 3843 dimissus
2372 3786 2454 3856 (ὃ.
2501 3784 2688 3839 Bruno
2746 3785 3025 3856 nimirum)
3076 3784 3340 3841 Calabria:

1758 3881 1973 3936 deserta
2012 3879 2168 3949 petiit
2215 3894 2337 3933 cum
2365 3877 2571 3946 aliquot
2611 3874 2850 3943 ejusdem
2881 3876 3141 3947 propositi
3169 3877 3298 3931 viris
3322 3918 3337 3939 ,

1757 3986 1895 4043 quos
1934 3969 2350 4025 ferventissimis
2373 3969 2487 4024 suis
2516 3968 2989 4023 exhortationibus
3035 3970 3103 4024 ad
3154 3970 3337 4025 mundi

1759 4069 2124 4131 contemptum
2154 4059 2459 4114 induxerat.
2499 4058 2756 4113 Audierat
2781 4059 2924 4113 enim
2945 4101 2959 4125 ,
2994 4060 3101 4115 illic
3124 4060 3341 4128 deserta

1761 4170 1881 4211 esse
1910 4154 2025 4209 loca
2073 4152 2303 4223 plurima
2329 4152 2396 4206 ad
2440 4151 2816 4222 paenitentiam
2863 4152 3125 4225 agendam
3153 4152 3338 4207 s'olitac

1764 4249 2007 4316 riamque
2036 4246 2202 4299 vitam
2233 4243 2550 4299 seetattdam
2575 4244 2877 4314 aptissima.
2897 4242 3151 4312 Optabat,
3179 4252 3330 4313 prout

1712 4324 1723 4331 ’
1765 4339 2077 4408 frequenter
2103 4336 2444 4400 decreverat,
2479 4334 2656 4389 redire
2683 4332 3029 4387 Carthasiam
3054 4333 3119 4387 ad
3143 4333 3339 4388 fratres

1770 4443 1896 4485 suos
1920 4426 2289 4491 charissitnos,
2326 4440 2461 4493 quos
2489 4423 2863 4493 praemiserat;
2915 4424 3009 4477 sed
3039 4424 3164 4492 quia
3196 4439 3343 4479 sum-

1773 4533 1891 4572 mus
1926 4514 2172 4573 Pontifex
2199 4530 2321 4571 cum
2364 4529 2461 4568 sua
2493 4513 2643 4567 curia
2677 4513 2945 4567 transibat
2992 4513 3042 4568 in
3067 4513 3293 4569 Galliam
3326 4558 3341 4581 ,

1772 4611 1824 4664 in
1850 4608 2004 4679 cujus
2041 4607 2235 4661 finibus
2284 4602 2572 4660 Carthusia
2622 4601 2722 4658 sita
2775 4611 2901 4669 est,
2933 4604 3245 4671 metuebat,
3281 4621 3348 4657 ne

1772 4702 1999 4767 curiam,
2039 4715 2204 4771 quam
2249 4697 2531 4768 fugiebat,
2582 4696 2651 4750 ibi
2696 4694 2969 4752 declinare
2997 4712 3101 4751 non
3142 4706 3344 4767 posset.

1776 4792 1839 4848 Et
1884 4792 2003 4847 ideo
2029 4794 2096 4845 ad
2127 4790 2389 4846 Calabriae
2424 4786 2602 4858 potius
2652 4786 2865 4842 deserta
2899 4801 2959 4841 se
3004 4788 3346 4842 contulit.....

1777 4886 1934 4941 Venit
1956 4886 2136 4954 itaque
2175 4884 2268 4937 Vir
2290 4891 2508 4938 sanctus
2546 4882 2610 4936 ad
2633 4882 2918 4952 quamdam
2943 4882 3206 4939 Calabriae
3233 4900 3351 4940 erc-

1774 4992 1959 5041 mum,
2012 4976 2097 5031 cui
2149 4974 2339 5029 Turris
2390 4986 2585 5028 nomen
2642 4982 2745 5039 est,
2798 4972 2848 5026 in
2903 4973 3122 5030 dioecesi
3169 4973 3353 5044 Squil-

1775 5068 1998 5133 lacensi,
2033 5067 2213 5136 ibique
2244 5082 2348 5121 non
2375 5064 2539 5120 eellas
2562 5065 2829 5134 pretiosas
2855 5108 2869 5131 ,
2925 5066 3053 5135 quia
3100 5078 3348 5137 sumptus

1778 5163 1845 5216 ad
1897 5175 1991 5216 eas
2059 5174 2167 5214 non
2227 5158 2587 5227 suppetebat,
2655 5157 2748 5212 sed
2794 5171 2951 5213 casas
2994 5158 3224 5213 humiles
3289 5160 3356 5214 de

1778 5253 1867 5307 vili
1928 5251 2177 5317 materia,
2234 5248 2327 5305 sed
2359 5249 2413 5304 in
2461 5247 2677 5304 Christo
2724 5248 2956 5318 pretiosa
2986 5290 3001 5314 ,
3049 5247 3356 5306 :edilicave-

1782 5350 2019 5397 runt.....

1852 5431 1976 5486 540.
2004 5449 2023 5482 ι
2051 5428 2184 5484 Cum
2216 5436 2393 5483 autem
2424 5428 2622 5483 dictam
2643 5441 2884 5484 eremum
2913 5423 3148 5495 primum
3200 5424 3355 5480 inha-

1782 5525 1958 5581 bitare
1998 5522 2313 5591 coepissent,
2345 5521 2602 5591 contigit,
2639 5519 2866 5574 Domino
2923 5517 3025 5571 hoc
3059 5526 3354 5586 Operante,

1784 5627 1844 5672 ut
1872 5617 2102 5686 quodam
2127 5615 2213 5670 die
2243 5629 2427 5669 comes
2459 5611 2719 5668 Calabriae
2759 5607 3023 5679 Rogeritts
3046 5648 3062 5674 ,
3088 5624 3210 5665 cum
3263 5625 3361 5663 suo

1788 5722 1892 5762 non
1918 5720 2085 5777 parvo
2115 5704 2375 5761 comitatu
2402 5711 2453 5758 et
2493 5716 2685 5758 canum
2744 5699 3087 5755 multitudine
3140 5700 3359 5769 copiose
3438 5750 3458 5767 ,

2972 5792 3035 5847 ll
