3846 6316
526 310 622 365 551

526 429 578 483 in
609 423 799 480 eadem
844 418 1029 477 eremo
1059 420 1247 477 Turris
1279 423 1555 478 venationi
1588 423 1871 491 insistens,
1906 421 1971 476 ad
2027 422 2109 477 lo—

522 531 669 581 cum,
703 514 791 570 uhi
831 513 971 569 servi
1010 512 1103 567 Dei
1133 511 1379 567 habitare
1416 522 1740 583 coeperant,
1774 512 2055 568 deveniret
2089 530 2102 566 :

504 625 687 679 canes
718 617 920 672 autem,
949 604 1147 661 olfactu
1188 622 1287 661 suo
1316 606 1527 660 diversa
1581 606 1818 660 ferarum
1871 604 2104 674 vestigia

452 726 459 745 τ
499 692 909 769 ³ἰιιεοιιυθηιθς,
964 698 1033 753 ad
1089 697 1375 769 Speluncas
1423 713 1517 752 seu
1568 713 1723 752 casas
1753 738 1766 764 ,
1810 697 1861 749 in
1910 696 2106 763 quibus

461 768 742 861 fisanetus
805 791 988 844 Bruno
1038 804 1161 843 cum
1209 789 1323 843 suis
1370 787 1698 851 habitabat,
1767 786 2103 839 devenerint.

527 882 631 937 Ubi
666 880 786 934 lixis
816 881 1061 951 pedibus,
1106 879 1386 932 latratibus
1416 877 1598 930 multis
1643 876 1861 930 domino
1891 889 1989 929 suo
2023 876 2103 927 in~

527 975 784 1030 dicabant
828 987 1074 1042 magnam
1114 986 1173 1027 se
1221 970 1491 1024 invenisse
1524 954 1783 1039 prwdam.
1813 969 1931 1035 Quo
1969 968 2103 1032 viso,

529 1080 737 1130 comes,
772 1080 894 1119 cum
960 1063 1073 1117 suis
1115 1062 1326 1117 concito
1357 1075 1518 1115 cursu
1571 1060 1791 1114 veniens
1816 1097 1831 1123 ,
1873 1058 2108 1127 repperit

521 1159 711 1213 Patres
740 1157 1026 1227 praedictos
1054 1156 1105 1209 in
1134 1155 1335 1210 eisdem
1364 1153 1635 1224 speluncis
1656 1194 1670 1219 ,
1704 1151 1857 1205 flexis
1883 1152 2110 1222 genibus

523 1248 827 1317 erectisque
880 1247 933 1302 itt
984 1246 1176 1301 ctelum
1229 1246 1466 1300 vultibus
1526 1260 1589 1299 ac
1637 1243 1888 1297 manibus
1949 1241 2108 1296 simul

522 1349 744 1394 orantes
766 1347 819 1393 et
848 1339 1013 1392 Deum
1044 1337 1347 1392 laudantes.
1379 1337 1583 1391 Videris
1606 1336 1710 1391 hoc
1745 1349 1950 1399 eomes,
1990 1349 2108 1387 ma—

523 1448 629 1503 gna
667 1430 1024 1486 admiratione
1060 1430 1320 1500 repletus,
1347 1445 1486 1500 equo
1514 1469 1528 1494 ,
1576 1428 1663 1482 cui
1699 1426 1986 1492 insidebat,
2014 1426 2111 1481 dc-

521 1521 731 1584 siliens,
757 1521 946 1575 devote
996 1529 1051 1574 et
1094 1520 1375 1574 humiliter
1415 1521 1560 1589 ipsos
1605 1518 1906 1582 salutavit,
1937 1517 2111 1586 deque

521 1627 682 1669 causa
715 1613 976 1667 adventus
1001 1621 1251 1681 statuque
1289 1613 1525 1679 ipsorum
1556 1610 1786 1665 sollicite
1808 1610 2112 1677 interroga-

518 1706 616 1760 vit.
643 1705 686 1758 A
714 1704 910 1774 quibus
960 1719 1081 1758 cum
1135 1703 1344 1773 singula
1376 1719 1473 1773 per
1501 1703 1744 1757 ordinem
1792 1702 2065 1756 didicisset
2092 1740 2106 1765 ,

520 1798 737 1869 gavisus
762 1805 844 1852 est
884 1796 1041 1851 valde
1074 1794 1298 1850 laudans
1328 1795 1494 1848 Deum
1520 1804 1578 1848 et
1613 1792 1943 1864 glorificans,
1968 1790 2109 1862 quod

517 1891 614 1944 tali
663 1904 787 1942 eum
820 1888 1040 1958 dignum
1086 1885 1386 1955 judieasset
1419 1884 1619 1955 praada.
1656 1883 1920 1953 Sperabat
1964 1883 2109 1941 enim

517 1984 809 2053 religiosus
835 1995 1043 2044 comes,
1075 1994 1132 2035 se
1168 1987 1476 2049 terramque
1519 1992 1673 2031 suam
1715 1991 1903 2030 eorum
1946 1975 2112 2030 meri-

514 2080 591 2134 tis
614 2086 668 2133 et
700 2076 955 2147 precibus
995 2072 1238 2144 adjuvari
1275 2071 1416 2142 apud
1464 2070 1629 2125 Deum
1666 2076 1829 2139 atque
1877 2068 1931 2122 in
1978 2082 2112 2139 pace

521 2168 855 2225 conservari.
886 2167 952 2220 Et
981 2172 1364 2236 propterea,ut
1395 2170 1616 2234 possent
1646 2160 1843 2216 ibidem
1875 2160 2112 2229 quietius

518 2263 724 2325 vivere,
768 2258 1074 2326 diutiusque
1100 2267 1451 2326 perseverare
1475 2292 1490 2319 ,
1518 2252 1667 2307 dedit
1696 2250 1775 2304 eis
1823 2248 2108 2303 ecclesiam

519 2354 700 2408 Beatae
740 2351 923 2404 Maria:
950 2358 1003 2404 et
1040 2338 1191 2402 Beati
1227 2344 1484 2416 Stephani
1529 2345 1593 2399 de
1623 2359 1839 2409 eremo;
1874 2342 1963 2397 ubi
2017 2355 2112 2396 eos

519 2445 837 2512 frequenter
867 2441 1114 2503 visitans,
1148 2438 1213 2492 de
1243 2437 1365 2491 vitae
1392 2435 1717 2491 necessariis
1744 2432 2062 2505 providebat
2093 2470 2109 2499 ,

520 2537 955 2602 ducumentaque
1024 2528 1215 2585 salutis
1267 2528 1334 2581 ab
1387 2527 1466 2581 eis
1530 2526 1764 2580 libenter
1812 2524 2109 2588 audiebat,

518 2626 741 2681 beatum
767 2638 895 2678 vero
920 2622 1253 2684 Brunonem,
1284 2618 1523 2688 ipsorum
1551 2616 1795 2671 omnium
1835 2625 2107 2685 pastorem

522 2733 587 2771 ac
612 2716 829 2771 Patrem
849 2755 862 2780 ,
895 2728 1052 2783 quem
1083 2726 1192 2781 prae
1226 2708 1439 2765 caeteris
1466 2708 1669 2762 arctius
1721 2707 2000 2777 diligebat,
2044 2706 2112 2762 ad

521 2820 581 2860 se
613 2805 924 2874 frequenter
949 2803 1226 2857 evocabat.
1270 2800 1440 2866 Quem
1473 2797 1638 2853 etiam
1693 2796 1746 2851 in
1799 2812 1993 2867 magna
2026 2812 2112 2852 re-

521 2897 771 2952 verentia
823 2909 1037 2964 semper
1066 2892 1297 2957 habuit,
1358 2899 1413 2944 et
1466 2898 1723 2960 tauquam
1776 2889 2010 2959 primum
2056 2889 2109 2943 in

522 2990 686 3045 domo
724 3003 842 3051 sua,
876 2986 993 3056 ejus
1020 2982 1260 3040 consiliis
1287 2982 1669 3051 acquiescens,
1697 2977 1814 3047 ejus
1843 2981 2110 3035 orationi«

518 3082 640 3145 bus,
669 3080 865 3151 quibus
904 3077 1194 3149 plurimum
1226 3074 1567 3140 conﬁdebat,
1629 3088 1687 3129 se
1729 3072 1930 3145 jugiter
1958 3088 2110 3129 com-

519 3172 803 3227 meudans.

594 3263 718 3317 54L
762 3262 1035 3316 llaetenus
1071 3258 1468 3314 Blomenvenna
1493 3296 1507 3319 ,
1546 3271 1642 3311 seu
1691 3255 1870 3325 potius
1920 3268 2112 3310 omnes

523 3368 688 3423 supra
717 3353 915 3407 laudati
947 3351 1008 3405 S.
1034 3350 1303 3405 Brununis
1332 3349 1613 3419 biographi
1655 3366 1667 3401 :
1704 3364 1845 3403 nunc
1898 3346 2111 3417 singula

526 3451 624 3497 aut
655 3442 844 3496 saltent
873 3441 1162 3510 praecipua,
1187 3454 1307 3508 qua:
1329 3439 1512 3493 verbis
1541 3438 1783 3493 recitatis
1812 3440 2108 3492 adstruun-

526 3543 637 3597 tur,
667 3533 1050 3596 examinanda,
1084 3546 1145 3585 ac
1173 3531 1228 3584 itt
1258 3530 1448 3600 primis
1476 3530 1715 3599 quidem,
1750 3545 1818 3585 an
1845 3530 2109 3599 Sanctus,

528 3631 752 3684 obtenta
802 3642 832 3680 a
884 3624 1144 3680 Pontifice
1192 3637 1435 3677 eremum
1489 3622 1765 3693 repetendi
1816 3622 2110 3691 facultate,

525 3727 677 3774 recta
708 3718 759 3771 in
786 3712 1426 3785 Turritanamﬁalabria:
1479 3727 1722 3768 eremum
1748 3727 1868 3768 sese
1893 3728 2113 3782 recepe-

527 3811 623 3875 rit,
660 3807 839 3877 ibique
868 3822 896 3861 a
924 3805 1180 3875 Rogerio,
1212 3804 1477 3860 Calabria:
1521 3813 1575 3859 et
1627 3804 1825 3859 Sicilia:
1873 3805 2070 3861 comite
2093 3844 2109 3872 ,

525 3899 871 3954 venationem
927 3905 1215 3951 exercente
1261 3936 1277 3959 ,
1322 3896 1673 3966 nondumque
1703 3936 1718 3963 ,
1769 3906 1829 3951 ut.
1884 3897 2111 3951 recitata

526 3994 951 4049 Blomenvennat
972 3988 1136 4043 verba
1163 3988 1422 4054 indicant,
1454 4002 1575 4042 eum
1605 3998 1884 4055 noscente,
1909 3991 1963 4045 in
1989 4006 2113 4061 spe-

527 4103 595 4141 cu
623 4084 789 4141 fuerit
818 4090 1082 4153 repertus.
1121 4079 1406 4149 Rogerius,
1434 4080 1652 4135 Boberti
1684 4081 1966 4138 Guiscardi
2000 4083 2108 4138 Ro-

526 4179 664 4249 gerii
699 4177 920 4233 comitis
946 4189 1071 4229 mox
1105 4172 1233 4227 dicti
1285 4170 1469 4226 fratris
1503 4172 1645 4227 filius
1677 4213 1691 4237 ,
1723 4173 1927 4244 Apuliae
1952 4215 1969 4242 ,
2005 4174 2111 4230 Ca-

526 4271 713 4327 labriae
739 4279 791 4325 et
819 4267 1019 4324 Sicilia:
1048 4267 1179 4332 dux,
1232 4264 1287 4318 in
1330 4264 1622 4334 diplomate
1646 4264 1782 4319 infra
1832 4267 1936 4321 huc
1965 4277 2114 4322 tran-

525 4361 835 4428 seribendo,
860 4373 969 4429 quo
987 4356 1289 4412 Calabrina:
1311 4355 1477 4410 eremi
1503 4354 1870 4422 donationem,
1898 4357 1957 4411 S.
1981 4357 2112 4411 Bru-

530 4452 657 4507 noni
707 4449 930 4519 ejusque
978 4448 1142 4503 sociis
1187 4462 1216 4500 a
1260 4446 1462 4501 comite
1502 4445 1734 4515 Rogerio
1773 4455 1965 4515 patruo
2014 4464 2111 4504 suo

528 4544 760 4609 fact-ant,
814 4558 955 4597 anno
1012 4542 1148 4596 1093
1202 4556 1270 4595 ex
1318 4538 1563 4595 dicendis
1600 4538 1985 4605 confirmavit,
2036 4541 2109 4597 ita
2142 4519 2193 4575 D

528 4637 771 4706 loquitur
803 4653 816 4689 :
850 4654 867 4686 ι
906 4634 1101 4688 Notum
1131 4648 1253 4688 esse
1300 4632 1548 4688 volumus
1570 4631 1895 4686 fraternitati
1925 4642 2115 4689 vestrae

529 4731 596 4785 de
619 4726 828 4783 duobus
866 4727 1017 4789 viris,
1044 4725 1300 4780 Brunone
1343 4725 1555 4780 scilicet
1593 4732 1647 4776 et
1675 4722 1937 4791 Lanvino,
1983 4726 2071 4795 qui
2096 4767 2112 4791 ,

529 4826 733 4874 sancta:
759 4816 1032 4886 religionis
1066 4816 1245 4871 studio
1274 4814 1513 4877 accensi,
1550 4828 1673 4867 cum
1707 4815 1870 4870 sociis
1899 4816 2011 4871 suis
2059 4817 2112 4870 in

528 4921 733 4966 terram
755 4907 1023 4963 Calabrice
1046 4922 1076 4960 a
1109 4905 1410 4961 Galliarum
1451 4905 1698 4975 partibus
1727 4947 1741 4969 ,
1797 4907 2115 4976 disponente

527 5002 663 5066 Deo,
693 5004 975 5060 venerunt,
1008 5004 1061 5049 et
1095 5009 1215 5049 meo
1236 4994 1399 5049 ductu
1453 4994 1506 5047 in
1540 5001 1736 5049 terram
1762 5035 1777 5060 ,
1824 5010 1943 5065 qua:
1978 5012 2117 5067 pra:-

527 5093 672 5148 dicta
709 5098 793 5145 est
820 5129 835 5155 ,
886 5088 1086 5153 locum,
1130 5087 1222 5157 qui
1253 5100 1440 5142 eorum
1471 5087 1746 5156 proposito
1777 5089 2113 5157 conveniret,

525 5183 883 5255 quaesierunt,
914 5195 1075 5251 quem
1119 5195 1243 5234 cum
1291 5179 1393 5234 sibi
1425 5179 1676 5233 idoneum
1702 5192 1869 5248 penes
1900 5195 1984 5234 me
2008 5197 2111 5236 non

476 5290 489 5307 τ
526 5279 883 5341 invenissent,
921 5274 1205 5345 elegerunt
1254 5286 1477 5326 manere
1507 5271 1651 5325 inter
1688 5270 1885 5335 locum,
1910 5273 2000 5340 qui
2033 5272 2115 5327 di-

526 5373 671 5427 citur
713 5370 915 5441 Arena,
967 5376 1022 5422 et
1070 5366 1347 5437 Oppidum,
1385 5364 1526 5435 quod
1566 5363 2109 5435 appellaturStilum.

527 5466 731 5520 Locum
762 5472 941 5518 autem
989 5460 1139 5515 illum
1184 5459 1448 5531 Rogerius
1473 5501 1488 5528 ,
1536 5473 1717 5513 comes
1759 5457 1977 5525 Siciliae,
2019 5474 2112 5530 pa-
2158 5488 2161 5489 ν

529 5564 686 5609 truus
717 5569 983 5618 meus,....
1018 5550 1124 5607 illis
1153 5551 1412 5607 donavit:
1445 5552 1511 5606 de
1550 5551 1813 5606 comitatu
1861 5549 2112 5622 enim‘ip-

529 5648 641 5701 sius
693 5661 791 5717 per
851 5662 1027 5701 meam
1069 5645 1477 5701 concessionem
1527 5652 1664 5699 erat.
1723 5663 1743 5697 ι
1799 5644 1933 5701 Cum
1982 5659 2111 5718 ergo

527 5740 765 5797 Sanctus
793 5749 975 5795 noster
1001 5739 1222 5811 ejusque
1248 5738 1400 5806 socii,
1438 5737 1517 5795 uti
1563 5738 1651 5794 hic
1694 5737 1960 5810 Rogerius
1998 5740 2106 5795 dux

1316 308 1370 362 s.
1422 272 1768 365 ununoxts
1801 306 2449 369 CARTHUSIANORUM
2478 290 2968 369 INSTITUTORIS

3638 315 3725 372 552

2137 432 2184 488 Α
2213 424 2473 490 declarat,
2508 425 2561 480 in
2610 424 2940 491 Calabriam,
2970 424 3164 495 partim
3192 424 3333 489 huic,
3360 432 3430 480 utt
3451 426 3572 482 infra
3597 430 3725 487 dore-

2212 515 2301 580 bo,
2342 516 2536 584 partim
2577 516 2760 570 comiti
2791 515 3023 585 Rogerio
3051 526 3176 571 tunc
3200 515 3476 581 subditam,
3498 521 3724 586 venerint,

2212 606 2410 674 ibique,
2449 622 2570 659 cum
2602 616 2729 661 ante
2767 606 3051 675 ipsiusmet
3086 607 3238 662 ducis
3277 607 3481 677 Rogerii
3524 610 3658 666 ductu
3684 615 3725 669 in

2214 696 2373 749 terris
2425 696 2551 749 huic
2615 696 2851 750 subditis
2901 698 3079 751 locutu
3133 698 3405 767 proposito
3447 713 3536 753 suo
3578 712 3726 770 aptum

2211 787 2610 855 quaesivissent,
2644 800 2743 841 nec
2768 788 3119 855 invenissent,
3148 788 3307 844 talem
3339 790 3535 844 tandem
3559 792 3605 845 in
3640 794 3725 849 Ro-

2212 877 2343 947 gerii
2376 878 2589 933 comitis
2625 879 2883 934 comitatu
2911 896 3007 935 seu
3037 881 3200 936 terris
3230 882 3351 936 huic
3393 882 3621 953 subjectis
3643 886 3730 941 elc-

2210 970 2409 1038 gerint,
2463 970 2866 1025 consectarium
2915 981 3000 1026 est
3045 981 3127 1038 ut,
3178 972 3393 1028 obtenta
3441 988 3468 1028 a
3517 973 3733 1033 Pontifice

2211 1060 2421 1114 curiam
2451 1060 2795 1130 relinquendi
2844 1078 3197 1135 eremumque
3239 1065 3445 1133 petendi
3485 1064 3733 1135 facultate,

2211 1169 2316 1207 non
2347 1161 2519 1219 recta,
2545 1162 2606 1207 ut
2630 1153 3035 1210 Blomeuvenna
3083 1156 3265 1211 verbis
3310 1156 3543 1226 proxime
3583 1160 3737 1215 recita-

2212 1247 2280 1299 tis
2309 1245 2487 1309 docet,
2515 1245 2568 1299 in
2597 1244 2946 1301 Turritanam
2977 1246 3242 1302 Calabrize
3278 1262 3508 1302 eremum
3547 1247 3737 1319 Rogerio

2212 1338 2395 1394 comiti
2430 1337 2751 1407 subjectum,
2795 1338 2888 1392 sed
2919 1338 2972 1392 in
3004 1346 3180 1393 terras
3224 1338 3344 1393 duci
3389 1337 3599 1408 Rogerio
3637 1340 3737 1394 sub-

2213 1431 2372 1497 ditas,
2398 1429 2576 1484 locum
2620 1429 2916 1485 eremiticm
2971 1431 3096 1485 vita:
3124 1439 3311 1503 aptum
3365 1430 3549 1487 ibidem
3581 1432 3739 1503 quaesi-

2213 1521 2344 1584 turi,
2374 1535 2493 1575 sese
2521 1519 2869 1575 contulerint.

2285 1611 2410 1665 542.
2455 1611 2566 1665 lmo
2604 1625 2735 1665 vero
2769 1627 2914 1677 cum,
2953 1610 3146 1679 utjam
3183 1611 3318 1677 dixi,
3366 1610 3480 1667 loco
3533 1611 3578 1666 in
3605 1611 3738 1678 hisce,

2213 1718 2370 1773 quem
2395 1702 2671 1772 proposito
2698 1717 2796 1757 suo
2825 1702 3078 1757 idoneum
3110 1703 3521 1770 arbitrarentur,
3566 1717 3659 1757 nou
3678 1704 3741 1756 in-

2214 1803 2397 1858 vento,
2436 1792 2599 1846 talent
2648 1793 2702 1847 in
2756 1792 2960 1857 terris,
3002 1793 3082 1847 uti
3128 1793 3433 1864 diplomatis
3482 1809 3509 1848 a
3556 1793 3743 1864 Rogerio

2215 1886 2350 1940 duce
2374 1884 2551 1939 collati
2598 1885 2847 1955 proxime
2884 1885 3112 1940 recitata
3147 1886 3311 1940 verba
3365 1885 3512 1940 fidem
3558 1885 3740 1952 faciunt,

2214 1977 2447 2048 Rogerio
2474 1977 2657 2032 comiti
2694 1977 2985 2047 subjectis,
3027 1977 3346 2046 quarsierint
3379 2017 3393 2041 ,
3420 1976 3744 2031 verosimiliter

2214 2069 2280 2123 ad
2310 2071 2449 2124 hunc
2473 2076 2598 2122 ante
2641 2068 2873 2123 Sanctus
2918 2066 3144 2137 ejusque
3196 2068 3372 2133 socii,
3410 2082 3509 2137 quo
3548 2067 3643 2122 voti
3679 2067 3742 2121 sui

2214 2171 2491 2231 compotes
2524 2159 2663 2226 fieri,
2696 2159 2983 2229 locumque
3016 2160 3084 2214 ab
3128 2159 3235 2213 hoc
3264 2159 3519 2229 principe,
3557 2158 3595 2212 si
3620 2172 3744 2227 quem

2214 2254 2496 2324 proposito
2517 2268 2616 2309 suo
2647 2263 2831 2323 aptum
2864 2252 2916 2305 in
2944 2251 3103 2305 terris
3146 2250 3268 2321 ejus
3320 2251 3621 2314 invenirent,
3666 2250 3743 2302 im-

2213 2354 2429 2417 petrare
2482 2352 2728 2414 possent,
2787 2358 2817 2397 a
2860 2342 2997 2397 duce
3048 2341 3283 2410 Rogerio
3318 2340 3507 2396 fuerint
3549 2339 3742 2395 adducti.

2214 2436 2367 2503 Quod
2397 2447 2454 2491 ut
2485 2437 2727 2502 credam,
2761 2435 2922 2491 etiam
2974 2433 3122 2496 facit,
3163 2448 3275 2503 quo
3306 2431 3558 2503 Rogerius
3600 2443 3744 2484 comes

2214 2529 2273 2583 S.
2306 2528 2544 2583 Brunoni
2577 2528 2799 2598 ejusque
2842 2526 3004 2581 sociis
3032 2524 3376 2581 Calabrinam
3405 2537 3624 2578 eremum
3646 2536 3744 2577 eon-

2213 2620 2397 2685 cessit,
2423 2617 2675 2690 diploma.
2710 2618 2765 2672 ln
2791 2618 2894 2673 hoc
2918 2617 3065 2671 enim
3086 2631 3275 2671 comes
3302 2623 3606 2685 sequentem
3630 2611 3743 2665 fatur

2214 2714 2267 2767 in
2321 2712 2541 2767 modum
2591 2728 2604 2765 :
2659 2728 2678 2762 ι
2736 2709 2934 2765 Notum
2996 2725 3117 2765 esse
3167 2706 3421 2763 volunius
3473 2704 3744 2760 fraternitati

2213 2813 2428 2871 vestrae,
2461 2819 2558 2874 per
2586 2804 2681 2859 Dei
2718 2803 3147 2859 misericordiam
3177 2818 3207 2855 a
3238 2800 3526 2857 Galliarum
3551 2797 3746 2869 partibus

2214 2894 2281 2947 ad
2309 2895 2584 2963 regionem
2613 2894 2772 2947 istam
2816 2892 3083 2948 Calabria:
3125 2902 3330 2947 sanetze
3391 2889 3657 2961 Religionis
3686 2887 3747 2939 vi-

2214 2998 2323 3046 ros,
2355 2984 2668 3038 Brunonem
2714 2982 2965 3037 videlicet
3010 2989 3067 3036 et
3107 2980 3414 3035 Lanvinum
3465 2993 3576 3033 cum
3621 2974 3747 3029 sociis

2217 3092 2403 3131 eorum
2428 3077 2763 3147 pervenisse,
2796 3076 2911 3147 qui,
2944 3083 3260 3145 contempta
3304 3070 3581 3127 mundialis
3607 3067 3748 3139 gloria

2142 3142 2187 3205 Ο
2219 3142 2476 3233 vanitate,
2505 3169 2605 3223 soli
2634 3168 2744 3223 Deo
2775 3142 3049 3238 elegerant
3078 3142 3335 3221 mil—itare.
3379 3165 3567 3220 Horum
3604 3162 3746 3228 itaque

2216 3258 2541 3316 desiderium
2573 3276 2673 3331 ego
2704 3275 3067 3331 cognoscens,
3109 3266 3165 3312 et
3210 3259 3448 3329 ipsorum
3491 3253 3674 3310 meritis
3707 3260 3748 3303 et

2214 3354 2467 3424 precibus
2494 3354 2635 3422 apud
2665 3354 2833 3407 Deum
2864 3351 3106 3423 adjuvari
3135 3351 3478 3412 desiderans,
3508 3347 3570 3402 ab
3599 3359 3746 3401 eorum

2215 3447 2482 3502 charitatc
2510 3446 2762 3515 precibus
2799 3444 2983 3499 multis
3004 3442 3243 3506 obtinui,
3298 3452 3354 3497 ut
3407 3442 3457 3495 in
3495 3449 3620 3493 terra
3659 3448 3747 3489 nica

2213 3538 2393 3594 locum
2422 3536 2523 3591 sibi
2558 3535 2792 3590 habilem
2821 3536 3102 3606 eligerent,
3135 3534 3187 3588 in
3210 3549 3323 3603 quo
3350 3533 3415 3587 ad
3458 3526 3747 3585 serviendum

2218 3633 2328 3687 Deo
2351 3629 2530 3700 qualia
2567 3628 2767 3683 vellent
2801 3627 3107 3683 habitacula
3136 3632 3527 3698 prmpararcnt;
3556 3642 3572 3674 ι
3597 3620 3750 3689 quibus

2216 3722 2396 3777 verbis
2426 3736 2548 3775 cum
2582 3734 2701 3775 sese
2731 3736 2915 3775 comes
2943 3718 3188 3775 effecisse
3245 3720 3471 3782 indicet,
3512 3724 3567 3770 ιιι
3609 3713 3750 3766 Brttno

2214 3811 2438 3881 ejusque
2476 3810 2609 3865 socii
2656 3811 2709 3864 itt
2752 3818 2894 3865 terra
2927 3826 3045 3878 sua,
3080 3825 3173 3864 seu
3203 3810 3257 3863 in
3311 3808 3589 3865 Turritana
3632 3799 3750 3857 Cala-

2217 3904 2346 3958 briae
2377 3917 2581 3967 eremo,
2607 3902 2686 3956 ttti
2711 3918 2777 3957 ex
2801 3902 3260 3973 consequentibus
3312 3898 3648 3968 intelligitur,
3690 3891 3750 3943 ιοσ

2216 4010 2337 4048 cum
2386 3994 2664 4064 proposito
2721 4009 2819 4048 suo
2866 4003 3073 4065 aptum,
3114 3994 3168 4047 in
3199 4009 3310 4063 quo
3375 3991 3546 4064 qualia
3593 3985 3751 4040 vellent

2217 4085 2527 4141 habitacula
2589 4095 2993 4152 construerent,
3048 4085 3339 4156 elegerint,
3405 4078 3750 4139 consectarium

2216 4189 2405 4247 estut,
2448 4188 2739 4250 antequam
2788 4179 2843 4235 id
2864 4179 3125 4245 facerent,
3167 4194 3293 4233 cum
3327 4177 3519 4233 comite
3564 4168 3751 4242 Βοςθτίο

2216 4276 2282 4329 de
2317 4290 2374 4329 re
2397 4273 2629 4344 egerint,
2662 4272 2728 4326 ad
2753 4286 2874 4327 eum
2909 4271 3045 4325 adeo
3071 4286 3098 4322 a
3128 4269 3266 4324 duce
3297 4268 3545 4337 Rogerio,
3586 4262 3753 4333 quieos

2217 4367 2381 4423 ductu
2423 4381 2521 4421 suo
2550 4365 2603 4418 in
2633 4363 2925 4435 qumrendo
2951 4363 3002 4416 in
3038 4362 3199 4416 terris
3227 4362 3346 4415 suis
3390 4360 3506 4415 loco
3533 4365 3668 4410 antea
3702 4364 3750 4401 ex

2218 4457 2377 4513 dictis
2423 4456 2679 4527 juverat,
2736 4452 3117 4508 verosimiliter
3166 4451 3406 4506 adducti.
3459 4450 3623 4518 Atque
3658 4442 3753 4496 hinc

2219 4563 2380 4619 porro
2420 4546 2535 4616 jam
2568 4544 2921 4614 consequitur
2954 4552 3032 4607 ut,
3063 4541 3234 4596 electa
3286 4542 3398 4611 jam
3445 4540 3540 4593 sibi
3568 4538 3616 4591 iu
3644 4544 3751 4603 pra:-

2220 4641 2361 4695 dicta
2407 4654 2595 4694 eremo
2645 4637 2809 4701 sede,
2865 4632 3298 4702 habitaeulisque
3339 4631 3754 4702 qualibuscunquc

2222 4731 2567 4796 constructis,
2594 4746 2623 4783 a
2675 4728 2911 4798 Rogerio
2936 4726 3160 4788 comite,
3202 4725 3281 4779 rei
3318 4725 3475 4795 hujus
3505 4764 3520 4788 ,
3574 4727 3627 4773 ut
3659 4713 3754 4768 Blo—

2222 4838 2518 4879 meuvenna
2557 4837 2720 4892 supra
2749 4818 2991 4874 recitatis
3018 4816 3200 4872 verbis
3225 4815 3424 4886 aliique
3460 4810 3640 4868 laudati
3662 4806 3753 4861 bio-

2223 4915 2413 4986 graphi
2443 4913 2707 4976 indicant,
2738 4911 2898 4981 plane
2929 4909 3101 4966 inscio
3129 4950 3144 4976 ,
3177 4908 3320 4962 inter
3362 4904 3649 4961 venandum
3693 4896 3755 4950 in-

2218 5006 2364 5061 venti
2392 5022 2497 5061 nou
2531 5004 2752 5060 fuerint.

2290 5098 2411 5153 543.
2456 5095 3017 5167 Quare,utRogerius
3057 5109 3237 5150 comes
3284 5088 3519 5147 Brunoni
3571 5084 3756 5154 ejqulue

2217 5182 2509 5245 sociisloci
2542 5189 2594 5242 in
2636 5189 2841 5243 ditione
2891 5203 3025 5251 sua,
3048 5186 3139 5256 qui
3174 5185 3464 5240 eremiticze
3494 5179 3608 5233 vita:
3631 5177 3755 5238 ap‘“s

2214 5279 2376 5346 foret,
2419 5280 2692 5352 optionem
2725 5279 2932 5342 fecerit,
2965 5278 3259 5348 contigisse
3306 5285 3439 5345 puto
3493 5284 3591 5325 non
3630 5273 3757 5318 θεων

2216 5372 2369 5429 sione
2399 5371 2720 5439 venationis,
2757 5370 2809 5425 in
2840 5384 2942 5440 qua
2984 5384 3078 5424 eos
3123 5369 3177 5422 in
3230 5380 3392 5438 specu
3424 5360 3621 5418 abditos
3661 5362 3757 5405 ora'

2217 5461 2457 5532 tionique
2496 5461 2730 5517 intentos
2771 5459 3053 5529 repererit,
3086 5456 3181 5513 sed
3220 5457 3354 5512 duce
3381 5448 3599 5523 Rogerio
3624 5444 3757 5532 inter-

2215 5555 2509 5619 veniente,
2569 5568 2599 5609 e
2657 5568 2764 5624 quo
2808 5567 2931 5609 cum
2995 5552 3061 5606 de
3116 5546 3480 5605 austerissima
3534 5528 3757 5624 Βηιηρηίθ

2215 5647 2441 5719 ejusque
2503 5646 2772 5702 sociorum
2825 5645 2937 5699 vita
2967 5687 2980 5711 ,
3046 5639 3507 5705 sanctissimisque
3554 5622 3758 5685 maribus

2216 5737 2471 5795 nonnulla
2502 5736 2873 5803 iuaudivisset,
2913 5735 3061 5790 viros
3083 5727 3412 5803 hujusmodi,
3451 5726 3622 5793 utpolc
3646 5722 3759 5781 ειυο·

2141 1779 2186 1838 Β
