3846 6316
38 5198 43 5287 i

38 5292 41 5367 l

38 5378 45 5437 π

195 299 278 354 533
406 308 413 315 ο
1666 298 1870 358 ACTA.

3290 321 3392 374 δδι

195 428 286 469 rant
308 411 538 482 precibus
562 425 624 466 ac
651 411 856 467 meritis
884 410 1143 467 auxilium
1175 412 1274 467 sibi
1302 428 1330 468 a
1365 413 1609 479 Domino,
1633 416 1711 469 uti
1741 423 1787 478 Α
1819 423 2083 471 nocturno
2115 419 2395 487 revelatis;
2425 421 2528 477 alia
2559 425 2702 479 enim
2726 426 2883 495 hujus
2915 437 2969 482 et
2996 428 3097 485 alia
3133 431 3283 487 istius
3315 445 3399 490 est

192 504 375 572 ipsemet
405 502 639 571 proxime
670 502 910 558 recitatis
937 503 1241 574 diplomatis
1293 506 1374 558 sui
1432 507 1610 561 verbis
1642 507 1719 560 in-

189 598 319 659 dicat,
358 593 656 649 adfuturum
687 602 974 665 speraret,
1033 596 1085 649 in
1134 596 1339 651 ditione
1392 613 1486 652 sua
1533 599 1715 654 sedem

188 686 318 755 ﬁgei'e
340 687 672 752 desiderarit,
703 696 863 756 atque
887 687 953 741 ad
983 702 1106 742 sese
1140 687 1431 754 adductos,
1465 698 1523 743 ut
1558 690 1609 743 in
1652 704 1715 743 ea

184 791 310 845 quem
331 775 517 830 vellent
548 777 719 831 locum
763 777 865 833 sibi
894 776 1191 849 eligerent,
1238 779 1463 850 rogarit.
1496 780 1561 833 Et
1586 796 1715 837 vero

183 867 293 934 quod
317 867 373 920 de
396 866 450 920 5.
478 866 726 921 Brunone
754 867 978 937 ejusque
1002 868 1182 931 sociis,
1230 883 1366 937 quos
1390 908 1405 933 ,
1444 878 1571 924 ante
1612 872 1715 926 sibi

184 971 409 1024 nunquam
453 957 596 1011 visos
640 957 964 1027 penitusque
1018 956 1266 1028 ignotos,
1324 958 1466 1012 inter
1513 974 1717 1016 venan-

182 1046 279 1098 dum
303 1061 468 1099 comes
501 1047 763 1117 Rogerius
819 1048 872 1101 in
920 1062 1081 1116 specu
1136 1048 1302 1102 Deum
1357 1048 1715 1105 intentissime

182 1145 360 1189 orantes
405 1136 709 1203 invenerit,
766 1136 1122 1207 plurimisque
1176 1138 1381 1193 idcirco
1437 1137 1716 1194 beneﬁciis

180 1229 370 1290 auxerit,
395 1243 422 1280 a
446 1228 677 1284 laudatis
705 1227 889 1284 Sancti
914 1230 1084 1283 nostri
1104 1229 1414 1299 biographis
1439 1232 1714 1288 memoria:

177 1319 394 1385 proJitnr,
424 1321 566 1375 haud
594 1330 678 1375 sat
699 1329 844 1390 apte,
875 1321 1326 1389 quemadmodum
1359 1322 1518 1375 modo
1542 1324 1715 1379 abun-

177 1406 474 1472 deindicavi,
527 1424 652 1463 cum
693 1409 903 1464 duobus
949 1408 1061 1476 jam
1118 1409 1300 1464 citatis
1332 1410 1714 1478 diplomatibus

175 1498 478 1561 concordare,
517 1507 647 1551 ante
684 1512 771 1550 me
810 1496 863 1550 in
910 1495 1129 1565 Neapoli
1159 1512 1314 1552 sacra
1358 1498 1499 1567 apud
1528 1499 1717 1553 Suria-

175 1603 271 1639 num
304 1589 719 1643 Annotalionttm
770 1590 821 1643 in
874 1597 1184 1644 contextam
1234 1605 1265 1642 a
1317 1588 1479 1645 Surio
1528 1589 1710 1645 Sancti

176 1680 496 1734 neistril’itam
548 1697 674 1751 pag.
718 1680 817 1736 l8!)
866 1696 896 1734 a
942 1681 1157 1737 Caesare
1206 1682 1272 1737 de
1321 1683 1560 1754 Eugenio
1599 1686 1711 1755 jam

1822 507 2081 562 conditio.
2112 509 2169 563 ln
2195 510 2297 567 ἱειο
2326 513 2490 568 donat
2538 515 2735 583 locum,
2778 518 2847 572 ab
2873 519 3148 577 hominum
3184 526 3397 584 cultura

1821 595 2114 662 desertum,
2146 609 2198 653 et
2224 610 2437 670 poterat
2485 603 2740 674 legitime,
2766 608 2912 664 nulla
2939 611 3101 666 etiam
3138 613 3267 669 data
3311 633 3399 672 ra-

1819 684 1964 740 tione
1990 702 2004 752 ;
2047 687 2101 741 in
2142 689 2232 744 illo
2259 707 2387 747 vero
2414 693 2682 763 Capuanae
2705 700 3024 765 proditionis
3055 718 3178 759 reos
3219 708 3396 776 capite

1818 776 2101 834 damnatos
2130 784 2295 837 tradit
2339 783 2397 839 S.
2453 785 2690 841 Brunoni
2733 789 2786 843 in
2820 802 3133 862 perpetuam
3165 800 3398 853 servitu-

1821 876 1947 935 tem;
1982 870 2282 938 cujusmodi
2312 878 2726 948 mancipationis
2747 897 2910 938 causa
2933 886 3228 942 secundum
3250 889 3396 959 leges

1816 956 2097 1016 formanda
2126 973 2266 1019 erat.
2312 985 2332 1018 ι

1888 1049 2009 1104 545.
2052 1052 2322 1110 Hactenus
2361 1057 2470 1124 ille,
2509 1064 2837 1121 contendens
2882 1068 3091 1125 scilicet
3122 1086 3228 1127 non
3263 1074 3395 1129 fuis-

1817 1153 1874 1191 se
1906 1154 2023 1204 cnr,
2053 1144 2152 1196 etsi
2194 1142 2428 1201 Sanctus
2471 1163 2598 1204 vere
2640 1169 2670 1206 a
2714 1154 2946 1226 Rogerio
2987 1174 3082 1214 seu
3118 1162 3254 1217 duce
3298 1180 3392 1219 seu

1815 1233 2034 1299 comite,
2062 1238 2349 1293 venatione
2385 1241 2622 1297 animum
2663 1248 2942 1304 relaxante
2970 1293 2985 1317 ,
3037 1252 3090 1306 in
3138 1254 3393 1323 spelunca

1818 1336 1920 1375 tina
1952 1340 2074 1380 cum
2100 1329 2260 1383 sociis
2284 1330 2450 1385 Deum
2474 1349 2637 1390 orans
2662 1337 2913 1394 inventus
2934 1352 3097 1411 esset,
3133 1346 3209 1400 rei
3236 1348 3392 1417 hujus

1817 1410 1868 1463 in
1901 1419 2330 1481 prmmemoratis
2378 1422 2759 1490 diplomatibus
2815 1431 3017 1486 mentio
3071 1410 3243 1501 lieret,
3298 1437 3395 1488 fal-

1814 1514 2037 1570 samque
2061 1505 2287 1573 proinde
2311 1508 2455 1564 illam
2486 1526 2548 1564 ex
2579 1512 2771 1567 horum
2824 1516 3037 1573 silentio
3078 1524 3229 1590 argui
3283 1541 3391 1579 non

1814 1607 1990 1660 posse.
2022 1595 2217 1650 Verum
2249 1598 2320 1653 sit
2349 1601 2448 1666 ita;
2502 1602 2665 1658 fuisse
2694 1606 2944 1675 equidem
2986 1608 3267 1677 Sanctum,
3312 1618 3390 1670 uti

1816 1686 2174 1745 verosimilius
2229 1706 2348 1747 esse
2375 1703 2667 1763 autumat,
2722 1714 2750 1752 a
2800 1700 3034 1771 Rogerio
3080 1704 3217 1761 duce
3252 1707 3392 1761 inter

174 1769 463 1824 observatum
492 1771 732 1825 invenio.
762 1769 871 1826 Nec
895 1772 1327 1826 observationem
1359 1773 1499 1828 hanc
1526 1790 1555 1829 a
1586 1792 1713 1832 vero
1748 1778 1786 1836 Β
1819 1776 2120 1831 venandum
2151 1779 2455 1852 inventum,
2490 1786 2636 1841 nullo
2657 1791 2878 1845 omnino
2905 1802 3083 1862 potest
3109 1798 3391 1868 scriptoris

173 1858 356 1913 alienam
385 1860 734 1929 pronuntiare
765 1862 880 1915 ausi
904 1871 1029 1916 sunt
1048 1861 1345 1917 Carthusite
1372 1864 1710 1923 Coloniensis

174 1948 375 2002 alumnus
401 1948 742 2004 Morkensius
774 1950 827 2003 in
858 1965 955 2005 sua
983 1950 1710 2023 chronologico-diplomati-

172 2039 293 2090 cade
315 2038 364 2092 5.
407 2039 661 2094 Brunone
700 2040 937 2095 Diatriba
968 2050 1022 2095 et
1071 2041 1356 2097 Zanottius
1396 2044 1446 2097 in
1479 2044 1709 2100 adorna-

171 2138 208 2182 ta
232 2146 255 2183 a
278 2145 324 2184 se
349 2130 883 2202 Bononiensibusque
926 2134 978 2187 in
1028 2134 1177 2188 Italia
1226 2134 1594 2194 Carthusianis
1622 2140 1704 2193 in-

170 2223 324 2292 scripta
351 2222 528 2278 Sancti
568 2225 809 2296 ejusdem
847 2226 966 2281 Vita
1018 2243 1109 2281 seu
1154 2227 1420 2297 Historia;
1468 2246 1595 2287 vere
1628 2243 1707 2287 ta-

170 2323 261 2363 men
305 2310 552 2368 Sanctum
622 2324 868 2370 nostrum
904 2316 1125 2386 ejusque
1155 2319 1333 2375 socios
1384 2337 1414 2373 a
1468 2322 1706 2393 principe

170 2398 369 2469 Rogerio,
402 2405 679 2459 venationi
707 2421 925 2476 operam
965 2409 1150 2472 dante,
1184 2410 1238 2463 in
1272 2426 1433 2480 specu
1484 2424 1704 2469 orantes

169 2489 293 2546 fuisse
341 2494 584 2551 inventos
617 2537 631 2562 ,
684 2498 937 2567 hincque,
993 2508 1051 2552 ut
1080 2500 1167 2554 hic
1207 2500 1259 2554 in
1305 2501 1425 2556 illos
1474 2502 1702 2572 plurima

169 2585 376 2640 beiielicia
413 2590 725 2655 contulerit,
762 2590 962 2645 factum
994 2606 1136 2657 esse,
1189 2603 1458 2649 conantur
1513 2605 1700 2652 osten-

167 2673 277 2739 dere,
300 2677 445 2746 idque
473 2679 579 2733 viis
605 2680 813 2736 duabus
846 2682 1098 2737 diversis.
1215 2690 1219 2694 ’

215 2766 317 2821 544.
352 2773 425 2825 Ae
452 2772 606 2840 prior
630 2773 867 2842 quidem,
903 2773 1161 2830 Sanctum
1189 2793 1293 2832 non
1318 2794 1347 2833 a
1376 2780 1572 2835 comite
1593 2780 1701 2837 Ro-

166 2859 280 2925 gerio
300 2861 345 2914 in
369 2862 660 2918 Turritana
679 2881 772 2920 seu
813 2865 1173 2936 Squillacensi
1205 2870 1469 2927 Calabriae
1492 2889 1694 2942 eremo,

166 2955 233 3007 sed
251 2968 273 3004 a
296 2954 419 3010 duce
451 2956 688 3027 Rogerio
714 2957 765 3011 in
792 2958 1026 3027 quodam
1051 2959 1269 3017 ditionis
1289 2978 1399 3017 suae
1424 2974 1577 3019 antro
1604 2980 1699 3021 seu

1810 1864 1926 1920 sive
1974 1871 2292 1927 recentioris
2331 1875 2445 1930 sive
2479 1878 2802 1947 antiquioris
2844 1884 3151 1941 testimonio
3197 1891 3392 1945 contir-

1810 1959 1967 2025 mari;
1995 1967 2053 2014 ut
2080 1963 2304 2030 proinde
2331 1981 2362 2020 a
2387 1966 2692 2025 Morkensio
2736 1972 2786 2025 id
2838 1976 3059 2031 omnino
3114 1981 3283 2049 gratis
3314 1983 3390 2035 vi-

1809 2047 1999 2101 deatur
2044 2050 2355 2117 conﬁctum,
2401 2055 2528 2112 licet
2574 2059 2792 2114 interim
2833 2073 3025 2119 contra
3072 2047 3211 2124 hanc
3243 2068 3389 2125 illius

1806 2146 2140 2214 Opinionem,
2179 2148 2254 2201 uti
2309 2158 2499 2204 contra
2564 2151 2979 2212 Blomcnvennze
3049 2159 3388 2233 aliorumque

1804 2237 2221 2307 biographorum
2250 2249 2584 2307 nostrorum,
2606 2246 2695 2312 qui
2722 2244 2981 2302 Sanctum
3015 2250 3069 2304 in
3094 2250 3384 2309 Turritana

1806 2324 2068 2382 Calabria:
2114 2345 2298 2383 eremo
2326 2346 2354 2384 a
2381 2334 2578 2387 comite
2613 2334 2844 2406 Rogerio
2868 2379 2882 2403 ,
2932 2343 3131 2397 morari
3178 2344 3231 2399 in
3285 2347 3387 2402 hac

1805 2416 1951 2470 illum
1982 2418 2291 2489 ignorante,
2326 2420 2494 2478 luisse
2530 2425 2808 2482 inventum
2860 2440 3107 2488 statuunt
3135 2476 3149 2500 ,
3178 2437 3386 2506 opinio-

1804 2521 1927 2562 nem
1963 2508 2077 2564 licri
2110 2521 2303 2580 potest,
2335 2514 2537 2569 nullum
2562 2519 2784 2574 omnino
2836 2536 2903 2576 ex
2947 2522 3058 2590 jam
3101 2541 3243 2597 saepe
3269 2528 3385 2583 lau-

1804 2598 1945 2653 datis
1994 2600 2377 2670 diplomatibus
2421 2618 2802 2676 argumentum
2876 2614 3169 2681 positivum
3222 2631 3386 2688 queat

1803 2690 2048 2760 formari,
2086 2695 2325 2766 nihilque
2360 2699 2523 2753 etiam
2547 2700 2763 2757 aliunde
2793 2705 2995 2773 obstet,
3053 2724 3160 2778 quo
3207 2713 3383 2767 minus

1803 2797 1834 2835 a
1865 2783 2001 2838 duce
2031 2783 2264 2855 Roget-io
2320 2786 2373 2842 in
2424 2790 2653 2859 quadam
2699 2792 2918 2850 ditionis
2964 2812 3075 2853 suae
3129 2801 3382 2869 spelunca

1804 2872 2053 2928 inventus
2085 2874 2249 2930 fuisse
2281 2878 2428 2933 credi
2466 2891 2630 2950 queat
2661 2883 2893 2941 Sanctus
2923 2898 3124 2956 noster,
3177 2908 3336 2962 quem
3367 2936 3380 2959 ,

1800 2963 2113 3035 priuSquam
2148 2966 2365 3037 Rogerii
2416 2974 2630 3028 comitis
2673 2983 2845 3031 terras
2889 2980 3086 3047 adiret,
3137 2982 3190 3036 in
3221 2987 3383 3040 terris

166 3045 367 3110 spelunca
400 3062 520 3101 eum
579 3048 823 3102 Lanvino
849 3049 1098 3120 aliisque,
1139 3066 1272 3122 quos
1318 3054 1419 3108 sibi
1464 3055 1697 3112 habebat
1780 3054 1953 3113 ducis
2000 3055 2217 3126 Rogel‘ii
2262 3060 2579 3126 eXSliliSSc.
2636 3065 2858 3121 recitata
2900 3085 3061 3136 supra
3105 3088 3171 3128 ex
3222 3073 3381 3143 huius

165 3138 413 3207 adjunétos,
443 3140 610 3194 sociis
641 3141 915 3196 inventum
958 3142 1155 3212 fuisse,
1191 3148 1421 3213 astruit;
1449 3165 1571 3203 cum
1604 3166 1698 3203 au-
1727 3138 1770 3199 C
1803 3143 2095 3213 diplomate
2135 3148 2297 3203 verba
2350 3150 2507 3204 ﬁdem
2538 3151 2763 3207 faciunt.
2794 3157 2863 3209 At
2912 3174 3041 3214 vero
3090 3161 3377 3230 Surianus,

166 3238 244 3280 tetu
267 3246 372 3285 sese
399 3232 523 3285 huic
575 3232 758 3300 potius
792 3233 1040 3307 gopinioni
1068 3276 1083 3301 ,
1136 3250 1299 3304 quam
1347 3238 1541 3305 alteri,
1579 3255 1698 3309 quae

167 3317 395 3388 Sanctum,
434 3340 540 3378 non
574 3340 604 3376 a
632 3324 862 3395 Rogerio
908 3325 1078 3393 duce,
1111 3330 1205 3383 sed
1231 3331 1429 3385 comite
1454 3369 1469 3396 ,
1516 3332 1698 3387 inven-

167 3418 249 3463 tum
270 3414 465 3480 statuit,
491 3415 563 3469 ob
618 3431 780 3484 supra
838 3417 1064 3471 recitata
1113 3421 1356 3475 concessi
1406 3437 1435 3475 a
1469 3421 1699 3493 Rogcrio

165 3502 267 3557 duce
307 3505 609 3576 diplomatis
649 3510 811 3563 verba
869 3510 1145 3567 adhaerere
1172 3513 1386 3580 edixit,
1436 3518 1697 3573 rationem

164 3594 289 3648 etiam
330 3599 393 3651 ob
446 3615 613 3669 quam
656 3598 819 3654 fuisse
868 3602 1116 3671 equidem
1174 3606 1347 3674 reipsa
1392 3607 1648 3664 Sanctum
1678 3653 1694 3678 ,

164 3689 344 3744 orationi
380 3692 428 3745 in
458 3707 624 3761 specu
650 3703 929 3747 vacantem
958 3737 971 3760 ,
1020 3694 1087 3749 ab
1127 3696 1387 3752 alterutro
1421 3698 1649 3770 Rogerio
1677 3742 1693 3769 ,

165 3778 449 3834 venationem
483 3792 774 3836 exercente
805 3823 818 3848 ,
853 3782 1126 3838 inventum
1158 3787 1475 3855 existimet,
1509 3790 1696 3848 lectori

165 3868 313 3935 reddit,
340 3872 400 3927 de
423 3874 672 3937 historia,
710 3890 829 3944 quae
872 3877 924 3931 id
963 3876 1168 3932 factum
1218 3882 1399 3950 prodit
1426 3899 1695 3955 ,sequen-

166 3967 243 4012 tem
267 3965 488 4021 St'l'lellS
537 3967 595 4020 in
628 3967 840 4022 modum
884 3986 895 4021 :
937 3987 955 4021 ι
989 3969 1111 4025 llaec
1136 3987 1235 4041 pro
1264 3975 1492 4031 veritate
1530 3978 1698 4035 histo-

166 4051 248 4120 riae,
274 4071 417 4124 quam
439 4073 505 4113 ex
534 4059 828 4115 traditione
880 4060 1142 4130 majorum
1194 4080 1429 4135 agnosco
1481 4070 1697 4127 verissi—

166 4156 365 4204 mam,et
402 4160 741 4218 agnoverunt
794 4154 1115 4222 compilator
1172 4156 1440 4214 Fasciculi
1489 4170 1695 4234 tempo—

166 4242 269 4295 nim,
298 4233 553 4292 llenricus
606 4238 973 4296 Kalkariensis
1016 4243 1091 4297 De
1143 4254 1263 4299 ortu
1307 4257 1361 4301 et
1406 4233 1694 4321 progressu

166 4318 335 4380 Ordinis
357 4327 778 4400 Carthusiensis,
802 4333 1071 4389 Puteanus
1090 4338 1322 4406 scriptor
1338 4339 1491 4403 Vita},
1510 4318 1698 4417 ἔοι-ἱρ-

167 4422 370 4491 torosque
404 4426 688 4481 domestici
736 4442 943 4482 omnes.
1004 4448 1023 4481 ι
1073 4429 1149 4484 Ne
1188 4432 1310 4500 quis
1347 4448 1474 4487 vero
1504 4448 1693 4496 contra

1804 3233 1893 3301 qui
1920 3248 2019 3300 pro
2054 3236 2327 3304 Opinione,
2358 3237 2614 3295 Sanctum
2660 3253 2904 3300 nostrum
2935 3262 2964 3302 a
2986 3253 3184 3307 comite
3208 3254 3382 3325 Roge-

1803 3321 1904 3388 rio,
1932 3323 2016 3377 cui
2042 3340 2266 3394 prorsus
2292 3329 2469 3384 adhuc
2496 3330 2707 3401 ignotus
2731 3346 2870 3403 erat,
2899 3338 3114 3395 deserto
3137 3342 3189 3395 in
3213 3359 3378 3412 specu

1802 3411 1977 3469 fuisse
2026 3426 2323 3485 repertum,
2361 3428 2662 3488 astruente,
2713 3440 2806 3479 seu
2858 3429 3039 3496 potius
3081 3446 3177 3500 pro
3220 3411 3381 3490 Snrio

1802 3504 1948 3560 illam
1982 3509 2226 3564 tradente
2261 3520 2410 3578 stat,
2448 3513 2501 3567 in
2538 3514 2650 3570 suis
2677 3516 2731 3570 in
2764 3517 2906 3574 hunc
2930 3521 3391 3582 Annotationibus-

1799 3612 1925 3669 pag.
1958 3599 2080 3666 192,
2106 3610 2293 3657 contra
2326 3602 2595 3659 Caesarem
2628 3608 2691 3661 de
2720 3608 2983 3679 Eugenio,
3033 3615 3145 3683 qui,
3184 3627 3240 3670 ut
3271 3616 3381 3687 jam

1801 3689 2027 3757 dictum,
2079 3693 2365 3749 historiam
2422 3695 2565 3751 illam
2618 3716 2737 3753 eum
2790 3701 3176 3771 diplomatibus
3217 3723 3376 3778 supra

1802 3784 1981 3839 citatis
2004 3786 2146 3841 haud
2185 3797 2268 3843 sat
2306 3800 2429 3859 apte
2454 3793 2705 3862 componi
2738 3795 2791 3848 in
2844 3813 2939 3851 sua
2978 3797 3199 3869 Neapoli
3225 3818 3379 3857 Sacra

1801 3874 2137 3945 observarat,
2169 3879 2404 3949 diploma
2456 3897 2552 3936 seu
2579 3884 2942 3956 privilegium,
2978 3889 3116 3944 infra
3148 3895 3382 3947 recitan-

1802 3963 1967 4031 dum,
2032 3968 2176 4036 quod
2225 3983 2256 4022 a
2313 3968 2640 4037 Mesimerio,
2700 3974 3063 4043 Squillacensi
3106 3981 3378 4052 episcopo,

1799 4052 1980 4109 Bruno
2010 4058 2234 4127 accepit,
2280 4059 2330 4113 in
2356 4062 2663 4128 praesidium
2686 4065 2931 4120 advocat.

1871 4144 1996 4199 546.
2037 4146 2114 4201 Ita
2138 4149 2283 4202 enim
2319 4152 2515 4206 ibidem
2546 4154 2736 4208 scribit
2769 4172 2780 4208 :
2811 4176 2831 4208 ‹
2860 4159 2953 4212 Ait
2976 4160 3231 4229 praefatus
3258 4162 3380 4219 Cte-

1800 4249 1893 4289 sar
1934 4239 2257 4307 exquisitam
2311 4257 2369 4297 se
2415 4244 2748 4313 diligentiam
2780 4248 2835 4301 in
2888 4249 2991 4305 hac
3023 4253 3251 4309 veritate
3287 4256 3376 4326 (de
3412 4286 3415 4287 ν

1799 4325 2059 4383 Brunone
2075 4330 2284 4386 scilicet
2309 4348 2339 4386 a
2374 4333 2604 4405 Rogerio
2631 4340 2829 4392 comite
2854 4380 2868 4405 ,
2904 4341 2989 4393 cui
3029 4342 3203 4397 adhuc
3226 4347 3379 4413 peni-

1803 4426 1887 4472 tus
1937 4418 2151 4489 ignotus
2203 4432 2345 4489 erat,
2393 4425 2447 4478 in
2502 4428 2699 4480 deserti
2752 4444 2844 4482 seu
2879 4432 3045 4497 eremi
3078 4433 3380 4492 Calabriam:

166 4504 293 4576 illam,
319 4517 390 4570 uti
420 4518 514 4585 ait,
552 4520 891 4574 traditionem
921 4521 1086 4576 etiam
1126 4533 1320 4593 arguat
1345 4539 1409 4578 ex
1445 4540 1510 4581 ρο
1551 4532 1692 4595 quod
1728 4507 1772 4564 Ι)
1801 4506 2020 4563 latebris
2075 4514 2336 4583 repertu,)
2385 4516 2806 4585 pervestiganda
2853 4520 3165 4579 adhibuisse
3204 4542 3217 4577 :
3272 4543 3377 4583 non

168 4591 328 4666 Sancti,
366 4606 416 4660 in
444 4609 712 4677 speluncis
742 4627 771 4664 a
805 4610 1037 4681 Rogerio
1064 4613 1177 4667 sive
1202 4614 1339 4669 duce
1381 4617 1495 4671 sive
1525 4611 1694 4673 comi;

168 4691 220 4751 ιε,
262 4697 581 4751 venationem
612 4709 921 4765 exercente,
953 4700 1179 4767 inventi,
1213 4705 1414 4759 mentio
1466 4723 1572 4761 non
1604 4724 1695 4762 oc-

168 4785 308 4834 currat
328 4783 375 4836 in
398 4786 678 4856 utriusque
722 4788 879 4856 hujus
901 4789 1165 4857 principis
1195 4790 1580 4859 diplomatibus
1602 4811 1693 4850 su-

168 4876 237 4928 Ρη
274 4872 453 4939 citatis,
512 4893 631 4931 mox
677 4880 854 4933 verbis
909 4879 1152 4949 proxime
1192 4881 1296 4936 huc
1350 4886 1692 4955 transcriptis

170 4966 397 5027 sequentia
429 4968 543 5022 hate
571 4971 846 5042 subjungit
888 4990 899 5025 :
945 4991 963 5023 (
1007 4972 1118 5028 Nec
1143 4985 1224 5029 est
1253 4992 1350 5030 cur
1375 4980 1497 5047 quis
1535 4980 1693 5034 ltzcsi-

172 5054 226 5100 tet
270 5052 524 5113 dubitetve
571 5062 636 5115 de
686 5065 912 5119 veritate
964 5066 1039 5120 rei
1101 5082 1169 5121 ex
1222 5084 1286 5123 co
1334 5073 1474 5140 quod
1524 5088 1695 5141 neque

172 5139 264 5203 dux,
293 5160 449 5215 neque
478 5168 679 5219 comes,
731 5157 889 5210 ambo
939 5157 1175 5228 Roget-ii,
1212 5161 1315 5217 iste
1360 5139 1421 5217 in
1470 5139 1695 5234 prrefato

172 5230 427 5303 diplomate,
461 5244 547 5298 hic
596 5245 647 5299 in
680 5247 791 5301 suis
840 5249 1045 5305 chartis
1096 5250 1302 5321 (plures
1349 5230 1493 5308 enim
1555 5255 1694 5310 infra

173 5324 444 5398 recitandas,
468 5350 624 5404 quam
645 5336 751 5405 jam
774 5354 933 5408 supra
961 5339 1079 5409 plus
1105 5342 1269 5396 semel
1298 5356 1647 5400 memoratam
1677 5385 1692 5410 ,

175 5408 213 5462 in
234 5414 279 5467 S.
311 5418 567 5480 Brunonis
593 5428 812 5498 ejusque
835 5430 1102 5485 sociorum
1146 5431 1383 5487 favorem
1415 5435 1579 5508 dedit)
1611 5436 1689 5489 ul-

176 5498 251 5555 lam
280 5508 337 5563 de
361 5528 417 5566 ea
447 5514 638 5581 faciant
682 5521 1031 5587 mentionem,
1064 5523 1154 5591 qui
1182 5532 1357 5577 tamen
1386 5537 1689 5595 postremus

180 5592 401 5686 ipaltera
456 5624 550 5662 sua
604 5613 790 5667 charta
858 5613 1015 5685 longe
1084 5624 1207 5686 post
1264 5592 1397 5671 data-
1448 5619 1692 5672 meminit

181 5679 391 5755 (laruans:
436 5702 789 5771 proditionis,
842 5704 943 5761 sibi
975 5721 1004 5760 a
1038 5704 1098 5763 s.
1159 5707 1407 5764 Brunone
1462 5710 1515 5763 in
1576 5709 1690 5765 visu

1801 4601 2130 4668 negaverim.
2174 4603 2280 4658 Sed
2340 4606 2690 4663 nihilominus
2737 4627 2843 4666 non
2891 4612 3091 4669 vidisse
3140 4616 3373 4687 diploma

1799 4692 1881 4746 vel
1936 4702 2082 4747 certe
2125 4694 2315 4749 leviter
2368 4699 2691 4768 expendisse
2745 4701 3082 4769 Mesitncrii,
3138 4709 3389 4777 episcopi

1798 4784 2203 4854 Squillacensis,
2239 4789 2401 4844 multa
2434 4794 2785 4860 persuadent.
2845 4794 2902 4851 Si
2943 4799 3090 4852 enim
3123 4800 3377 4857 librasset

1798 4877 1949 4943 illud,
1980 4880 2121 4946 quod
2151 4880 2221 4933 ibi
2247 4881 2397 4947 dicit,
2433 4883 2492 4937 5.
2525 4884 2832 4943 Brunonem
2885 4890 2937 4943 itt
2970 4891 3197 4948 desertis
3225 4895 3375 4953 Cala.

1798 4970 1929 5026 brite
1965 4971 2098 5028 locis
2135 4990 2231 5043 per
2276 4985 2486 5046 tempus
2518 4979 2650 5033 satis
2681 4979 2893 5051 longum
2922 4982 3155 5054 degisse,
3198 4988 3377 5056 prius—

1799 5081 1962 5137 quam
2007 5068 2073 5121 ad
2108 5070 2535 5138 Squillacensem
2584 5075 2836 5129 transiret
2882 5090 3142 5139 eremum,
3188 5081 3373 5151 utique

1798 5175 1904 5214 non
1935 5159 1988 5213 in
2019 5159 2141 5216 lixis
2188 5164 2461 5230 tentoriis,
2520 5165 2615 5220 sed
2658 5166 2708 5220 in
2768 5168 2943 5223 obviis
2988 5172 3279 5239 specubus,
3321 5184 3378 5229 et

1802 5251 2107 5320 hujusmodi
2132 5254 2501 5309 subterraneis
2534 5256 2901 5311 diversoriolis
2932 5258 3204 5314 habitasse
3241 5278 3373 5317 con-

1800 5344 2047 5400 sentiret.
2088 5364 2106 5396 ι
2142 5345 2415 5401 Hactenus
2440 5346 2568 5412 illc;
2620 5357 2703 5402 ast
2753 5350 2810 5401 S.
2844 5348 3149 5403 Brunonem
3197 5351 3250 5404 in
3278 5353 3375 5406 de-

1801 5438 1962 5492 sertis
2002 5437 2262 5493 Ca’labria:
2310 5438 2440 5494 locis
2461 5480 2475 5503 ,
2509 5440 2820 5509 priusquam
2849 5441 2915 5492 ad
2948 5440 3369 5508 Squillacensem

1800 5545 2040 5583 eremum
2077 5532 2352 5599 transiret,
2386 5548 2482 5602 per
2511 5544 2719 5601 tempus
2748 5532 2881 5585 satis
2938 5531 3153 5603 longum
3183 5536 3367 5607 degis-

1799 5632 1875 5681 se,
1927 5616 2261 5675 Mesimerius
2294 5661 2308 5684 ,
2341 5622 2557 5676 Graecus
2598 5621 2984 5691 Squillaeensis
3039 5624 3322 5694 episcopus
3350 5669 3365 5693 ,

1798 5718 1988 5767 contra
2010 5726 2073 5767 ac
2099 5711 2185 5769 his
2217 5714 2396 5769 verbis
2422 5713 2553 5780 vult,
2589 5715 2639 5768 in
2687 5730 2783 5770 suo
2822 5712 3132 5789 diplomate,
3180 5708 3369 5776 Graece
