3846 6316
426 329 529 386 535

1230 319 1287 375 S.
1329 315 1675 372 BRUNONIS
1711 308 2354 371 CARTHUSIANORUM
2396 306 2887 365 lNSTlTUTORlS
3564 315 3652 372 530

429 446 655 515 scripto,
682 418 929 510 nuspiam
965 436 1151 492 tradit.
1199 434 1258 488 ln
1287 434 1390 487 hoc
1417 432 1585 497 enim,
1617 429 1815 499 quibus
1848 429 1899 482 id
1930 427 2004 480 fa-
2043 431 2088 489 Α
2116 439 2180 479 co
2217 424 2347 490 fere,
2381 438 2541 493 quem
2596 423 2683 478 hic
2709 421 2901 515 subdo,
2952 417 3111 474 modo
3162 419 3436 515 accidisse,
3478 430 3655 482 verosi-

429 552 556 595 cere
602 532 772 588 videri
822 530 1015 602 queat,
1059 529 1123 583 de
1169 526 1227 581 S.
1282 526 1533 580 Brunone
1570 522 1792 592 eiusque
1849 520 2013 576 sociis

432 623 711 697 sequentia
761 621 1024 676 duntaxat
1060 633 1092 672 e
1143 614 1395 671 versione
1442 613 1731 668 Morkensii
1786 625 2021 667 comme-

433 724 607 773 morat
648 732 660 768 :
694 731 712 764 ι
748 711 850 778 Qui
874 710 1091 781 quidem
1120 706 1173 761 in
1222 706 1454 761 desertis
1480 706 1613 760 locis
1641 705 1898 775 degentes
1921 717 2018 772 per

436 816 648 875 tempus
671 803 802 857 satis
829 800 1046 871 longum
1092 797 1219 852 illuc
1249 796 1705 867 transmigrarunt
1746 796 1813 849 ad
1837 802 2022 864 partes

437 896 559 951 Stili
614 895 667 948 in
723 907 841 948 mea
892 890 1142 954 dimcesi;
1186 908 1205 941 ›
1256 897 1370 953 aut,
1401 888 1447 943 si
1479 886 1673 949 mavis,
1704 901 1733 939 e
1770 885 2022 940 versione

439 985 650 1057 Ughelli
673 993 802 1038 tom.
830 981 903 1036 IX
932 981 1096 1035 Italia:
1130 994 1317 1044 sacrae,
1341 978 1445 1034 col.
1473 978 1599 1043 Αἰξί,
1626 978 1810 1032 isthmc
1844 994 1857 1031 :
1881 996 1899 1028 ι
1920 977 2021 1044 Qui

442 1091 563 1130 cum
618 1090 716 1146 per
765 1073 963 1129 multos
1010 1087 1180 1128 annos
1242 1071 1295 1125 in
1367 1070 1502 1125 locis
1551 1069 1812 1123 solitariis
1857 1070 2022 1122 vitam

441 1164 856 1233 transegissent,
889 1163 993 1216 huc
1033 1159 1102 1214 ad
1152 1168 1335 1229 partes
1382 1159 1518 1231 Styli
1551 1159 1602 1212 in
1646 1173 1765 1213 mea
1796 1158 2020 1222 dioecesi

443 1254 940 1324 transmigrarent;
996 1270 1016 1304 δ
1074 1251 1223 1306 hisce
1282 1259 1462 1305 autem
1519 1248 1735 1313 verbis,
1793 1248 2027 1304 fueritne

446 1344 679 1398 Sanctus
722 1343 773 1397 in
802 1342 1063 1398 Calabriae
1092 1341 1321 1396 desertis
1345 1381 1361 1404 ,
1396 1354 1464 1394 an
1519 1339 1573 1392 in
1604 1338 1724 1392 aliis
1755 1353 1852 1408 per
1882 1349 2025 1392 tem-

442 1449 544 1503 pus
580 1434 711 1488 satis
737 1434 978 1503 longum,
1001 1440 1293 1503 antequam
1339 1431 1394 1485 in
1446 1429 1873 1500 Squillacensem
1905 1445 2028 1484 ere-

444 1538 593 1577 mum
623 1537 740 1576 sese
771 1521 1029 1585 abderet,
1062 1536 1185 1575 cum
1239 1521 1402 1575 sociis
1460 1520 1573 1575 suis
1623 1528 1989 1573 commoratus
2013 1559 2027 1584 ,

445 1626 555 1665 non
581 1609 760 1664 edicit.
794 1608 931 1674 Quid
966 1610 1008 1663 si
1037 1608 1375 1662 Mesimerius
1397 1607 1464 1661 de
1493 1605 1795 1661 Carthusiaz
1823 1613 1878 1659 et
1911 1605 2030 1660 Sic-

444 1714 523 1754 cae
552 1699 809 1753 Fontanae
838 1697 1090 1762 desertis,
1117 1698 1170 1750 in
1198 1696 1395 1765 quibus
1443 1694 1700 1759 Sanctus,
1734 1704 2030 1765 antequam

2122 514 2407 568 millimum
2458 522 2614 583 puto.
2672 510 2989 567 Pontiﬁeem
3038 510 3208 565 Roma
3260 509 3311 565 in
3348 511 3656 584 Campaniam

2121 604 2499 672 subiectasque
2527 601 2765 671 Rogerio
2797 598 2917 655 duci
2952 600 3177 671 ejusque
3204 599 3354 655 fratri
3384 602 3659 660 Boamundo

2122 699 2351 753 ditiones
2375 695 2547 750 media
2580 695 2705 748 anni
2750 693 2881 747 l090
2924 701 3112 748 testate
3155 694 3433 749 abeuntem
3466 697 3661 751 comita~

2128 802 2212 845 tus
2243 799 2329 844 est
2366 805 2431 845 ex
2463 802 2624 857 supra
2655 786 2813 841 dictis
2845 787 2904 841 S.
2940 786 3143 852 Bruno,
3168 786 3465 855 ibidemque
3504 789 3563 842 ab
3587 789 3664 845 illo

2123 881 2325 937 curiam
2355 877 2693 947 relinquendi
2730 891 3083 945 eremumque
3133 876 3410 946 repetendi
3464 875 3659 931 faculta-

2126 982 2231 1027 tem
2261 969 2576 1025 enixissime
2618 968 2796 1038 petiit.
2823 967 2934 1023 Hae
2973 968 3190 1022 tandem
3225 969 3457 1035 obtenta,
3490 985 3599 1024 mox
3623 969 3665 1021 in

2124 1062 2454 1125 Calabriam,
2486 1061 2576 1115 ubi
2603 1061 2816 1116 deserta
2843 1059 2960 1115 loca
2992 1074 3113 1114 esse
3141 1059 3368 1127 plurima
3407 1062 3625 1114 audierat
3655 1102 3666 1122 .

2126 1153 2191 1209 ad
2226 1152 2515 1223 Rogerium
2546 1151 2761 1215 ducem,
2789 1164 2948 1219 quem
2983 1148 3122 1203 forte
3148 1149 3340 1204 alicubi
3383 1149 3433 1203 iu
3469 1149 3668 1218 Campa-

2126 1242 2345 1311 niajam
2374 1244 2606 1307 viderat,
2638 1257 2905 1311 suumque
2931 1242 3188 1296 redeundi
3215 1242 3283 1295 ad
3326 1242 3481 1295 vitam
3510 1242 3671 1296 solita-

2128 1334 2265 1389 riam
2294 1333 2619 1388 desiderium
2663 1331 2977 1400 edocuerat,
3010 1347 3130 1387 sese
3158 1331 3445 1388 contulerit
3475 1347 3489 1397 ;
3543 1344 3672 1386 cum-

2130 1438 2253 1493 que,
2280 1421 2738 1477 eti-consentiente
2763 1422 3118 1491 docenteque,
3144 1422 3197 1476 in
3225 1420 3484 1476 Calabria:
3504 1430 3637 1490 parte
3661 1461 3672 1482 ,

2131 1512 2179 1565 ei
2235 1510 2499 1579 subjecta,
2529 1511 2705 1565 locum
2735 1510 3027 1565 eremiticae
3058 1511 3180 1565 vitae
3219 1520 3400 1580 aptum
3429 1511 3674 1580 quaesivis-

2132 1609 2255 1666 set,
2319 1616 2419 1655 nec
2490 1599 2805 1666 invenisset,
2867 1600 2932 1653 ad
2992 1599 3248 1655 comitem
3309 1599 3579 1669 Rogerium
3621 1602 3677 1652 ab

2133 1692 2320 1747 eodem
2362 1690 2624 1761 principe,
2663 1692 2755 1761 qui
2798 1691 2862 1745 ad
2887 1706 3010 1745 cum
3053 1690 3191 1745 forte
3237 1691 3373 1745 alias
3422 1690 3489 1745 ob
3515 1705 3677 1745 cauam

445 1788 749 1844 Calabriam
773 1789 971 1854 adiret,
1016 1802 1112 1857 per
1134 1786 1349 1856 longum
1376 1786 1508 1841 satis
1543 1794 1753 1855 tempus
1808 1800 1901 1840 seu
1935 1802 2033 1855 per
2066 1776 2107 1833 Β
2137 1785 2461 1854 properabat
2491 1825 2505 1847 ,
2558 1786 2753 1839 ductus
2803 1784 3003 1849 fuerit,
3063 1785 3456 1855 impetrataque
3491 1784 3553 1839 ab
3586 1785 3680 1849 illo,

443 1881 645 1935 multos
675 1895 846 1935 annos
902 1880 1078 1934 fuerat
1123 1886 1392 1943 versatus,
1423 1878 1691 1932 duntaxat
1726 1877 1978 1947 loquatur
2008 1879 2031 1931 ?

442 1971 501 2028 1d
524 1988 655 2028 sane
683 1971 829 2026 nullo
850 1986 920 2025 ex
947 1970 1125 2041 capite
1150 1984 1283 2025 vero
1314 1969 1579 2034 absimile,
1608 1969 1805 2024 nedum
1850 1968 2027 2022 inere-

446 2063 629 2128 dibile,
658 2071 902 2132 apparet.

517 2155 641 2209 547.
669 2154 751 2209 Ad
773 2154 886 2208 hmo
914 2152 981 2208 de
1009 2152 1129 2207 aliis
1158 2152 1347 2217 etiam,
1378 2166 1540 2221 quam
1567 2151 1633 2205 de
1654 2148 1958 2205 Cartliusia:
1979 2158 2034 2203 et

449 2248 620 2303 Sicca:
663 2246 921 2301 Fontanae
975 2244 1173 2299 eremis
1204 2284 1220 2311 ,
1288 2243 1596 2299 Mesimerio
1661 2257 1840 2297 sermo
1911 2242 2033 2308 sit,

446 2338 645 2392 hincne
684 2351 1021 2405 consequens
1049 2336 1155 2390 erit
1190 2342 1251 2388 ut
1292 2334 1345 2388 in
1375 2335 1522 2389 hisce
1572 2333 1804 2389 Sanctus
1848 2341 2037 2387 noster

450 2442 481 2481 a
511 2427 709 2481 comite
764 2424 1020 2493 Roget-io,
1062 2437 1184 2477 cum
1244 2423 1370 2477 huic
1413 2422 1589 2478 adhuc
1621 2421 1842 2477 omnino
1892 2429 2037 2475 esset

450 2517 702 2585 ignotus,
765 2514 907 2568 inter
958 2513 1259 2568 venandum
1312 2512 1475 2569 fuerit
1520 2513 1809 2568 iuventus?
1852 2510 2037 2566 Neuti-

450 2620 613 2676 quam
666 2620 837 2671 sane,
872 2603 949 2658 uti
1007 2604 1263 2674 quisque,
1312 2613 1571 2674 quantum
1619 2603 1847 2672 opinor,
1893 2602 2037 2657 haud

451 2696 736 2753 difﬁculter
766 2704 1043 2767 agnoscet.
1075 2694 1272 2750 Verum
1292 2736 1307 2763 ,
1357 2696 1571 2767 inquies
1597 2735 1612 2760 ,
1659 2696 1732 2750 ita
1785 2695 2035 2764 equidem

450 2788 614 2844 facile
641 2788 843 2844 factum
878 2803 998 2843 esse
1024 2788 1277 2857 potuerit,
1308 2796 1386 2851 ut,
1416 2788 1484 2841 ad
1520 2788 1662 2856 quod
1710 2786 2036 2840 credendum

451 2878 797 2935 Mor-hensius
826 2892 893 2933 ex
919 2877 1081 2931 dictis
1126 2876 1463 2946 propendct,
1516 2876 1747 2929 Sanctus
1804 2882 1989 2927 noster
2021 2917 2034 2939 ,

452 2985 560 3025 non
588 2968 804 3040 quidem
831 2984 858 3022 a
888 2967 1085 3023 comite
1126 2965 1361 3036 Rogerio
1388 3005 1403 3030 ,
1463 2965 1557 3019 sed
1607 2981 1636 3018 a
1670 2964 1805 3019 duce
1847 2963 2037 3017 homo-

454 3078 636 3133 nymo,
665 3059 819 3131 cujus
852 3060 895 3115 is
924 3070 1151 3131 patruus
1171 3069 1313 3124 erat,
1356 3073 1477 3113 cum
1533 3058 1606 3113 illi
1657 3057 1831 3112 adhuc
1877 3055 2058 3125 plano

454 3161 603 3208 esset
626 3153 864 3223 ignotus,
902 3151 953 3204 in
985 3149 1264 3217 spelunca,
1300 3150 1536 3217 inquam
1566 3162 1685 3202 sese
1729 3162 1850 3201 cum
1873 3147 2036 3202 sociis
2067 3123 2110 3185 Ο

454 3251 759 3313 receperat,
787 3244 928 3296 inter
950 3240 1255 3295 venandum
1306 3238 1471 3295 fuerit
1501 3240 1770 3293 inventus.
1818 3236 2038 3303 Fateor,

455 3335 536 3390 sic
566 3335 750 3398 habet,
778 3347 878 3386 nec
902 3347 1008 3400 quo
1032 3331 1211 3384 minus
1241 3330 1315 3384 ita
1358 3330 1558 3383 factum
1584 3342 1706 3382 esse
1755 3327 1992 3396 potuerit
2023 3368 2037 3392 ,

457 3431 758 3495 repugnant
782 3420 1076 3490 diplomata
1102 3435 1265 3490 supra
1303 3419 1487 3479 dicta;
1534 3434 1721 3472 verum
1764 3430 1905 3471 anne
1958 3432 2043 3471 re-

458 3515 577 3585 ipsa
610 3514 682 3567 ita
712 3512 914 3567 factum
941 3512 1034 3576 sit,
1065 3512 1287 3567 dubium
1312 3511 1444 3565 mihi
1482 3510 1567 3564 vel
1599 3510 1801 3565 ideirco
1828 3523 2044 3578 semper

459 3606 587 3670 erit,
618 3604 762 3673 quod
813 3617 900 3656 res
924 3601 1069 3656 nullo
1115 3601 1274 3672 plane
1319 3601 1556 3670 probat:e
1590 3615 1653 3656 ac
1703 3607 1867 3654 certa:
1917 3599 2043 3654 fidei

458 3700 813 3749 monumento
862 3698 1027 3760 queat
1076 3690 1316 3761 probari.
1366 3690 1447 3744 Ad
1516 3688 1826 3745 Zanottium
1883 3689 2044 3745 modo

460 3784 771 3840 veniamus.
812 3782 913 3837 Hic
941 3820 957 3846 ,
1007 3790 1066 3836 ut
1120 3780 1405 3848 Sanctum,
1438 3784 1578 3854 quod
1618 3781 1809 3837 Surius
1844 3781 2045 3853 aliique

462 3877 651 3930 Sancti
702 3874 988 3946 biographi
1013 3873 1249 3941 tradunt,
1282 3890 1311 3929 a
1340 3875 1538 3929 comite
1568 3875 1799 3944 Rogerio
1826 3915 1840 3939 ,
1872 3890 2041 3930 vena-

460 3966 596 4021 tioni
630 3980 851 4036 operam
883 3965 1067 4029 dante,
1102 3964 1154 4019 in
1205 3963 1457 4034 spelunca
1502 3963 1670 4020 fuisse
1725 3964 1999 4019 inventum
2026 4006 2040 4031 ,

464 4066 721 4123 tueatur,
781 4071 895 4111 rem
933 4057 1072 4111 hanc
1100 4072 1205 4110 non
1237 4064 1383 4121 ante,
1438 4058 1530 4112 sed
1579 4065 1862 4127 postquam
1910 4057 2047 4113 San-

461 4158 582 4204 ctus
609 4148 798 4205 comiti
841 4148 1073 4217 Rogerio
1098 4156 1258 4203 notus
1281 4157 1444 4214 esset,
1469 4148 1921 4218 Turritanamque
1949 4164 2045 4203 seu

464 4243 891 4313 Squillacensem
935 4240 1199 4297 Calabriae
1247 4256 1488 4297 eremum
1543 4241 1951 4297 inhabitandam
1980 4242 2047 4296 ab

2135 1878 2275 1933 cuia
2304 1878 2538 1949 Rogerio
2585 1879 2720 1933 duce
2765 1880 2836 1933 ob
2882 1880 3148 1950 insignem
3187 1880 3314 1935 vit:e
3371 1882 3680 1935 sanctitatem

2138 1967 2287 2023 valde
2314 1966 2478 2023 fuerit
2504 1968 2947 2034 commendatus,
2968 1969 3201 2038 eligendi
3230 1968 3336 2024 sibi
3366 1969 3417 2024 in
3449 1968 3682 2026 Calabria:

2135 2073 2310 2133 parte,
2335 2080 2453 2135 quae
2501 2064 2550 2121 ei
2581 2065 2827 2134 parebat,
2878 2080 3258 2135 qucncumque
3304 2065 3565 2136 proposito
3604 2080 3684 2118 suo

2137 2156 2388 2211 idoneum
2419 2156 2782 2210 arbitraretur
2808 2155 3007 2220 locum,
3047 2154 3304 2211 facultate
3327 2198 3341 2221 ,
3375 2156 3683 2210 Turritanam

2136 2261 2379 2300 eremqu
2412 2245 2656 2315 elegerit,
2700 2245 2951 2313 hancque
2982 2244 3105 2309 sibi,
3132 2244 3211 2298 uti
3242 2260 3365 2298 mox
3394 2245 3681 2307 videbimus,

2138 2353 2167 2391 a
2189 2337 2335 2393 dicto
2358 2338 2555 2392 comite
2606 2336 2840 2403 Rogerio
2876 2337 3070 2391 donari
3125 2337 3452 2406 impetrarit.
3497 2336 3593 2390 Res
3629 2336 3686 2387 ita

2137 2428 2384 2481 ordinata
2419 2435 2788 2497 conceptaque
2826 2425 2961 2480 nihil
3005 2441 3139 2481 sane
3192 2428 3401 2490 habet,
3450 2427 3581 2496 quod
3620 2425 3689 2477 vel

2138 2532 2261 2571 cum
2296 2516 2678 2585 diplomatibus
2701 2532 2861 2587 supra
2890 2516 3125 2572 laudatis
3149 2526 3375 2588 pugnet,
3405 2516 3486 2571 vel
3526 2525 3691 2571 utcun-

2137 2618 2243 2674 que
2279 2620 2307 2659 a
2333 2604 2804 2660 verisimilitudine
2850 2605 3165 2661 abhorreat.
3197 2605 3352 2672 Quod
3383 2621 3499 2659 cum
3532 2606 3592 2657 ita
3615 2604 3689 2669 sit,

2139 2710 2203 2750 eo
2235 2694 2416 2762 modo,
2448 2709 2555 2763 quo
2585 2692 2698 2761 jam
2732 2694 2864 2758 dixi,
2897 2693 3157 2749 Sanctum
3208 2695 3261 2749 in
3308 2694 3597 2749 Calabriam
3623 2706 3691 2747 se-

2139 2786 2389 2849 cessisse,
2432 2785 2885 2855 Turritanamque
2906 2800 3147 2841 eremum
3185 2785 3288 2840 sibi
3342 2785 3525 2841 donari
3554 2785 3693 2852 impc-

2142 2887 2333 2944 trassc,
2366 2876 2453 2930 vix
2481 2892 2585 2931 non
2616 2886 2822 2931 certum
2857 2877 3336 2947 indubitatumque
3388 2887 3532 2947 puto.
3564 2872 3691 2941 Quod

2141 2970 2185 3024 si
2217 2969 2458 3036 interim,
2498 2967 2782 3036 Sanctum,
2821 2968 2990 3023 Deum
3019 2970 3386 3025 iutentissime
3433 2980 3653 3026 orantem
3679 3010 3691 3031 ,

2143 3061 2194 3115 in
2222 3060 2322 3115 sibi
2364 3059 2476 3130 jam
2525 3061 2649 3114 data
2680 3061 2780 3116 hac
2810 3076 3001 3118 eremo
3038 3077 3067 3114 a
3110 3062 3313 3117 comite
3349 3061 3591 3132 Rogerio,
3615 3073 3690 3113 ve-

2144 3152 2349 3207 nationi
2395 3166 2613 3220 operam
2664 3152 2850 3217 dante,
2894 3152 3171 3207 inventum
3221 3152 3413 3217 fuisse,
3454 3168 3568 3207 eum
3612 3149 3697 3202 Za-

2146 3242 2316 3296 nuttio
2346 3242 2632 3311 quisquam
2682 3242 2994 3310 contendat,
3037 3251 3133 3297 aut
3175 3243 3228 3299 id
3264 3244 3318 3298 ei
3354 3244 3406 3298 in
3455 3241 3629 3313 Apulia
3671 3255 3695 3293 a

2145 3331 2282 3385 duec
2309 3332 2544 3403 Rogerio
2593 3334 2900 3400 obvenisse,
2937 3351 3058 3389 eum
3093 3334 3407 3393 Morkensio
3450 3336 3698 3407 prscfracte

2147 3428 2371 3485 astruat,
2407 3420 2456 3474 ci
2516 3422 2764 3491 equidem
2816 3424 2958 3477 haud
2991 3440 3325 3495 magnopere
3370 3426 3695 3495 refragabor,

2146 3524 2269 3565 cum
2313 3511 2428 3566 haec
2463 3513 2714 3582 equidem
2740 3511 2859 3581 ejus
2884 3515 3089 3585 opinio,
3141 3525 3201 3571 u-t
3227 3526 3285 3572 ut
3318 3519 3494 3573 minus
3523 3514 3703 3571 verosi—

2147 3604 2309 3670 milis,
2352 3622 2474 3661 cum
2526 3607 2908 3678 diplomatibus
2963 3626 3128 3682 supra
3195 3613 3382 3669 citatis
3429 3622 3697 3684 pugnatura

2148 3713 2254 3753 non
2283 3699 2372 3753 sit.
2403 3699 2605 3755 Verum
2656 3708 2931 3773 utcunque
2978 3704 3196 3759 tandem
3244 3704 3366 3761 haec
3412 3706 3582 3760 Omnia
3622 3704 3703 3756 lia-

2147 3792 2331 3858 beant,
2363 3792 2613 3861 equidem
2658 3792 2892 3850 Sanctus
2920 3804 3125 3861 noster,
3155 3811 3280 3851 cum
3306 3813 3339 3852 e
3367 3798 3512 3852 curia
3542 3793 3702 3849 Ponti-

2150 3878 2268 3934 ﬁcia
2319 3881 2493 3949 abiit,
2547 3883 2600 3936 in
2650 3882 2996 3938 Turritanam
3050 3884 3318 3941 Calabria:
3368 3900 3620 3948 eremum,
3658 3892 3706 3933 ut

2141 3969 2254 4040 jam
2283 3972 2482 4026 dictum
2508 4015 2523 4039 ,
2576 3975 2820 4030 secessit.
2868 3976 2947 4031 Ac
3002 3976 3150 4030 illum
3182 3978 3406 4048 quidem
3436 4021 3449 4045 ,
3507 3992 3618 4031 cum
3660 3974 3704 4026 in

2148 4060 2341 4117 itinere
2378 4078 2569 4119 versus
2599 4064 2739 4119 hanc
2764 4067 3043 4132 existeret,
3077 4067 3376 4124 Barensem
3412 4069 3470 4125 S.
3495 4066 3704 4127 Nicolai,

2152 4170 2214 4210 ac
2264 4154 2321 4211 S.
2372 4155 2652 4213 Michaelis
2693 4158 2747 4212 in
2803 4169 2987 4215 monte
3029 4160 3281 4233 Gargano
3310 4160 3706 4218 eeclesiasiuri-

2149 4247 2307 4311 sissc,
2351 4248 2736 4320 archangelum
2770 4251 2916 4306 hunc
2960 4251 3045 4307 his
3098 4254 3199 4308 sibi
3256 4264 3598 4324 apparentem
3625 4253 3706 4304 ha-

462 4350 527 4389 eo
541 4334 653 4405 jam
686 4336 1005 4404 accepisset,
1036 4343 1240 4405 gestam
1267 4348 1387 4389 esse
1413 4334 1636 4400 statuit;
1664 4334 1805 4404 quod
1830 4332 1951 4389 cum
1980 4349 2046 4389 ne
2074 4340 2091 4364 ⁸
2149 4339 2356 4406 buissc,
2392 4339 2605 4411 aliaque
2662 4342 2919 4399 nonnulla
2953 4344 3005 4398 in
3050 4354 3305 4401 contexta
3360 4363 3389 4400 a
3438 4361 3496 4401 se
3546 4341 3705 4398 Sancti

463 4425 517 4480 in
541 4426 774 4494 speciem
796 4425 1036 4495 quidem,
1065 4432 1121 4477 ut
1144 4423 1511 4478 consideranti
1560 4424 1788 4494 patebit,
1818 4440 1942 4479 cum
1966 4425 2047 4479 di-

462 4515 792 4586 plomatibus
836 4531 997 4584 supra
1053 4515 1234 4570 citatis
1287 4524 1511 4587 pugnet,
1566 4531 1628 4571 ac
1662 4516 1857 4587 proin,
1919 4533 2047 4587 quo-

463 4606 645 4661 minus
675 4614 804 4660 tuuc
827 4614 1034 4674 gestum
1062 4606 1335 4674 credatur,
1361 4607 1625 4678 impedire
1650 4608 1763 4662 lucc
1791 4624 1894 4662 non
1921 4625 2046 4679 pos-

465 4698 595 4760 sint,
624 4696 860 4752 Zanottii
889 4712 994 4752 non
1048 4698 1263 4762 minus,
1314 4713 1475 4768 quam
1525 4698 1811 4753 Morkensii
1862 4701 2044 4771 Opinio

467 4787 742 4843 credibilis
772 4798 1016 4858 apparet;
1048 4789 1188 4845 sitne
1216 4797 1392 4845 tamen
1418 4790 1594 4860 reipsa
1617 4791 1829 4845 veritati
1850 4807 2043 4847 conso-

466 4895 560 4947 na,
591 4878 809 4933 dubium
839 4879 996 4951 plane
1036 4889 1139 4946 est,
1190 4881 1335 4950 quod
1383 4882 1436 4935 in
1483 4881 1631 4937 nullo
1680 4883 1902 4953 antiquo
1957 4894 2041 4937 sat

468 4980 630 5029 certae
658 4971 781 5028 ﬁdei
809 4989 903 5029 seu
928 4982 1154 5029 auctore
1176 4988 1269 5027 seu
1303 4982 1655 5029 monumento
1702 4975 1773 5029 sit
1799 4975 2042 5040 fundata,

466 5079 567 5120 nec
592 5072 795 5119 certam
826 5080 946 5121 eam
977 5065 1158 5119 facere
1190 5067 1397 5133 possint
1424 5080 1584 5136 supra
1625 5066 1824 5121 laudati
1858 5067 2042 5121 Sancti

468 5155 640 5213 nostri
672 5154 973 5224 biographi,
1021 5156 1111 5223 qui
1145 5162 1507 5224 praeterquam
1554 5156 1695 5224 quod
1728 5155 1849 5209 aliis
1875 5171 1993 5210 eam
2026 5196 2043 5219 ,

468 5260 631 5318 quam
657 5245 957 5310 Zanottius,
982 5246 1249 5314 adjunctis
1273 5246 1524 5310 vestiant,
1572 5246 1904 5301 recentiores
1926 5262 2044 5301 om-

467 5350 565 5391 nes
594 5344 741 5401 sunt,
793 5350 956 5404 quam
979 5343 1037 5389 ut
1067 5335 1175 5389 sola
1208 5350 1305 5390 sua
1336 5337 1658 5392 auctoritate
1692 5337 1883 5403 rebus,
1909 5353 2045 5407 quas

469 5426 537 5481 de
567 5423 627 5480 S.
661 5424 915 5481 Brunone
942 5435 1187 5492 narrant,
1219 5426 1377 5483 ﬁdem
1407 5437 1612 5483 certam
1642 5437 1804 5499 atque
1830 5429 2042 5486 indubi-

470 5525 637 5572 tatam
665 5514 844 5571 facere
874 5516 1101 5586 possint.

539 5604 667 5660 548.
709 5604 909 5673 Quare,
936 5608 1185 5665 omnibus
1218 5609 1321 5666 rite
1346 5608 1573 5675 libratis,
1606 5608 1791 5666 Sancti
1839 5625 1869 5667 e
1895 5612 2044 5666 curia

470 5693 754 5752 Pontiﬁcia
781 5697 836 5753 in
859 5696 1203 5757 Turritanam
1228 5699 1490 5759 Calabria:
1510 5717 1750 5760 eremum
1772 5716 2044 5761 secessum

2156 4428 2274 4483 Vita
2321 4446 2441 4500 cap.
2494 4433 2561 4487 {8
2616 4441 2803 4487 narrat
2861 4434 3189 4502 Zanottius;
3238 4452 3430 4492 verum
3476 4452 3538 4492 ea
3583 4432 3709 4490 nullo

2153 4536 2375 4590 prorsus
2404 4523 2744 4592 antiquitatis
2780 4525 3087 4583 testimonio
3124 4527 3207 4581 vel
3252 4528 3366 4599 ipse
3404 4527 3600 4592 ﬁrmat,
3641 4521 3709 4577 vel

2151 4610 2278 4665 alibi
2320 4611 2532 4665 firmata
2564 4613 2804 4668 invenio.

2222 4701 2349 4756 549.
2391 4701 2549 4757 Modo
2590 4704 2771 4774 itaque
2799 4706 3215 4763 examinandum
3241 4709 3331 4765 hic
3367 4718 3574 4771 restat,
3628 4719 3714 4760 cur

2152 4800 2277 4846 tunc
2307 4806 2426 4848 sese
2468 4794 2519 4847 in
2569 4793 2876 4849 Calabriam
2906 4798 3084 4866 potius
3115 4799 3361 4869 recipere
3386 4841 3402 4865 ,
3461 4812 3618 4869 quam
3653 4793 3711 4848 ad

2148 4886 2869 4942 dilectamsibiCarthusiam
2898 4889 3094 4954 redire,
3119 4890 3318 4948 Sancto
3346 4892 3518 4947 visum
3549 4886 3717 4943 fuerit?

2158 4996 2175 5028 ι
2223 4979 2457 5048 Optabat
2486 4980 2676 5051 (verba
2708 4989 2835 5035 sunt
2875 4981 3292 5038 Blomenvennm
3344 5000 3506 5055 supra
3560 4982 3713 5036 adhuc

2153 5068 2400 5138 recitata)
2435 5071 2610 5124 redire
2641 5070 2705 5125 ad
2734 5070 3083 5126 Carthusiam
3136 5074 3201 5127 ad
3233 5072 3431 5129 fratres
3458 5088 3582 5129 suos
3602 5074 3716 5125 rha-

2153 5161 2416 5226 rissimos,
2451 5177 2587 5231 quos
2626 5163 2966 5232 prmmiserat
2990 5208 3004 5232 ,
3037 5166 3129 5221 sed
3155 5167 3277 5235 quia
3318 5182 3561 5221 summus
3594 5164 3716 5217 Pon-

2155 5252 2285 5307 tifex
2317 5252 2588 5323 (Urbanus
2639 5254 2703 5324 ll)
2744 5271 2868 5310 cum
2898 5271 2994 5311 sua
3024 5259 3177 5312 curia
3228 5251 3493 5314 transibat
3523 5258 3573 5310 in
3607 5254 3715 5310 Gal.

2152 5344 2302 5411 liam,
2341 5346 2394 5399 in
2416 5346 2567 5414 cujus
2613 5347 2810 5403 ﬁnibus
2839 5346 3124 5405 Carthasia
3156 5352 3257 5405 sita
3284 5362 3388 5411 cst,
3420 5348 3713 5405 metuebat.

2154 5449 2223 5489 ne
2255 5436 2487 5501 curiam,
2518 5453 2679 5507 quam
2718 5436 2959 5508 fugiebat
2988 5480 3002 5503 ,
3056 5440 3329 5495 declinare
3358 5456 3465 5495 non
3511 5444 3713 5509 posset.

2156 5534 2208 5581 et
2242 5526 2363 5582 ideo
2390 5530 2456 5581 ad
2479 5528 2742 5585 Calabria:
2778 5531 2962 5599 potius
3009 5532 3222 5588 deserta
3271 5549 3327 5589 sc
3385 5532 3641 5591 contulit;
3698 5545 3714 5575 ’

2154 5618 2228 5672 ita
2259 5617 2384 5673 ille:
2410 5633 2597 5673 verum
2622 5620 2930 5677 Brunonem
2961 5638 3066 5678 non
3102 5624 3172 5678 ob
3220 5626 3518 5691 rationem,
3574 5634 3714 5690 quam

2154 5708 2240 5763 his
2271 5708 2449 5764 verbis
2498 5708 2715 5779 allegat,
2746 5710 2801 5765 in
2850 5708 3153 5767 Calabriam
3182 5714 3359 5783 potius
3403 5711 3680 5768 secessisse
3704 5744 3717 5767 ν
