3846 6316
185 365 272 420 357
986 424 991 429 .
1680 375 1879 433 ACTA.

3300 395 3402 452 558

183 494 319 549 quam
350 477 412 532 ad
454 477 797 533 Carthusiam
830 480 1080 549 rediisse,
1110 483 1222 537 sola
1246 485 1385 540 ratio
1434 489 1688 556 temporis
1710 530 1726 556 ,
1756 496 1805 553 Α
1833 502 2041 549 menter
2087 511 2271 567 argue.
2331 498 2521 553 Datum
2574 498 2760 556 Romae
2804 512 2961 560 sexto
3000 505 3268 564 Kalendas
3304 508 3407 567 De-

181 586 270 640 quo
296 567 537 624 Urbanus
566 569 705 639 Papa
744 572 796 624 in
833 570 1060 626 Galliam
1090 576 1306 630 transiit
1328 616 1355 641 ,Α
1385 575 1725 648 Sanctusque

180 664 223 716 iu
242 660 529 715 Calabriam
564 662 808 729 secessit,
845 664 1064 719 evincit.
1122 665 1373 721 Urbanus
1428 668 1572 721 enim
1599 709 1613 733 ,
1647 670 1725 724 uti

178 753 296 806 inter
319 765 504 805 oumcs
532 754 802 818 convenit,
828 768 933 808 non
960 764 1087 811 ante
1116 771 1316 810 annum
1360 757 1496 812 1095
1519 799 1533 821 ,
1577 774 1682 829 quo
1708 800 1723 825 ,

177 854 428 913 postquam
459 842 750 899 Placentiae
786 846 838 898 in
865 844 1018 899 Italia
1049 846 1353 902 celebrarat
1390 850 1675 905 concilium
1707 891 1723 915 ,

177 938 220 989 in
243 936 478 1001 Galliam,
508 936 887 993 Claro-monte
913 938 1058 994 aliud
1102 939 1258 1011 longe
1284 941 1723 1008 celeberrimum,

176 1031 218 1083 in
244 1044 336 1098 quo
357 1044 639 1084 sacrarum
668 1030 928 1086 adversus
973 1033 1216 1087 inﬁdeles
1251 1048 1349 1102 pro
1375 1033 1555 1089 Terrae
1583 1035 1714 1089 San-

174 1131 254 1174 cta:
280 1121 685 1189 recuperatione
737 1123 1142 1192 expeditionum
1195 1124 1601 1182 fundamentum
1643 1129 1727 1196 ja-

173 1221 291 1264 ctum
318 1210 432 1274 fuit,
463 1198 846 1267 celebraturus
874 1214 1166 1281 concessit;
1202 1215 1382 1271 Bruno
1419 1227 1621 1283 autem,
1647 1219 1724 1273 uti

172 1300 334 1366 csjatn
363 1302 521 1356 dictis
569 1318 633 1356 ac
657 1319 819 1372 porro
848 1306 1094 1361 dicendis
1119 1321 1349 1375 pronum
1379 1317 1463 1363 est
1491 1324 1683 1365 eruere
1707 1351 1724 1376 ,

174 1395 213 1446 in
237 1392 527 1447 Calabriam
560 1408 591 1448 e
620 1396 769 1449 curia
807 1396 1090 1459 Pontiﬁcio
1118 1414 1262 1453 anno
1298 1399 1434 1454 1090
1486 1415 1605 1454 sese
1634 1416 1722 1456 re-

169 1484 302 1551 cepit.
340 1483 604 1538 Sanctum
633 1500 760 1554 ergo
800 1486 851 1541 in
883 1486 1191 1542 Calabriam
1223 1490 1403 1557 potius
1429 1503 1549 1544 sese
1593 1505 1725 1544 con-

174 1574 360 1641 tulisse,
393 1590 562 1643 quam
596 1575 661 1629 ad
704 1574 1049 1631 Carthusiam
1093 1577 1320 1632 rediisse
1343 1618 1358 1643 ,
1392 1593 1533 1645 reor,
1583 1574 1724 1649 quod

170 1662 379 1716 Pontifex
415 1705 429 1726 ,
457 1663 797 1720 difﬁcillimis
824 1706 839 1729 ,
868 1666 1065 1736 quibus
1101 1667 1333 1732 vivebat,
1368 1669 1721 1737 temporibus,

171 1752 371 1808 futurum
425 1756 729 1824 praescius,
772 1767 831 1812 ut
882 1759 1149 1826 subinde,
1202 1758 1375 1813 Roma
1423 1758 1632 1824 relicta,
1671 1760 1724 1814 in

1829 585 2078 640 ccmbris.
2125 606 2144 638 ι

1899 674 2024 729 551.
2084 674 2217 732 Cum
2294 693 2461 750 ergo,
2510 680 2590 735 uti
2658 697 2727 738 ex
2792 683 2893 738 hac
2966 683 3245 744 Paschalis
3313 706 3408 760 pa-

1827 775 1908 831 pae
1961 764 2184 833 epistola
2235 765 2442 835 liquet,
2508 769 2673 824 fuerit
2726 771 2795 827 ab
2838 773 2940 828 hoc
2996 776 3245 843 proximo
3305 778 3407 834 Ur-

1827 854 1953 910 bani
2005 856 2047 910 II
2091 856 2145 910 in
2200 856 2265 912 S.
2310 859 2454 914 Petri
2486 860 2812 918 Cathedram
2839 880 3150 923 successore
3175 869 3405 927 Romam

1829 959 2085 1003 evocatus
2152 948 2465 1016 Lanvinns,
2524 954 2801 1033 proximus
2857 956 3041 1014 Sancti
3114 961 3167 1014 in
3238 966 3405 1016 eremi

1829 1037 2133 1094 Turritana:
2213 1043 2513 1109 prioratum
2584 1059 2885 1112 successor,
2945 1047 3111 1103 fuisse
3192 1066 3408 1120 quoque

1828 1128 2118 1197 ipsummet
2178 1131 2236 1188 S.
2286 1132 2591 1188 Brunonem
2620 1174 2635 1199 ,
2686 1151 2846 1205 quem
2890 1140 3115 1195 summis
3158 1139 3415 1198 laudibus

1826 1220 2106 1278 Paschalis
2162 1224 2250 1278 hic
2301 1224 2458 1280 ell'ert
2488 1264 2504 1290 ,
2556 1227 2622 1282 ab
2698 1227 2916 1284 Urbano
2983 1231 3023 1283 Il
3074 1241 3403 1296 evocatum,

1826 1313 2180 1370 dubitandum
2221 1332 2325 1371 non
2372 1328 2615 1388 apparet.
2649 1319 2800 1385 Quod
2846 1337 2966 1376 cum
3014 1323 3085 1377 ita
3120 1323 3211 1385 sit,
3253 1338 3404 1376 sum-

1828 1421 1972 1460 mum
2007 1407 2147 1462 hunc
2183 1409 2514 1476 pontiﬁcem,
2548 1425 2654 1479 quo
2678 1410 2744 1465 ad
2772 1425 2890 1467 sese
2920 1414 3141 1469 subinde
3170 1429 3403 1469 evocare

1828 1494 2134 1549 Brunonem
2180 1495 2337 1550 facile
2368 1506 2577 1566 posset,
2613 1500 2757 1554 haud
2784 1501 2973 1568 procul
3011 1518 3134 1556 eum
3160 1518 3190 1557 a
3228 1503 3405 1573 regio—

1828 1582 2017 1649 nibus,
2049 1582 2101 1636 in
2138 1583 2333 1653 quibus
2369 1599 2427 1639 se
2458 1600 2565 1639 non
2615 1602 2742 1643 raro
2772 1582 3227 1644 commoraturum
3265 1607 3406 1660 pra:-

1828 1671 2077 1737 vidcbat,
2135 1671 2416 1727 discedere
2484 1674 2754 1741 voluisse,
2810 1677 3043 1747 hincque
3092 1678 3291 1732 factum
3347 1688 3409 1733 ut

1825 1760 2007 1816 Bruno
2030 1762 2095 1816 ad
2118 1762 2459 1819 Carthusiam
2490 1780 2597 1821 non
2627 1767 2874 1833 redierit,
2901 1771 2993 1824 sed
3024 1769 3078 1823 in
3101 1768 3408 1824 Calabriam

170 1854 310 1900 terras
366 1845 604 1913 Rogerio
668 1848 1141 1917 ducicomitique
1213 1849 1543 1919 homonymo
1592 1851 1721 1905 snb-
1754 1869 1799 1927 υ
1828 1868 1887 1909 se
1932 1854 2229 1922 receperit,
2259 1868 2368 1909 non
2419 1856 2691 1912 immerito
2720 1858 3037 1929 conjeceris.
3076 1859 3202 1914 Haec
3244 1875 3408 1930 porro

170 1935 325 2002 iectas,
355 1951 473 1991 sese
505 1938 754 2008 recipere
784 1948 1101 2009 cogeretur,
1154 1939 1463 1994 Brunonem
1496 1983 1513 2008 ,
1563 1954 1723 2009 quem

169 2027 400 2081 interdum
435 2028 503 2082 ad
540 2044 664 2084 sese
684 2045 915 2086 evocare
946 2071 960 2096 ,
988 2040 1151 2099 atque
1198 2032 1265 2086 ad
1295 2031 1521 2087 consilia
1568 2033 1727 2087 adhi-

168 2116 269 2171 bere
291 2117 521 2183 volebat,
561 2118 612 2173 in
648 2119 878 2174 Galliam
910 2135 1001 2175 seu
1034 2122 1101 2175 ad
1134 2122 1507 2189 Carthusiam,
1537 2124 1726 2193 procul

170 2206 222 2260 ab
266 2208 549 2278 utriusque.
598 2208 819 2280 Rogerii
881 2209 1177 2265 ditionibus
1235 2211 1523 2275 dissitam,
1576 2212 1727 2268 abire

167 2299 379 2356 noluerit.

221 2391 327 2446 550.
366 2393 441 2447 Ea
471 2392 612 2446 mihi
658 2393 813 2449 sedet
844 2395 1137 2463 sententia,
1197 2397 1339 2465 quod
1382 2398 1560 2471 reipsa
1591 2399 1729 2456 San-

167 2493 299 2545 ctum,
328 2501 446 2539 cum
471 2484 594 2553 jam
627 2486 680 2539 in
718 2485 1010 2541 Turritana
1050 2502 1237 2543 eremo
1282 2501 1614 2557 versaretur,
1659 2494 1727 2549 ab

169 2573 349 2630 Urbano
372 2576 636 2642 subinde,
674 2576 788 2631 sive
813 2587 872 2631 ut
896 2577 1113 2633 indictis
1140 2578 1426 2636 interesset
1457 2583 1724 2651 conciliis,

167 2666 256 2720 sive
297 2668 395 2721 alia
458 2683 789 2739 quacunque
834 2670 900 2724 de
948 2684 1111 2724 causa
1181 2679 1461 2727 evocatum
1515 2671 1725 2743 fuisse,

166 2758 376 2820 suadeat,
401 2759 567 2828 cujus
603 2757 962 2828 fragmentum
992 2758 1330 2814 Mabillonius
1368 2760 1461 2814 lib.
1487 2777 1591 2815 ιιι
1618 2762 1731 2816 An-

165 2846 329 2900 ualittm
358 2847 839 2903 Benedictinorum
868 2863 1012 2902 num.
1047 2848 1117 2904 50
1137 2850 1466 2918 suppeditat,
1499 2852 1725 2921 epistola

168 2938 519 2997 aPasclialeII
562 2954 721 3008 papa,
750 2940 1000 3011 proximo
1028 2940 1233 2996 Urbani
1281 2959 1615 3008 successore,
1660 2945 1725 2999 ad

164 3026 453 3097 Lam-iitum,
486 3031 684 3087 Sancti
714 3032 885 3088 nostri
914 3033 1255 3104 discipulum,
1307 3036 1725 3106 proximumque

163 3120 202 3172 in
224 3123 374 3177 eremi
413 3123 731 3178 Calabriam
761 3123 1058 3192 prioratum
1088 3139 1481 3191 successorem,
1512 3141 1562 3180 vr
1601 3125 1720 3179 Kal.

1827 1944 2137 2014 conjectura
2167 1951 2441 2015 utcunque
2470 1946 2632 2001 etiam
2676 1948 3031 2025 conﬁrmatur
3072 1957 3186 2004 tum
3220 1965 3285 2004 ex
3314 1965 3409 2003 or-

1828 2036 1972 2090 dinis
1997 2035 2423 2102 Carthusiensis,
2460 2037 2537 2091 uti
2563 2046 2811 2105 vocatur,
2855 2039 3165 2106 traditione,
3199 2050 3307 2093 tum
3340 2055 3409 2093 ex

1827 2140 1892 2181 eo
1919 2126 2081 2196 quod,
2123 2133 2260 2180 teste
2293 2126 2440 2180 omni
2472 2127 2795 2196 exceptione
2822 2128 3012 2197 majori
3041 2138 3274 2199 quatuor
3294 2130 3407 2199 pri-

1829 2229 2039 2268 morum
2066 2213 2372 2268 Carthusite
2403 2216 2647 2284 priorum
2681 2216 3010 2287 cbronologo
3040 2219 3090 2271 in
3129 2218 3235 2272 hoc
3266 2226 3409 2271 tran-

1828 2307 2029 2375 scripto
2063 2321 2212 2359 num.
2254 2306 2285 2359 7
2322 2304 2503 2360 Sancti
2538 2306 2708 2361 nostri
2739 2306 2945 2379 elogio,
2973 2318 3229 2363 evocatus
3263 2309 3350 2362 hic
3375 2324 3408 2361 e

1828 2397 2118 2452 Carthusia
2146 2398 2215 2451 ab
2248 2397 2470 2452 Urbano
2498 2396 2539 2450 II
2576 2398 2829 2468 pontiﬁce
2860 2399 3055 2464 fuerit,
3085 2407 3142 2453 ut
3166 2397 3410 2453 consiliis

1828 2489 1939 2544 suis
1963 2489 2107 2543 hunc
2138 2486 2449 2556 adiuvaret;
2493 2488 2633 2544 unde
2661 2489 2968 2545 verosimile
3014 2489 3094 2555 fit,
3127 2489 3405 2546 Urbanum

1828 2580 1953 2635 dum
2006 2578 2239 2633 Brunoni
2295 2593 2326 2632 e
2380 2579 2529 2633 curia
2579 2593 2675 2633 sua
2731 2579 3042 2636 discedendi
3096 2579 3406 2635 facultatem

1828 2668 2117 2733 concessit,
2149 2668 2391 2723 consiliis
2417 2667 2534 2738 ejus
2560 2669 2638 2722 uti
2666 2668 2920 2739 deinceps
2949 2669 3122 2724 adhuc
3150 2668 3407 2735 voluisse,

1828 2758 2079 2827 huncquc
2124 2757 2177 2811 in
2232 2757 2426 2822 ﬁnem,
2475 2757 2606 2811 dum
2651 2772 2679 2811 a
2724 2757 2974 2813 Calabria
3022 2774 3127 2813 non
3182 2758 3408 2813 nimium

1829 2850 2065 2914 abesset,
2097 2848 2325 2904 subinde
2356 2848 2506 2903 illum
2534 2850 2599 2903 ad
2630 2864 2689 2905 se
2714 2865 2990 2905 evocasse.
3024 2850 3104 2905 Ad
3133 2850 3267 2915 haec,
3304 2848 3410 2905 nisi

1829 2941 2087 3007 Sanctus,
2117 2940 2260 3011 quod
2291 2940 2532 3011 pontifex
2561 2956 2683 2996 eum
2720 2942 2862 2996 haud
2894 2941 3082 3011 procul
3110 2957 3139 2995 a
3169 2942 3321 3009 locis,
3350 2942 3408 2995 in

1816 3031 2021 3101 quibus
2057 3032 2169 3101 ipse
2201 3031 2551 3099 versabatur,
2576 3031 2901 3085 commorari
2930 3030 3131 3085 dictum
3167 3031 3217 3083 in
3245 3030 3409 3083 linem

1831 3122 2009 3185 vellet,
2046 3122 2098 3175 in
2138 3120 2444 3176 Calabriam
2475 3120 2767 3176 secessisse
2809 3129 3106 3184 astruatur,
3159 3134 3406 3189 quamam

164 3212 438 3271 Decembris
472 3231 625 3269 anno
656 3215 785 3270 1101
820 3216 1148 3286 conscripta.
1177 3216 1303 3272 llaec
1331 3218 1477 3272 enim
1511 3258 1526 3283 ,
1559 3234 1719 3288 quam
1749 3224 1790 3281 C
1828 3214 2044 3268 tandem
2072 3255 2085 3278 ,
2115 3228 2212 3267 cur
2239 3213 2343 3266 hoc
2372 3224 2490 3283 p05t
2539 3212 2814 3267 obtentam
2845 3228 2872 3265 a
2900 3210 3159 3282 pontiﬁce
3196 3211 3247 3263 in
3287 3225 3409 3264 ere-

164 3298 411 3372 integram,
445 3319 521 3357 ex
559 3303 847 3358 Annalium
878 3304 1344 3360 Carthusiensium
1382 3306 1504 3361 libri
1542 3308 1723 3378 quarti

162 3389 395 3448 hactenus
449 3408 569 3448 non
601 3393 801 3463 vulgati
833 3394 1127 3450 Vallis-Dei
1174 3395 1471 3464 exemplari
1523 3397 1725 3451 descri-

161 3491 299 3551 ptam,
341 3502 513 3557 supra
542 3486 663 3556 plus
710 3486 877 3541 semel
900 3487 1011 3557 jam
1048 3487 1298 3542 laudatus
1328 3488 1725 3545 Carthusianus

162 3573 452 3632 Parisiensis
478 3592 698 3633 mecum
728 3579 1174 3643 communicavit,
1204 3578 1281 3633 sic
1304 3578 1465 3633 habet
1493 3598 1505 3632 :
1545 3598 1563 3631 ι
1596 3578 1725 3635 Pas-

164 3665 306 3721 chalis
351 3668 685 3738 episc0pus,
716 3682 906 3724 servus
932 3683 1212 3723 servorum
1243 3655 1359 3734 Dei,
1391 3668 1585 3723 dilecto
1619 3668 1726 3723 ﬁlio

166 3755 396 3825 Lam'ino,
449 3761 688 3817 salutem
750 3770 806 3815 et
855 3761 1219 3831 Apostolicam
1270 3762 1722 3817 benedictionem.

166 3844 289 3914 Quod
317 3867 652 3923 magnopere
681 3852 1129 3919 desideravimus,
1158 3860 1214 3906 et
1256 3851 1563 3906 vehementi
1587 3852 1729 3907 desi-

168 3940 288 3993 derio
309 3942 775 4011 ex5pectavimus,
816 3936 940 4007 hoc,
984 3942 1209 3996 Domino
1232 3942 1577 4010 propitiante,
1609 3958 1730 4010 pcr-

168 4038 313 4083 actum
342 4041 445 4086 est.
482 4032 813 4087 Revertente
859 4032 1125 4100 siquidem
1169 4031 1334 4086 fratre
1365 4031 1430 4085 ῐὶ.
1475 4031 1727 4104 [Richar-

168 4117 240 4190 t'o]
265 4121 468 4178 Albano
497 4123 756 4191 episcOpo
780 4162 795 4187 ,
840 4136 1028 4191 pacem
1077 4130 1134 4175 et
1183 4122 1525 4177 concordiam
1562 4123 1729 4177 eremi

170 4210 485 4268 reformatam
515 4255 530 4279 ,
564 4222 620 4267 et
651 4223 703 4267 te
751 4213 804 4267 in
854 4213 1030 4269 locum
1080 4223 1280 4268 sanctze
1319 4214 1593 4269 memoriae
1620 4230 1731 4268 ma-

169 4301 298 4368 gistri
333 4304 609 4360 Bruta-nis
639 4305 968 4361 successisse
987 4306 1359 4376 cognovimus.
1395 4304 1479 4360 Sit
1501 4320 1631 4378 ergo
1677 4308 1731 4361 in

173 4396 213 4441 te
233 4391 461 4460 ejusdem
494 4378 612 4448 Viri
662 4394 883 4463 spiritus
906 4434 921 4459 ,
979 4393 1123 4448 idem
1151 4395 1220 4449 sit
1247 4395 1539 4451 eremiticre
1572 4396 1732 4453 disci-

171 4482 352 4552 ciplina:
383 4487 551 4557 rigor,
586 4486 775 4541 eadem
811 4501 1027 4541 morum
1074 4494 1128 4541 et
1167 4486 1451 4556 gravitatis
1486 4498 1733 4545 constan-

1824 3321 1969 3360 mum
2021 3302 2312 3359 secedendi
2359 3301 2677 3358 facultatem
2709 3303 2934 3367 fecerit,
2976 3317 3075 3357 nec
3117 3302 3297 3372 potius
3341 3300 3410 3355 ad

1822 3393 2176 3449 Carthusiam
2208 3392 2464 3457 redierit,
2494 3392 2633 3447 ratio
2660 3391 2951 3448 afferetur?

1826 3487 1854 3559 §
1888 3486 2121 3541 XXXIII.
2167 3484 2393 3541 Sanctus
2431 3484 2717 3541 Turritana
2761 3484 3025 3540 Calabria:
3051 3500 3223 3540 eremo
3258 3502 3290 3539 a
3319 3502 3409 3541 co—

1895 3581 2020 3635 mite
2054 3578 2272 3651 Rogerio
2305 3578 2557 3644 donatur,
2589 3578 2739 3649 eique
2779 3577 2966 3631 deinde
3006 3594 3040 3630 a
3088 3575 3407 3643 Mesimerio,

1898 3672 2248 3743 Squillacensi
2291 3671 2562 3741 episc0po,
2604 3685 2665 3723 ac
2693 3679 2807 3740 post
2838 3668 2900 3722 ab
2935 3667 3146 3723 Urbano
3182 3668 3246 3722 11
3273 3685 3410 3739 papa

1896 3763 2113 3817 donatio
2139 3762 2251 3815 Ιιωε
2283 3761 2644 3829 confirmatur.

1897 3851 2022 3907 552.
2052 3849 2304 3914 Sanctus,
2330 3848 2474 3903 facta
2496 3848 2597 3903 sibi
2615 3863 2680 3904 eo
2702 3848 2884 3916 modo,
2904 3863 3010 3919 quo
3032 3848 3059 3921 §
3085 3848 3411 3919 praecedenti

1828 3942 2081 4013 exposui,
2112 3956 2142 3996 a
2180 3941 2381 3997 Sicilia:
2410 3949 2466 3996 et
2495 3940 2763 3996 Calabrize
2806 3943 3008 3997 comite
3051 3942 3285 4013 Bogerio
3314 3942 3412 3997 eli-

1831 4032 1987 4103 gendi
2024 4032 2075 4087 in
2117 4032 2411 4087 ditionibus
2446 4032 2675 4102 principi
2710 4032 2837 4087 huic
2867 4032 3152 4103 subjectis,
3209 4033 3407 4100 locum,

1834 4141 1992 4194 quem
2020 4123 2310 4178 eremiticze
2336 4123 2463 4179 vitae
2493 4124 2750 4179 ducendae
2781 4125 3020 4180 maxime
3046 4125 3295 4179 idoneum
3325 4141 3413 4177 ar—

1831 4216 2160 4279 bitraretur,
2191 4212 2501 4269 Calabriam
2542 4229 2667 4267 mox
2710 4214 2997 4283 diligenter
3035 4214 3410 4284 perlustravit,

1831 4320 2062 4375 cumque
2094 4305 2147 4359 in
2174 4305 2314 4360 hanc
2344 4318 2587 4360 eremum
2607 4344 2623 4369 ,
2665 4305 2751 4359 cui
2782 4304 2971 4359 Turris
3008 4318 3235 4368 nomen,
3270 4303 3413 4356 inter

1836 4394 2029 4448 Stilum
2064 4401 2118 4447 et
2155 4393 2390 4448 Arenam
2420 4393 2580 4446 sitam
2622 4391 2874 4459 intraque
2916 4389 3169 4446 dimeesis
3209 4388 3416 4460 Scylla-

1837 4486 2043 4550 censis,
2068 4499 2185 4552 seu,
2219 4491 2277 4539 ut
2302 4483 2393 4538 alii
2421 4484 2703 4548 scribunt,
2733 4481 3124 4552 Squillacensis
3151 4483 3413 4539 terminos

173 4576 246 4641 lia;
273 4579 390 4648 quia
419 4594 542 4644 nos,
570 4576 869 4648 epitulaute
911 4577 1156 4642 Domino,
1186 4578 1446 4648 quidquid
1497 4581 1734 4636 auctori-
1763 4562 1811 4621 Ῐ)
1836 4579 2184 4643 conclusam,
2236 4592 2398 4647 quam
2451 4575 2727 4647 proposito
2783 4591 2882 4631 suo
2933 4576 3366 4646 percommodam
3395 4617 3413 4641 ,

173 4668 274 4722 tatis
295 4679 345 4724 et
364 4670 656 4740 potestatis
679 4669 847 4739 ipsius
876 4668 1119 4740 Magistri
1144 4670 1435 4741 probabilis
1463 4673 1729 4743 sapientia

171 4765 213 4809 et
232 4760 405 4830 religio
428 4762 498 4816 ab
522 4760 832 4830 Apostolica
889 4759 1031 4816 Sede
1072 4762 1376 4831 promeruit
1432 4764 1730 4832 personalio

174 4857 256 4916 ter,
286 4852 383 4908 hoc
412 4854 534 4917 tibi,
559 4852 750 4909 eodem
789 4860 840 4905 te
878 4853 1069 4921 spiritu
1099 4853 1501 4908 concomitante
1525 4895 1539 4918 ,
1596 4870 1729 4909 cou-

173 4940 401 4998 cedimus.
429 4941 693 4998 Volumus
720 4954 922 5009 autem,
955 4953 1014 4999 ut
1049 4944 1102 4999 in
1132 4945 1380 5015 proxima
1422 4944 1730 5017 Quadrage-

174 5029 283 5083 sima
310 5048 407 5088 nos
433 5034 662 5089 visitare
684 5034 903 5099 debeas,
934 5042 1201 5105 quatenus
1222 5034 1400 5090 cordis
1427 5045 1634 5091 secreta
1666 5052 1725 5090 os

174 5121 226 5173 ad
268 5138 325 5179 os
351 5126 561 5195 plenius
590 5126 995 5197 proloquamur.
1042 5125 1262 5182 Interim
1287 5143 1413 5183 vero
1446 5143 1727 5184 monemus

175 5220 221 5265 ut
261 5216 319 5270 de
370 5219 713 5274 resarcienda
765 5233 899 5288 pace
942 5226 1119 5283 terrm,
1170 5234 1330 5288 quam
1382 5220 1730 5275 vehementer

177 5305 420 5360 turbatam
452 5308 776 5372 audivimus,
806 5323 929 5362 cum
974 5306 1235 5364 fratribus
1294 5310 1495 5365 nostris
1522 5319 1576 5365 et
1606 5312 1730 5365 reli-

179 5391 317 5456 giosis
339 5399 491 5463 viris,
514 5400 606 5469 qui
633 5399 778 5454 circa
823 5407 874 5452 te
908 5407 1053 5466 sunt,
1092 5409 1306 5469 satagas
1330 5441 1344 5466 ,
1395 5410 1449 5456 et
1500 5401 1634 5456 alios
1665 5403 1730 5457 ad

180 5482 620 5547 boccommonere
674 5505 950 5561 procures.
1007 5491 1198 5547 Abbati
1257 5493 1444 5549 Sancti
1493 5494 1725 5561 Juliaui,

183 5588 316 5642 quem
389 5583 869 5652 reprehensibilem
939 5583 1243 5640 audivimus
1281 5628 1296 5651 ,
1349 5587 1582 5658 praecipe
1659 5604 1724 5643 ex

184 5670 311 5724 nobis
351 5682 409 5726 ut
447 5687 641 5731 nostra:
673 5674 960 5731 audientiae
1009 5692 1066 5731 se
1113 5688 1499 5748 repraesentet;
1568 5694 1723 5733 eum-

185 5771 266 5823 (ιηρ
313 5763 373 5817 de
424 5776 733 5837 contemptu
773 5765 1071 5821 litterarum
1126 5768 1284 5839 legati
1343 5768 1512 5821 nostri
1564 5768 1724 5821 vehe-

1834 4679 2021 4742 utpote
2052 4678 2355 4725 montosam
2386 4668 2564 4737 valde,
2599 4668 2855 4739 adituque
2880 4668 3103 4723 arduam
3130 4684 3192 4724 ac
3220 4668 3412 4725 difﬁci-

1835 4765 1962 4827 lem,
1993 4761 2310 4831 judicabat,
2346 4762 2667 4827 invenisset,
2701 4762 2846 4818 hunc
2889 4762 2964 4818 illi
3009 4764 3185 4822 locum
3230 4779 3413 4821 comes

1835 4853 2099 4924 Rogerius
2138 4851 2355 4923 publico
2405 4851 2651 4907 confecto
2704 4852 3063 4911 instrumento
3110 4869 3203 4908 seu
3237 4854 3410 4924 diplo-

1834 4954 1978 5000 mate
2039 4928 2428 5015 benignissime
2482 4954 2565 4999 est
2629 4943 2893 5014 largitus,
2960 4944 3413 5014 donationemque

1836 5036 2031 5093 deinde
2059 5032 2404 5089 Mesimerius
2443 5032 2805 5105 Scyllacensis
2834 5033 3120 5104 episcopus
3152 5049 3215 5088 ac
3241 5032 3413 5088 Urba-

1835 5142 1937 5182 nus
1965 5125 2007 5180 lI
2034 5140 2171 5196 papa
2199 5122 2610 5179 conﬁrmarunt.
2650 5122 2884 5179 Chartas
2910 5138 3003 5178 seu
3034 5122 3408 5187 instrumenta,

1835 5220 2031 5292 quibus
2058 5218 2108 5273 id
2137 5215 2407 5281 fecerunt,
2439 5215 2657 5272 lectoris
2683 5215 2873 5281 oculis,
2907 5215 3050 5285 quod
3087 5228 3189 5269 nec
3215 5215 3413 5281 passim

1837 5315 2020 5367 omnia
2053 5309 2121 5365 ad
2160 5323 2380 5363 manum
2408 5308 2535 5375 sint,
2572 5324 2671 5364 nec
2702 5309 2916 5379 paucis,
2948 5321 3069 5375 quae
3101 5306 3168 5361 de
3213 5303 3412 5361 Sancto

1836 5403 1944 5472 jam
1976 5403 2119 5458 dicta
2154 5409 2281 5457 sunt
2313 5416 2378 5455 ac
2409 5416 2576 5470 porro
2619 5401 2900 5465 dicentur,
2943 5399 3120 5454 lucem
3163 5395 3410 5464 afferant,

1831 5492 2033 5563 juverit
2057 5490 2373 5560 subiecisse,
2415 5491 2715 5546 observatis
2754 5490 2820 5544 ad
2846 5487 3177 5559 singulorum
3208 5487 3412 5543 calcem

1836 5586 2127 5650 nonnullis,
2156 5585 2269 5640 sive
2291 5585 2355 5639 de
2380 5585 2525 5639 notis
2549 5583 2839 5649 chronicis,
2865 5582 3059 5653 quibus
3072 5582 3412 5648 muniuntur,

1836 5682 1949 5735 sive
1976 5679 2042 5733 de
2070 5678 2342 5748 personis,
2371 5691 2598 5747 quarum
2632 5675 2847 5729 nomina
2874 5682 3149 5743 notantur,
3181 5677 3295 5734 sive
3323 5678 3413 5731 de-

1837 5772 1998 5840 nique
2023 5769 2087 5823 de
2121 5768 2239 5824 aliis
2263 5767 2692 5838 quibuscunque,
2721 5781 2840 5836 quae
2872 5766 3235 5826 elucidatione
3266 5782 3416 5829 cum-
