3846 6316
459 374 562 430 339

1258 373 1312 428 S.
1354 373 1700 431 BRUNONIS
1735 371 2377 431 CARTHUSIANORUM
2408 365 2892 428 INSTITUTORIS

3572 368 3662 422 5l0

458 490 858 549 mentalioneve
891 487 1242 560 iudiguerint.
1274 487 1319 542 Α
1349 487 1569 560 Rogerii
1607 489 1820 544 comitis
1856 488 2030 558 diplo-
2061 495 2106 550 Α
2135 486 2492 544 affuerunthii
2514 502 2527 539 :
2553 485 2862 554 Stephanus
2887 479 3189 554 presbyter.
3213 476 3662 552 Giralduspra'sby-

459 595 605 640 male
630 583 1042 638 transcribendo
1068 583 1342 638 exordior.
1373 583 1470 638 llis
1489 584 1671 640 verbis
1694 598 1761 638 ex
1787 581 2034 637 Morkeu-

460 676 525 730 sii
575 673 894 729 recensione
937 672 1335 741 concipiturzc
1395 671 1662 743 Rogerius
1717 671 1813 726 Dei
1863 671 2036 740 gratia

459 783 642 823 comes
672 765 936 821 Calabria:
965 774 1021 820 et
1049 764 1248 820 Sicilia:
1274 765 1528 819 omnibus
1559 763 1806 817 ﬁdelibus
1843 762 1955 817 suis
1983 771 2038 816 et

459 859 716 914 Ecclesia:
749 859 842 913 Dei
875 857 1000 912 ﬁliis
1031 866 1136 911 tam
1167 855 1522 926 praasentibus
1551 871 1711 926 quam
1747 854 1944 908 futuris
1981 853 2035 907 in

459 951 690 1006 Domino
727 939 973 1006 salutem.
1023 947 1216 1003 Notqu
1248 963 1365 1003 esse
1409 948 1656 1002 volumus
1701 945 2036 1001 fraternitati

459 1053 678 1110 vestrae,
711 1060 808 1114 per
841 1044 934 1098 Dei
965 1040 1392 1097 misericordiam
1419 1055 1448 1094 a
1474 1039 1768 1096 Galliarum
1795 1037 2039 1108 partibus

459 1134 528 1187 ad
573 1134 850 1204 regionem
894 1134 1053 1187 istam
1089 1130 1350 1186 Calabria:
1389 1138 1590 1184 sanctae
1634 1126 1932 1196 Religionis
1959 1125 2042 1179 vi-

459 1237 575 1286 ros,
612 1221 920 1276 Bruuonem
968 1219 1218 1276 videlicet
1255 1227 1310 1274 et
1353 1217 1654 1273 Lanviuum
1693 1232 1819 1271 cum
1873 1214 2038 1269 sociis

461 1328 646 1369 eorum
679 1315 1021 1385 pervenisse,
1051 1313 1172 1382 qui,
1197 1321 1506 1382 contempta
1537 1308 1826 1366 mundialis
1856 1306 2038 1380 gloriae

458 1405 719 1469 vanitate,
751 1403 849 1458 soli
883 1405 992 1459 Deo
1017 1403 1296 1474 elegerunt
1324 1402 1576 1458 militare.

531 1495 657 1550 555.
694 1515 711 1547 ι
748 1494 949 1550 Horum
977 1495 1160 1564 itaque
1190 1491 1516 1549 desiderium
1547 1507 1647 1563 ego
1683 1505 2036 1563 cognoscens,

459 1596 515 1641 et
540 1587 775 1656 ipsorum
811 1587 1024 1642 meritis
1049 1596 1102 1643 et
1135 1587 1389 1657 precibus
1419 1585 1558 1655 apud
1587 1587 1754 1639 Deum
1793 1584 2036 1655 adjuvari

459 1679 792 1742 desiderans,
813 1679 879 1733 ab
901 1693 1088 1733 eorum
1119 1677 1385 1732 charitate
1414 1675 1598 1730 multis
1621 1675 1870 1746 precibus
1897 1674 2040 1729 obti-~

456 1769 572 1832 nui,
603 1779 662 1824 ut
686 1769 736 1822 in
767 1779 913 1824 terra
940 1782 1061 1823 mea
1090 1768 1264 1823 locum
1295 1767 1395 1823 sibi
1426 1767 1658 1821 habilem
1681 1767 1962 1837 eligerent,
1986 1764 2038 1818 in

2139 594 2241 648 ter,
2271 582 2466 637 Petrus
2513 579 2578 634 de
2619 576 2888 631 Moritono
2921 571 3044 644 {al.,
3075 567 3405 639 Meritonio].
3433 569 3662 626 Ricardus

2137 675 2391 737 Maletus,
2425 669 2724 740 Ragnull‘us
2753 662 3225 727 elremosinarius,
3269 659 3504 716 Nicolaus
3536 669 3666 714 nota-

2137 768 2250 821 rius
2272 775 2325 819 et
2357 763 2446 818 alii
2479 760 2681 832 plures.
2715 778 2733 810 »
2765 753 3118 817 Morkensius,
3142 767 3172 804 e
3197 749 3345 820 cujus
3373 750 3664 815 recensione,

2137 868 2196 912 ut
2234 856 2347 925 jam
2380 852 2600 916 monui,
2646 849 2788 902 hanc
2815 847 3062 901 chartam
3094 842 3182 897 hic
3208 842 3451 904 exhibeo,
3491 841 3668 908 integre

2138 947 2379 1002 recitata:
2412 941 2684 1012 subjuugit
2720 957 2734 994 :
2769 956 2788 990 ι
2824 936 2993 1002 hota,
3019 935 3162 990 hanc
3187 933 3425 988 chartam
3461 931 3672 986 dormio-

2137 1043 2224 1099 nis
2246 1055 2463 1098 eremus
2487 1036 2816 1096 Calabrinae,
2846 1042 2980 1096 etc.,
3013 1031 3081 1085 ab
3114 1027 3263 1083 Italia
3287 1042 3348 1080 ex
3378 1025 3674 1094 autographa

2137 1129 2472 1203 desumptam
2504 1127 2706 1198 accepi.
2740 1125 2837 1179 Est
2871 1137 3086 1193 quoque
3134 1121 3186 1174 iu
3218 1117 3492 1172 Annotatis
3534 1115 3671 1185 (pag.

2139 1240 2330 1295 nempe
2367 1223 2462 1278 I99
2497 1229 2552 1276 et
2583 1218 2757 1274 tribus
2785 1214 2965 1285 seqq.)
2994 1214 3062 1266 ad
3109 1209 3286 1264 Vitam
3339 1206 3394 1262 S.
3443 1205 3673 1295 Bt‘tlllOlti—S

2139 1293 2355 1373 Suriani
2386 1311 2579 1369 nostri.
2612 1308 2690 1364 Ex
2740 1308 2844 1363 hac
2879 1302 3169 1360 manifeste
3194 1307 3420 1358 constat,
3452 1295 3506 1349 S.
3535 1294 3590 1348 Ρ.
3619 1293 3672 1348 Ν.

2136 1413 2449 1468 Brunonem
2480 1420 2603 1461 cum
2633 1398 2875 1456 Lanvino
2901 1403 2958 1452 et
3001 1393 3205 1464 aliquot
3246 1389 3402 1445 sociis
3422 1386 3526 1454 jam
3557 1400 3680 1471 anno.

2139 1500 2279 1558 1090
2308 1515 2373 1554 ex
2403 1495 2590 1554 Galliae
2612 1489 2862 1564 partibus
2885 1486 2937 1542 in
2965 1481 3274 1541 Calabriam
3294 1479 3516 1541 venisse,
3542 1487 3678 1543 atque

2138 1611 2168 1648 a
2193 1591 2428 1664 Roget-io
2458 1587 2657 1644 comite
2689 1583 2856 1638 fuisse
2884 1588 3130 1649 rogatum
3170 1585 3230 1629 ut
3282 1573 3334 1628 in
3358 1584 3418 1624 ea
3445 1580 3575 1624 terra
3601 1583 3678 1621 sua

2141 1690 2464 1742 remaneret,
2491 1679 2822 1746 eligeretque
2841 1684 3085 1726 cremum
3102 1664 3376 1738 proposito
3397 1677 3488 1716 suo
3499 1675 3680 1717 accom-

2141 1773 2380 1829 modam.
2420 1789 2436 1821 ι
2466 1769 2542 1822 Ita
2571 1765 2692 1831 ille,
2724 1773 2778 1818 et
2811 1772 2958 1816 recte
2983 1773 3148 1823 sane,
3174 1764 3430 1826 quantum
3461 1751 3578 1804 mihi
3602 1764 3682 1817 ap-

459 1875 568 1930 quo
595 1860 660 1913 ad
693 1859 1035 1915 serviendum
1084 1859 1227 1926 Deo,
1269 1859 1449 1930 qualia
1482 1858 1709 1924 vellent,
1740 1856 2040 1913 habitacula

2153 1872 2298 1937 paret
2327 1881 2340 1916 :
2374 1868 2500 1916 sunt
2529 1867 2731 1923 tamen,
2765 1853 2857 1923 qui
2890 1851 3170 1906 recitatam
3215 1843 3515 1900 donationis
3541 1857 3565 1894 a
3591 1839 3680 1892 Ro-

459 1961 851 2021 praepararcnl.
867 1951 1152 2022 Elegerunt
1176 1951 1218 2006 si
1245 1951 1460 2021 quidem
1479 1951 1530 2006 in
1559 1960 1700 2006 terra
1723 1966 1838 2006 mea
1855 1965 2042 2020 quern-

459 2045 583 2098 dam
616 2047 920 2100 solitudinis
949 2045 1124 2101 locum
1161 2046 1321 2101 situm
1354 2045 1493 2100 inter
1519 2044 1693 2100 locum
1718 2043 1806 2114 qui
1847 2043 2042 2097 dicitur

460 2135 673 2198 Arena,
715 2145 769 2189 et
803 2133 1056 2204 oppidum
1100 2133 1242 2205 quod
1293 2133 1590 2204 appellatur
1629 2131 1844 2186 Stilum.
1887 2131 2043 2187 lluuc

459 2241 561 2296 ego
590 2225 766 2280 locum
797 2227 862 2281 ad
903 2226 1163 2281 honorem
1209 2224 1306 2279 Dei
1345 2223 1755 2294 omnipotentis,
1787 2223 1966 2277 Patris
1989 2230 2044 2276 et

460 2317 580 2371 Filii
619 2325 674 2372 et
703 2316 936 2386 Spiritus
961 2317 1166 2382 sancti,
1213 2325 1269 2372 et
1318 2316 1383 2370 ad
1429 2317 1688 2370 honorem
1716 2315 2044 2369 beatissima:

463 2406 645 2461 Mariae
676 2421 890 2477 semper
914 2405 1152 2477 Virginis
1189 2406 1467 2475 genitricis
1494 2404 1695 2460 Christi
1727 2404 1820 2457 Dei
1847 2413 1902 2457 et
1936 2403 2044 2458 Do—

466 2498 598 2552 miui
638 2499 805 2552 nostri
848 2499 1195 2568 omniumque
1235 2497 1556 2553 Sanctorum
1585 2497 1779 2552 donavi
1818 2496 1922 2559 eis,
1955 2511 2050 2551 eo-

466 2605 696 2660 rumque
747 2591 1150 2647 successoribus
1199 2591 1395 2646 ibidem
1438 2590 1548 2646 Deo
1597 2590 1878 2646 servituris
1922 2607 2043 2645 cum

465 2689 576 2734 tota
622 2680 754 2734 silva
803 2690 857 2737 et
917 2690 1063 2737 terra
1117 2689 1171 2736 et
1201 2696 1340 2751 aqua
1388 2689 1442 2736 et
1487 2690 1670 2735 monte
1707 2681 1760 2735 in
1813 2681 2044 2751 spatium

464 2774 624 2830 unius
664 2773 832 2844 leuga:
875 2772 994 2845 [al.,
1047 2771 1231 2845 leuem]
1279 2772 1332 2826 in
1360 2772 1508 2827 omni
1557 2781 1712 2841 parte
1749 2772 2044 2842 adjacenti,

465 2867 771 2922 concedens
799 2875 854 2920 et
880 2866 1238 2930 constituens,
1271 2873 1537 2934 quatenus
1567 2861 1743 2918 locum
1779 2863 1940 2918 istum
1986 2863 2049 2917 li-

452 2955 594 3010 bere
622 2965 677 3011 ct
705 2957 886 3026 quiete
913 2971 1034 3011 cum
1065 2956 1168 3011 hac
1202 2954 1505 3023 adjacentia
1531 2969 1628 3009 sua
1654 2953 1705 3007 in
1730 2962 2046 3024 perpetuum

463 3051 807 3123 possideant;
841 3066 939 3106 nec
959 3066 1026 3106 ex
1054 3051 1157 3105 hoc
1189 3049 1317 3104 mihi
1345 3047 1429 3102 vel
1460 3045 1618 3102 alicui
1665 3062 1910 3116 persona:
1953 3061 2049 3099 an-

465 3141 671 3211 gariant
713 3141 796 3196 vel
841 3141 1119 3196 servitium
1169 3139 1391 3194 faciant.
1432 3138 1721 3194 Contcstor
1766 3145 1948 3192 autem
1996 3144 2050 3191 et

2143 1935 2295 2026 gerio
2332 1953 2490 2010 facta:
2536 1951 2780 2006 chartam
2827 1953 2954 1999 ante
2995 1956 3196 1996 annum
3233 1937 3361 1992 1091
3397 1935 3562 1988 datam
3595 1946 3683 1986 non

2145 2021 2343 2112 fuisse,
2369 2041 2734 2102 contendunt,
2781 2036 2922 2106 quod
2959 2046 3147 2087 mense
3185 2027 3442 2084 Januario
3487 2033 3572 2078 aut
3605 2021 3687 2076 Fe-

2143 2134 2366 2195 bruario
2392 2137 2648 2204 scriptam
2675 2131 2815 2185 hanc
2838 2141 2959 2182 esse
2975 2121 3460 2192 velint,hiqucduo
3481 2131 3684 2181 menses,

2145 2237 2386 2299 spectata
2407 2271 2422 2295 ,
2452 2240 2613 2296 quam
2641 2221 2907 2292 Rogerius
2935 2229 3120 2272 comes
3163 2225 3382 2269 secutus
3409 2213 3505 2278 sit,
3544 2222 3687 2262 annos

2149 2319 2380 2382 Domini,
2409 2334 2512 2373 non
2550 2317 2617 2371 ab
2645 2315 2762 2385 ejus
2790 2310 3105 2375 Nativitate,
3136 2307 3230 2362 sed
3259 2305 3327 2360 ab
3350 2303 3688 2360 lncarnatioue

2147 2409 2524 2479 consequeudo
2555 2421 2655 2460 nos
2681 2403 2854 2457 tribus
2903 2398 3212 2463 mensibus,
3247 2392 3578 2465 computandi
3613 2405 3688 2443 ra-

2147 2505 2312 2566 tione,
2348 2516 2451 2554 nou
2478 2499 2529 2552 in
2561 2510 2764 2550 annum
2796 2491 2954 2557 1090,
2980 2487 3134 2556 cujus
3161 2486 3438 2541 mensibus
3463 2479 3691 2538 Januario

2148 2603 2204 2650 et
2231 2589 2532 2648 Februario
2559 2587 2796 2641 Sanctus
2825 2577 3256 2640 verosimillime,
3287 2591 3352 2630 ne
3375 2576 3542 2630 dicam
3564 2572 3690 2625 indu-

2148 2686 2270 2748 bie,
2313 2684 2366 2739 in
2391 2679 2679 2737 Carthusia
2727 2675 2903 2730 adhuc
2931 2670 3278 2738 versabatur,
3303 2667 3398 2724 sed
3441 2667 3493 2722 in
3521 2677 3691 2719 annum

2151 2778 2283 2833 1091
2317 2775 2576 2830 incidisse
2599 2770 2853 2825 debeant.
2904 2805 2916 2816 .

2219 2866 2345 2921 555.
2369 2865 2567 2921 Verum
2597 2858 2891 2931 Rogerium
2919 2869 3092 2910 annos
3125 2851 3363 2919 Domini,
3387 2864 3487 2904 non
3510 2845 3573 2901 ab
3597 2843 3692 2914 ejus

2148 2957 2560 3020 lncarnatioue,
2613 2952 2708 3008 scd
2739 2966 2769 3005 a
2803 2947 3101 3002 Nativitate
3147 2951 3464 3014 computare
3509 2937 3693 2993 solitum

2151 3053 2338 3118 fuisse,
2360 3049 2506 3104 varia
2539 3048 2654 3118 ejus
2685 3043 2823 3114 apud
2852 3040 3128 3095 Bocchum
3152 3037 3370 3090 Pirrum
3389 3029 3693 3118 ,Ughellum

2153 3117 2396 3210 aliosque
2425 3117 2693 3192 exstantia
2724 3131 3017 3201 diplomata
3046 3127 3206 3181 ﬁdem
3235 3125 3458 3190 faciunt,
3479 3121 3552 3174 uti
3576 3117 3698 3188 quis-

468 3232 785 3288 coutradico
813 3248 878 3288 ex
907 3242 1061 3301 parte
1085 3232 1183 3287 Dei
1212 3229 1602 3300 omnipotentis
1625 3238 1680 3285 et
1708 3239 1906 3284 sanctae
1932 3229 2048 3284 Ma-
2077 3201 2120 3264 C
2153 3248 2278 3304 que,
2306 3201 2398 3302 qui
2425 3230 2539 3284 haec
2567 3225 2851 3283 consulere
2875 3220 3122 3286 voluerit,
3156 3217 3319 3273 facile
3349 3210 3698 3284 deprehendet.

469 3325 564 3378 riae
591 3337 861 3394 perpetua:
884 3324 1121 3394 Virginis
1141 3332 1194 3379 et
1219 3323 1460 3377 omnium
1487 3330 1796 3376 sanctorqu
1817 3331 1873 3375 et
1897 3335 2014 3374 mea
2031 3362 2046 3386 ,

467 3429 542 3468 ne
590 3414 661 3467 sit
694 3414 889 3483 aliquis
927 3428 1168 3468 meorum
1205 3420 1298 3466 aut
1343 3420 1758 3473 extraneorum,
1791 3410 2048 3480 stratigo-

472 3515 562 3559 tus
593 3505 712 3578 ιρι..
743 3505 1034 3578 strategus]
1067 3504 1315 3558 videlicet
1342 3511 1432 3556 aut
1460 3501 1787 3566 vicecomes,
1817 3499 2052 3555 rusticus

473 3607 570 3650 aut
598 3597 774 3662 miles,
807 3613 994 3652 servus
1016 3597 1130 3650 sive
1152 3595 1310 3663 liber,
1338 3594 1429 3666 qui
1459 3595 1512 3648 in
1543 3593 1663 3648 loco
1687 3594 1789 3648 isto
1813 3607 2049 3662 pascuae,

473 3687 562 3741 vel
599 3686 944 3757 agricultura:
981 3701 1071 3741 seu
1102 3688 1265 3741 etiam
1297 3672 1612 3756 piscationis
1647 3690 1740 3738 aut
1785 3682 2050 3753 lignorum

474 3779 759 3836 occasione
780 3819 796 3842 ,
821 3787 914 3833 aut
951 3793 1018 3832 ex
1045 3793 1368 3850 quacunque
1397 3791 1562 3832 causa
1605 3775 1779 3830 servis
1814 3773 1906 3828 Dei
1937 3789 2052 3828 mo-

476 3869 692 3926 lestiam
728 3881 821 3926 aut
849 3871 1099 3941 injuriam
1134 3871 1326 3936 faciat;
1357 3871 1452 3925 sed
1489 3869 1542 3924 in
1573 3883 1758 3924 eorum
1789 3875 2055 3938 potestate

478 3966 550 4018 sit
583 3965 896 4034 praedictum
942 3964 1116 4019 locum
1171 3979 1293 4019 cum
1333 3970 1438 4017 tota
1483 3960 1784 4032 adjacentia
1831 3973 1926 4014 sua
1968 3973 2056 4014 se-

478 4055 714 4110 cundum
743 4057 1076 4110 voluntatem
1107 4072 1258 4110 suam
1287 4055 1600 4124 possidere,
1632 4053 1942 4124 disponere,
1971 4067 2058 4104 or-

477 4147 666 4203 dinare
695 4156 748 4203 et
777 4164 1020 4218 erogare.
1055 4147 1205 4214 Quod
1231 4147 1274 4202 si
1305 4146 1427 4216 quis
1457 4146 1714 4216 deinceps
1740 4151 1927 4198 contra
1959 4143 2058 4197 hu-

471 4239 560 4306 jus
591 4242 801 4312 paginae
825 4241 1263 4296 constitutionem
1294 4240 1479 4293 venire
1507 4236 1928 4307 praesumpserit,
1959 4235 2058 4287 im-

478 4336 666 4403 primis
711 4337 814 4391 nisi
846 4337 1004 4408 digne
1041 4335 1394 4402 satisfecerit,
1451 4334 1588 4388 iram
1629 4333 1722 4388 Dei
1753 4342 1807 4386 et
1838 4331 2061 4386 maledi-

478 4428 712 4482 ctiouem
747 4431 1012 4495 incurrat,
1038 4439 1093 4484 ct
1113 4436 1308 4484 conatu
1340 4425 1432 4481 tali
1460 4427 1524 4479 ad
1551 4425 1775 4480 nihilum
1804 4423 2022 4478 redacto
2043 4464 2057 4487 ,

2153 3303 2322 3380 Porro
2338 3320 2676 3378 Mabillonius
2707 3317 2801 3372 lib.
2819 3328 2984 3370 vaut
3008 3311 3322 3378 Annalium,
3340 3324 3486 3363 num.
3508 3304 3572 3359 3‘2
3590 3303 3703 3356 reri-

2155 3427 2320 3474 talam
2349 3415 2508 3470 modo
2534 3409 2843 3468 donationis
2866 3409 3112 3462 chartam
3142 3419 3265 3460 cum
3295 3404 3501 3466 charta,
3534 3395 3654 3452 infra
3677 3407 3701 3444 a

2154 3509 2309 3565 nobis
2338 3507 2502 3564 etiam
2545 3501 2823 3560 recitauda
2843 3544 2858 3568 ,
2900 3513 3004 3569 qua
3034 3505 3219 3568 postea
3259 3493 3524 3564 [logerius
3548 3501 3704 3544 comes

2155 3601 2458 3657 'l‘urritame
2483 3610 2690 3661 eremo,
2719 3607 2882 3664 quam
2912 3587 3151 3644 Brunoni
3179 3586 3407 3656 ejusque
3442 3577 3702 3644 sociisjam

2155 3701 2280 3748 ante
2311 3692 2573 3755 donarat,
2609 3685 2871 3748 terminos
2909 3677 3342 3745 circumscripsit
3375 3689 3466 3729 seu
3496 3669 3706 3737 assigna-

2155 3785 2259 3852 vit,
2288 3778 2592 3843 confundit,
2616 3776 2863 3843 hancque
2895 3779 3158 3842 praeterea
3204 3765 3440 3834 Bogerio
3469 3760 3577 3816 duci
3607 3770 3707 3827 pcr-

2157 3890 2342 3947 peram
2387 3868 2668 3933 attribuit;
2701 3865 2844 3935 quod
2884 3871 3176 3930 utrumque
3224 3874 3334 3912 non
3377 3867 3584 3926 possunt
3621 3861 3707 3902 non

2160 3963 2368 4029 mirari,
2399 3975 2520 4016 cum
2546 3959 2662 4013 lucc
2691 3957 2804 4026 ipsa
2833 3954 3045 4018 charta,
3075 3965 3234 4020 quam
3259 3963 3326 4001 ex
3355 3955 3503 4017 parte
3527 3958 3588 3996 co
3615 3951 3708 4029 Ipse

2160 4059 2280 4114 loco
2309 4026 2658 4114 transcribit,
2689 4061 2985 4119 quamque,
3010 4053 3068 4098 ut
3098 4041 3281 4096 monui
3303 4081 3316 4103 ,
3359 4035 3581 4108 Bogerio
3609 4026 3708 4119 duci

2159 4147 2430 4206 attribuit,
2471 4144 2524 4198 iu
2555 4118 2762 4212 capite,
2808 4155 2912 4193 non
2942 4135 3158 4207 Roget-ii
3188 4133 3375 4200 ducis,
3407 4131 3496 4184 sed
3525 4118 3709 4194 Rogerii

2159 4242 2376 4301 comitis
2402 4254 2597 4295 nomen
2626 4220 2765 4306 apud
2797 4249 2918 4288 cum
2948 4228 3230 4302 praeferat,
3267 4221 3640 4296 sequentiaque
3666 4212 3711 4265 in

2160 4344 2417 4394 contextu
2457 4332 2622 4386 verba
2655 4328 2937 4383 contineat
2970 4341 2984 4378 :
3023 4341 3041 4373 ι
3079 4321 3234 4376 Hunc
3267 4334 3398 4388 ergo
3429 4316 3624 4373 locum,
3655 4307 3712 4360 si-

2164 4441 2276 4486 tum
2305 4428 2513 4483 scilicet
2555 4427 2696 4479 inter
2719 4422 2895 4476 locum
2925 4417 3016 4486 qui
3050 4415 3249 4470 dicitur
3270 4414 3474 4476 Arena,
3508 4415 3558 4462 et
3583 4400 3712 4472 oppi-

479 4535 579 4588 pro
618 4523 1032 4592 praesumptione
1063 4530 1209 4576 tanta
1250 4531 1468 4576 centum
1507 4519 1766 4576 librarum
1799 4517 1914 4573 auri
1944 4531 2059 4587 pcn-
2083 4550 2136 4608 υ
2163 4523 2290 4576 dum
2326 4517 2467 4590 quod
2513 4514 2813 4586 appellatur
2859 4509 3088 4572 Stilum,
3123 4521 3218 4560 seu
3251 4503 3594 4600 Turritanam
3617 4508 3715 4595 ert:-

481 4627 604 4664 uam
633 4613 685 4666 in
718 4615 864 4668 curia
896 4623 1081 4669 nostra
1109 4614 1392 4670 sustineat.

561 4703 684 4758 554.
721 4725 738 4756 ‹
775 4705 939 4776 Igitur
963 4715 1020 4761 ut
1043 4707 1358 4761 constitutio
1377 4706 1492 4760 haec
1517 4703 1837 4759 inviolabilis
1858 4711 1913 4758 et
1940 4717 2057 4756 om-

478 4796 610 4850 nino
638 4798 790 4849 ﬁrma
813 4806 1146 4866 permaneat,
1172 4797 1503 4852 concedente
1526 4811 1694 4850 uxore
1727 4809 1842 4849 mea
1869 4792 2056 4848 Adclai

480 4888 755 4943 comitissa
786 4899 843 4943 et
869 4889 975 4943 lilio
1004 4905 1124 4945 meo
1152 4888 1376 4946 Gofrido
1399 4889 1452 4943 in
1475 4888 1761 4958 praesentia
1790 4887 2055 4942 bonorqu

482 4980 761 5035 hominum
791 4981 1136 5037 donationem
1171 4982 1330 5036 istam
1366 4979 1468 5035 feci
1504 4988 1559 5036 et
1605 4980 1784 5050 sigillo
1815 4994 1934 5033 meo
1981 4976 2058 5030 si-

481 5073 655 5143 g‘llari
709 5073 960 5144 prmccpi.
997 5074 1106 5144 Ego
1155 5073 1442 5137 Gofridus,
1478 5071 1773 5127 Melitcnsis
1804 5070 2060 5126 Ecclesia:

481 5167 788 5237 cpiscopus,
827 5166 952 5221 licet
981 5166 1254 5236 indignus,
1291 5165 1536 5220 chartam
1583 5163 1726 5216 hanc
1754 5177 1914 5215 manu
1944 5178 2060 5216 mea

462 5260 675 5330 ascripsi
713 5270 900 5330 rogatu
938 5259 1154 5314 comitis
1180 5257 1394 5329 Rogerii
1419 5296 1436 5322 ,
1486 5254 1715 5309 laudans
1765 5262 1819 5308 et
1863 5254 2058 5308 contir-

463 5347 638 5408 'maus
663 5352 1106 5407 constitutionem
1132 5352 1305 5416 hanc,
1343 5348 1692 5403 anathemate
1723 5361 1852 5400 vero
1880 5353 1935 5400 et
1969 5359 2064 5398 ex-

483 5444 975 5499 conunnuicatione
1023 5443 1286 5496 damnans
1344 5454 1499 5504 eum,
1561 5438 1869 5507 quicunque
1924 5437 2065 5490 hanc

484 5535 780 5604 infringere
814 5533 1238 5604 prresumpserit,
1272 5531 1377 5586 nisi
1410 5539 1586 5585 tamen
1619 5529 1946 5598 resipiscens
1978 5542 2064 5581 sa-

484 5625 763 5681 tisfecerit.
799 5627 959 5680 Facta
987 5634 1110 5681 sunt
1138 5627 1254 5680 hmc
1282 5639 1424 5679 anno
1455 5622 1522 5677 ab
1551 5621 1925 5676 lncarnatioue
1957 5619 2062 5674 Do—

483 5719 614 5773 mini
668 5716 953 5770 millesimo
999 5716 1368 5786 nonagesimo.
1413 5715 1639 5784 Insuper
1679 5711 1873 5766 donavi
1923 5710 2062 5765 Mole

484 5825 606 5864 cum
630 5809 751 5866 ﬁliis
775 5809 886 5866 suis
913 5811 978 5864 ad
1000 5807 1406 5866 custodiendam
1433 5805 1642 5863 silvam.
1669 5803 1856 5860 Testes
1880 5812 2056 5858 autem

2163 4629 2308 4668 mum
2343 4583 2406 4664 et
2449 4583 2628 4662 munia
2674 4603 2914 4670 undique
2964 4601 3017 4652 iu
3054 4597 3287 4652 circuitu
3335 4589 3627 4660 adjacentia
3671 4583 3713 4636 iu

2162 4703 2391 4774 spatium
2425 4700 2585 4753 unius
2613 4696 2779 4749 leuca:
2824 4693 2939 4746 Deo
2967 4697 3021 4744 et
3055 4689 3113 4742 Β.
3163 4686 3366 4749 Mariae,
3399 4700 3462 4738 ac
3493 4680 3613 4752 ipsis
3639 4690 3716 4729 co—

2163 4807 2391 4862 rumque
2421 4787 2828 4846 successoribus
2872 4785 2922 4837 in
2957 4780 3318 4852 preprictate,
3367 4778 3507 4830 sicut
3554 4778 3713 4826 nostra

2167 4887 2402 4950 fuerunt,
2430 4881 2531 4936 sub
2563 4881 2709 4934 omni
2744 4874 3085 4930 immunitate
3113 4880 3276 4939 atque
3304 4869 3551 4922 libertate
3573 4862 3716 4914 dona-

2165 4978 2430 5029 vimus....
2485 4969 2814 5039 Rogavimus
2863 4965 3084 5034 insuper
3122 4958 3487 5015 venerabilem
3533 4953 3716 5006 virum.

2167 5068 2497 5122 Meliteusem
2544 5063 2852 5132 episcopum
2886 5055 3178 5112 Gofredum
3228 5069 3391 5123 super
3440 5053 3539 5106 hac
3576 5047 3719 5097 dona-

2169 5161 2315 5215 tione
2363 5165 2545 5213 nostra
2597 5149 3025 5208 confirmationis
3073 5147 3316 5202 chartam
3361 5137 3715 5200 conscribere.

2167 5267 2330 5322 quam
2375 5258 2430 5303 et
2479 5245 2922 5318 sigillavimus....
2978 5241 3118 5294 hanc
3167 5248 3350 5293 autem
3403 5233 3716 5290 donationcm

2169 5320 2409 5396 nostram
2458 5345 2563 5390 tam
2593 5336 2822 5390 domnus
2870 5329 3198 5402 apostolicus
3247 5335 3432 5380 noster
3463 5320 3716 5402 Urbanus,

2171 5447 2330 5502 quam
2375 5427 2730 5498 Squillatinus
2770 5401 3054 5492 episcopus
3100 5417 3451 5477 Theodorus,
3503 5411 3552 5464 in
3590 5401 3720 5502 cuius

2169 5496 2480 5594 episcopatu
2521 5519 2636 5588 ipse
2673 5517 2825 5571 locus
2859 5515 2994 5569 situs
3022 5520 3126 5576 est,
3157 5509 3536 5565 landaveruut,
3571 5496 3718 5569 privi-

2169 5593 2325 5685 legiis
2375 5610 2836 5688 conﬁrmaverunt
2891 5612 3056 5676 atque
3115 5598 3344 5656 terribili
3403 5593 3720 5649 anathemate

2169 5707 2518 5768 munierunt;
2555 5721 2574 5753 ι
2611 5701 2809 5772 quibus
2851 5713 2974 5753 cum
3027 5695 3242 5750 dicatur
3306 5689 3551 5746 Urbanus
3603 5691 3719 5772 papa

2170 5799 2474 5856 Turritana:
2505 5793 2772 5851 Calabria:
2801 5790 2969 5848 eremi
3003 5786 3380 5852 donationem,
3415 5778 3474 5836 S.
3508 5767 3719 5832 Brunoni
