3896 6312
158 376 236 434 Sil
1661 370 1725 426 Α(

1829 403 1858 427 ι.
3267 372 3378 429 319

166 512 188 547 ιι
214 491 389 549 comite
419 489 654 561 Rogerio
689 488 915 557 factam,
955 487 1337 555 conﬁrmasse,
1371 488 1696 557 chartaque,
1728 490 1775 545 Α
1804 487 1996 542 deinde
2028 502 2191 556 penes
2223 485 2387 540 lilium
2416 487 2535 556 ejus
2576 486 2864 558 Rogerium
2888 489 3161 545 exstitisse
3188 490 3377 545 videa-

165 602 250 654 qua
278 586 323 638 id
348 582 489 648 fecit,
520 597 665 636 anno
688 582 844 649 1092,
878 582 950 635 ιιιί
976 582 1201 650 ipsemet
1226 579 1563 634 Mabillonius
1588 578 1704 632 loco
1808 584 1918 642 tur,
1950 576 2211 631 Calabria:
2254 592 2357 630 non
2403 578 2581 631 minus
2639 592 2798 646 quam
2829 576 3027 632 Sicilia:
3063 593 3248 632 eomes
3278 592 3378 633 au-

165 680 243 732 cit.
276 674 485 738 fatetur,
520 674 650 728 data
693 674 877 742 fuerit,
924 688 1026 727 non
1057 672 1243 736 video,
1273 670 1363 740 qui
1393 669 1586 724 merito
1616 668 1704 722 hic
1806 667 1925 731 diit,
1959 676 2068 721 tres
2101 681 2297 721 uxores
2339 667 2603 731 diversas,
2650 667 2692 719 si
2739 667 2927 720 harum
2959 676 3137 721 tamen
3175 668 3376 736 prima,

165 767 366 833 scriptor
392 765 671 828 chartam,
705 780 865 832 quam
894 779 959 819 ex
989 771 1140 832 parte
1172 763 1397 825 reeitat,
1437 773 1706 829 quamque
1804 774 1925 829 qua:
1989 761 2055 813 ab
2093 758 2349 814 Orilerico
2410 758 2569 813 Vitali
2631 756 3062 811 Norrnanuorum
3122 757 3374 814 Historiae

165 871 285 910 anno
314 854 438 909 l093
463 855 727 924 signatam
759 855 996 918 exhibet,
1023 869 1122 924 pro
1143 853 1357 916 charta,
1388 865 1492 920 qua
1534 849 1707 919 Roge-
1809 852 1904 905 lib.
1939 867 2035 915 ιιι,
2068 868 2189 922 pag.
2223 851 2350 915 184,
2388 850 2571 905 Judith
2593 891 2607 917 ,
2639 867 2665 903 a
2697 849 2968 904 Gaufredo
2998 858 3177 903 autern
3212 849 3379 903 ill-ala-

168 948 262 1001 rius
287 947 470 1000 dictam
507 960 754 1000 eremum
786 946 843 999 S.
880 944 1116 999 Brunoni
1146 944 1371 1014 ejusque
1400 940 1561 997 sociis
1596 939 1707 1010 pri-
1812 950 1955 995 terra
1988 940 2237 995 Historiae
2270 940 2465 995 Sicula:
2489 939 2581 994 lib.
2607 955 2675 1005 ιι,
2708 955 2827 1010 cap.
2856 940 2945 1004 29,
2978 940 3178 994 Delicia
3216 955 3379 994 voca-

167 1054 291 1092 ntusu
315 1038 543 1097 deuavlt,
573 1037 820 1104 accipere
847 1035 1093 1104 poluerit.
1808 1039 1920 1097 tur,
1960 1032 2144 1086 uxoris
2196 1031 2447 1101 legitima:
2496 1030 2711 1085 nomine
2755 1031 2940 1086 venire
2968 1039 3159 1100 queat,
3191 1030 3380 1084 matri-

225 1124 335 1178 556.
367 1126 639 1188 Attamen,
679 1139 801 1178 eum
845 1124 1186 1179 Mabillonius
1213 1139 1374 1194 supra
1400 1121 1705 1187 recitatam,
1809 1123 1991 1177 monio
2034 1124 2137 1177 sibi
2184 1122 2399 1193 junctas
2448 1121 2655 1177 habuit.
2699 1122 2881 1178 Prima
2925 1123 3100 1178 nrrllos
3141 1124 3268 1194 ipsi,
3303 1123 3380 1176 uti

165 1230 251 1284 qua
278 1214 531 1284 Regerius
564 1212 829 1268 Calabriae
851 1221 907 1267 et
929 1212 1126 1268 Siciliae
1150 1228 1333 1268 cernes
1363 1213 1708 1267 Turritanarn
1809 1215 2059 1270 laudatus
2102 1215 2393 1271 Orrlericus
2423 1216 2616 1272 Vitalis
2658 1216 2775 1272 loco
2810 1218 2908 1272 cit.
2954 1217 3138 1283 docet,
3184 1216 3381 1271 liberos

165 1321 378 1360 eremum
415 1305 613 1359 Sancto
646 1314 832 1361 nostro
876 1321 1003 1361 vere
1045 1306 1298 1372 donavit,
1350 1306 1597 1360 chartam
1642 1304 1710 1358 ad
1811 1308 2054 1377 peperit;
2093 1309 2349 1376 secunda,
2385 1310 2525 1377 apud
2557 1308 2899 1364 Malaterram
2928 1308 3023 1363 lib.
3061 1325 3135 1374 tv,
3160 1325 3277 1379 cap.
3317 1309 3383 1363 14

168 1410 357 1448 manum
386 1410 486 1448 non
520 1394 773 1449 habuisse
811 1395 1086 1461 videatur,
1117 1395 1247 1449 hinc.
1290 1394 1430 1451 forte
1478 1395 1531 1447 in
1567 1395 1710 1450 hunc
1811 1397 2164 1466 Elemburga,
2218 1399 2354 1467 aprrd
2404 1398 2665 1467 Cangium
2723 1400 2774 1453 in
2823 1399 3120 1454 Stemmate
3167 1399 3380 1467 Siculo,

166 1492 376 1533 errorem
412 1478 690 1543 inciderit;
728 1494 911 1534 verum
944 1480 1078 1534 nihil
1103 1478 1406 1547 hujusmodi
1438 1488 1710 1548 utcunque

1829 1489 2260 1545 \nnotationibus
2289 1489 2340 1543 in
2366 1489 2571 1543 Annam
2594 1488 2922 1544 Comuenam
2949 1490 3169 1554 inserto,
3198 1491 3384 1544 Ercun-

166 1579 365 1624 excusat
390 1585 630 1624 erroreru
666 1570 860 1637 alium,
896 1586 1024 1640 quo,
1065 1579 1124 1625 ut
1147 1570 1259 1638 jam
1302 1569 1515 1633 monui,
1548 1582 1710 1638 quam

1830 1581 1998 1648 iurgis
2020 1579 2280 1648 appellata
2300 1619 2314 1643 ,
2347 1578 2512 1633 filium
2543 1578 2899 1645 Caufredurn,
2940 1594 3061 1642 seu,
3087 1588 3147 1633 ut
3176 1580 3243 1633 ab
3266 1579 3385 1633 aliis

167 1678 220 1714 ex
265 1669 411 1729 parte
451 1662 800 1731 transcribit,
851 1662 1131 1729 chartam,
1173 1678 1202 1716 a
1240 1661 1473 1732 Rogerio
1516 1659 1713 1715 comite

168 1750 465 1818 profectam,
495 1751 727 1821 Rogerio
756 1752 902 1817 duci,
933 1751 1085 1822 cujus
1114 1753 1159 1807 is
1197 1763 1421 1823 patruus
1453 1762 1592 1820 erat,
1630 1760 1713 1806 at-

1813 1673 2086 1737 scribitur,
2114 1671 2445 1737 Goﬂ'redum,
2478 1671 2720 1741 filiasque
2749 1671 2954 1740 aliquot
2985 1672 3198 1740 genuit;
3227 1674 3384 1726 tertia

1814 1766 2033 1819 nomine
2062 1764 2307 1829 Adelais,
2336 1779 2453 1828 seri,
2487 1774 2544 1817 ut
2574 1763 2661 1817 alii
2689 1763 2928 1835 signant,
2957 1764 3228 1829 Adelasia,
3268 1781 3386 1833 qua:

171 1841 360 1905 "‘ibllil;
391 1842 531 1895 hunc
557 1842 702 1895 ellim
737 1843 805 1896 ab
832 1841 921 1896 ἱηο
945 1857 1065 1897 esse
1089 1842 1385 1905 diversum»
1409 1840 1714 1910 (ιυὶειιηίιυθ
1745 1842 1788 1901 Β
1816 1854 2073 1908 Bonifacii
2092 1896 2107 1918 ,
2141 1854 2466 1908 marchionis
2504 1854 3067 1916 Montis-ferratensis,
3112 1854 3218 1909 filia
3247 1864 3387 1918 erat,

170 1930 433 1986 Historiam
488 1933 725 1987 Siculam
771 1933 853 1988 vel
897 1949 928 1989 a
982 1933 1167 1989 limine
1215 1932 1502 1996 salutavit,
1552 1933 1716 1987 habet

170 2035 503 2093 perspectum,
549 2040 650 2081 uec
696 2027 926 2095 ipsemet
957 2024 1226 2096 ignoravit
1256 2023 1625 2089 Mahillonius,
1656 2032 1717 2078 ut

169 2115 370 2185 proinde
404 2117 455 2170 id
481 2117 566 2171 hic
594 2119 844 2187 probare,
876 2130 1334 2186 supervacaneum
1371 2116 1534 2170 foret.
1562 2117 1716 2170 Atta-

172 2223 274 2261 men
302 2217 355 2262 ut
385 2217 437 2263 et
469 2210 697 2279 quisque
724 2210 864 2263 inter
888 2218 1176 2278 utrumque
1208 2208 1494 2278 Rogerium
1525 2209 1717 2263 distiu-

171 2314 334 2367 gucre,
358 2309 412 2354 et
435 2300 502 2355 de
530 2301 844 2354 chartarum
873 2299 979 2354 huc
1004 2298 1555 2363 transcribendarum,
1581 2314 1718 2368 quas

175 2401 263 2444 tim
315 2391 574 2463 Rogerius
601 2396 742 2459 dux,
792 2407 951 2461 quam
1002 2405 1216 2457 comes,
1253 2391 1306 2446 in
1343 2390 1401 2446 S.
1455 2391 1719 2446 Brunonis

172 2478 372 2549 ejusque
416 2483 687 2537 sociorum
737 2480 978 2537 favorem
1010 2481 1181 2544 dedit,
1216 2480 1547 2551 ingenuitate
1577 2479 1718 2537 ferre

174 2581 315 2639 queat
329 2572 617 2640 judicium,
649 2571 796 2625 lubet
823 2572 926 2626 huc
958 2568 1231 2635 nonnulla,
1263 2582 1381 2638 qua:
1415 2568 1481 2621 ad
1534 2568 1720 2623 ambos

176 2661 272 2716 illos
317 2662 578 2732 principes
607 2677 901 2732 eorumque
934 2661 1157 2730 stirpem
1199 2658 1617 2715 Normannicam
1658 2674 1721 2714 ac

176 2752 457 2818 progeniem
482 2753 819 2822 potissimum
842 2761 1110 2823 spectant,
1128 2751 1179 2805 in
1206 2751 1436 2805 medium
1454 2750 1716 2819 proferre.

177 2840 462 2898 Tancredus
493 2844 558 2898 ab
608 2843 920 2909 Alta-villa,
957 2852 1015 2897 ut
1065 2842 1369 2898 Gaufredrrs
1400 2841 1718 2908 Malaterra,

176 2942 342 2987 auctor
390 2935 763 3003 synclrronus,
797 2934 1046 2989 Historiae
1078 2933 1272 2989 Siculae
1298 2948 1327 2986 a
1368 2948 1426 2988 sc
1457 2943 1722 2989 contexta:

175 3021 253 3075 lilr.
282 3039 297 3077 ι
327 3023 510 3086 refert,
539 3040 707 3095 prope
731 3026 1106 3080 Constantiam
1131 3025 1184 3078 in
1208 3024 1567 3091 Normannia,
1597 3023 1724 3080 Gal-

178 3108 247 3160 liae
287 3112 587 3179 provincia,
642 3112 802 3167 nobili
835 3113 949 3168 loco
978 3124 1169 3179 natus,
1198 3112 1395 3169 smculo
1442 3115 1725 3170 undecimo

1816 1960 1959 1999 anno
2013 1945 2142 2000 l089
2172 1945 2514 2000 matrimonio
2543 1945 2589 1998 ei
2639 1943 2738 1998 fuit
2781 1944 3038 1999 collocata
3061 1985 3077 2010 ,
3121 1960 3185 1998 ex
3217 1960 3386 2014 eaque

1816 2034 2116 2104 procreavit
2145 2033 2278 2088 duos
2311 2033 2467 2099 filios,
2496 2048 2723 2103 quorum
2751 2032 2907 2097 alter,
2936 2034 3148 2088 neruine
3177 2032 3385 2095 Simon,

1818 2127 1997 2182 infans
2044 2126 2197 2190 obiit,
2253 2125 2409 2189 alter,
2444 2136 2501 2179 ut
2540 2134 2716 2194 pater,
2764 2123 3024 2194 Rogerius
3069 2124 3387 2194 appellatus,

1812 2218 2018 2273 Sicilire
2062 2232 2155 2272 rex
2186 2226 2369 2287 postea
2399 2215 2570 2271 factus
2594 2225 2696 2269 est.
2724 2216 2899 2284 Atque
2927 2215 3062 2280 hinc,
3093 2227 3311 2283 ur,qu:12
3337 2216 3389 2268 in

1818 2308 2028 2361 diversa
2069 2307 2281 2361 comitis
2308 2304 2521 2375 Rogerii
2549 2303 2872 2372 diplomata,
2902 2320 3174 2372 rrnurnque
3212 2301 3389 2370 Roge-

1819 2398 1884 2453 rii
1913 2397 2061 2452 ducis
2082 2437 2097 2463 ,
2148 2396 2199 2450 in
2230 2394 2288 2449 S.
2318 2393 2581 2448 Brunonis
2604 2390 2827 2461 ejusque
2852 2393 3118 2447 sociorqu
3152 2391 3390 2444 favorem

1817 2500 2095 2549 concessa,
2128 2484 2430 2539 aunotanda
2472 2491 2651 2549 erunt,
2683 2480 3068 2551 intelligantur,
3095 2480 3285 2550 partim
3326 2492 3389 2532 ex

1819 2578 2091 2634 Gaufredo
2120 2576 2428 2639 Malaterra,
2457 2575 2650 2645 partim
2677 2589 2740 2630 ex
2768 2573 3026 2629 0rderico
3054 2572 3226 2629 Vitalc
3255 2587 3394 2642 prae-

1820 2669 2081 2724 mittenda
2110 2668 2197 2722 hic
2226 2666 2373 2721 duxi.
2404 2666 2480 2720 Ae
2513 2666 2688 2734 primo
2718 2665 2934 2736 quidem
2971 2681 3037 2719 ex
3075 2665 3159 2717 his
3194 2662 3302 2731 jam
3335 2652 3395 2716 lis

1822 2768 1972 2831 quet,
2005 2758 2135 2813 nihil
2162 2767 2352 2813 contra
2381 2757 2625 2828 proxime
2652 2756 2756 2812 huc
2786 2757 3121 2826 transcripti,
3153 2771 3258 2824 quo
3293 2755 3396 2809 fte-

1822 2850 2003 2921 gerius
2027 2864 2208 2905 comes
2252 2847 2594 2903 Turritanam
2641 2863 2736 2904 seu
2780 2848 3210 2918 Squillacensem
3241 2847 3394 2902 Cala-

1822 2940 1956 2995 bria:
1983 2955 2222 2996 eremum
2254 2939 2314 2995 S.
2354 2940 2592 2994 Brurroni
2630 2954 2775 2994 anno
2814 2939 2950 2995 1090
2987 2940 3279 3001 concessit,
3314 2940 3396 2993 ιιι·

1822 3030 2074 3102 plomatis
2099 3030 2460 3085 sinceritatem
2490 3045 2647 3100 posse
2679 3031 2875 3101 Opponi
2907 3045 2974 3085 ex
3014 3045 3078 3085 eo
3116 3030 3279 3100 quod,
3308 3044 3398 3083 eo.

1828 3121 1974 3177 mitis
2000 3135 2169 3175 uxore
2196 3120 2381 3175 Adelai
2413 3120 2631 3190 filioque
2671 3119 2895 3176 Gofrido
2918 3121 3267 3186 concedente,
3304 3121 3398 3172 da-

177 3194 352 3266 ﬂoruit,
400 3215 537 3269 eque
582 3201 785 3256 duabus
819 3202 1077 3257 uxoribus
1106 3202 1334 3257 (llVCl‘SiS
1379 3203 1516 3259 filios
1542 3190 1797 3275 genuitC
1829 3222 1943 3266 [um
1999 3211 2227 3266 dicatur,
2467 3220 2551 3266 est
2622 3226 2720 3265 cur
2787 3222 3191 3265 monumentum
3269 3208 3398 3265 illud

180 3285 267 3340 duo
288 3290 433 3343 lecim
456 3333 471 3356 ,
515 3305 545 3345 e
578 3291 742 3360 priori
774 3293 1024 3361 quidem,
1065 3291 1218 3361 cujus
1270 3309 1462 3348 nomen
1492 3296 1722 3361 excidit,

178 3371 517 3442 Cuilielmum,
544 3380 862 3449 cognomine
887 3379 1335 3437 Ferrea-brachia
1353 3426 1367 3449 ,
1401 3385 1723 3454 Dmgonem,

181 3461 510 3523 llunifredum
531 3511 546 3534 ,
578 3470 909 3526 Gaufredum
953 3482 1006 3526 et
1037 3472 1243 3528 Ser-lori:
1268 3491 1351 3540 rn;
1382 3491 1413 3530 e
1443 3476 1725 3545 posteriori

179 3569 310 3625 vero,
346 3577 463 3630 qua:
490 3560 819 3618 Frausendis
846 3566 1223 3633 cognominata
1254 3566 1373 3631 fuit,
1406 3567 1724 3634 Robertum,

179 3658 343 3713 postea
373 3650 730 3708 Cuiscardum
764 3655 1118 3725 appellatum,
1152 3656 1494 3728 Malgerium.
1525 3659 1728 3715 Guilel-

180 3753 327 3803 mum,
367 3743 711 3812 Alveredum,
748 3746 1116 3810 llumbertum,
1148 3747 1486 3804 Taucredum
1516 3765 1581 3805 ac
1612 3758 1729 3806 tan-

181 3830 283 3884 dem
307 3832 624 3905 Rogerium,
657 3838 748 3907 qui
778 3853 986 3905 omnes,
1017 3838 1223 3895 duobus
1262 3842 1532 3912 exceptis,
1554 3844 1645 3913 qui
1674 3843 1728 3898 in

178 3924 336 3988 patrio
393 3926 506 3981 solo
560 3928 893 3983 bzereditatis
943 3939 1182 4000 paterna:
1234 3931 1516 4000 carpendae
1567 3948 1729 3988 causa

181 4027 512 4082 manserunt,
549 4018 755 4073 Italiam
792 4022 1092 4090 petierrrnt,
1126 4021 1392 4092 factisque
1432 4024 1636 4080 bellicis
1676 4025 1728 4080 in

179 4103 353 4170 Apulia
409 4108 746 4176 potissimum
797 4119 850 4166 et
909 4112 1203 4181 Campania
1256 4112 1418 4179 clari,
1488 4115 1730 4185 regiones

180 4191 324 4248 hasce
362 4197 674 4266 vicinasque
722 4199 880 4263 alias,
912 4199 1115 4257 Graecis
1161 4200 1601 4274 Sarraeenisque,
1639 4219 1730 4260 ea-

180 4289 408 4342 rumdem
444 4291 703 4355 dominis,
733 4293 998 4362 expulsis,
1034 4292 1292 4363 paulatim
1338 4295 1440 4349 sibi
1485 4294 1731 4364 sulijece-

179 4388 311 4432 runt.
346 4379 620 4450 Przecipue
652 4390 828 4436 tamen
866 4398 958 4437 eos
990 4382 1130 4437 inter
1160 4384 1401 4439 euituere
1430 4385 1726 4451 Robertus,

178 4467 493 4528 Guiseardus
527 4477 969 4545 cognominatus,
1009 4486 1064 4531 et
1115 4464 1205 4547 qui
1254 4478 1495 4533 omnium
1546 4479 1730 4550 jurrior

176 4570 301 4621 erat.
335 4565 615 4634 Rogerirrs,
654 4566 706 4620 in
736 4566 793 4622 S.
824 4565 1127 4622 Brunonem
1159 4568 1465 4636 beneficiis,
1499 4584 1598 4625 nec
1631 4570 1728 4626 mi-
1758 4541 1807 4601 θ

180 4667 270 4706 nus
304 4656 558 4727 singulari
607 4658 659 4712 in
702 4674 960 4728 personas
995 4660 1128 4715 alias
1158 4659 1383 4731 locaque
1410 4677 1564 4716 sacra
1595 4662 1733 4718 libe-

180 4745 399 4813 ralitate,
429 4764 588 4818 quam
625 4751 793 4805 armis
825 4766 1077 4822 maguum
1111 4752 1212 4807 sibi
1253 4769 1444 4811 nomen
1481 4755 1619 4827 apud
1646 4769 1733 4811 se-

182 4851 285 4891 ram
315 4842 476 4896 etiam
507 4841 876 4911 posteritatem
906 4844 1153 4914 adeptus.

242 4931 364 4985 557.
400 4933 476 4987 Ac
522 4932 792 4988 Robertus
830 4934 1045 5004 quidem
1093 4934 1298 5006 Apulia:
1346 4937 1596 4991 ducatum
1626 4952 1729 4990 una

183 5038 290 5076 cum
319 5025 583 5082 Calabria:
612 5035 767 5096 parte
798 5026 1022 5096 aliisque
1049 5028 1252 5097 aliquot
1286 5028 1577 5083 ditiouihus
1600 5028 1732 5083 vici-

183 5115 256 5167 nis
287 5117 476 5181 lenuit,
508 5132 759 5185 annoque
792 5115 927 5171 1085
958 5118 1121 5170 vitant
1151 5134 1271 5172 cum
1301 5116 1471 5172 moﬂe
1498 5134 1731 5174 commu-

183 5208 325 5271 tavit,
361 5218 466 5263 tres
493 5219 793 5278 quatuorve
823 5218 942 5278 post
971 5224 1028 5263 se
1061 5209 1195 5264 filios
1225 5210 1560 5281 relinquens,
1598 5226 1731 5280 quo-

184 5316 290 5357 ruru
340 5305 571 5359 secundo
608 5306 824 5376 genitus
854 5303 1115 5373 “egeritis
1159 5302 1210 5355 in
1244 5304 1493 5356 ducatum
1529 5302 1731 5371 Apula:

183 5410 241 5449 ac
280 5397 537 5464 potiorem
570 5396 899 5452 bmreditatis
928 5405 1163 5464 paternae
1192 5403 1399 5464 partem
1446 5395 1728 5459 successit,

184 5500 499 5557 uxoremque
542 5490 734 5543 habuit
778 5487 1030 5554 Adelanr,
1074 5486 1294 5541 Ro'ierti
1333 5486 1488 5541 Frisii
1522 5487 1735 5541 comitis

186 5576 443 5632 Flinzlria:
487 5580 684 5644 filiam;
719 5577 982 5646 Rogerius
1010 5592 1163 5643 vero,
1196 5579 1317 5648 qui,
1352 5577 1596 5649 quamvis
1626 5577 1732 5630 Ca-

188 5666 357 5723 labriae
386 5682 583 5739 partem
628 5671 887 5725 duntaxat
916 5679 1148 5735 teneret,
1190 5684 1609 5741 supremumque
1656 5680 1734 5723 to-

192 5762 285 5816 tius
323 5763 548 5834 regionis
575 5763 732 5831 hujus
778 5763 1067 5819 dominium
1101 5780 1261 5833 penes
1291 5763 1640 5819 Cuiscardum
1675 5777 1735 5816 ac

1826 3310 2132 3372 suspectum
2167 3302 2260 3356 fiat
2287 3317 2352 3356 ex
2398 3316 2463 3357 eo
2524 3302 2665 3371 quod
2711 3301 2764 3356 in
2791 3301 3034 3356 Calabria
3066 3302 3247 3357 datum
3280 3301 3399 3355 fue-

1831 3396 1920 3460 rit,
1943 3410 2230 3465 comesque
2257 3394 2521 3465 Rogerius
2554 3409 2695 3448 anno
2726 3393 2860 3449 l090
2882 3404 3113 3449 exeunte
3131 3433 3146 3458 ,
3178 3408 3284 3462 quo
3307 3392 3401 3446 da-

1830 3497 1939 3543 tum
1982 3487 2102 3553 fuit,
2149 3488 2201 3541 in
2240 3486 2490 3541 Calabria
2540 3485 2815 3541 exstitisse
2863 3500 2967 3539 non
3021 3486 3251 3551 sciatur;
3298 3486 3399 3540 ctsi

1829 3579 1993 3644 enim,
2041 3578 2336 3650 priueipern
2384 3578 2531 3632 illum
2569 3578 2639 3633 ibi
2689 3588 2815 3631 trrrre
2858 3577 3056 3644 fuisse,
3113 3576 3399 3632 Malaterra

1830 3670 2047 3740 aliique,
2080 3670 2171 3740 qui
2205 3686 2290 3725 res
2319 3670 2387 3725 ab
2417 3685 2482 3726 eo
2511 3678 2694 3739 gestas
2720 3669 2912 3725 litteris
2942 3670 3284 3736 mandarunt,
3306 3685 3402 3724 cx-

1829 3777 2013 3833 presse
2036 3778 2142 3818 non
2168 3763 2404 3829 edlcant,
2432 3762 2567 3817 nihil
2595 3771 2772 3818 tamen
2801 3764 2997 3829 etiam,
3022 3764 3161 3819 unde
3187 3771 3401 3818 contra-

1830 3855 1969 3910 rium
1992 3865 2139 3909 certo
2166 3865 2551 3925 consequatur,
2582 3857 2855 3910 memoriae
2877 3856 3129 3926 produnt.

1900 3943 2021 3999 558.
2056 3942 2222 3998 Venio
2251 3947 2407 3999 modo
2426 3946 2490 3999 ad
2520 3946 2786 4010 clrartarn,
2807 3961 2911 4017 qua
2938 3945 3251 4002 Theodorus
3278 3944 3394 4000 lle--

1832 4036 2107 4102 simerius,
2140 4034 2527 4106 Squillacensis
2556 4016 2869 4107 episcOpns,
2895 4036 2945 4089 in
2982 4036 3138 4105 cujus
3178 4035 3401 4091 dimcesi

1832 4128 2122 4184 Turritaua
2152 4145 2388 4195 eremus,
2420 4128 2607 4197 utjam
2644 4129 2849 4193 monui,
2878 4128 2982 4183 sita
3019 4137 3158 4193 erat,
3202 4129 3403 4183 factam

1830 4219 1988 4289 hujus
2013 4221 2069 4275 S.
2100 4220 2338 4275 Brunoui
2370 4237 2399 4274 a
2448 4219 2644 4274 comite
2671 4217 2902 4287 Rogerio
2936 4217 3277 4273 donationem
3309 4233 3404 4288 ap.

1830 4312 2096 4382 probavit.
2123 4311 2467 4367 lustrumerrti
2497 4312 2675 4382 hujus,
2716 4310 2857 4379 quod
2886 4309 3071 4364 Graece
3097 4324 3127 4362 a
3157 4306 3403 4364 Mesime-

1832 4403 1932 4465 rio,
1964 4412 2146 4472 utpote
2177 4403 2228 4456 in
2254 4402 2519 4465 Calabria,
2570 4402 2924 4454 instrumenta
2960 4399 3171 4469 publica
3202 4398 3400 4453 North-

1833 4492 2098 4549 manuica:
2139 4492 2302 4546 etiarn
2353 4490 2733 4546 dominationis
2779 4490 2930 4544 initio
2960 4489 3145 4544 Graece
3178 4503 3406 4545 exarare
3450 4472 3459 4481 ’

1836 4585 2027 4650 solita,
2079 4585 2334 4639 Ecclesia:
2378 4584 2581 4640 Crmcm
2629 4586 2899 4656 episcopo,
2936 4586 3186 4656 primitus
3221 4588 3405 4642 datum

1837 4675 1956 4740 fuit,
1986 4675 2314 4745 ecgraphum
2346 4690 2410 4728 ex
2456 4675 2569 4745 ipso
2597 4673 2783 4729 Graeco
2825 4677 3159 4747 antegrapho
3194 4677 3407 4733 desum-

1835 4772 1984 4834 pturn
2012 4772 2172 4832 atque
2219 4779 2283 4817 ex
2316 4763 2463 4817 ltalra
2495 4764 2593 4818 sibi
2644 4763 2994 4833 submissum,
3044 4765 3403 4834 Morkeusius,

1835 4862 1894 4907 ut
1921 4854 1972 4907 iu
2002 4854 2113 4908 suis
2144 4853 2209 4907 ad
2240 4853 2365 4907 illrul
2395 4854 2847 4909 Annotatiouibus
2888 4856 2984 4923 ait,
3021 4870 3131 4925 pra:
3162 4857 3406 4912 manibus

1836 4944 2043 5010 habuit,
2069 4944 2225 5011 idque
2248 4943 2437 4998 Latine
2469 4960 2497 4997 a
2527 4960 2585 4999 se
2614 4945 2879 4998 redditum
2910 4945 2975 4998 ad
3004 4945 3407 5015 chronologica—

1837 5036 2214 5105 diplomaticm,
2243 5052 2405 5105 quam
2436 5035 2502 5090 do
2547 5035 2604 5090 S.
2657 5035 2909 5090 Bruuone
2944 5036 3247 5103 adornavit,
3282 5036 3406 5089 Dia-

1837 5128 1987 5182 tribm
2009 5127 2105 5183 cal.
2126 5144 2209 5182 em
2232 5129 2443 5198 adjecit.
2462 5126 2688 5196 Operam
2703 5128 2845 5193 dedi,
2870 5137 3000 5182 utet
3021 5128 3263 5183 Crrecuru
3288 5142 3404 5180 ιιιο-

1839 5221 2077 5273 numenti
2110 5219 2251 5274 illius
2281 5221 2667 5289 apograplrum,
2704 5217 2885 5273 lectori
2913 5219 2998 5271 hic
3020 5217 3402 5285 exhibendum,

1837 5311 2104 5365 nauscisci
2161 5325 2411 5379 possem;
2460 5326 2645 5365 verum
2694 5325 2815 5365 cum
2860 5308 3055 5363 frustra
3093 5307 3403 5376 laborarim,

1838 5403 2119 5472 alienaque
2169 5403 2643 5473 interpretatione,
2693 5402 2897 5457 scilicet
2954 5399 3036 5455 vel
3090 5397 3302 5453 Suriani
3353 5399 3407 5453 in

1838 5495 2287 5549 Anuotationibus
2308 5494 2628 5565 inscriptam
2649 5509 2677 5548 a
2699 5493 2856 5548 Surio
2879 5492 3063 5548 Sancti
3088 5489 3261 5545 Vitam
3279 5505 3405 5559 pag.

1837 5585 1940 5638 207
1971 5594 2024 5639 et
2050 5601 2190 5654 seq.,
2220 5584 2301 5639 vel
2334 5584 2536 5654 Ughelli
2569 5594 2696 5637 tom.
2728 5583 2795 5637 IX
2827 5583 2987 5638 Italia:
3017 5596 3185 5637 saera:
3211 5581 3264 5634 in
3293 5580 3411 5649 epi-

1841 5674 2015 5741 scopis
2054 5672 2529 5743 Squillaccnsibus,
2571 5670 2651 5725 vel
2694 5670 2925 5740 denique
2957 5668 3265 5733 Morkensii,
3312 5682 3409 5722 eo-

1843 5780 1936 5834 gar
1966 5780 2083 5819 esse
2108 5772 2409 5827 contentus,
2442 5761 2854 5814 instrumentum
2888 5759 3037 5829 illud,
3068 5766 3224 5832 prout
3253 5770 3279 5807 a
3310 5770 3382 5827 po
