3896 6312
513 370 618 426 5ιῦ

1290 374 1346 430 s.
1389 374 1737 433 cannons
1765 366 2410 430 can'rnusmvonun
2450 350 2937 427 msrtruronts
3624 380 3723 435 sit

493 482 707 546 steridri
738 486 840 541 hoc
876 487 1139 557 scriptore
1188 487 1239 541 in
1278 485 1516 558 linguam
1546 489 1793 543 Latinam
1824 498 1904 541 est
1933 502 2064 540 cono
2095 484 2138 537 Α
2168 483 2496 548 eessoribus,
2532 483 2680 538 illum
2725 494 2965 540 montem
2998 484 3456 556 inhabitantibus,
3484 504 3547 548 eo
3580 496 3726 551 modo

489 592 706 636 versum
745 576 849 629 huc
880 577 1202 631 transcribo.
1238 577 1328 631 Sic
1353 578 1531 648 itaque
1560 595 1623 633 ex
1653 580 1769 647 ejus
1794 592 2070 633 recensre-

488 675 553 714 ne
580 662 741 716 habet
767 679 782 713 :
814 679 832 712 ι
855 660 1174 717 Theodorus
1204 663 1545 719 Mesimerius
1583 667 1675 721 Dei
1699 666 2069 722 misericordia

464 752 770 833 :cpiscopus
798 752 1133 820 Castrorum,
1160 754 1448 825 Scyllacei,
1477 755 1597 809 Stili
1620 767 1673 810 et
1695 756 1976 823 Tabernze,
2007 770 2070 812 ac

485 844 936 913 protusyncellus,
985 847 1229 917 petitioni
1281 846 1565 903 clarissimi
1597 848 1833 915 cornitis,
1864 847 2069 903 domini

486 936 656 990 nostri
690 936 923 1007 Rogerii,
956 939 1046 1009 qui
1084 953 1169 992 me
1205 953 1393 1009 rogare
1425 939 1676 1008 dignatus
1705 947 1787 995 est
1826 956 1925 1009 pro
1973 942 2069 995 ho-

487 1031 853 1086 uoratissimis
881 1032 1164 1088 monachis
1207 1042 1261 1086 et
1305 1032 1568 1099 eremitis,
1619 1034 1831 1088 domuis
1862 1033 2069 1090 scilicet

486 1122 737 1179 llrunone
767 1134 821 1178 et
844 1124 1108 1190 Lanvino,
1143 1141 1248 1179 non
1277 1124 1497 1194 quidem
1534 1141 1748 1181 suntma
1796 1135 1850 1181 et
1884 1134 2068 1197 tyran-

487 1216 606 1269 nica
647 1218 972 1273 auctoritate
1017 1232 1226 1271 mecum
1272 1231 1474 1288 agens;
1530 1218 1647 1276 sed.
1697 1227 1757 1273 ut
1804 1218 1935 1285 dixi,
1981 1234 2068 1274 me

488 1323 678 1378 rogare
706 1309 956 1380 dignatus
985 1325 1083 1377 pro
1106 1309 1488 1378 suprascriptis
1509 1310 1809 1377 monachis,
1835 1309 2008 1364 locum
2037 1326 2066 1366 a

485 1404 598 1458 Dea
624 1412 919 1469 servatura,
962 1403 1053 1472 qui
1101 1401 1291 1456 Turris
1339 1402 1558 1468 dicitur,
1611 1402 1969 1461 incolentibus
2012 1405 2064 1460 in

486 1494 791 1549 veneranda
824 1492 1112 1546 admodum
1150 1489 1375 1547 ecclesia
1408 1490 1806 1561 gloriosissima
1840 1493 2068 1549 dominae

486 1595 682 1639 nostra:
717 1585 810 1640 Dei
849 1583 1142 1639 Genitricis
1186 1599 1250 1638 ac
1305 1582 1493 1638 Sancti
1544 1581 1770 1637 Joannis
1815 1584 2068 1655 Baptista!

483 1675 856 1741 praecursoris,
883 1674 974 1744 qui
998 1674 1215 1743 quidem
1257 1674 1310 1727 in
1356 1672 1586 1727 desertis
1634 1672 1765 1729 locis
1811 1674 2066 1745 degentes

484 1782 580 1836 per
597 1775 805 1836 tempus
829 1768 960 1823 satis
981 1768 1196 1836 longum
1225 1765 1349 1820 illuc
1374 1766 1827 1837 transmigrarunt
1855 1768 1921 1823 ad
1937 1781 2063 1837 par-

485 1868 567 1910 tes
594 1855 714 1909 Stili
745 1856 798 1909 in
828 1870 945 1910 mea
972 1855 1213 1910 dicecesi.

554 1946 677 2001 559.
707 1965 725 1998 ι
774 1947 841 2001 Ει
872 1946 1014 2001 sicut
1039 1947 1292 2001 dominus
1320 1956 1504 2001 noster
1534 1961 1717 2002 comes
1769 1947 1920 2002 vobis
1969 1948 2063 2003 do-

481 2039 628 2091 navit
655 2048 919 2105 montem,
941 2053 1164 2108 campos
1190 2047 1244 2093 et
1267 2038 1571 2093 molendina
1606 2040 1751 2094 circa
1777 2040 2061 2095 ecclesiam

478 2147 651 2200 usque
680 2133 748 2187 ad
780 2134 886 2187 duo
916 2131 1183 2197 milliaria,
1214 2132 1327 2200 ipsa
1360 2132 1413 2185 in
1442 2140 1759 2201 perpetuum
1785 2134 2064 2202 possidea-

480 2219 571 2280 tis,
600 2234 696 2273 vos
718 2221 970 2275 monachi
997 2222 1241 2290 superius
1272 2221 1496 2285 laudati,
1522 2231 1576 2275 et
1606 2222 1736 2277 socii
1762 2232 1814 2279 et
1839 2239 2059 2279 succes-

478 2324 630 2363 sores
660 2312 847 2375 vestri,
875 2312 965 2380 qui
995 2313 1136 2366 hunc
1160 2313 1333 2367 locum
1386 2314 1766 2381 inhabitabant
1795 2334 1965 2389 usque
1992 2320 2061 2373 ad

478 2403 799 2459 surculorum
832 2405 991 2458 linem
1041 2404 1172 2459 citra
1214 2404 1442 2474 alicujus
1491 2409 1913 2477 prohibitionem
1969 2418 2063 2464 aut

480 2498 782 2552 molestiam
812 2515 828 2563 ;
865 2497 1122 2552 tributum
1160 2511 1286 2552 vero
1324 2508 1418 2552 aut
1446 2500 1734 2568 decimam,
1764 2503 1847 2558 vel
1870 2492 2079 2573 quam?

480 2589 611 2642 libet
649 2589 991 2641 vexationem
1016 2587 1166 2641 vobis
1194 2589 1513 2659 ueterisque
1555 2592 1718 2645 sociis
1746 2603 1800 2648 et
1843 2608 2059 2649 succes-

482 2684 717 2749 soribus,
752 2683 929 2737 nullus
955 2696 1053 2736 nec
1083 2696 1180 2750 ego
1219 2682 1353 2749 ipse,
1392 2683 1476 2737 vel
1520 2683 1632 2746 alii,
1666 2686 1756 2753 qui
1808 2696 1928 2756 post
1976 2702 2059 2741 me

482 2776 534 2828 in
567 2774 846 2843 episcopos
876 2772 1163 2842 eligentur,
1212 2770 1447 2825 inferant
1475 2788 1488 2837 ;
1528 2772 1573 2827 si
1603 2774 1726 2843 quis
1755 2783 1932 2828 autem
1964 2790 2059 2828 au-

480 2883 573 2921 sus
604 2865 767 2921 fuerit
808 2866 908 2920 hoc
962 2873 1203 2918 nostrum
1260 2865 1493 2935 sigillum
1544 2866 1619 2936 (id
1665 2876 1749 2921 est
1802 2867 2057 2937 diploma)

480 2964 846 3020 contemnere,
894 2954 1086 3007 habeat
1120 2954 1403 3009 anathema
1432 2970 1464 3010 a
1507 2955 1671 3012 Patre
1713 2967 1768 3012 et
1819 2956 1956 3012 Filio
2004 2967 2059 3012 et

477 3045 679 3115 Spiritu
710 3056 919 3110 sancto,
949 3055 1002 3099 et
1023 3062 1052 3099 a
1085 3048 1341 3101 trecentis
1372 3049 1557 3103 decem
1580 3059 1635 3105 et
1655 3060 1782 3106 octo
1817 3052 2053 3122 (concilii

2088 1828 2137 1888 B

2172 581 2227 625 et
2254 583 2460 638 tenore,
2484 583 2541 627 ut
2575 574 2627 627 in
2660 575 2770 629 vita
2802 574 2971 631 libere
3001 575 3229 632 habeant
3256 589 3310 634 et
3336 581 3648 653 possideant,
3679 596 3729 641 et

2170 672 2291 732 post
2312 678 2497 718 eorum
2524 664 2808 721 decessum
2836 681 3177 723 successores
3202 685 3388 725 eorum
3420 673 3651 731 similiter
3671 677 3730 731 li-

2170 754 2299 808 bere
2340 757 2649 825 possideant
2680 768 2916 814 montem
2967 770 3129 831 atque
3176 771 3374 818 terram
3420 781 3537 821 cum
3578 769 3729 826 bosco

2172 842 2313 898 infra
2361 846 2495 901 lines
2552 848 2985 917 supradictorum
3045 852 3272 906 duorum
3325 854 3622 913 milliarium
3666 860 3730 913 ab

2169 935 2313 987 omni
2340 946 2493 1006 parte
2542 938 2689 993 circa
2738 939 3025 995 ecclesiam
3076 943 3128 995 in
3172 958 3338 1010 supra
3376 944 3519 1000 dicto
3563 960 3731 1005 monte

2169 1028 2539 1092 constitutam,
2571 1044 2677 1082 non
2704 1030 2960 1099 episcopo
2989 1030 3258 1099 Squillatii
3292 1047 3391 1088 nec
3420 1036 3617 1100 comiti,
3647 1054 3730 1093 ne~

2168 1117 2515 1187 quecuilibet
2546 1133 2791 1188 personae
2818 1120 3034 1190 aliquod
3065 1122 3344 1176 servitium
3363 1124 3727 1192 persolventes,

2168 1220 2220 1264 et
2248 1210 2292 1264 si
2314 1210 2711 1266 ordinationem
2735 1210 2970 1281 aliquam
2995 1211 3174 1268 facere
3197 1214 3485 1279 voluerint,
3509 1225 3593 1269 aut
3610 1232 3730 1272 con-

2169 1304 2545 1368 secrationem,
2572 1314 2731 1374 prout
2752 1304 2992 1370 libuerit,
3015 1315 3198 1376 agant.
3224 1306 3319 1361 llis
3336 1310 3729 1378 antemquicun-

2168 1409 2274 1465 que
2314 1394 2588 1450 contraire
2613 1395 2865 1460 voluerit,
2900 1411 3021 1450 cum
3050 1395 3186 1451 Juda
3220 1398 3500 1467 proditore
3533 1409 3724 1466 pereat,

2168 1487 2270 1541 nisi
2296 1486 2362 1540 ad
2386 1484 2809 1542 satisfactionem
2833 1497 2888 1542 et
2904 1487 3336 1544 emendationem
3362 1488 3608 1543 fratribus
3636 1489 3727 1544 Ec-

2167 1576 2345 1631 clesiaa
2368 1577 2597 1630 venerit.
2631 1576 2743 1645 Ego
2774 1576 3096 1647 [taingerius
3127 1576 3318 1647 Rhegii
3367 1577 3567 1634 electus
3588 1580 3723 1633 hanc

2165 1666 2465 1722 chartulam
2493 1667 2758 1723 confirmo
2776 1677 2831 1724 et
2853 1667 3031 1724 laudo.
3065 1688 3085 1721 ι
3112 1669 3191 1723 Ειι
3217 1670 3377 1726 modo
3403 1671 3584 1736 etiam,
3608 1672 3727 1741 quid

2165 1760 2435 1831 prateipue
2462 1770 2659 1831 praeter
2690 1762 2765 1827 id,
2794 1763 2937 1831 quod
2954 1763 3068 1833 jam
3100 1762 3233 1829 dixi,
3280 1764 3348 1818 ad
3404 1765 3729 1821 instrumenti

2167 1853 2375 1922 hujusa
2400 1870 2459 1910 se
2487 1855 2793 1925 transcripti
2833 1856 3038 1911 calcem
3086 1854 3428 1912 Morkcnsius
3473 1859 3726 1914 observet.

2170 1960 2189 1993 α
2212 1948 2660 2021 ῐιριητοσυγκιλλὸς
2690 1946 3028 2002 Mesimerius
3058 1948 3135 2017 (in
3160 1947 3301 2003 facta
3333 1949 3536 2005 scilicet
3565 1966 3627 2005 ex
3656 1953 3728 2007 di-

2163 2038 2265 2093 ctis
2288 2039 2353 2093 ab
2380 2038 2494 2109 ipso
2518 2038 2844 2105 Mesimerio,
2868 2055 2989 2109 quae
3012 2039 3214 2096 Grzecaa
3236 2039 3394 2109 hujus
3416 2042 3612 2097 charta:
3639 2058 3728 2097 ex-

2162 2138 2269 2184 stat
2305 2130 2559 2198 ascripta,
2595 2130 3064 2201 interpretationc)
3107 2129 3297 2185 Latine
3355 2131 3572 2201 scripsit
3605 2132 3729 2192 Pnac

2164 2236 2570 2285 'rosraourLLos,
2597 2236 2722 2292 ego,
2746 2221 2989 2275 imitatus
3008 2222 3270 2290 quosdam
3295 2220 3532 2285 Latinos,
3555 2222 3728 2291 scripsi

2159 2315 2593 2386 protosyncellus,
2619 2315 2754 2369 alius
2790 2315 2929 2370 forte
2974 2322 3148 2370 vertet
3186 2316 3389 2385 primus
3430 2314 3727 2377 sacellanas,

2161 2404 2255 2460 sed
2284 2404 2417 2458 nihil
2439 2406 2505 2458 ad
2529 2420 2665 2470 rem,
2690 2405 2829 2475 legat
2849 2405 3097 2474 quisque,
3120 2413 3179 2457 ut
3203 2413 3261 2458 ut
3287 2403 3447 2458 volet.
3471 2403 3731 2473 Originale

2162 2510 2459 2565 appensum
2484 2496 2644 2551 habet
2673 2512 2739 2559 ex
2767 2497 3008 2551 cannabe
3037 2497 3155 2550 alba
3184 2511 3405 2566 parvam
3443 2497 3730 2567 plumbenn

2161 2588 2383 2655 bullam,
2420 2590 2472 2642 in
2507 2588 2663 2660 cujus
2693 2606 2796 2643 una
2824 2601 2977 2660 parte
2993 2598 3076 2644 est
3097 2588 3330 2644 Sanctus
3357 2589 3600 2658 quidam,
3628 2590 3733 2643 bra-

2160 2680 2297 2735 chiis
2317 2691 2371 2736 et
2391 2681 2582 2751 palmis
2604 2682 2879 2751 expansis.
2914 2682 3165 2737 Arbitror
3186 2696 3308 2737 esse
3329 2690 3571 2736 sanctum
3604 2682 3731 2752 Aga-

2162 2771 2301 2825 cium
2326 2781 2643 2843 martyrem,
2673 2772 3064 2842 Syllacensium
3112 2781 3402 2843 patronum
3423 2813 3437 2835 ,
3483 2773 3536 2826 in
3563 2772 3726 2825 altera

2161 2878 2290 2917 vero
2333 2873 2488 2933 parte
2517 2873 2645 2918 sunt
2670 2865 3021 2920 characteres
3048 2863 3223 2919 Graeci
3249 2863 3601 2918 minutissimi
3651 2863 3727 2916 vis

2161 2952 2422 3025 lcgibiles.
2462 2974 2479 3007 ι

2229 3046 2350 3101 561.
2386 3045 2460 3101 lta
2491 3046 2596 3101 ille.
2626 3048 2695 3101 Et
2724 3056 2871 3103 recte
2892 3047 3109 3117 quidem
3140 3047 3459 3103 vocabulum
3489 3048 3728 3103 Graecum

475 3136 684 3191 scilicet
716 3136 913 3191 Nicazni
957 3136 997 3209 l)
1042 3137 1261 3192 deiferis
1312 3136 1587 3195 Patribus.
1636 3141 1781 3199 Istud
1820 3142 2052 3211 sigillum
2083 3179 2128 3241 Ο
2158 3140 2603 3215 agema-mm;
2630 3139 2822 3195 Latine
2847 3139 3010 3194 vertit
3040 3139 3511 3211 Protosyncellus;
3552 3156 3729 3195 verum

474 3227 689 3282 firmum
721 3232 775 3283 et
804 3228 1113 3282 inviolabile
1146 3229 1211 3283 ad
1261 3231 1583 3287 saeculorum
1629 3234 1791 3289 linem
1839 3251 2056 3304 perula-

474 3332 615 3376 neat.
655 3322 864 3377 Etenim
890 3336 989 3391 ego
1018 3322 1120 3376 hoc
1144 3337 1385 3391 praesens
1404 3324 1640 3393 sigillum
1668 3326 1929 3384 bullatum
1960 3345 2057 3399 pro

471 3412 797 3481 supradictis
851 3411 1130 3466 monachis
1172 3411 1311 3478 feci,
1367 3424 1424 3468 et
1470 3416 1685 3470 bullans
1742 3434 1860 3472 mea
1909 3420 2055 3476 bulla

2160 3248 2300 3289 anne
2325 3234 2467 3288 idem
2501 3233 2814 3289 vocabulum
2844 3233 3091 3288 Grmcum
3117 3244 3264 3289 recte
3286 3235 3449 3289 etiam
3474 3234 3600 3304 quis
3621 3250 3730 3287 vcr-

2163 3326 2287 3380 terit
2321 3326 2519 3395 primus
2550 3324 2844 3379 sacellanus
2871 3325 2895 3378 ?
2924 3324 3362 3396 Protosyncellus
3394 3340 3487 3380 seu
3534 3333 3729 3400 Πρωτο-

2158 3416 2426 3488 συγκαλλός
2449 3415 2586 3469 idem
2618 3414 2907 3485 significat,
2937 3414 3081 3483 quod
3102 3413 3464 3485 syncellorum
3496 3414 3726 3483 primus;

2157 3506 2329 3575 qualis
2360 3513 2539 3558 autem
2572 3504 2899 3574 significatio
2929 3503 3188 3559 vocabulo
3219 3505 3480 3574 sgncellus
3526 3520 3731 3572 compe-

2159 3606 2257 3660 tat,
2290 3609 2387 3665 pro
2414 3604 2565 3649 certo
2594 3609 2806 3664 nequeo
2836 3594 3065 3651 edicere.
3094 3593 3194 3648 Adi
3218 3594 3482 3666 Cangium
3508 3596 3557 3649 in
3596 3594 3731 3650 Glos-

2155 3686 2299 3741 sario
2324 3684 2512 3740 media:
2542 3694 2595 3739 et
2624 3683 2821 3739 infimae
2868 3684 3178 3740 Latinitatis
3207 3687 3273 3739 ad
3305 3686 3569 3740 vocabula
3611 3683 3731 3737 Pro-

470 3507 722 3575 plumbea
754 3506 959 3575 signavi
998 3510 1057 3567 >14
1092 3505 1293 3560 mensis
1322 3506 1638 3564 Decembris
1662 3511 1884 3580 septima
1906 3552 1920 3577 ,
1974 3514 2056 3569 in-

471 3597 706 3651 dictione
735 3596 943 3650 decima
973 3593 1161 3662 quinta
1209 3595 1334 3648 anni
1382 3596 1652 3653 millesimi
1696 3604 2050 3671 nonagesimi.

471 3687 584 3758 Ego
607 3686 928 3756 Raingerius
959 3684 1052 3739 Dei
1098 3683 1385 3740 clementia
1438 3688 1643 3743 electus
1688 3692 2053 3762 archiepisco-

470 3798 572 3852 pus
602 3791 802 3836 sanctte
831 3777 1263 3849 metropolitanze
1288 3780 1542 3836 Ecclesiae
1573 3781 1764 3853 Rhegii
1812 3802 2053 3855 prmsens

469 3871 807 3934 confirmavi,
843 3878 1001 3939 prout
1026 3869 1248 3925 omnino
1273 3869 1531 3940 scriptum
1556 3872 1803 3938 habetur,
1828 3884 1878 3930 et
1908 3879 2051 3947 apud

469 3966 613 4034 ipsos
643 3962 736 4015 Dei
773 3976 977 4023 servos,
1015 3974 1243 4029 quorum
1276 3976 1436 4031 supra
1487 3962 1690 4018 mentio
1739 3963 1882 4020 facta
1938 3977 2047 4037 est,

472 4055 800 4115 llrunonem,
829 4050 1127 4104 Lauvinurn
1150 4059 1204 4104 et
1227 4060 1451 4105 caeteros
1477 4052 1655 4107 socios
1679 4069 1693 4117 ;
1719 4054 1810 4109 sed
1832 4064 1885 4111 et
1909 4058 2050 4125 apud

470 4159 586 4209 eos,
618 4142 712 4213 qui
753 4140 1054 4196 successuri
1094 4149 1237 4204 sunt,
1290 4151 1465 4197 ratum
1516 4142 1789 4212 fixumque
1836 4161 2052 4215 perma-

470 4245 619 4298 neat,
642 4241 695 4287 et
727 4247 897 4301 usque
926 4231 990 4285 ad
1037 4231 1356 4286 saeculorum
1387 4235 1541 4290 linem
1572 4236 1906 4293 validitatem
1955 4240 2053 4295 ob-

472 4328 657 4380 tineat.
692 4345 709 4377 »
737 4325 936 4381 ϐνωοω
959 4324 1248 4380 Mesimerii
1274 4327 1493 4392 chartzr,
1524 4330 1612 4384 hic
1639 4345 1703 4385 ex
1734 4333 2053 4389 recensione

469 4419 759 4473 Mor-kensii
785 4416 896 4486 jam
927 4416 1086 4480 datae,
1116 4418 1346 4488 ascripta
1373 4428 1568 4485 exstat,
1593 4423 2048 4489 quemadmodum

2153 3780 2468 3851 tusyncellus
2508 3787 2563 3834 et
2597 3778 2876 3849 syncellus.
2908 3778 2989 3833 Ad
3037 3793 3101 3832 ea
3130 3794 3250 3849 qua:
3279 3779 3569 3843 chronicaa,
3618 3778 3727 3847 qui-

2153 3876 2254 3931 bus
2282 3872 2467 3928 Grzeca
2520 3870 2807 3925 Mesirnerii
2843 3871 3031 3924 charta
3079 3870 3342 3933 munitur,
3391 3879 3533 3924 notae
3558 3870 3729 3924 obser-

2154 3962 2326 4017 vanda
2356 3959 2809 4029 dilucidandaque
2837 3957 3089 4024 oﬂ'erunt,
3121 3959 3342 4014 accedo.
3373 3959 3566 4014 Annus
3590 4000 3604 4024 ,
3632 3974 3728 4030 quo

2153 4052 2572 4107 instrumentum
2590 4049 2717 4104 illud
2732 4050 2915 4105 datum
2931 4058 3171 4114 notatur,
3187 4065 3305 4104 cum
3327 4050 3619 4105 indictione
3635 4066 3727 4103 non

2154 4144 2427 4199 convenit.
2458 4142 2595 4210 Quid
2626 4157 2754 4212 ergo
2785 4143 2849 4197 de
2877 4158 2942 4197 eo
2972 4143 3061 4197 hic
3084 4143 3430 4198 statuemus?
3467 4143 3726 4211 Spurium-

2154 4252 2221 4291 nc
2248 4236 2448 4291 idcirco
2471 4245 2565 4290 aut
2593 4234 2994 4306 supposititium
3016 4235 3533 4304 pronuntiabimus?
3574 4236 3729 4289 Char-

2155 4338 2261 4396 tas,
2290 4330 2432 4398 quod
2467 4327 2808 4384 difficultates
2840 4327 3255 4398 chronologicas
3279 4327 3724 4397 complectantur,

2156 4422 2297 4475 haud
2322 4420 2479 4475 facile
2510 4419 2834 4490 rejicicndas
2862 4434 3006 4484 esse,
3039 4420 3176 4489 apud
3204 4419 3468 4489 Cangium
3502 4420 3553 4473 iu
3585 4419 3726 4475 Glos-

469 4513 557 4567 hic
592 4510 824 4580 scriptor
858 4521 911 4564 et
940 4508 1205 4564 Surianus
1256 4525 1375 4581 pag.
1407 4509 1510 4565 209
1561 4521 1848 4576 testantur,
1886 4525 1937 4570 et
1974 4515 2051 4569 al-
2078 4541 2131 4601 υ
2156 4514 2301 4570 sario
2331 4513 2522 4568 media:
2547 4524 2601 4568 et
2629 4514 2828 4567 inﬁnite
2851 4510 3165 4565 Latinitatis
3195 4511 3261 4566 ad
3287 4510 3607 4565 vocabulum
3631 4512 3726 4563 An-

467 4613 581 4655 tcra
612 4601 823 4664 Latina,
854 4616 947 4654 seu
974 4601 1152 4669 potius
1191 4600 1350 4669 paulo
1395 4599 1616 4656 liberior
1655 4603 1817 4659 dictae
1846 4605 2049 4665 charta:

465 4693 668 4747 Graecae
708 4692 776 4745 ab
821 4692 1071 4761 ipsumet,
1104 4700 1163 4745 ut
1192 4700 1415 4761 apparet
1447 4692 1751 4750 Mesimerio
1780 4696 1923 4753 facta
1968 4701 2051 4755 in-

465 4783 801 4852 terprctatio.
873 4781 939 4837 Ut
998 4783 1064 4836 de
1125 4783 1417 4851 approbata
1480 4798 1577 4853 per
1634 4784 1994 4844 Mesimerium
2033 4832 2049 4857 ,

462 4889 623 4943 quam
652 4873 916 4945 Rogcrius
962 4888 1145 4929 comes
1194 4873 1530 4929 S.‘Brunoni
1583 4875 1730 4943 fecit,
1763 4879 2049 4936 donatione

462 4980 617 5018 suum
645 4964 788 5020 ferre
820 4958 1281 5035 queat'studiosus
1309 4966 1481 5021 lector
1500 4966 1786 5037 judicium,
1818 4970 1966 5026 lubet
1990 4984 2044 5027 et

457 5056 500 5110 L
540 5059 705 5109 t‘nam
740 5056 883 5111 illam
906 5057 1150 5111 chartam
1183 5058 1289 5113 huc
1319 5060 1701 5115 transcribere.

439 5148 449 5230 ι
526 5147 650 5202 560.
684 5146 776 5203 llis
801 5147 976 5203 verbis
1003 5148 1307 5218 concipitur
1334 5167 1346 5203 :
1384 5169 1402 5201 ι
1443 5149 1552 5221 Ego
1584 5152 1903 5209 Theodorus
1928 5156 2036 5210 Me-

457 5241 732 5305 simcrius,
768 5241 862 5294 Dei
893 5241 1065 5309 gratia
1114 5241 1397 5310 episcopus
1425 5244 1491 5298 de
1522 5243 1829 5313 Squillatio,
1874 5258 1930 5302 et
1977 5249 2043 5305 de

456 5327 591 5384 Stilo
635 5340 691 5384 et
734 5331 801 5384 de
832 5330 1101 5395 Taberna,
1140 5339 1195 5384 ct
1230 5334 1709 5403 protosynquillos,
1751 5336 1894 5392 dono
1921 5355 2043 5410 gra-

455 5423 545 5483 tis,
580 5440 684 5476 non
719 5430 964 5486 coactus,
1014 5423 1109 5477 sed
1161 5423 1372 5478 comitis
1420 5424 1637 5497 Rogcrii
1688 5432 1939 5499 precibus
1987 5442 2042 5487 et

456 5517 682 5570 consilio
748 5517 1106 5586 plurimorum
1180 5532 1464 5586 procerum
1534 5536 1754 5577 suorum
1820 5527 2039 5595 acquie—

378 5598 389 5609 ’
455 5623 629 5673 scens,
678 5618 880 5662 terram
924 5608 991 5661 de
1037 5608 1318 5674 Turribus,
1372 5612 1581 5670 scilicet
1630 5615 1736 5671 duo
1786 5617 2037 5673 milliaria

454 5702 597 5757 circa
623 5701 930 5766 ecclesiam,
955 5703 1008 5756 in
1036 5712 1213 5759 monte
1234 5708 1609 5777 constitutam,
1635 5726 1702 5766 ex
1724 5714 2038 5785 omniparte

455 5795 651 5848 domno
677 5793 916 5848 Brunoni
946 5804 998 5851 et
1026 5794 1268 5854 Lanvino
1291 5800 1562 5872 sociisque
1592 5820 1889 5876 eorumque
1916 5825 2035 5863 suc-

2156 4624 2252 4661 nus
2286 4605 2456 4661 solide
2490 4605 2770 4675 probatur.
2807 4603 2978 4659 Verba
3011 4602 3218 4667 omnia,
3249 4611 3304 4655 ul
3328 4611 3386 4656 ut
3418 4604 3725 4673 prolixiora,

2152 4702 2349 4771 quibus
2377 4700 2426 4754 id
2459 4699 2535 4762 fit,
2561 4698 2765 4767 juvcrit
2794 4699 2899 4753 huc
2932 4697 3364 4765 transcripsisse,
3400 4712 3467 4751 nc
3509 4698 3628 4767 quis
3656 4713 3726 4749 rc-

2153 4793 2372 4845 citatam
2398 4789 2686 4845 Mesimerii
2710 4788 2978 4854 chartam,
3006 4789 3241 4843 maxime
3258 4788 3302 4844 si
3326 4788 3491 4853 dicta,
3524 4804 3628 4858 qua
3656 4788 3724 4840 la-

2152 4884 2328 4946 borat,
2363 4883 2747 4954 chronologica
2778 4882 3060 4938 dilllcultas
3090 4893 3368 4953 utcunque
3409 4883 3524 4938 tolli
3554 4892 3723 4953 queat,

2152 4973 2309 5029 facile
2378 4976 2661 5044 repudiet,
2726 4984 2819 5030 aut
2878 4976 3042 5030 etiam
3095 4986 3403 5047 suspectam
3474 4976 3726 5031 duntaxat

2149 5069 2369 5124 habeat.
2400 5068 2489 5151 Sic
2512 5069 2745 5125 habent:
2777 5090 2795 5121 ι
2831 5070 3183 5125 Inveniuntur
3212 5071 3565 5127 nihilominus
3591 5087 3723 5141 qure-

2148 5162 2271 5214 dam
2304 5162 2616 5230 pontilicum
2640 5164 2950 5233 diplomata,
2986 5163 3161 5232 inquit
3191 5164 3329 5219 idem
3378 5176 3567 5221 auctor
3596 5165 3720 5238 (Ma-

2145 5250 2399 5306 billonius
2424 5252 2489 5307 de
2516 5254 2594 5309 Re
2611 5254 2978 5324 diplomatica,
3009 5253 3103 5308 lib.
3128 5271 3189 5318 ιι,
3215 5272 3264 5310 c.
3292 5255 3382 5320 22'),
3414 5274 3468 5311 n.
3498 5258 3577 5328 9),
3603 5273 3723 5327 quo-

2149 5359 2265 5396 rum
2297 5344 2537 5399 calculus
2583 5347 2937 5401 recentiorem
2995 5356 3239 5401 nostrum
3269 5350 3565 5417 prtevertit.
3606 5349 3721 5417 thts

2148 5436 2363 5505 generis
2395 5437 2500 5491 duo
2521 5436 2723 5492 Callisti
2751 5437 2791 5492 ll
2814 5438 2966 5493 nobis
2990 5439 3297 5508 suppeditat
3317 5440 3562 5495 eruditus
3584 5441 3721 5496 Chii-

2147 5530 2325 5586 lletius
2352 5530 2404 5586 iu
2430 5532 2569 5586 llist.
2597 5531 3073 5587 Threnorchicnsi.
3106 5531 3345 5586 Primum
3374 5543 3458 5588 est
3489 5554 3506 5584 ι
3538 5536 3719 5588 Datum

2153 5642 2170 5673 ς
2219 5622 2366 5677 Albae
2397 5639 2493 5693 per
2517 5640 2733 5677 mamun
2759 5624 3044 5693 Grisogoni
3072 5624 3129 5680 S.
3159 5626 3223 5679 Β.
3254 5626 3295 5680 Ε
3340 5627 3553 5683 diaconi
3578 5632 3713 5682 card.

2155 5738 2173 5768 ι
2225 5734 2289 5774 ac
2312 5718 2705 5774 bibliothecarii
2752 5736 2817 5773 xv
2854 5720 2971 5773 Kal.
3004 5719 3167 5785 Junii,
3210 5721 3319 5776 ind.
3349 5738 3440 5777 xrv
3484 5722 3590 5776 luc.
3626 5721 3711 5774 Do-

2156 5829 2173 5861 ι
2222 5810 2431 5864 miuica:
2482 5828 2569 5865 an.
2620 5811 2779 5878 “22,
2847 5810 3200 5868 Pontificatus
3256 5811 3457 5868 domini
3511 5813 3711 5868 Ca'listi
