3846 6316
127 381 208 436 5ίό
876 430 877 433 η
1589 372 1791 429 ACTA.

3208 373 3314 432 546

170 514 290 569 [mpm
314 512 447 551 anno
488 496 574 551 Ill.
633 514 653 547 ι
701 493 945 549 Alterum
994 492 1157 548 habet
1202 491 1423 545 easdem
1453 499 1621 544 notas.

1735 486 1928 558 ἡμιρὰς
1965 483 2338 557 προϐεϐηκότι,
2373 482 2426 536 id
2454 490 2566 548 est,
2614 500 2632 534 ι
2686 498 2870 539 mense
2918 485 3196 542 Decembr!
3246 491 3313 545 ad

169 591 308 646 5623(
340 589 497 657 Atqui
536 587 761 642 indictio
790 601 880 640 xrv
909 584 1159 640 convenit
1192 600 1296 638 nun
1327 597 1471 637 anno
1500 582 1636 636 “22

119 681 351 736 secundum
373 678 639 732 calculum
666 686 935 744 nostrum,
966 676 1061 731 sed
1106 692 1249 731 anno
1279 674 1629 744 prmccdcnti.

120 770 362 829 L'udeidem
389 767 684 823 Cluill‘letius
701 769 754 822 in
779 758 1238 836 lemmateprioris
1252 766 1513 836 privilegii
1542 782 1635 819 nu-

118 865 341 918 tatdatum
366 876 484 915 esse
512 862 853 931 privilegium
877 876 965 914 an.
990 859 1151 924 “22,
1174 874 1204 911 a
1227 859 1313 913 die
1340 858 1413 912 25
1457 857 1633 912 Martii

116 956 289 1010 demicte
316 993 330 1018 ,
352 952 559 1007 scilicet
582 961 849 1021 quatenus
876 950 1179 1005 lncarnatio
1211 964 1400 1005 novem
1429 949 1632 1004 mensi-

117 1048 185 1097 bus
208 1044 432 1112 praecedit
459 1058 475 1096 :
507 1044 605 1097 sed
638 1056 782 1096 anno
813 1042 1141 1113 Dionysiano
1169 1040 1330 1105 1121,
1367 1050 1426 1095 ut
1451 1050 1632 1095 osten—

114 1136 166 1189 dit
183 1133 368 1188 iadictio
391 1149 502 1187 xlv.
527 1133 647 1187 Alia
673 1134 788 1204 ejus
810 1136 1023 1204 generis
1044 1124 1317 1203 pontificia
1341 1131 1630 1201 diplomata

115 1228 319 1279 ridentur.
353 1224 552 1280 Verum
585 1227 830 1295 quaedam
864 1229 1233 1296 reperiuntur,
1264 1242 1492 1296 quorum
1523 1226 1602 1280 cal

113 1318 223 1371 calas
242 1332 334 1370 uno
356 1332 497 1371 anno
542 1319 932 1389 Dionysianum
964 1318 1241 1389 prmcedit,
1297 1333 1403 1372 non
1451 1318 1626 1372 solum

113 1407 325 1462 mensibus
350 1424 539 1469 novem
568 1425 688 1478 quae
715 1411 939 1479 proinde
970 1425 1074 1464 non
1099 1417 1327 1479 possunt
1356 1409 1423 1463 ad
1448 1411 1629 1463 calcu-

113 1500 188 1551 lum
209 1498 438 1553 Pisanum
461 1537 549 1563 ,...
594 1520 612 1553 ι
648 1501 738 1571 qui
789 1502 858 1556 ab
906 1501 1280 1556 lncarnatione
1326 1499 1625 1565 Dominica,

112 1600 225 1659 prout
254 1591 353 1643 hac
376 1606 573 1645 novem
620 1592 895 1646 mensibus
940 1591 1288 1645 Nativilatetu
1331 1591 1624 1661 prascessit,

111 1682 214 1733 ducit
252 1680 489 1745 initium,
546 1684 733 1752 itaque
779 1682 999 1736 totidem
1040 1682 1317 1736 mensibus
1361 1681 1628 1736 calculum

111 1788 378 1826 communem
408 1773 710 1841 prmvertit,
744 1791 762 1823 ι
787 1773 1206 1827 accommodari.
1234 1772 1422 1827 Exstat
1441 1772 1627 1839 hujus-

1740 582 1942 643 septem
1999 574 2115 628 dies
2161 573 2273 643 jam
2320 582 2592 642 provecto.
2648 593 2667 625 ι
2705 574 2794 629 Sic
2824 574 2874 628 in
2902 575 3211 645 Appendice
3247 583 3315 635 ad

1738 664 1995 720 Bernardi
2044 665 2405 722 Montfauconi
2449 666 2887 739 Paleographiam
2937 686 3058 740 pag.
3100 671 3204 724 512
3231 686 3316 726 se-

1736 772 1909 827 quens
1949 758 2150 812 codicis
2193 757 2528 819 Octateuchi,
2579 760 2631 813 in
2675 760 2902 829 collegio
2952 761 3316 819 universitatis

1737 848 2060 905 Oxoniensis
2108 850 2393 916 asservati,
2449 849 2636 906 Graeca
2688 852 2967 921 inscriptio
3005 868 3097 907 seu
3140 856 3315 921 potius

1735 944 1993 1009 clausula,
2022 944 2171 1005 Τέλος
2209 942 2401 1016 εἴληφεν
2435 942 2814 1016 ἡὉκτάτιυχος
2838 947 3014 1017 βίϐὶος
3054 948 3313 1022 Νοεμϐρίῳ

1734 1041 1803 1098 εἰς
1829 1040 1922 1100 τὰς
1944 1036 1983 1092 κ’
2022 1036 2207 1091 Latine
2254 1036 2517 1104 redditur,
2555 1057 2572 1088 ι
2608 1038 2767 1091 linem
2817 1041 3022 1108 accepit
3063 1038 3315 1097 Octatcu-

1734 1130 1870 1184 chus
1894 1129 2210 1183 Novembris
2236 1128 2515 1197 vigesima.
2557 1148 2576 1181 ι
2624 1129 2701 1183 Ex
2732 1129 2793 1183 iis
2821 1130 3034 1198 quidem
3066 1148 3184 1201 quae
3211 1131 3314 1185 Sa—

1735 1220 1922 1275 rianus
1951 1221 2005 1275 in
2049 1221 2162 1275 suis
2194 1222 2261 1274 ad
2296 1228 2607 1275 contextam
2650 1237 2680 1274 a
2728 1220 2888 1276 Surio
2920 1222 3103 1277 Sancti
3139 1222 3312 1279 Vitam

1733 1310 2175 1364 annotationibus
2204 1309 2511 1379 suppeditat
2555 1309 2608 1363 in
2650 1311 2955 1378 apographo
2990 1314 3130 1380 quod
3179 1314 3315 1367 scri-

1731 1401 1869 1471 ptori
1904 1401 2026 1455 huic
2052 1399 2320 1468 praeluxit,
2359 1406 2641 1454 exaratum
2673 1398 2836 1453 fuisse
2867 1401 3080 1455 videtur
3122 1404 3193 1464 είς
3222 1413 3314 1464 τῆς

1732 1508 1840 1549 non
1864 1500 2044 1546 autem
2064 1494 2135 1551 εἰς
2159 1493 2253 1552 τὰς
2268 1492 2440 1554 Eata;
2470 1505 2655 1544 verum
2681 1490 2732 1543 id
2765 1490 2847 1545 vel
2878 1491 2929 1545 in
2960 1493 3313 1548 describentis

1730 1598 1996 1647 errorem,
2033 1582 2116 1636 vel
2152 1583 2204 1636 in
2236 1582 2548 1646 dialectum,
2586 1597 2747 1652 quam
2797 1580 2937 1636 forte
2979 1581 3314 1639 Mcsimerius

1731 1679 1896 1732 fuerit
1916 1686 2150 1739 secutus,
2174 1686 2257 1731 est
2281 1676 2697 1732 refundendum.
2714 1676 2783 1733 Ut
2808 1686 2864 1732 ut
2880 1677 2968 1742 sit,
2987 1692 3141 1732 error
3161 1682 3314 1753 equi--

1731 1771 1874 1836 dem,
1906 1772 2051 1841 quia
2081 1771 2318 1827 librariis
2345 1772 2669 1827 commissus
2698 1772 2787 1836 sit,
2821 1773 2873 1827 in
2900 1775 3307 1830 citat-actoribus

110 1862 209 1914 modi
234 1864 614 1933 autographum
640 1878 743 1916 non
772 1862 992 1917 dubium
1019 1864 1072 1916 in
1096 1863 1317 1917 archivo
1345 1864 1625 1933 Dionysia-
1660 1861 1701 1914 B
1729 1864 2023 1927 chronicis,
2055 1864 2251 1933 quibus
2280 1863 2569 1920 Mesimerii
2594 1864 2783 1919 charta
2811 1881 2905 1920 seu
2944 1867 3120 1935 potius
3159 1868 3316 1937 hujus

111 1955 317 2008 nodatum
341 1974 357 2003 ι
386 1971 455 2009 ιιι
478 1954 598 2007 Kal.
622 1954 788 2025 April.
818 1955 928 2009 ind.
956 1973 1010 2017 κ,
1030 1956 1421 2011 lucarnationis
1445 1958 1626 2011 Domi-

114 2068 125 2094 ι
157 2049 259 2101 nica
278 2049 445 2103 annol
465 2048 570 2101 [03
582 2047 1120 2117 pontificatusautem
1139 2049 1320 2102 domni
1346 2048 1625 2114 Paschalis

114 2140 333 2194 isecundi
380 2154 539 2209 papa:
572 2139 656 2194 lll.
700 2161 719 2192 ι
760 2139 892 2207 Quae
947 2140 1191 2203 indictio,
1243 2140 1401 2196 sicuti
1451 2156 1627 2197 annus

111 2229 319 2285 Paschalis
346 2233 545 2286 tertius
590 2246 731 2286 anno
762 2231 901 2287 “02
945 2232 1276 2287 conveniunt
1310 2231 1360 2285 in
1393 2230 1585 2286 Martio
1608 2274 1622 2299 ,

112 2337 177 2375 nec
198 2324 409 2390 sequenti
442 2338 593 2379 anno
618 2325 911 2380 convenire
936 2335 1179 2395 possunt,
1212 2324 1428 2379 etiamsi
1454 2324 1629 2379 ealcu-

110 2412 165 2464 las
187 2413 381 2469 Pisanus
404 2415 764 2481 admittatur;
816 2417 919 2471 nisi
971 2417 1184 2484 integro
1230 2434 1373 2482 anno
1418 2418 1630 2473 dicatur

111 2506 179 2560 huc
202 2506 408 2577 diploma
436 2508 830 2581 Dionysianum
871 2513 1237 2582 pnecessisse.
1287 2512 1534 2568 Occurrit
1574 2522 1629 2567 et

109 2597 209 2649 aliud
240 2599 364 2667 apud
411 2600 742 2655 Pnrtcellum
785 2617 907 2672 pag.
941 2602 1046 2657 512
1076 2601 1315 2671 ejusdem
1350 2602 1627 2657 Paschalis

110 2688 219 2754 plane
265 2692 565 2746 consimile.
628 2712 645 2745 ι
704 2694 895 2748 Datum
953 2693 1203 2749 Laterani
1255 2709 1353 2763 per
1406 2709 1626 2750 manum

113 2779 338 2837 iJoannis
386 2784 443 2838 S.
499 2783 568 2837 Β.
624 2784 686 2838 Ε.
743 2785 956 2840 diaconi
1008 2784 1321 2851 cardinalis,
1364 2802 1454 2839 va
1506 2787 1623 2840 Kal.

110 2892 121 2921 t
152 2873 286 2929 Martii
310 2877 476 2931 indict
516 2893 568 2939 ι,
593 2877 983 2933 incarnationis
997 2877 1289 2933 Dominicm
1305 2894 1449 2933 anno
1466 2880 1488 2932 1
1505 2879 1626 2945 103,

111 2984 122 3012 ι
153 2968 451 3034 pontiﬁcatus
478 2978 662 3023 autem
692 2969 893 3023 domini
920 2968 1200 3024 Paschalis
1225 2970 1445 3024 secundi
1475 2985 1627 3040 papae

110 3074 120 3103 ι
153 3056 213 3109 lll.
242 3078 257 3107 ι
289 3059 380 3114 llic
409 3060 556 3115 idem
587 3059 966 3123 cancellarius,
1013 3061 1200 3116 eadem
1231 3060 1626 3130 chronologica:

22 3138 23 3143 “
106 3154 219 3211 noue,
235 3164 340 3217 qua:
359 3150 590 3204 eruditis
611 3149 961 3205 discutienda:
981 3159 1376 3219 proponuntur,
1399 3150 1624 3221 aliarque

1728 1956 2116 2026 apographum,
2150 1971 2213 2011 ex
2247 1955 2533 2011 Morkeasii
2564 1958 2879 2014 recensione
2903 1958 3007 2013 huc
3029 1958 3139 2027 jam
3169 1969 3313 2014 tran-

1727 2050 2009 2118 scriptum,
2045 2049 2309 2119 signatur,
2339 2050 2540 2105 cubare
2571 2065 2677 2105 non
2715 2051 2945 2106 videtur.
2988 2052 3186 2107 Verum
3222 2052 3314 2122 qui

1730 2145 1945 2197 tandem
1978 2157 2110 2212 ergo
2135 2141 2539 2212 chronologica,
2565 2157 2730 2211 quam
2751 2145 3096 2198 characteres
3121 2144 3195 2198 illi
3228 2143 3311 2198 οἷο

1729 2235 1931 2299 ferunt,
1963 2234 2251 2290 dillicultas
2290 2250 2320 2289 e
2350 2235 2528 2290 medio
2566 2235 2803 2290 tolletur.

1800 2328 1924 2382 504.
1970 2326 2344 2390 Morkensius,
2409 2326 2475 2380 ad
2530 2327 3317 2399 chronologico-diplomaticae

1730 2435 1844 2473 sua:
1886 2419 2091 2474 calcem
2124 2417 2382 2473 nonnulla
2428 2433 2526 2487 pro
2570 2417 2864 2481 chronicis,
2909 2420 3104 2487 quibus
3141 2420 3311 2480 varia,

1729 2526 1850 2580 quae
1896 2510 2156 2582 protulit,
2205 2510 2497 2579 diplomata
2541 2526 2634 2565 seu
2690 2510 3050 2566 instrumenta
3100 2511 3312 2580 publica

1732 2604 2076 2669 muniuntur,
2104 2604 2514 2659 characteribus
2550 2603 2605 2657 in
2636 2602 2977 2658 concordiam
3004 2604 3314 2658 revocandis

1731 2695 1917 2751 lectori
1944 2710 2269 2766 proponens,
2296 2696 2363 2749 de
2386 2694 2691 2749 Mcsimerio
2717 2694 2814 2761 ait,
2837 2707 2961 2748 eum
2993 2713 3010 2745 ι
3048 2709 3195 2748 more
3226 2694 3313 2748 Si-

1728 2787 1853 2843 culo
1877 2802 1975 2843 nos
1998 2787 2255 2855 consequi
2286 2800 2429 2840 anno
2460 2799 2586 2849 uno,
2616 2793 2781 2855 atque
2810 2783 2930 2838 ideo
2965 2782 3145 2837 datam
3174 2782 3316 2837 illius

1730 2880 2130 2953 producendam
2153 2892 2274 2933 esse
2315 2891 2488 2947 usque
2536 2877 2604 2932 ad
2652 2878 3069 2945 subsequentem
3115 2891 3312 2929 annum

1728 2985 2012 3031 nostrum:
2054 2994 2073 3026 υ
2105 2972 2257 3039 Quod
2291 2972 2334 3027 si
2368 2986 2555 3026 verum
2600 2970 2690 3035 sit,
2737 2968 3125 3038 Squillacensis
3172 2968 3315 3021 illius

1730 3066 1988 3122 antistitis
2021 3066 2209 3121 charta
2248 3079 2409 3131 supra
2443 3062 2690 3126 recitata,
2713 3076 2832 3129 qua:
2855 3075 2998 3114 anno
3032 3058 3167 3113 1090
3185 3059 3311 3112 data

1731 3165 1967 3220 notatur,
2002 3169 2143 3209 anno
2180 3152 2425 3222 proxime
2450 3152 2692 3220 sequenti
2738 3150 2863 3204 data
2890 3148 3072 3213 fuerit,
3126 3148 3312 3216 sicque

105 3236 250 3293 similes
269 3240 403 3294 haud
428 3255 557 3295 raro
586 3250 958 3297 occurrentes.
987 3240 1112 3295 lhec
1143 3242 1258 3297 fere
1304 3241 1370 3296 ad
1399 3242 1619 3298 verbum
1652 3226 1692 3281 (ί
1732 3250 2063 3311 indictioxv,
2085 3246 2466 3317 quasignatur,
2490 3258 2611 3299 cum
2626 3258 2768 3298 anno
2785 3259 2891 3312 quo
2906 3258 3030 3297 vere
3044 3242 3164 3296 data
3183 3240 3276 3296 fuit
3296 3284 3309 3306 ,

22 3386 29 3397 ,
104 3329 457 3397 exﬂabillonio,
490 3330 660 3386 fusius
683 3331 922 3400 quidem,
957 3331 1051 3386 sed
1082 3332 1227 3385 haud
1260 3330 1529 3385 inutiliter
1556 3331 1622 3385 ad

22 3464 23 3467 η
104 3426 425 3480 ostendendum
456 3441 564 3480 non
587 3424 743 3480 facile
772 3424 1094 3493 rejiciendas
1122 3438 1244 3479 esse
1291 3423 1539 3489 chartas,
1572 3424 1624 3478 in

22 3526 25 3581 ᾇ
104 3518 244 3583 quibus
265 3520 651 3590 chronologica:
686 3519 1028 3575 dillicullates
1063 3526 1375 3581 occurrunt,
1422 3533 1543 3572 cum
1571 3526 1628 3573 et

106 3607 139 3658 in
155 3608 203 3663 iis
216 3611 702 3664 animadvertantur
724 3611 1126 3681 diplomatibus,
1154 3625 1276 3681 quae
1299 3607 1444 3664 nullo
1467 3609 1625 3664 modo

104 3713 268 3763 possunt
294 3703 342 3755 in
373 3702 598 3756 dubium
629 3703 889 3756 revocari.
929 3722 946 3753 ι

148 3789 244 3844 515.
288 3792 557 3848 Hactenus
601 3792 822 3856 ibidem,
871 3801 926 3846 et
973 3802 1118 3847 recte
1160 3793 1397 3864 quidem,
1432 3788 1623 3858 utjam

22 3890 25 3921 ί
104 3882 252 3934 ιιιοηυί.
296 3883 492 3937 Verum
547 3883 639 3952 qui
687 3883 846 3936 modo
896 3882 1358 3953 chronologicam,
1408 3899 1527 3953 qua:
1569 3882 1620 3935 in

22 4036 23 4043 γ
104 3969 327 4027 ilesiinerii
367 3977 559 4029 charta
606 3974 863 4040 occurrit,
916 3973 1282 4028 diliicultatem
1325 3974 1623 4032 tollemUs?

103 4060 380 4128 Dicemusne,
412 4066 499 4120 vel
529 4067 583 4119 in
617 4080 779 4130 anno,
810 4066 892 4119 vel
940 4065 991 4119 in
1038 4065 1337 4120 indictione
1376 4081 1619 4121 errorem

103 4154 265 4219 cubare,
296 4172 323 4210 a
343 4157 686 4212 librariorum
709 4154 997 4210 o'scitantia
1024 4154 1348 4225 profectum,
1377 4158 1469 4227 qni
1495 4159 1620 4227 quis

102 4260 230 4300 annus
253 4264 430 4317 quasve
475 4248 699 4303 indietio
746 4262 844 4318 per
890 4247 1100 4301 litteras
1128 4246 1368 4312 Grmcas,
1401 4246 1618 4318 Rogerii

103 4338 646 4411 chartesubscriptas,
680 4343 1028 4412 designetur,
1060 4342 1204 4395 haud
1235 4351 1319 4396 sat
1365 4352 1620 4398 accurate

22 4414 25 4455 ῗ
103 4435 325 4489 nomint?
351 4437 547 4491 Verum
571 4437 916 4492 characteres
945 4436 1210 4503 chronici,
1242 4436 1436 4506 quibus
1460 4436 1620 4507 hujus

22 4534 25 4567 τ
104 4519 380 4580 instrumenti
403 4542 506 4580 non
548 4536 754 4580 tantum
786 4529 1200 4598 autographum,
1234 4542 1420 4582 verum
1451 4529 1615 4583 etiam

103 4617 202 4679 quod
234 4618 529 4674 Morkensio
557 4621 824 4689 ptaluxit,
868 4622 1236 4691 apographum
1281 4638 1374 4678 seu
1426 4637 1614 4694 ecgra-

102 4707 218 4772 phum
242 4715 492 4768 munitum
522 4714 637 4779 fuit,
660 4730 763 4768 non
793 4715 1114 4784 compendio
1141 4732 1235 4785 per
1256 4715 1490 4781 litteras,
1518 4733 1616 4770 nu-

102 4810 313 4857 merorum
341 4805 512 4860 locum
545 4814 809 4869 tenentes,
843 4806 935 4860 sed
969 4806 1215 4876 integris,
1244 4809 1318 4862 uti
1351 4808 1532 4862 notula
1561 4809 1612 4863 in

105 4893 286 4960 margine
312 4897 512 4967 adjecta
548 4898 770 4967 ipsemet
798 4899 887 4953 hic
921 4898 1153 4967 scriptor
1179 4899 1356 4960 docet,
1388 4900 1616 4956 vocibus

105 4995 213 5038 erant
234 4994 453 5059 expressi
502 4994 643 5047 hunc
684 4995 736 5047 in
768 4993 1022 5047 modum:
1056 4998 1189 5053 Μηνὶ
1216 4996 1504 5070 Δεκεμϐρίῳ
1542 4992 1613 5056 εἷς

104 5080 164 5135 τάς
187 5076 319 5144 ἷπτα,
349 5083 628 5145 imitation;
657 5083 872 5146 δεκατὴς
902 5091 1140 5157 πεμπτής·
1162 5093 1254 5141 τοῦ
1285 5088 1612 5155 ἑννιακοστοῦ

107 5164 310 5231 χὸωστοῦ
332 5170 488 5235 ἔτους,
520 5174 571 5228 id
600 5182 703 5239 est,
734 5192 753 5225 α
790 5174 989 5230 Mensis
1022 5176 1335 5232 Decembris
1357 5178 1611 5247 septima,

108 5254 336 5318 Indictione
363 5268 564 5322 decima
602 5269 790 5337 quinta
843 5269 969 5322 anni
1009 5269 1276 5324 millesimi
1322 5271 1611 5339 nonagesi-

108 5348 169 5412 mi,
198 5372 211 5401 ι
243 5356 309 5408 uti
334 5368 467 5412 recte
494 5358 884 5427 interpretatur
925 5359 1283 5425 Morkensius,
1330 5362 1432 5416 etsi
1465 5363 1610 5416 enim

102 5446 426 5509 adstantivum
455 5470 561 5508 non
610 5454 771 5519 adsit,
802 5471 925 5510 cmn
969 5471 1077 5525 quo
1123 5454 1365 5509 feminini
1399 5458 1614 5527 generis

109 5538 303 5597 Irtiuilus
320 5550 406 5609 τάς
433 5550 751 5613 conveniat,
790 5549 1213 5618 subintelligitur
1257 5559 1433 5605 tamen
1483 5552 1613 5607 sub-

109 5632 333 5691 stantivum
376 5642 661 5696 accusativi
718 5642 940 5713 pluralis
986 5644 1196 5697 numeri
1246 5646 1439 5719 ἡμέρας
1489 5644 1609 5699 cum

112 5724 327 5811 innicipio
363 5736 717 5809 προϐεϐηκότι,
764 5736 906 5806 quod
952 5737 1017 5791 ad
1055 5738 1450 5792 substantivum
1494 5744 1612 5811 μηνὶ

114 5810 305 5887 iclcrtor,
335 5825 397 5879 ita
427 5839 481 5883 ut
510 5844 699 5885 sensus
731 5830 799 5885 sit
830 5835 943 5889 αηνὶ
975 5844 1086 5886 Am
1115 5832 1234 5893 ϐρὶῳ
1265 5834 1332 5893 εἰς
1364 5835 1454 5893 τὰς
1480 5835 1612 5891 Eme

1728 3342 1971 3412 apprime
2006 3346 2262 3409 congruet
2285 3335 2571 3403 omnisque
2595 3334 2979 3405 chronologica
3006 3331 3308 3395 dilIicultas,

1733 3448 1841 3503 qua
1873 3432 2287 3485 instrumentum
2321 3426 2447 3482 illud
2473 3426 2716 3491 laborat,
2755 3433 3060 3480 evancseet.
3091 3425 3311 3485 Verum.

1727 3542 1849 3582 cum
1874 3526 1988 3579 [nec
2004 3538 2175 3577 annos
2198 3519 2397 3575 Christi
2429 3518 2773 3588 computandi
2809 3518 2944 3572 ratio
2970 3520 3021 3571 in
3049 3532 3146 3571 usu
3172 3517 3313 3585 apud

1732 3618 1947 3674 Siculos
1975 3616 2174 3687 passim
2209 3613 2373 3669 fuisse
2407 3628 2512 3667 ron
2542 3619 2816 3676 noscatur,
2842 3621 3123 3666 certunmc
3150 3609 3311 3662 etiam

1726 3711 1817 3774 sit,
1844 3722 2119 3777 nunquam
2154 3706 2406 3775 cuiquam
2439 3712 2757 3772 usurpatum
2790 3702 2977 3767 fuisse,
3025 3700 3314 3769 dispicien-

1732 3803 1879 3857 dum.
1915 3800 2132 3853 Rochus
2153 3796 2342 3851 Pirrtts
2368 3796 2419 3848 in
2447 3794 2705 3849 Ecclesia:
2731 3793 3132 3847 Panormitana:
3165 3791 3314 3845 Nuti-

1726 3895 1797 3947 tia
1830 3892 2003 3962 prima
2044 3890 2111 3945 ad
2146 3904 2345 3943 annum
2381 3887 2537 3951 HM,
2580 3902 2781 3940 annum
2826 3885 3028 3941 Christi
3077 3883 3309 3939 natalem

1725 4000 1846 4041 cum
1872 3998 2014 4038 anno
2050 3982 2117 4037 ab
2157 3981 2287 4035 orbe
2321 3980 2541 4035 condito
2588 3978 2727 4032 5508
2758 3995 2789 4032 a
2824 3977 3028 4033 Graecis
3062 3992 3311 4033 commc-

1724 4074 1868 4129 niter
1898 4070 2170 4141 componi,
2200 4069 2447 4138 hancque
2470 4067 2816 4138 computandi
2848 4068 3110 4122 rationem
3143 4068 3211 4121 ab
3239 4066 3303 4120 iis

1728 4168 1780 4221 in
1811 4165 2053 4221 Siciliam
2081 4175 2356 4224 manasse,
2385 4158 2663 4228 prazfatus,
2706 4160 2785 4214 sic
2812 4159 3038 4214 scribit:
3065 4176 3082 4209 ι
3120 4157 3311 4211 Fride-

1726 4262 1871 4316 ricus
1901 4258 2221 4330 Sylburgius
2264 4255 2453 4309 Fastos
2482 4254 2695 4310 Siculos
2721 4252 2960 4317 exhibet,
2988 4265 3018 4305 e
3045 4250 3305 4306 chronica

1722 4363 1928 4416 erutos,
1962 4351 2103 4421 quod
2135 4351 2188 4404 in
2216 4357 2424 4403 vetusta
2457 4346 2655 4402 Sicilia:
2680 4345 3008 4400 bibliotheca
3033 4344 3309 4398 inventum

1722 4456 1806 4502 est
1827 4446 1896 4508 ab
1922 4443 2253 4514 Hieronymo
2275 4442 2481 4505 Surita,
2513 4456 2577 4495 ac
2607 4438 2802 4494 deinde
2830 4438 2897 4492 ab
2937 4436 3171 4491 Antonio
3199 4436 3311 4490 Au-

1724 4540 1940 4609 gustino
1964 4539 2017 4593 in
2045 4536 2272 4601 Italiam,
2297 4543 2419 4605 post
2440 4534 2493 4587 in
2520 4531 2830 4601 Hispaniam
2857 4528 3174 4583 translatum
3195 4537 3309 4592 est;

1724 4634 1775 4686 in
1816 4647 1881 4686 eo
1907 4645 2036 4685 vero
2061 4644 2265 4682 annum
2301 4625 2500 4682 Christi
2536 4622 2767 4678 natalem
2808 4622 2972 4677 statui
3005 4619 3175 4675 refert
3204 4621 3308 4673 sub

1722 4740 1863 4781 coss.
1903 4722 2134 4777 Lentulo
2159 4732 2213 4777 et
2243 4721 2457 4786 Pisone,
2504 4725 2561 4771 et
2602 4732 2744 4772 anno
2783 4716 2851 4770 ab
2897 4712 3029 4769 orbe
3088 4714 3311 4769 conditu

1719 4816 1879 4871 5507.
1896 4814 2080 4883 Neque
2096 4813 2331 4867 varietas
2348 4813 2460 4866 haec
2484 4810 2739 4865 lectorem
2759 4821 3105 4863 commovere
3127 4805 3308 4871 debet,

1719 4908 1765 4963 si
1789 4906 2044 4963 nimirum
2074 4904 2318 4959 advertat
2350 4902 2531 4972 plures
2553 4899 2845 4969 scriptores
2883 4913 2988 4951 uno
3012 4906 3107 4951 aut
3137 4896 3310 4951 altero

1720 5015 1862 5055 anno
1909 5012 2253 5053 communem
2284 4995 2483 5051 Christi
2513 5009 2677 5048 teram
2711 4991 3087 5047 antevertisse.
3122 4991 3309 5046 Sentio

1716 5093 1881 5163 igitur
1902 5092 1956 5145 in
1974 5090 2157 5146 Sicilia
2173 5097 2359 5144 nostra
2380 5088 2531 5157 juxta
2558 5088 2697 5142 hanc
2717 5084 3065 5155 computandi
3095 5085 3307 5139 metho-

1715 5188 1841 5243 dum
1875 5187 1925 5241 in
1966 5184 2350 5257 diplomatibus
2378 5183 2757 5253 explicandum
2789 5197 2909 5238 esse
2944 5194 3208 5235 annorum
3238 5176 3307 5232 ab

1714 5279 1847 5333 orbe
1883 5277 2100 5332 condito
2136 5292 2441 5340 numerum,
2493 5284 2551 5328 nt
2606 5273 2813 5329 scilicet
2861 5271 3080 5342 rejicias
3127 5284 3307 5325 annos

1716 5369 1874 5434 5508,
1905 5378 1954 5425 et
1973 5370 2062 5439 qui
2091 5383 2345 5423 numerus
2370 5368 2473 5421 erit
2500 5367 2770 5433 residuus,
2797 5366 2842 5421 is
2874 5365 3074 5421 Christi
3098 5379 3302 5417 annum

1720 5464 1771 5517 in
1811 5465 1913 5517 hac
1948 5461 2223 5516 communi
2256 5470 2309 5515 et
2343 5459 2548 5531 vulgari
2581 5476 2710 5523 tera,
2757 5475 2860 5527 qua
2894 5473 3036 5511 nunc
3076 5456 3303 5519 utimur,

1717 5556 1947 5625 signabit
1972 5570 1985 5619 ;
2018 5554 2225 5623 putavit
2252 5554 2396 5609 enim
2426 5553 2632 5617 Sicilia,
2664 5551 2941 5607 Christum
2970 5564 3089 5604 esse
3114 5557 3302 5602 natum

1717 5660 1837 5720 post
1868 5666 2066 5703 annum
2096 5649 2164 5704 ab
2188 5651 2320 5705 orbe
2343 5648 2559 5703 condito
2581 5645 2739 5708 5508,
2770 5654 2825 5698 et
2848 5644 3077 5715 primum
3096 5642 3302 5698 Christi

1716 5758 1915 5796 annum
1945 5741 2182 5796 incidere
2209 5742 2259 5795 in
2292 5756 2489 5794 annum
2520 5738 2677 5793 5509.
2718 5758 2737 5788 ι

1792 5833 1915 5890 565.
1945 5832 2216 5890 llactenus
2248 5832 2352 5888 ille.
2378 5832 2513 5897 Quid
2535 5832 2577 5887 si
2606 5846 2758 5899 ergo,
2782 5840 2840 5887 ut
2866 5830 2976 5897 alii,
3008 5830 3071 5886 dc
3104 5828 3305 5899 quilms
