3846 6316
577 355 681 412 341

1379 365 1435 420 S.
1477 366 1822 429 BllUNONlS
1857 369 2500 430 CARTllUSlANORUM
2538 371 3020 431 INSTITUTORIS
3674 381 3752 439 518

577 468 666 524 hic
703 467 957 526 Bocchus
1000 471 1219 542 Pirrus,
1258 489 1598 534 communem
1645 483 1957 537 Graecorum
1999 484 2159 539 Chri-
2187 487 2236 548 Α
2265 487 2453 556 tuitur,
2502 489 2596 544 sed
2630 503 2773 544 anno
2811 489 2966 557 1090,
2996 503 3102 559 quo
3130 488 3298 559 rcipsa
3325 489 3563 560 signatur,
3599 499 3757 551 verosi-

579 559 649 614 sti
697 575 884 625 mram,
916 563 1006 632 qui
1051 574 1133 618 est
1180 581 1352 623 annus
1407 569 1477 626 ab
1529 572 1660 628 orbe
1715 574 1934 630 condito
1993 575 2156 643 5508,

575 665 688 704 uno
731 649 969 704 alterove
1011 668 1153 709 anno
1214 665 1642 726 anteverterunt,
1693 664 1765 718 ita
1815 664 2156 722 Mesimerius

575 753 718 794 anno
749 755 854 794 uno
881 739 1203 800 subsecutus
1239 747 1332 813 sit,
1359 749 1762 821 Christumque,
1794 770 1897 808 non
1924 769 2066 809 anno
2089 755 2155 809 ab

573 829 707 883 orbe
739 831 958 885 condito
995 832 1154 895 5508.
1199 838 1292 890 sed
1344 837 1482 894 5509
1546 849 1728 895 natum
1789 843 2157 898 existimarit?

579 919 742 983 Sane,
777 935 899 975 cum
929 922 1016 976 al'i
1046 924 1166 978 aliis
1199 927 1263 980 ab
1297 929 1426 982 orbe
1451 931 1669 984 condito
1699 933 1853 987 annis
1882 933 2152 988 Christum

579 1021 760 1066 natum
807 1023 1064 1081 statuant,
1140 1017 1524 1086 Mesimerium,
1583 1023 2003 1093 Squillacensem
2059 1042 2153 1081 seu

575 1103 972 1172 Seyllacensem
1024 1111 1363 1181 episcopum,
1424 1113 1589 1170 fuisse
1639 1117 1695 1170 in
1745 1130 1806 1170 ea
1859 1119 2152 1187 opinione,

574 1193 704 1246 mihi
759 1197 1068 1266 neutiquam
1116 1215 1244 1256 vero
1276 1213 1498 1272 apparet
1537 1205 1814 1271 absimile;
1861 1210 2152 1264 secundum

574 1282 714 1337 hanc
767 1293 945 1340 autem
993 1304 1175 1345 annus
1219 1293 1286 1348 ab
1328 1295 1460 1348 orbe
1494 1295 1710 1350 condito
1744 1297 1904 1362 6599,
1953 1299 2064 1366 qui,
2097 1311 2156 1356 ut

571 1378 900 1442 computanti
942 1380 1162 1446 patebit,
1201 1385 1494 1438 secundum
1539 1385 1652 1453 jam
1701 1388 1897 1442 dictam
1949 1389 2156 1446 Siculo-

573 1479 692 1516 rum
741 1475 794 1520 et
835 1467 1148 1525 Grmcorum
1192 1489 1355 1528 teram
1389 1490 1733 1531 communem
1776 1494 1916 1533 anno
1951 1480 2152 1539 Christi

571 1556 702 1610 1091
733 1570 848 1614 erat
881 1563 929 1615 in
955 1579 1136 1630 cursu,
1174 1581 1315 1620 anno
1345 1567 1541 1622 Christi
1568 1569 1704 1623 1090
1729 1573 2066 1639 cucurrerit;
2096 1584 2154 1630 ut

568 1645 794 1709 proinde
843 1654 1108 1718 posterior
1140 1654 1227 1708 hic
1271 1655 1470 1711 Christi
1509 1673 1702 1723 annus,
1734 1675 1842 1729 quo
1881 1662 2088 1728 charta,
2121 1679 2151 1716 a

570 1734 874 1796 Mesimerio
907 1744 957 1797 in
988 1745 1044 1798 S.
1072 1745 1338 1804 Brunonis
1361 1749 1583 1820 ejusque
1607 1753 1876 1806 sociorum
1910 1753 2150 1808 favorem

2255 579 2459 634 militer
2505 580 2690 634 datum
2736 579 2918 648 fuerit,
2966 596 3029 635 ac
3055 581 3208 651 proin
3238 589 3294 635 ut
3332 582 3640 639 indictionem
3663 604 3756 645 cum

2257 685 2420 733 anno,
2447 685 2553 739 quo
2595 671 2860 741 signatur,
2902 681 3227 741 pugnantem
3272 672 3526 741 prmlerat.
3558 674 3622 728 lta
3656 691 3758 745 pra-

2255 771 2403 815 terea
2437 762 2505 816 ab
2537 762 2622 824 iis,
2674 763 2764 832 qui
2798 762 3085 818 Mesimerii
3120 763 3359 817 chartam
3399 777 3490 832 pro
3512 767 3666 833 spuria
3691 769 3758 823 lia-

2254 853 2481 908 bendam
2509 855 2797 919 voluerint,
2821 864 2995 924 potest
3024 855 3196 924 argui.
3224 853 3436 919 Verum,
3459 857 3549 910 etsi
3569 859 3755 926 quidem,

2255 943 2370 1013 ipso
2415 961 2558 998 anno
2613 945 2770 1012 1090,
2818 961 2923 1014 quo
2969 947 3323 1015 Rhegiensem
3370 948 3540 1001 sedem
3577 948 3759 1006 Sanctus

2255 1045 2441 1091 noster
2494 1046 2790 1101 recusarat,
2841 1037 3005 1091 fuisse
3041 1037 3108 1091 ad
3162 1037 3303 1092 hanc
3347 1035 3560 1091 electum
3593 1037 3758 1108 Range-

2256 1124 2413 1188 rium,
2449 1126 2810 1180 verosimilius
2856 1141 2923 1181 ex
2971 1126 3132 1181 dictis
3173 1125 3266 1188 sit,
3314 1125 3364 1180 id
3391 1136 3554 1180 tamen
3588 1130 3760 1184 camino

2253 1224 2460 1269 certum
2516 1231 2624 1272 non
2671 1225 2775 1270 est.
2811 1215 2948 1283 Quid
2986 1217 3040 1270 ni
3083 1216 3226 1272 enim
3258 1215 3449 1271 factum
3484 1232 3591 1272 esse
3622 1231 3758 1287 queat.

2254 1313 2334 1370 ut,
2383 1322 2506 1360 cum
2551 1309 2616 1360 ad
2661 1308 2974 1378 dignitatem
3003 1308 3150 1362 illam
3187 1312 3482 1378 promoveri
3523 1309 3674 1363 Bruno
3702 1327 3763 1365 re-

2256 1399 2484 1466 nuisset,
2529 1399 2692 1453 alium
2745 1400 2811 1455 ad
2839 1401 3084 1455 eamdem
3125 1401 3324 1471 eligere
3351 1401 3652 1470 Rhegieuses
3679 1404 3764 1456 sire

2254 1505 2444 1566 sponte
2489 1511 2610 1561 sua,
2656 1497 2771 1552 sive
2815 1497 3032 1552 aliunde
3062 1537 3077 1562 ,
3121 1511 3230 1566 quo
3271 1497 3442 1550 minus
3483 1497 3530 1550 id
3557 1495 3763 1560 lacerent,

2255 1588 2518 1656 impediti,
2549 1588 2860 1658 aliquandiu
2890 1587 3236 1643 distulerint?

2325 1679 2447 1732 507.
2483 1678 2552 1734 Ut
2576 1690 2633 1732 ut
2671 1679 2761 1742 sit,
2804 1677 3134 1748 Rangerium
3171 1678 3438 1746 equidem,
3465 1676 3506 1730 si
3534 1692 3638 1730 eum
3659 1691 3764 1730 anno

2258 1768 2411 1834 1091,
2439 1770 2504 1822 ad
2535 1770 2882 1824 Decembrem
2915 1781 3194 1838 provecto,
3232 1770 3464 1823 nondum
3505 1767 3648 1822 fuisse
3665 1783 3764 1821 con-

568 1841 849 1898 concessa,
903 1839 1165 1906 signatur.
1199 1844 1414 1911 proprie
1452 1858 1548 1913 pro
1594 1860 1734 1899 anno
1767 1845 1894 1900 1091
1947 1847 2016 1900 sit
2052 1848 2151 1901 ha'-
2187 1833 2228 1890 Β
2257 1833 2524 1917 secratum
2607 1833 2966 1932 ιὶιιρεῑρηςοξῃ
3044 1861 3529 1929 archiepiscopum,
3593 1859 3765 1927 jamque

566 1919 806 1988 bendus;
866 1928 975 1993 cui,
1041 1929 1106 1983 ad
1164 1934 1445 2001 septimam
1496 1935 1808 1990 Decembris
1855 1936 2018 2002 diem,
2073 1939 2148 1992 uti

565 2013 754 2066 eadem
787 2016 975 2072 charta
1033 2020 1156 2082 fert.
1205 2023 1316 2092 jam
1371 2036 1650 2095 provecto,
1695 2027 1918 2081 indictio
1962 2028 2149 2096 quinta

567 2105 796 2172 decima,
832 2110 882 2164 in
917 2113 1103 2168 eodem
1136 2117 1226 2170 illo
1252 2117 1613 2172 instrumento
1641 2119 1870 2188 signata,
1911 2121 2152 2189 apprime

567 2212 848 2266 consonat,
897 2214 953 2258 ut
1001 2211 1331 2278 computanti
1383 2220 1643 2280 patescet.
1677 2212 1854 2281 Atque
1881 2212 2010 2268 hinc
2033 2212 2149 2282 jam

569 2289 653 2354 tit,
692 2301 749 2347 ut
775 2293 902 2350 illud
942 2312 1064 2368 ego,
1098 2302 1240 2370 quod
1270 2317 1396 2356 vere
1422 2318 1486 2356 ex
1511 2303 1621 2370 jam
1656 2303 1838 2369 dictis,
1869 2320 1974 2358 non
2008 2321 2151 2362 anno

569 2383 727 2437 1090.
758 2402 865 2455 quo
895 2400 1130 2456 notatur,
1178 2394 1272 2448 sed
1307 2410 1448 2449 anno
1477 2396 1602 2450 1091
1636 2397 1818 2451 datum
1850 2399 2029 2463 fuerit,
2054 2416 2150 2471 pro

566 2475 751 2538 Spurio
779 2491 1100 2549 suspeetove
1149 2485 1346 2540 habere
1387 2503 1490 2540 non
1538 2486 1731 2553 ausim,
1763 2490 1996 2546 maxime
2025 2508 2148 2548 cum

568 2567 620 2618 id
651 2576 907 2638 tanquam
941 2577 1229 2642 germinum
1262 2563 1578 2636 Ruinartius
1607 2583 1658 2636 in
1689 2586 1991 2653 conscripta
2019 2601 2049 2641 a
2090 2601 2151 2642 se

570 2657 770 2714 Urbani
803 2664 839 2716 ll
891 2681 1041 2736 papae
1075 2669 1188 2722 Vita
1222 2686 1340 2742 pag.
1375 2672 1464 2735 86,
1506 2674 1704 2744 aliique
1735 2678 1836 2730 viri
1867 2679 2062 2734 eruditi
2095 2681 2146 2735 in

567 2751 752 2815 variis,
801 2770 921 2822 quae
961 2758 1378 2826 concinnarere,
1408 2766 1661 2832 operilms
1710 2766 1949 2832 laudent,
2008 2769 2148 2825 inte-

565 2855 830 2911 grumque
881 2848 1041 2902 etiam
1081 2868 1182 2906 non
1235 2863 1440 2908 tantmn
1492 2858 1603 2912 suis
1655 2859 1708 2913 in
1755 2869 2064 2916 contextam
2117 2880 2149 2919 a

569 2928 730 2986 Surio
758 2933 813 2988 S.
847 2936 1112 2996 Brunonis
1154 2943 1332 3000 Vitam
1371 2947 1824 3007 Annutationibus
1857 2953 2143 3024 Surianus,

567 3036 754 3079 verum
783 3031 947 3085 etiam
983 3034 1234 3104 Ugbcllus
1269 3047 1396 3092 tom.
1431 3039 1499 3094 IX
1529 3041 1692 3098 Italia:
1718 3060 1889 3099 sacra:
1913 3047 2148 3103 inserue-

567 3113 658 3182 rit,
694 3133 792 3172 nee
819 3124 1135 3192 scriptorem
1155 3129 1319 3183 ullum
1344 3132 1606 3190 hactenus
1633 3137 1954 3204 invenerim,
1979 3155 2008 3194 a
2038 3155 2145 3209 quo
2175 3173 2219 3232 Ο

565 3223 792 3266 censura
825 3216 1004 3272 minus
1032 3219 1227 3276 faventi
1262 3234 1496 3278 notetur.

637 3301 740 3356 566
796 3305 902 3360 Nec
931 3318 1016 3364 est
1063 3328 1243 3380 porro,
1275 3331 1372 3370 cur
1400 3317 1565 3370 etiam
1609 3328 1920 3387 suspectum
1947 3323 2147 3378 habea-

568 3402 676 3458 tur,
728 3399 870 3464 qnod
937 3405 1104 3457 eremi
1161 3405 1544 3474 Squillaeensis
1597 3424 1688 3462 seu
1742 3411 2066 3478 Turritanaa,
2115 3431 2145 3469 a

568 3484 800 3546 ηοξ-⁷0110
829 3494 1025 3550 comite
1051 3495 1104 3550 S.
1143 3497 1374 3553 Brunoni
1402 3516 1692 3564 concessae,
1723 3507 2144 3570 magnitudinem

565 3577 775 3634 duobus
801 3585 1122 3644 milliaribus
1159 3590 1400 3658 deﬁniat,
1430 3609 1592 3662 quam
1631 3597 1791 3651 unius
1827 3597 1992 3654 leuca:
2020 3599 2148 3654 facit

565 3669 874 3728 di-nationis
949 3693 1045 3744 per
1097 3681 1386 3752 Rogerium
1435 3686 1687 3740 comitem
1746 3687 1903 3744 factae
1954 3693 2144 3746 charta

565 3774 727 3830 supra
774 3765 878 3821 huc
920 3769 1032 3837 jam
1087 3775 1441 3843 transcripta;
1496 3775 1622 3831 licet
1669 3780 1813 3833 enim
1867 3780 2015 3836 leuca
2048 3798 2146 3852 pro

567 3853 740 3909 tribus
764 3873 1016 3924 passuum
1060 3864 1295 3921 millibus
1327 3869 1427 3922 sub
1469 3869 1592 3923 inde
1621 3871 1688 3925 ab
1719 3873 1954 3941 antiquis
1985 3873 2148 3930 fuerit

565 3958 807 4017 accepta,
857 3953 906 4006 id
939 3964 1112 4012 tamen
1159 3975 1373 4028 semper
1394 3962 1532 4030 apud
1576 3963 1768 4017 horum
1798 3981 2147 4038 quoscunque

567 4037 741 4094 locum
773 4059 876 4098 non
906 4049 1158 4111 obtinuit.
1191 4067 1312 4118 nec,
1343 4055 1444 4108 etsi
1482 4069 1640 4112 secus
1674 4058 1832 4122 l'oret,
1860 4071 2144 4131 propterea

539 4124 823 4188 "dicendus
872 4147 1016 4192 esset
1054 4140 1391 4196 lt-lesimerius
1416 4159 1536 4198 cum
1561 4145 1793 4214 Rogerio
1821 4150 2017 4204 comite
2046 4167 2144 4221 pu-

491 4239 506 4250 ο
563 4239 734 4292 gnare
783 4228 834 4281 in
869 4233 1261 4301 magnitudine,
1293 4251 1454 4304 quam
1502 4251 1706 4302 eremo,
1738 4239 1793 4293 S.
1829 4239 2060 4295 Brunoni
2092 4242 2145 4296 in

564 4320 961 4383 possessionem
1015 4324 1174 4388 datm,
1223 4328 1488 4381 attribuit.
1531 4327 1708 4382 Lcuca
1763 4331 1905 4384 enim
1941 4332 1992 4385 in
2033 4332 2146 4386 lau-

563 4407 684 4462 data
716 4411 925 4481 Rogerii
955 4416 1142 4470 charta
1169 4433 1267 4486 pro
1295 4434 1545 4474 mensura
1579 4429 1758 4486 terrae,
1793 4423 1866 4476 uti
1899 4432 2142 4493 apparet,

2259 1962 2436 2007 tamen
2483 1954 2550 2007 ab
2580 1969 2722 2008 anno
2761 1954 2900 2009 1090
2941 1953 3106 2009 fuisse
3151 1955 3401 2015 electum,
3438 1953 3624 2006 admitti
3661 1952 3766 2004 haud

2254 2055 2437 2113 queat,
2467 2046 2532 2098 ad
2557 2046 2872 2115 dignitatem
2905 2047 3063 2110 hanc,
3095 2062 3198 2098 non
3224 2061 3365 2100 anno
3395 2044 3541 2106 1090,
3563 2045 3640 2097 sed
3660 2058 3766 2096 anno

2253 2136 2386 2191 1091
2450 2137 2614 2192 fuisse
2668 2143 3016 2206 promptum,
3073 2138 3280 2192 idcirco
3337 2138 3649 2192 statuendum
3689 2145 3766 2195 est.

2252 2229 2393 2299 quod
2439 2239 2734 2284 memorata
2786 2231 2996 2293 charta,
3038 2244 3198 2298 quam
3235 2239 3480 2298 tanquam
3509 2227 3769 2297 Rhegiens's

2251 2322 2450 2377 electus
2485 2323 2825 2376 confirmavit
2877 2339 2940 2377 ac
2969 2321 3232 2388 laudavit,
3286 2332 3410 2376 ante
3459 2335 3637 2374 annum
3669 2318 3765 2372 1091

2253 2416 2377 2468 data
2403 2428 2520 2468 esse
2555 2428 2713 2482 posse
2757 2413 2900 2467 haud
2947 2414 3218 2478 videatur;
3269 2413 3410 2482 quod
3455 2412 3528 2465 sic
3549 2410 3767 2464 ostendo:

2251 2503 2432 2557 Bruno
2473 2502 2696 2572 ejusque
2742 2505 2872 2558 socii
2929 2503 3335 2573 gloriosissimze
3369 2503 3584 2558 dominm
3618 2509 3769 2554 nostra

2251 2597 2345 2651 Dei
2373 2595 2662 2651 Genitrieis
2691 2611 2753 2649 ac
2786 2595 2840 2652 S.
2879 2595 3103 2650 Joannis
3145 2596 3404 2665 Baptistre
3442 2593 3709 2652 ecclesiam,
3731 2591 3768 2643 in

2251 2702 2433 2742 eremo
2464 2687 2816 2756 Squillacensi
2850 2704 2943 2741 seu
2992 2685 3283 2740 Turritana
3331 2687 3506 2750 sitam,
3539 2683 3770 2738 incoluisse

2253 2781 2304 2833 in
2341 2782 2526 2834 charta
2575 2779 2660 2834 illa
2711 2781 2993 2842 dicuntur;
3045 2780 3159 2835 haec
3203 2787 3384 2834 autem
3431 2779 3674 2839 ecclesia,
3714 2775 3769 2845 uti

2252 2869 2387 2924 infra
2413 2872 2635 2934 docebo,
2663 2871 2925 2926 aediﬁcata
2955 2871 3186 2942 primum
3214 2869 3337 2937 fuit,
3367 2887 3485 2927 cum
3508 2881 3692 2922 eremus
3706 2865 3770 2919 illa

2253 2976 2282 3014 a
2316 2963 2514 3016 comite
2547 2961 2778 3030 Rogerio
2819 2962 2878 3016 S.
2909 2961 3145 3016 Brunoni
3197 2962 3388 3017 fuisset
3415 2963 3772 3030 donata;qnare

2253 3065 2373 3104 cum
2418 3051 2468 3103 id
2494 3065 2556 3104 ex
2601 3066 2764 3116 supra
2796 3051 2952 3104 dictis
2980 3066 3085 3105 non
3115 3051 3290 3119 prius,
3320 3065 3478 3118 quam
3505 3066 3613 3105 cum
3639 3062 3772 3101 annus

2255 3141 2390 3196 1090
2410 3141 2474 3195 ad
2507 3140 2662 3195 linem
2690 3141 2796 3210 jam
2825 3151 3089 3211 vergeret,
3127 3141 3330 3196 factum
3358 3141 3535 3206 fuerit,
3555 3143 3651 3211 jaut
3675 3139 3770 3192 inde

2252 3233 2320 3286 ab
2347 3233 2449 3287 hoc
2482 3248 2622 3287 anno
2663 3234 2973 3296 ecclesiam,
3003 3233 3408 3304 gloriosissime
3446 3234 3531 3288 Dei
3561 3229 3771 3288 Genitrici

2249 3335 2305 3379 et
2335 3324 2391 3378 S.
2421 3323 2612 3379 Joanni
2657 3325 2906 3395 Baptistae
2957 3340 3188 3389 sacram,
3227 3342 3390 3395 quam
3424 3325 3637 3379 Sanctus
3661 3321 3773 3389 ejus-

2249 3433 2352 3486 que
2389 3419 2518 3472 socii
2573 3418 2669 3472 hoc
2698 3418 2812 3487 ipso
2850 3419 3013 3472 etiam
3053 3434 3195 3472 anno
3224 3418 3591 3479 iuhabitarint,
3622 3415 3664 3467 in
3679 3427 3773 3466 ere-

2249 3526 2336 3564 mo
2363 3509 2648 3564 Turritana
2690 3510 2982 3572 exstitisse,
3032 3510 3345 3578 neutiquam
3377 3507 3658 3564 verosimile
3695 3515 3775 3566 est,

2248 3617 2311 3658 ac
2339 3590 2492 3671 proin
2542 3600 2821 3670 praefatum
2865 3602 3153 3656 Mesimerii
3195 3602 3468 3666 chartam,
3506 3602 3553 3656 in
3579 3614 3669 3669 qua
3696 3597 3773 3650 hoc

2249 3696 2509 3760 innuitur,
2567 3710 2670 3749 non
2734 3710 2874 3749 anno
2922 3694 3083 3761 1090,
3132 3696 3228 3749 sed
3281 3711 3424 3750 anno
3467 3693 3590 3748 1091
3635 3693 3775 3745 datam

2247 3786 2432 3849 fuisse,
2461 3800 2682 3840 necesse
2717 3795 2818 3840 est.
2851 3786 3026 3855 Atque
3066 3787 3138 3840 ita
3171 3787 3285 3840 ruit
3309 3788 3495 3849 etiam,
3526 3786 3652 3854 quod
3671 3797 3771 3836 con-

2247 3886 2328 3930 tra
2404 3877 2608 3931 charta:
2665 3891 2694 3930 a
2761 3875 3066 3931 Mesimerio
3119 3877 3259 3933 datae
3340 3878 3681 3933 sinceritatem
3724 3871 3778 3925 al-

2245 3968 2376 4024 l'erri
2423 3970 2601 4024 adlmc
2628 3976 2861 4038 poterat,
2889 3978 3294 4038 argumentum,
3327 3971 3544 4039 haecque
3571 3968 3684 4022 adeo
3707 3978 3779 4032 pro

2245 4062 2429 4130 spuria
2482 4062 2727 4116 habenda
2768 4078 2872 4117 non
2913 4071 3014 4117 est.
3068 4063 3384 4118 Proximum
3429 4078 3568 4118 nunc
3609 4069 3777 4115 estut.

2246 4166 2350 4220 quo
2393 4166 2477 4215 ea,
2520 4168 2638 4220 qua:
2670 4152 2697 4224 §
2739 4154 2992 4222 praesenti
3022 4143 3202 4208 facere
3246 4155 3440 4218 statui,
3473 4167 3624 4224 Opere
3661 4163 3778 4205 exsc-

2245 4257 2402 4311 qnar,
2460 4243 2620 4296 modo
2665 4241 2827 4296 etiam
2878 4241 3110 4309 Bullam,
3163 4259 3266 4312 qua
3306 4243 3552 4298 Urbanus
3586 4239 3623 4296 ll
3673 4251 3778 4308 papa

2245 4350 2410 4404 supra
2461 4335 2716 4389 recitatas
2754 4335 2971 4405 Rogerii
3017 4335 3232 4389 comitis
3278 4346 3336 4389 et
3366 4333 3662 4396 Mesimerii,
3692 4328 3778 4396 epi-

2247 4428 2394 4495 scopi
2444 4427 2852 4496 Squillaeensis,
2900 4427 3118 4482 chartas
3167 4427 3531 4492 confirmavit,
3578 4435 3779 4490 novoque

563 4502 853 4570 accipitur;
915 4507 1061 4561 leuca
1102 4519 1301 4578 autem,
1358 4512 1461 4566 hoc
1507 4528 1666 4567 sensu
1721 4525 1962 4584 accepta.
2002 4517 2140 4585 apud
2171 4525 2218 4583 ο
2247 4516 2430 4572 favore
2462 4517 2765 4570 Brunonem
2811 4514 3034 4586 ejusque
3080 4517 3259 4572 socios
3309 4516 3507 4581 affecit,
3549 4516 3780 4570 huctran—

566 4589 805 4648 Francos
833 4611 924 4649 seu
974 4599 1026 4652 in
1057 4601 1305 4668 Francia,
1344 4619 1374 4657 e
1401 4603 1553 4673 Cujus
1581 4605 1856 4673 provincia
1880 4607 2148 4661 Norman-

567 4682 653 4736 nia
703 4685 964 4758 Rogerius
1009 4703 1146 4755 erat,
1193 4697 1404 4750 duobus
1451 4713 1706 4765 passuum
1767 4699 2005 4754 millibus
2051 4715 2146 4756 seu

567 4773 834 4831 milliariis
876 4781 1179 4846 constabat,
1224 4787 1298 4838 uti
1331 4786 1382 4838 in
1414 4785 1690 4843 Glossario
1719 4791 1786 4843 ad
1826 4790 2144 4846 vocabulum

565 4865 741 4923 Lcuca
773 4869 924 4924 docet
959 4873 1214 4942 Cangius.
1250 4878 1317 4930 At
1341 4894 1489 4944 vero,
1516 4881 1724 4947 inquiet
1753 4898 1858 4936 non
1887 4899 2065 4950 nemo,
2093 4885 2146 4939 in

564 4957 776 5024 charta,
831 4976 860 5013 a
901 4961 1204 5019 Mesimerio
1258 4981 1535 5034 concessa,
1576 4969 1876 5038 Rangerius
1920 4985 2146 5028 vocatur

569 5068 587 5099 ι
627 5052 1064 5122 archiepiscopus
1095 5055 1410 5126 [lbegiensis
1439 5061 1672 5126 electus,
1705 5083 1723 5114 ι
1757 5073 1814 5116 ιιι
1847 5074 1992 5124 tunc.
2016 5083 2139 5122 cum

563 5141 680 5196 luec
720 5143 842 5196 data
893 5145 1384 5209 l'uit,consecratus
1443 5167 1532 5205 seu
1591 5154 1870 5209 ordinatus
1905 5157 2139 5212 nondum

561 5231 732 5289 fuisse
785 5236 1060 5304 videatur;
1101 5256 1223 5295 cum
1283 5251 1461 5296 autem
1497 5259 1562 5297 ex
1605 5260 1765 5313 supra
1811 5246 1970 5301 dictis
2001 5263 2142 5304 anno

569 5324 702 5380 1090
749 5327 816 5381 ad
866 5329 1047 5384 sedem
1096 5331 1456 5401 Rhegiensem
1509 5333 1672 5389 fuerit
1718 5335 1942 5405 electus,
1976 5338 2141 5394 fuisse

561 5431 684 5470 eum
715 5432 858 5474 anno
893 5421 1050 5489 1091,
1081 5424 1146 5477 ad
1187 5425 1218 5476 7
1255 5423 1561 5480 Decembris
1585 5427 1696 5497 jam
1729 5439 2004 5498 provecto,
2034 5445 2142 5500 quo

565 5516 804 5577 tempore
852 5512 994 5569 dicta
1045 5514 1232 5569 charta
1261 5516 1383 5570 data
1415 5525 1653 5583 notatur,
1691 5520 1924 5574 nondum
1953 5536 2144 5576 conse-

561 5608 774 5657 cratum
807 5619 900 5660 seu
929 5609 1234 5663 ordinatum
1269 5608 1602 5680 episcopum,
1644 5611 1952 5669 verosimile
1998 5613 2141 5668 haud

563 5700 805 5760 apparet,
843 5710 1285 5771 consequensque
1315 5702 1540 5772 proinde
1593 5703 1668 5766 tit,
1716 5715 1773 5758 ut
1811 5703 2138 5761 instrumen-

565 5786 680 5836 tum
711 5780 855 5848 illud,
912 5803 1015 5843 non
1067 5807 1208 5846 anno
1245 5790 1393 5857 100l,
1426 5808 1529 5859 quo
1559 5794 1762 5859 dat-:m,
1796 5811 1822 5850 ει
1860 5795 2010 5851 nobis
2032 5805 2140 5852 sta-

2246 4607 2500 4661 scribam.
2556 4607 2650 4661 llis
2685 4607 2869 4676 itaque
2915 4607 3096 4662 verbis
3142 4608 3449 4678 concipitur
3471 4625 3495 4660 ς
3530 4623 3547 4657 ι
3575 4603 3780 4659 Urbanus

2245 4699 2550 4768 episcopus,
2581 4714 2771 4754 servus
2793 4714 3070 4755 servorum
3116 4700 3233 4767 Dei,
3266 4701 3482 4755 dilectis
3522 4700 3572 4753 in
3601 4694 3778 4752 Chrile

2245 4790 2368 4844 tiliis
2416 4790 2649 4844 Brunoni
2691 4799 2745 4845 et
2788 4791 3031 4845 Lanvino
3079 4791 3312 4846 salutem
3357 4800 3413 4845 et
3473 4785 3777 4859 apostolicam

2243 4881 2697 4936 benedictionem.
2740 4881 2850 4936 Pia:
2895 4881 3191 4936 voluntatis
3215 4880 3440 4937 aﬁ‘ectus
3466 4879 3632 4936 studio
3653 4873 3780 4928 debet

2249 4981 2606 5041 prosequente
2641 4971 2922 5042 compleri.
2969 4971 3103 5038 Quia
3136 4972 3298 5042 igitur
3328 4969 3498 5026 nostri
3539 4965 3680 5022 ollicii
3719 4962 3781 5012 in-

2251 5073 2437 5126 terest,
2473 5079 2770 5126 ,servorum
2809 5064 2903 5120 Dei
2942 5064 3130 5133 quieti,
3186 5072 3348 5133 prout
3379 5061 3628 5117 Dominus
3654 5064 3780 5125 posse

2249 5155 2482 5218 dederit,
2557 5155 2863 5222 providere,
2937 5153 3291 5222 petitionibus
3350 5151 3561 5212 vestris,
3614 5146 3694 5200 ﬁlii
3739 5141 3778 5194 in

2247 5246 2463 5300 Christo
2535 5245 2839 5301 charissimi
2912 5253 2968 5301 et
3033 5243 3478 5309 reverentissimi,
3531 5241 3781 5296 clementer

2245 5338 2551 5391 annuhnus.

2317 5426 2439 5481 568.
2470 5425 2574 5480 Per
2601 5425 2758 5494 hujus
2785 5442 2916 5496 ergo
2963 5426 3244 5496 apostolici
3283 5422 3542 5496 privilegii
3570 5418 3780 5491 paginam

2247 5517 2538 5588 apostolica
2563 5518 2886 5574 auctoritate
2915 5519 3223 5585 statuimus,
3249 5527 3307 5571 ut
3334 5515 3486 5570 locus
3511 5512 3616 5571 ille.
3650 5516 3780 5607 quem

2245 5609 2624 5665 inhabitationi
2661 5620 2878 5677 vestrae,
2930 5609 3248 5679 disponente
3276 5606 3518 5681 Domino,
3555 5603 3778 5689 elegistis.

2243 5714 2273 5752 ιι
2295 5699 2448 5771 jugo,
2487 5708 2780 5769 potestate,
2823 5697 3043 5768 injuria,
3083 5697 3326 5753 molestia
3353 5692 3589 5752 omnium
3629 5687 3778 5742 homi-

2237 5769 2370 5848 num
2403 5791 2621 5864 omnino
2663 5790 2942 5862 libercum
2973 5788 3237 5860 totahsilva
3269 5795 3322 5845 ct
3347 5792 3542 5850 monte,
3576 5788 3703 5837 terra
3737 5778 3779 5844 El
