3846 6316
79 374 150 429 329-

1529 376 1728 432 ACTA.

2918 421 2944 440 ρ
3156 390 3262 446 550

79 501 172 555 aqua
209 481 516 576 inuspatiurn
563 480 721 536 unius
750 480 919 552 leugre
969 481 1092 554 [al.,
1126 484 1313 557 leuem]
1347 486 1400 540 in
1429 489 1576 542 omni
1609 495 1653 552 Α
1681 506 1856 560 cessa,
1895 493 2142 566 infraque
2189 498 2294 554 huc
2326 503 2756 572 transcribenda,
2788 519 2905 576 qum
2952 503 3076 562 dam
3105 515 3263 563 ηοω..

76 587 180 645 parte
209 573 446 642 adjacenti
475 571 527 625 in
556 580 732 625 vestra
768 573 1092 628 omnimodis
1127 583 1179 628 et
1204 591 1579 632 successorum

77 682 303 722 r-Strorum
340 663 691 732 dispositione
738 675 1072 733 permaneat,
1112 667 1253 722 sicut
1302 685 1331 720 a
1365 669 1519 724 vobis
1549 685 1578 724 a

77 763 212 813 .ti'twrto
249 765 420 809 nostro
467 754 580 808 lilio
633 756 862 824 liogcrin
889 758 1085 812 comite
1111 758 1447 814 condonatus
1475 768 1577 828 est,

75 864 107 905 rt
124 871 142 903 a
161 849 392 903 ronl‘ratrc
417 857 606 900 nostro
621 845 923 910 Theodoro,
952 847 1578 919 8ψιΞ11ειρίιιουρΞεροβο,

75 945 362 999 confirmatas.
390 939 602 993 Nemini
636 939 772 994 intra
806 941 1119 1009 przedictum
1150 943 1382 1010 spatium
1425 943 1581 998 liccat

75 1051 240 1104 paSt'tlil‘,
283 1031 625 1104 agricultura:
671 1046 764 1085 seu
811 1032 1126 1101 piscationis
1175 1043 1266 1087 aut
1314 1034 1579 1104 lignorum

72 1128 279 1180 (K‘Cdslmle
302 1135 391 1177 aut
420 1138 750 1193 quacunque
777 1139 842 1178 ex
884 1140 1046 1177 causa
1083 1125 1230 1178 vobis
1260 1135 1352 1180 aut
1383 1126 1581 1181 vestris

75 1218 392 1272 successoribus
424 1217 683 1287 injuriam
727 1225 821 1269 aut
856 1215 1160 1270 molestiam
1193 1217 1455 1288 irrogare,
1487 1219 1581 1273 sed

77 1320 189 1361 bium
231 1309 511 1362 secundum
563 1307 893 1368 voluntatem
947 1319 1184 1363 vestram
1238 1303 1604 1378 possidentis,

75 1400 314 1470 disponatis,
379 1401 651 1456 ordinetis
692 1409 747 1454 et
784 1401 1036 1471 erogetis.
1066 1401 1121 1456 Si
1151 1402 1278 1472 quid
1320 1411 1582 1470 praeterea

74 1493 315 1560 episcopalis
343 1491 499 1548 oﬁicii
538 1493 900 1562 indigueritis,
934 1493 999 1548 ad
1027 1509 1188 1564 quem
1237 1495 1580 1564 potissimum

76 1588 292 1638 vicinorum
320 1585 629 1638 antistitum
660 1585 962 1652 volueritis,
985 1586 1300 1641 recurrendi
1329 1585 1580 1656 prmscnti

77 1679 228 1731 decreto
269 1676 483 1731 liberam
518 1675 798 1730 licentiam
833 1677 1194 1745 indulgemus.
1239 1676 1581 1732 Decimarum

75 1786 220 1839 quique
235 1786 370 1824 usum
390 1785 456 1824 ex
472 1769 696 1836 vestris,
711 1769 796 1823 vel
817 1784 1105 1838 puerorum
1121 1778 1422 1824 vestrorum
1440 1769 1583 1825 labo-

1683 591 1774 638 tur
1807 602 1826 634 ι
1865 585 2080 643 Salerni
2121 605 2308 646 mense
2338 591 2664 662 Septembri,
2697 595 2885 651 indict.
2917 598 2973 661 6,
3008 617 3027 651 ι
3059 599 3264 656 altera-

1679 689 1805 744 que,
1831 691 1950 745 quzc
1978 679 2046 732 ab
2075 678 2186 745 illo,
2237 696 2360 736 cum
2395 682 2540 738 Barii
2581 684 2752 739 Eliam
2797 687 3264 761 archiepiscopum

1680 778 2074 834 consecrasset,
2117 769 2219 825 fuit
2270 788 2548 839 concessa,
2599 790 2828 846 qumque
2870 779 2994 833 data
3041 786 3268 836 notatur-

1686 875 1705 911 ι
1733 858 1872 926 apud
1912 857 2104 914 Bai-um
2156 877 2298 916 anno
2343 863 2636 920 Dominicaa
2676 866 3070 925 lncarnationis
3104 871 3264 937 1089,

1680 949 2030 1018 pontiﬁcatus
2077 969 2137 1018 ιι,
2189 954 2378 1008 indict.
2414 969 2532 1019 χιιι,
2563 973 2614 1012 Ix
2645 957 2866 1016 Octobr.
2905 979 2924 1012 ι
2964 959 3083 1015 Jam
3113 977 3264 1027 vero,

1681 1054 1804 1094 cum
1855 1040 1906 1094 id
1939 1041 2012 1094 ita
2060 1042 2152 1105 sit,
2195 1054 2360 1114 atque
2404 1061 2434 1098 a
2489 1045 2822 1116 Septembris
2851 1051 3066 1120 quidem
3112 1051 3268 1108 initio

1681 1131 2280 1204 Constantinopolitana
2343 1152 2438 1192 seu
2491 1137 2842 1206 Graecorum,
2894 1159 2923 1197 a
2982 1159 3109 1198 xxiv
3141 1159 3268 1199 vero

1683 1223 2040 1292 Septembris,
2072 1227 2158 1280 die
2189 1225 2458 1293 Caesarea,
2486 1229 2707 1284 indictio
2739 1232 2931 1301 prima,
2958 1249 3100 1288 anno
3137 1233 3270 1289 1092

1680 1331 1905 1372 currere
1961 1317 2264 1388 increpcrit,
2301 1335 2474 1376 annus
2518 1329 2575 1375 et
2624 1322 2866 1386 indictio,
2924 1324 3117 1392 quibus
3166 1326 3272 1379 huc

1685 1409 2022 1478 transcripta:
2081 1409 2284 1466 Urbani
2345 1428 2498 1483 papa:
2548 1413 2613 1479 ll,
2662 1429 2820 1483 quem
2875 1415 2978 1469 hoc
3025 1431 3167 1470 anno
3215 1425 3271 1470 et

1682 1517 1870 1557 mense
1923 1503 1974 1558 in
2009 1503 2259 1562 Calabria
2303 1503 2491 1572 fuisse,
2540 1505 2856 1559 Iluinartius
2905 1504 2958 1558 in
3011 1504 3130 1558 Vita
3158 1503 3274 1571 ejus

1683 1608 1833 1646 num.
1874 1593 1977 1648 116
2021 1603 2078 1649 et
2123 1610 2241 1664 seq.
2273 1596 2450 1660 docet,
2488 1595 2682 1650 littera:
2711 1603 2992 1659 notantur,
3032 1595 3276 1664 apprime

1683 1684 1828 1740 inter
1875 1687 2335 1751 se,convcniunt,
2386 1687 2668 1755 omnisque
2713 1686 2960 1756 proinde,
3007 1685 3076 1739 ob
3112 1700 3274 1753 quam

1684 1790 1791 1828 non
1823 1790 1982 1832 nemo
2027 1775 2211 1832 forsan
2259 1777 2422 1832 hasce
2451 1776 2662 1848 spurius
2687 1785 2954 1842 autumet,
2990 1774 3276 1830 diliicultas

75 1864 315 1916 iibnsvcstri
328 1863 465 1932 juris
479 1879 608 1918 esse
621 1879 922 1918 censemus.
939 1863 1089 1930 Quod
1101 1865 1144 1918 si
1164 1879 1282 1932 quae
1297 1878 1584 1932 puerorum
1621 1856 1661 1910 Β
1688 1865 2071 1938 chrunologica
2097 1867 2396 1922 evanescit.

76 1969 296 2010 astrorum
311 1955 510 2011 offensa
538 1956 851 2025 contigerit,
883 1956 932 2010 id
954 1964 1135 2012 vestra
1179 1963 1386 2010 tantum
1413 1970 1576 2012 manu

75 2049 359 2103 innisi-orum
372 2049 650 2104 correctio
664 2057 901 2104 maneat.
919 2048 1026 2106 Nec
1038 2048 1247 2105 ullusse
1261 2047 1445 2115 dehis,
1459 2065 1580 2119 qua:

76 2139 116 2188 ad
141 2153 209 2192 vos
240 2140 517 2208 pertinent,
559 2140 682 2194 sine
737 2147 916 2194 vestra
979 2139 1256 2197 v‘nntale
1293 2141 1582 2197 occasione

76 2227 193 2294 aliqua
228 2231 561 2299 intromittat,
612 2240 880 2300 quatenus
905 2231 1294 2301 omnipotentis
1330 2231 1423 2288 Dei
1450 2249 1577 2302 spe-

76 2318 254 2374 C-lLillDlll
287 2321 465 2377 liberis
493 2323 773 2378 naentihus
803 2323 1087 2390 insistatis,
1110 2332 1166 2378 et
1185 2325 1252 2378 ad
1275 2325 1392 2395 ejus
1419 2324 1576 2380 faciei

77 2409 348 2478 dulcedinem,
369 2415 486 2484 ipso
509 2425 830 2484 praestante,
857 2417 1142 2486 pervenire
1164 2417 1410 2472 valeatis.
1439 2416 1584 2474 Sane

77 2501 206 2570 siqu's
231 2505 272 2557 in
311 2508 616 2562 crastinum
667 2509 1109 2579 archiepiscopus
1151 2518 1244 2564 aut
1271 2510 1582 2580 episcogms,

80 2595 289 2662 imperator
337 2611 427 2655 aut
477 2618 606 2664 rex,
643 2602 895 2672 princeps
936 2613 1028 2657 aut
1077 2603 1206 2668 dux,
1263 2618 1446 2658 comes
1491 2611 1586 2658 aut

81 2685 315 2758 tieccnmes,
358 2693 528 2759 judex
569 2702 661 2746 aut
687 2709 918 2764 persona
949 2695 1206 2764 quaelibet
1246 2705 1439 2764 potens
1494 2704 1588 2749 aut

81 2777 290 2848 impotens,
338 2785 494 2853 hujus
550 2787 723 2838 nostri
773 2786 1039 2856 privilegii
1079 2786 1334 2856 paginam
1378 2786 1586 2854 sciens,

79 2879 204 2924 cintra
227 2889 330 2928 eam
366 2885 580 2931 temere
623 2877 810 2930 venire
858 2879 1168 2943 tentaverit,
1216 2878 1454 2932 secundo
1485 2885 1592 2933 ter-

82 2961 172 3015 tiove
206 2968 577 3033 commonitus,
645 2968 688 3021 si
754 2982 859 3021 non
929 2968 1302 3024 satisfactione
1351 2984 1590 3040 congrua

20 3053 22 3056 ’
81 3057 379 3126 einemlaverit,
405 3075 530 3114 eum
583 3060 805 3114 honoris
827 3061 910 3115 sui
941 3071 996 3115 et
1015 3060 1172 3116 olﬁcii
1200 3061 1438 3130 periculo
1461 3062 1592 3116 sub-

79 3142 197 3208 jacere
213 3148 566 3212 decernimus,
595 3161 649 3206 et
680 3165 709 3204 a
749 3150 949 3205 Christi
987 3163 1150 3220 atque
1178 3153 1433 3209 Ecclesiae
1465 3169 1590 3207 cor-

1684 1997 1712 2070 ᾗ
1746 1997 1983 2070 XXXIV.
2017 1998 2158 2064 Quid
2196 2009 2312 2067 post
2350 1999 2546 2070 factam
2581 2015 2613 2052 a
2644 1997 2867 2068 Rogerio
2905 2000 3090 2052 comite
3115 1999 3276 2052 eremi

1753 2069 2056 2125 Calabrina:
2110 2067 2444 2123 donationem
2491 2067 2947 2137 Snuctusiegerit,
3002 2071 3088 2138 qui
3143 2070 3278 2138 hanc

1751 2140 1942 2194 deinde
1975 2139 2233 2208 Roget-ius
2263 2142 2373 2192 (tua:
2419 2140 2768 2208 eonfirmarit,
2801 2137 3137 2210 terminiSque
3165 2137 3279 2192 Ro-

1753 2211 1930 2282 gerius
1967 2226 2137 2264 cernes
2160 2210 2648 2280 circumscripserit.

1755 2325 1882 2382 570.
1909 2326 2200 2398 Roget-ium
2233 2326 2482 2382 comitem
2502 2367 2516 2391 ,
2553 2341 2659 2382 non
2693 2334 2897 2382 tantum
2927 2326 3276 2381 Turritanam

1683 2429 1948 2483 eremum,
1989 2433 2176 2472 verum
2222 2418 2389 2472 etiam
2435 2416 2742 2481 ecclesiam,
2783 2416 3139 2471 sanctissima:
3178 2414 3276 2468 Dei

1686 2509 1936 2577 genitrici
1999 2508 2183 2563 Mariae
2223 2515 2522 2577 sanctoque
2580 2507 2858 2576 Stephano
2911 2522 3150 2569 sacram,
3213 2505 3273 2560 8.

1686 2598 1925 2653 Brunoni
1976 2600 2203 2671 ejusque
2260 2599 2425 2654 sociis
2465 2598 2652 2652 statim
2693 2608 2854 2667 atque
2901 2598 3001 2651 hos
3031 2596 3083 2650 in
3115 2610 3282 2664 specu

1687 2700 1908 2746 orantes
1985 2692 2282 2755 invenerat,
2340 2691 2574 2752 dedisse,
2645 2690 3047 2744 Blomenvenna
3102 2687 3282 2742 verbis

1690 2799 1840 2837 num.
1875 2782 1982 2836 540
2029 2784 2135 2837 huc
2175 2781 2521 2852 transcriplis
2551 2781 2793 2835 indicare
2817 2779 3052 2844 videtur,
3080 2793 3180 2834 nec
3213 2777 3282 2830 ab

1688 2891 1754 2929 eo
1785 2879 1887 2930 hac
1923 2875 1977 2929 in
2023 2889 2084 2929 re
2127 2874 2398 2928 Puteanus
2421 2883 2476 2928 et
2511 2871 2702 2927 Surius
2731 2870 3075 2926 dissentiunt.
3105 2869 3202 2923 Ast
3230 2867 3285 2922 id

1691 2981 1721 3019 a
1751 2981 1880 3020 vero
1929 2965 2162 3020 alienum
2197 2974 2439 3036 apparet.
2481 2963 2554 3018 Ea
2601 2963 2744 3018 enim
2783 2976 3018 3024 eremus,
3053 2976 3180 3024 non,
3225 2968 3287 3013 ut

1694 3058 1794 3126 ipsi
1827 3066 2096 3124 statuunt,
2134 3074 2275 3112 anno
2306 3059 2466 3122 1095,
2500 3057 2592 3112 sed
2623 3070 2768 3109 anno
2790 3054 2928 3109 1090
2953 3052 3011 3108 S.
3043 3051 3286 3105 Brunoni

1693 3148 1917 3219 ejusque
1953 3149 2120 3204 sociis
2166 3150 2295 3204 data
2338 3149 2458 3214 fuit,
2495 3159 2728 3217 tuncque
2765 3147 3024 3210 nondum,
3053 3154 3112 3198 ut
3137 3144 3287 3198 vide-

82 3245 162 3296 [Iore
191 3239 485 3294 auctoritate
555 3241 842 3308 potestath
884 3241 1190 3310 apostolicae
1221 3257 1589 3313 segregamns.
1620 3239 1661 3295 C
1699 3249 1802 3304 tur,
1835 3241 2144 3304 ecclesiam,
2195 3256 2314 3310 quae
2365 3242 2478 3296 sive
2512 3238 2871 3294 sanctissima:
2901 3236 2996 3292 Dei
3025 3233 3285 3290 Genitriei

82 3323 450 3386 Garamantibus
506 3342 696 3386 autem
746 3349 849 3402 pax
889 3349 918 3386 a
951 3335 1081 3399 Deo,
1123 3344 1176 3388 et
1219 3335 1590 3390 misericordia

82 3420 348 3479 motibus
383 3437 446 3478 ac
481 3422 689 3476 l‘nturis
716 3422 928 3478 saeculis
980 3432 1355 3478 conservetur.
1389 3424 1589 3478 Amen.

82 3502 210 3559 Amen.
232 3507 408 3565 Amen.
446 3510 650 3564 Datum
681 3527 778 3581 per
820 3527 1040 3566 manum
1071 3511 1296 3566 Joannis
1323 3513 1382 3566 8.
1430 3513 1494 3566 R.
1528 3513 1593 3568 Ε.

82 3589 230 3650 diaconi
269 3601 578 3667 cardinalis,
628 3603 801 3670 pridie
831 3602 956 3657 ldus
984 3602 1257 3670 Octobris,
1301 3602 1594 3658 indictioe

82 3684 224 3756 prima,
279 3707 410 3746 anno
485 3693 792 3748 Dominica:
861 3693 1254 3749 lucarnationis
1307 3694 1594 3749 millesimo

82 3781 348 3852 nonagesimo
398 3783 688 3849 secundo,
755 3785 1104 3852 pontiﬁcatus
1154 3794 1338 3840 autent
1391 3785 1595 3840 domini

20 3909 22 3912 .
85 3862 220 3924 Urbani
238 3877 438 3929 secundi
474 3892 628 3931 anno
657 3877 864 3946 quinto.
901 3897 918 3930 ι

123 3957 211 4013 5ῧ9.
246 3962 596 4030 Mor-kensius,
647 3981 678 4019 c
722 3964 876 4032 cujus
915 3967 1598 4040 chronologico-diploma-

20 4097 22 4132 Ξ
84 4046 149 4099 lira
170 4049 220 4106 de
249 4053 299 4108 S.
327 4053 587 4110 Brunone
618 4055 857 4110 Diatriba
894 4058 1182 4126 pontilician
1211 4059 1292 4113 hic
1323 4057 1526 4114 Urbani
1555 4059 1595 4113 ll

20 4179 22 4220 ἶ
84 4133 215 4196 littera
262 4147 592 4218 deprompta:
663 4158 809 4214 sunt,
865 4159 1179 4219 sequentem
1230 4152 1368 4206 hanc
1423 4151 1595 4207 cidem

85 4238 404 4296 translationem
434 4240 738 4310 subiungit.
777 4260 794 4292 ι
829 4241 976 4294 Bulla
1011 4243 1142 4308 haec,
1179 4243 1372 4312 inquit,
1397 4244 1596 4299 Urbani

85 4320 258 4394 "papa,
281 4333 352 4385 uti
404 4332 474 4386 ab
527 4331 678 4385 Italia
721 4333 1098 4402 perscribitur,
1151 4342 1234 4387 est
1283 4335 1594 4404 deperdita;

20 4419 22 4495 ς
86 4421 470 4490 exemplartamen
495 4425 616 4493 ejus
642 4435 822 4480 exstat
846 4427 897 4479 in
914 4426 1236 4495 pet'antiqtto
1262 4442 1360 4480 ms.
1386 4427 1597 4492 codice,

87 4508 140 4571 qui
161 4481 454 4570 Breviarium
483 4481 894 4586 privilegiorum
917 4481 1126 4572 Idomus
1147 4481 1476 4573 ‘Calahrinai
1511 4481 1597 4574 in-I

1696 3333 1810 3386 sive
1855 3331 2134 3402 Stephano
2174 3348 2328 3388 sacra
2358 3341 2522 3395 esset,
2571 3329 3050 3400 complectebatur.
3089 3327 3162 3381 Ita
3193 3341 3286 3379 au-

1697 3435 1867 3488 tumo,
1926 3424 2068 3496 qnod
2141 3423 2307 3478 eremi
2371 3422 2514 3477 illius
2559 3419 2826 3486 ecclesia,
2882 3418 2940 3473 8.
3001 3416 3281 3486 Stephano

1697 3533 1871 3581 sacra,
1907 3517 1997 3569 diu
2029 3519 2291 3569 duntaxat
2329 3521 2470 3584 post,
2513 3511 2590 3565 ttti
2631 3525 2698 3566 ex
2737 3507 2877 3564 infra
2918 3499 3160 3562 dicendis
3191 3521 3286 3574 pa-

1698 3618 1887 3676 tescet,
1919 3608 2082 3662 fuerit
2106 3615 2410 3669 exstructa;
2443 3603 2672 3658 ecclesia
2707 3617 2858 3668 vero,
2907 3613 3026 3670 quae
3057 3597 3290 3651 sanctis-

1697 3701 1848 3756 sinur
1892 3699 1983 3754 Dei
2031 3695 2282 3768 genitrici
2317 3695 2500 3748 Mariae
2533 3708 2685 3748 sacra
2713 3700 2877 3758 esset,
2909 3697 3037 3743 ante
3062 3701 3285 3752 annum,

1699 3792 1776 3846 uti
1806 3791 2012 3858 pariter
2050 3804 2118 3843 ex
2161 3787 2300 3842 infra
2328 3785 2574 3840 dicendis
2612 3791 2875 3854 patesccl,
2909 3779 3046 3836 1091
3089 3793 3286 3833 conse—

1699 3893 1845 3940 crata
1888 3898 1994 3937 non
2027 3881 2223 3946 fuerit;
2267 3881 2409 3935 unde
2437 3894 2580 3945 eam,
2613 3878 2843 3946 ipsomet
2871 3874 3073 3929 Sancto
3102 3883 3287 3927 nostro

1698 3990 1946 4045 curante,
1970 3978 2244 4035 conditam
2277 3977 2464 4044 fuisse,
2494 3975 2980 4040 verosiinillimum,
3016 3987 3082 4026 ne
3107 3971 3286 4025 dicam

1704 4071 2094 4136 indubitatum,
2130 4075 2372 4139 apparet.
2401 4067 2583 4122 Bruno
2612 4065 2846 4130 scilicet,
2889 4062 2988 4130 uti,
3019 4077 3140 4117 cum
3177 4060 3291 4131 pri-

1701 4179 1849 4217 mum
1901 4161 2246 4217 Carthusiam
2311 4158 2489 4214 fuerat
2537 4157 2836 4228 ingressus,
2891 4153 3177 4209 ecclesiam
3217 4150 3288 4205 ad

1701 4257 1959 4312 honorem
2029 4253 2167 4321 Dei,
2247 4249 2607 4306 sanctissime
2657 4246 2750 4300 Dei
2801 4244 3078 4316 genitricis
3125 4252 3178 4297 et
3229 4240 3288 4300 S.

1699 4350 1922 4405 Joannis
1968 4347 2219 4417 Baptista:
2245 4343 2454 4400 exstrui
2485 4355 2552 4396 ex
2587 4353 2748 4409 supra
2776 4337 2934 4392 dictis
2964 4335 3194 4399 curavit,
3218 4333 3289 4386 ita

1702 4438 1860 4493 etiam
1886 4437 1937 4492 in
1973 4436 2238 4492 Calabriae
2264 4447 2470 4497 eremo,
2495 4444 2618 4484 cum
2653 4429 2792 4482 hanc
2822 4442 2851 4480 a
2894 4424 3124 4495 Rogerio
3150 4422 3292 4476 obti-

1703 4529 1932 4595 nuisset,
1989 4525 2105 4580 ﬁeri
2159 4522 2566 4584 verosimillime
2614 4517 2845 4573 curavit.
2877 4515 3053 4584 Atque
3098 4513 3150 4568 in
3189 4513 3292 4567 hac

20 4605 24 4618 ‘
88 4603 286 4662 scribitur.
349 4609 406 4664 ln
460 4625 528 4666 eo
591 4611 941 4664 continentur
987 4610 1166 4664 omnia
1212 4611 1491 4681 privilegia
1535 4612 1588 4665 in
1627 4601 1914 4690 unidem
1981 4617 2236 4688 opinione
2287 4615 2523 4670 maxime
2578 4611 2872 4668 conﬁrmor
2924 4625 2992 4665 ex
3039 4623 3102 4664 eo
3149 4607 3293 4677 quod

20 4741 22 4744 .
88 4698 317 4753 membrana
345 4703 675 4773 conscripta,
722 4717 842 4772 quae
879 4703 946 4756 ab
992 4718 1138 4757 anno
1167 4703 1303 4758 1090
1328 4719 1497 4773 usque
1526 4705 1594 4759 ad

89 4793 223 4841 annum
252 4791 374 4846 1200
410 4793 539 4848 huic
566 4810 752 4849 eremo
783 4796 978 4848 donata
1007 4794 1176 4848 fuere.
1217 4816 1234 4847 ι
1279 4795 1402 4850 Haec
1454 4795 1542 4850 ille
1578 4813 1591 4850 :

20 4911 22 4960 ε
91 4887 316 4953 ncautem,
357 4889 554 4956 quibus
591 4887 837 4942 recitatae
882 4887 1081 4943 Urbani
1141 4889 1338 4943 littera:
1372 4888 1596 4958 signan-

91 4973 158 5034 lﬂr,
195 4988 326 5033 notas
352 4980 642 5035 chronicas
687 4995 780 5033 seu
818 4995 1020 5033 annum
1060 4979 1197 5034 1092
1243 4987 1299 5034 et
1345 4979 1598 5034 indictio-

20 5105 24 5128 τ
93 5072 168 5114 tia-in
189 5069 400 5134 quintam
425 5073 693 5127 decimam
721 5086 840 5126 sese
862 5073 1002 5127 inter
1029 5087 1134 5126 non
1164 5073 1454 5127 convenire
1476 5072 1598 5141 quis

20 5179 24 5188 τ
95 5163 206 5221 “tutel,
228 5175 410 5217 annum
458 5179 488 5217 a
517 5164 796 5230 Januario,
829 5165 1180 5220 indictionem
1214 5180 1343 5219 vero
1373 5165 1441 5220 ab
1465 5166 1594 5220 anni

20 5247 22 5322 ς
97 5253 368 5310 thccedenlis
399 5269 490 5311 aut
520 5257 858 5328 Septembris
891 5259 1046 5314 initio
1073 5274 1224 5314 more
1257 5258 1596 5324 Griecornm,

20 5331 22 5412 ξ
99 5346 154 5388 ttt
177 5356 397 5403 rei-term
425 5349 544 5403 Kal.
575 5349 828 5407 Octobris
865 5367 960 5406 seu
998 5367 1121 5406 xxrv
1147 5351 1489 5422 Septembris
1512 5353 1600 5407 die

20 5491 22 5512 ε
102 5445 332 5505 imputare
379 5444 631 5501 Urbanus
682 5447 904 5516 incepit,
953 5463 984 5502 e
1020 5447 1193 5503 tribus
1237 5448 1467 5519 vulgatis
1515 5449 1598 5502 in-

20 5561 24 5584 .-
104 5521 313 5587 iltliomnn
360 5541 648 5608 generibus
701 5540 1206 5594 Constantinianam
1269 5557 1362 5594 seu
1425 5542 1602 5596 Cresa-

20 5647 22 5656 ι
104 5626 199 5672 ‘carn
223 5638 435 5684 secutus.
465 5629 659 5699 Liquet
701 5631 754 5685 id
803 5646 834 5685 e
869 5630 1101 5685 diversis
1137 5646 1167 5684 a
1200 5633 1454 5700 pontilice
1497 5632 1600 5688 hoc

20 5729 22 5732 -
103 5700 196 5760 datis
219 5711 372 5784 bullis,
421 5734 487 5773 ac
515 5720 851 5788 nominatim,
887 5729 947 5775 ut
983 5719 1223 5790 reliquas
1261 5720 1528 5786 omittam,
1569 5736 1600 5777 e

20 5801 22 5834 I
105 5792 199 5854 bulla
217 5806 321 5876 alia,
361 5811 412 5869 in
447 5811 504 5869 8.
543 5814 808 5876 Brunonis
835 5814 1073 5872 favorem
1119 5830 1265 5872 anno
1295 5813 1432 5874 1098
1469 5829 1599 5872 con-

1705 4713 1973 4784 Rogerius
2022 4725 2204 4765 comes
2250 4711 2303 4764 in
2337 4710 2526 4763 charta
2576 4721 2742 4776 supra
2785 4705 2891 4760 huc
2922 4703 3291 4771 ‘transcripla,

1697 4823 1802 4877 qua
1843 4805 2121 4876 praefatam
2149 4801 2492 4856 Calabrinam
2516 4815 2758 4854 eremum
2785 4798 2842 4854 8.
2877 4796 3113 4850 Brunoni
3143 4793 3286 4862 ejus-

1697 4913 1802 4967 que
1849 4898 2012 4952 sociis
2053 4895 2222 4959 dedit,
2263 4894 2537 4957 Ecclesiae,
2560 4907 2681 4962 quae
2721 4891 2774 4944 in
2807 4891 2912 4945 hac
2936 4887 3294 4942 sanctissima:

1707 4989 1802 5043 Dei
1837 4987 2084 5057 genitrici
2136 5000 2291 5043 sacra
2339 4993 2507 5052 esset,
2553 4998 2660 5038 non
2705 4979 3038 5046 meminerit,
3069 4975 3296 5046 ejusque

1706 5081 2083 5148 nihilominus,
2121 5088 2305 5150 utpote
2345 5078 2511 5133 eremi
2551 5091 2686 5147 pene
2719 5074 2934 5130 inculta:
2953 5087 3018 5128 ae
3041 5072 3291 5137 deserta),

1707 5189 1869 5244 quam
1913 5173 2275 5227 instrumento
2327 5169 2418 5224 illo
2467 5167 2703 5222 Brunoni
2747 5163 3028 5236 impertiit,
3079 5171 3291 5232 partem

1707 5264 2036 5336 praecipuam
2098 5258 2515 5323 constituentis,
2564 5255 2896 5311 mentionem
2950 5247 3296 5308 verosimilli—

1709 5374 1815 5425 me,
1846 5358 1890 5414 si
1925 5357 2038 5426 jam
2084 5363 2196 5409 tum
2223 5353 2541 5416 exstitisset,
2567 5348 2809 5404 facturus
2831 5339 3288 5402 fuisse'videatur.

1778 5448 1902 5502 571.
1945 5447 2112 5501 Porro
2159 5444 2211 5499 in
2242 5443 2412 5498 altera
2460 5441 2673 5508 charta,
2709 5439 2849 5493 infra
2889 5439 2995 5492 huc
3033 5431 3294 5490 transcri-

1705 5537 1882 5594 benda
1941 5549 2191 5605 annoque
2248 5532 2386 5588 1099
2437 5547 2500 5587 ex
2569 5529 2811 5585 dicendis
2857 5527 3004 5592 data,
3065 5523 3291 5579 indicari

1709 5630 1942 5696 invenio,
1980 5629 2124 5698 quod
2175 5636 2324 5692 tunc,
2353 5639 2476 5680 cum
2521 5635 2736 5678 eremus
2763 5617 3050 5676 Calabrina
3086 5614 3292 5672 Sancto

1707 5725 1938 5794 primum
1967 5721 2088 5776 data
2110 5719 2326 5787 fuisset,
2357 5723 2566 5789 gestum
2588 5711 2822 5778 videtur,
2845 5710 3039 5782 hicque
3065 5708 3290 5782 proinde

1709 5813 2100 5872 recensendum
2153 5821 2254 5870 est.
2310 5810 2364 5866 ln
2411 5810 2516 5866 hac
2559 5807 2742 5879 itaque
2789 5806 2978 5864 charta
3021 5794 3287 5877 Rogeriui
