3846 6316
595 359 691 413 351

1391 358 1449 411 S.
1491 359 1835 415 DRL’NONIS
1870 359 2517 422 CARTllliSlANORCM
2551 367 3033 428 lNSTlTL‘TORlS

3701 381 3779 440 352

592 489 775 532 comes
798 474 936 528 deS.
963 474 1214 529 Brunone
1237 485 1547 544 sequentem
1572 476 1883 546 loquiturin
1909 477 2165 532 modum:
2199 482 2245 537 Α
2271 481 2410 535 dior.
2455 483 2547 537 Sic
2599 484 2762 540 habet
2806 503 2820 539 :
2864 505 2882 537 ι
2943 486 3226 558 Rogerius,
3281 485 3498 557 Apulim,
3552 490 3782 562 Calabriae,

597 587 616 620 ι
670 568 872 637 Rogavi
909 582 1122 646 quoque
1152 568 1444 636 humiliter,
1491 578 1548 622 ιιι
1592 585 1691 638 pro
1741 569 1834 623 Dei
1885 585 2069 623 amore
2112 571 2164 625 in

594 669 740 716 terra
776 657 1055 727 Squillacii
1085 673 1302 713 sumere
1342 659 1653 728 dignaretur
1688 659 1865 729 largos
1906 661 2166 726 redditus,

592 763 732 819 quos
756 749 1022 804 donabam
1057 767 1072 802 :
1106 765 1338 804 renuens
1363 751 1454 804 ille
1493 751 1734 821 recipere
1766 752 2000 819 dicebat,
2025 753 2169 822 quod

595 840 660 894 ad
691 840 794 894 hoc
834 842 1051 895 domum
1086 841 1166 894 sui
1211 842 1378 910 patris
1407 857 1689 911 meamque
1725 843 2026 910 dimiserat,
2055 853 2168 898 uta

596 930 778 998 mundi
826 931 987 986 rebus
1031 942 1324 987 extraneas
1359 933 1652 988 deservirct
1697 933 1866 988 libere
1914 934 2022 988 Deo
2049 949 2167 990 suo.

595 1021 692 1076 Hic
723 1021 899 1075 fuerat
945 1023 996 1077 in
1029 1031 1140 1077 tota
1177 1023 1335 1077 domo
1362 1038 1500 1089 mea,
1528 1025 1680 1093 quasi
1713 1025 1918 1094 primus
1964 1035 2019 1078 et
2051 1041 2169 1078 ma-

592 1128 766 1183 gnus;
807 1134 824 1166 ι
861 1115 1009 1170 hisce
1035 1127 1213 1170 autem
1249 1131 1278 1170 e
1320 1118 1520 1183 verbis,
1565 1118 1822 1172 Sanctum
1860 1119 2168 1189 aliquandiu

593 1204 644 1262 in
674 1205 888 1276 liogerii
917 1207 1128 1261 comitis
1156 1207 1314 1260 domo
1337 1218 1726 1262 commoratum
1751 1224 1889 1274 esse,
1927 1219 2169 1278 apparet.

590 1294 768 1364 Atque
817 1295 868 1349 id
922 1299 1136 1367 quidem
1187 1307 1306 1366 post
1348 1298 1526 1351 datam
1576 1301 1624 1353 ei
1680 1299 2025 1353 Turritanam
2057 1314 2174 1354 erc-

591 1400 760 1451 mum,
791 1386 916 1442 dum
951 1389 1000 1442 in
1041 1391 1157 1450 hac,
1206 1404 1323 1457 qua:
1371 1391 1606 1444 maxime
1633 1391 1936 1446 necessaria
1968 1400 2172 1454 essent,

589 1475 812 1538 aedificia
843 1479 1244 1550 qualiacunque
1274 1489 1704 1548 exstruerentur,
1741 1483 2030 1551 contigisse
2053 1483 2172 1552 cpi-

591 1583 721 1633 nor;
755 1561 938 1624 verum
989 1586 1290 1642 anonymus
1319 1571 1498 1625 aunal.
1533 1572 2000 1634 Carthusiensium
2049 1573 2170 1628 libri

589 1673 643 1712 tv
683 1660 943 1718 hactenus
980 1677 1083 1716 non
1115 1661 1314 1732 vulgati
1355 1671 1566 1730 auctor,
1605 1664 1706 1719 etsi
1747 1664 1984 1734 quidem,
2037 1664 2175 1719 San-

585 1760 758 1815 ctum,
789 1751 841 1805 in
879 1751 1094 1821 Rogerii
1145 1751 1361 1812 comitis
1387 1753 1538 1807 curia
1581 1751 1894 1824 aliquandiu
1932 1769 2166 1809 commo-

589 1850 764 1894 ratum
814 1842 1108 1909 existimet,
1153 1842 1206 1896 id
1257 1852 1458 1911 tamen,
1511 1853 1798 1914 antequam
1840 1846 2073 1900 Sanctus
2115 1846 2168 1900 in

587 1927 928 1983 Carthusiam
965 1931 1263 1998 secederet,
1309 1931 1509 1988 factum
1539 1945 1710 2005 putat.
1742 1936 1900 2001 Audi,
1924 1935 2014 2004 qui
2044 1951 2170 2005 ope-

588 2018 664 2072 ris
718 2019 799 2072 sui
874 2020 1134 2076 hactenus
1186 2039 1290 2077 non
1343 2024 1540 2092 vulgati
1589 2043 1736 2081 nutu.
1795 2029 1860 2082 15
1900 2027 2166 2096 loquatur.

591 2125 610 2158 ι
649 2107 748 2175 Qui
775 2119 944 2178 gesta,
973 2111 1164 2182 inquit,
1193 2115 1366 2169 sancti
1395 2114 1662 2172 Brunonis
1689 2119 1922 2174 tenuiter
1948 2128 2168 2186 norunt,

587 2198 767 2253 forsan
792 2200 1035 2256 arbitrati
1068 2213 1215 2270 sunt,
1246 2221 1344 2260 nos
1371 2209 1607 2276 graviter
1635 2210 2012 2277 hallucinatos,
2047 2226 2168 2264 cum

587 2289 843 2355 diximus,
893 2302 1142 2348 sanctum
1173 2293 1544 2351 Patriarcham
1583 2299 1874 2369 aliquando
1897 2302 2036 2370 apud
2060 2301 2170 2355 Ro-

587 2378 792 2444 gerium
834 2381 1086 2434 comitem
1124 2381 1386 2439 Calabria:
1425 2385 1588 2442 fuisse
1627 2401 2020 2448 commoratum
2047 2403 2174 2445 ante

588 2483 741 2521 suam
785 2472 1219 2555 conversionem,
1265 2477 1356 2545 qui
1401 2494 1506 2533 non
1563 2480 1666 2535 nisi
1713 2491 1838 2550 post
1877 2482 2170 2551 plantatatn

587 2559 926 2614 Carthusiam
959 2561 1215 2631 Majorcm
1267 2567 1319 2621 in
1361 2567 1612 2625 Calabria
1653 2573 1802 2627 visus
1846 2573 2015 2630 fuisse
2046 2592 2168 2646 per-

589 2652 824 2706 hibetur.
855 2653 1000 2709 Nova
1033 2657 1249 2726 quidem
1295 2658 1531 2716 fatemur
1573 2679 1672 2720 nos
1703 2665 1962 2732 revelare,
1993 2669 2086 2722 sed
2108 2684 2172 2722 ea

588 2744 868 2798 verissima
918 2747 1210 2803 astruimus
1246 2765 1313 2804 ex
1363 2751 1576 2821 litteris,
1619 2770 1754 2824 quas
1800 2757 1939 2812 idem
1992 2773 2174 2814 eomes

588 2837 736 2890 dedit
775 2847 963 2892 sancto
1005 2839 1262 2908 Brunoni,
1309 2860 1414 2899 non
1437 2845 1606 2899 solum
1633 2848 1745 2918 jam
1771 2863 2050 2916 converso,
2081 2851 2172 2906 sed

587 2931 751 2984 etiam
775 2932 1075 2989 Calabriam
1102 2936 1401 2993 Carlhusia:
1431 2941 1712 3012 magistro,
1748 2958 1840 2998 seu
1873 2945 2036 3012 priori
2060 2945 2172 3016 jam

589 3026 925 3093 censistenti,
966 3027 1018 3082 in
1057 3028 1250 3098 quibus
1277 3031 1406 3086 dicit
1441 3035 1584 3102 quod
1625 3046 1846 3091 sanctus
1873 3037 2050 3092 Bruno
2082 3054 2172 3092 rc-

589 3119 768 3172 nuerit
794 3117 1040 3187 accipere
1077 3119 1342 3189 plurimas
1377 3124 1718 3193 donationes,
1758 3130 1826 3184 ab
1851 3130 1965 3200 ipso
2000 3130 2175 3196 Roge-

580 3207 672 3264 .rio
701 3208 802 3262 sibi
822 3208 1049 3274 oblatas,
1081 3225 1146 3265 eo
1179 3231 1196 3262 ι
1223 3214 1364 3281 quod
1392 3217 1457 3268 ad
1492 3217 1592 3271 hoc
1618 3219 1834 3273 domum
1868 3221 1948 3274 sui
1974 3222 2170 3290 patris,
2202 3206 2246 3265 (ἶ

589 3317 872 3373 meamque
911 3324 928 3356 ι
967 3304 1114 3374 (sunt
1140 3307 1304 3360 verba
1340 3307 1555 3379 Rogerii
1593 3311 1645 3364 in
1678 3313 1995 3384 diplomate)
2029 3335 2046 3366 ι
2094 3315 2174 3368 di-

595 3413 613 3443 σ
655 3396 898 3462 miserat,
951 3404 1010 3449 ut
1065 3412 1096 3450 a
1140 3399 1322 3451 mundi
1371 3399 1530 3454 rebus
1559 3411 1851 3458 extraneas
1881 3406 2173 3460 deservit-et

595 3506 615 3536 ι
657 3487 826 3542 libere
855 3487 964 3542 Deo
994 3502 1114 3542 suo.
1139 3487 1238 3543 Hic
1261 3487 1436 3544 fuerat
1463 3491 1516 3544 in
1553 3501 1658 3548 tota
1689 3495 1848 3549 domo
1879 3512 1996 3551 ruea
2021 3500 2172 3566 quasi

597 3597 617 3630 ι
653 3578 860 3648 prinms
882 3587 937 3632 et
959 3593 1202 3648 magnus,
1237 3599 1256 3630 ›
1296 3589 1402 3637 etc.
1437 3582 1513 3636 Ex
1539 3585 1734 3652 quibus
1769 3586 1945 3641 verbis
1967 3589 2174 3658 colligi-

591 3688 712 3728 mus
740 3673 808 3744 (si
852 3675 989 3729 bcne
1022 3673 1324 3741 opinamur)
1355 3675 1570 3731 beatum
1601 3679 1776 3734 virum
1814 3682 2076 3737 mansisse
2125 3687 2176 3737 in

593 3764 764 3832 curia,
788 3772 842 3819 et
871 3763 1130 3818 comitatu
1178 3762 1415 3834 Rogerii,
1463 3782 1568 3822 non
1597 3778 1738 3838 post,
1771 3773 1862 3824 sed
1896 3783 2021 3827 ante
2049 3790 2180 3829 con-

591 3865 932 3930 versionem;
983 3881 1108 3920 nam
1157 3867 1398 3936 gravitas
1447 3866 1712 3920 eremitici
1760 3865 1991 3920 instituti
2035 3866 2178 3920 istud

594 3957 710 4011 ficri
752 3957 1012 4027 potuisse,
1059 3957 1306 4026 prohibet
1342 3958 1602 4028 cogitare.
1653 3956 1842 4029 Sagaci
1880 3966 2058 4012 tamen
2107 3958 2180 4013 le-

593 4049 729 4103 ctori
762 4048 920 4103 aliter
941 4049 1142 4104 sentire
1170 4063 1327 4118 posse
1355 4064 1452 4119 per
1478 4065 1577 4104 nos
1606 4048 1750 4104 licet.
1804 4069 1822 4102 ι

665 4140 788 4196 572.
831 4140 906 4194 Ita
935 4139 1022 4196 ille
1049 4157 1063 4194 :
1089 4155 1276 4195 verum
1306 4141 1508 4210 opinio,
1545 4157 1706 4211 quam
1737 4143 1826 4197 his
1855 4141 2032 4197 verbis
2055 4157 2180 4211 prn-

592 4230 949 4306 ponit,-mihi
998 4230 1310 4299 neutiquam
1353 4230 1528 4300 placet
1574 4249 1586 4284 :
1636 4240 1994 4300 praaterqnam
2035 4233 2177 4287 enim

595 4323 757 4392 quod,
793 4321 872 4376 uti
917 4321 1146 4392 ipsemet
1197 4319 1419 4389 fatetur,
1469 4336 1606 4375 nova
1645 4321 1870 4376 omnino
1911 4323 2003 4389 sit,
2036 4323 2181 4376 nullo

595 4414 834 4484 pemitus
871 4411 1226 4468 fundamento
1269 4411 1537 4467 innititur.
1569 4412 1721 4480 Quod
1751 4413 1895 4467 enim
1932 4413 2028 4480 ait,
2058 4429 2180 4468 ere-

596 4506 768 4560 mitici
813 4506 1044 4560 instituti
1077 4504 1330 4577 gravitati
1372 4506 1704 4560 contrariam
1734 4504 1971 4560 futuram
2017 4505 2182 4561 fuisse

598 4596 783 4651 Sancti
859 4597 912 4651 in
973 4598 1122 4652 curia
1185 4595 1405 4666 Rogerii
1473 4599 1987 4664 commorationem,
2049 4599 2182 4653 nihil

593 4687 818 4741 omnino
841 4686 1057 4741 evincit.
1089 4684 1226 4753 Quid
1250 4687 1463 4742 nienim
1495 4687 1745 4754 Sanctus,
1765 4686 2047 4756 impetrata
2066 4685 2178 4755 jam

595 4794 629 4833 a
651 4776 884 4847 Rogcrio
912 4777 1110 4832 comite
1137 4775 1421 4831 Calabrina
1453 4791 1661 4844 eremo,
1701 4776 2013 4847 aliquandiu
2039 4776 2177 4844 apud

597 4871 773 4936 hunc,
806 4869 977 4924 donec
1003 4877 1059 4924 et
1084 4867 1314 4924 ecclesia
1357 4869 1570 4939 aliaque
1599 4869 1834 4924 maxime
1871 4869 2176 4924 necessaria

597 4963 822 5018 aedilicia
843 4971 1116 5018 exstructa
1149 4970 1350 5030 essent,
1383 4963 1709 5017 commorari
1742 4963 1994 5032 potuerit,
2027 4977 2177 5016 curn-

597 5072 704 5128 que
745 5055 1027 5111 utdiutius
1069 5053 1270 5110 ibidem
1317 5055 1826 5126 pergeret'versari,
1872 5062 2177 5125 urgeretur,

597 5149 908 5208 humaniter
939 5149 991 5204 id
1021 5148 1339 5203 recusasse?
1365 5146 1499 5201 Rem
1521 5162 1653 5202 sane
1675 5147 1750 5202 ita
1774 5156 2004 5218 gestam,
2025 5159 2182 5201 vero-

596 5241 931 5298 simillimum
967 5239 1098 5294 mihi
1135 5248 1376 5310 apparet,
1410 5239 1644 5294 maxime
1667 5254 1788 5294 cum
1813 5253 1922 5295 non
1945 5237 2178 5305 videam,

597 5347 704 5402 quo
742 5331 938 5402 potiori
986 5329 1144 5385 modo
1194 5327 1434 5398 praefatae
1485 5330 1691 5384 charta:
1754 5345 1902 5384 num.
1950 5329 2180 5399 prmced.

598 5421 705 5477 huc
739 5419 1068 5490 transcripta
1117 5418 1280 5472 verba
1309 5418 1524 5473 veritati
1559 5420 1769 5489 possint
1802 5419 2022 5490 intelligi
2051 5434 2178 5474 con-

599 5528 756 5582 grua,
783 5527 882 5567 nec
913 5512 1146 5566 Sanctus
1173 5518 1299 5564 ante
1328 5525 1484 5565 suum
1522 5512 1574 5566 in
1601 5510 1946 5568 Carthusiam
1977 5513 2183 5582 ingres-

602 5621 721 5661 sum
773 5606 826 5659 in
879 5606 1028 5660 Italia
1079 5603 1246 5660 fuisse
1289 5603 1497 5674 uspiam
1555 5604 1780 5676 legatur.
1819 5606 1900 5661 Ad
1935 5607 2182 5662 chartam

599 5699 789 5766 modo,
817 5717 922 5769 qua
975 5700 1170 5756 factam
1210 5715 1238 5752 a
1267 5698 1500 5766 Rogerio
1527 5699 1723 5753 cernite
1749 5700 1914 5753 eremi
1944 5699 2189 5753 Calabri-

607 5807 689 5850 ιω
717 5791 1060 5850 donationem
1113 5792 1373 5862 Rogerius
1413 5790 1517 5846 dux
1559 5790 1920 5856 conﬁrmavit,
1967 5808 2187 5862 pregre-

2273 571 2492 638 Sicilize,
2545 574 2636 630 Dei
2666 577 2838 646 gratia
2875 576 3003 643 dux,
3045 577 3298 632 omnibus
3329 577 3558 634 fidelibus
3575 581 3784 639 Christia-

2272 667 2376 732 nis,
2431 670 2786 736 praesentibus
2833 677 2886 724 et
2933 669 3152 735 futuris,
3201 670 3254 723 in
3317 671 3530 725 Domino
3572 674 3778 732 salutem.

2272 754 2470 810 Nolunt
2515 773 2636 814 esse
2663 760 2913 813 volumus
2959 759 3286 814 fraternitati
3325 769 3508 815 vestrae
3533 762 3592 816 de
3623 763 3784 823 duabus

2272 846 2427 913 viris,
2457 846 2711 903 Brunone
2748 849 2956 904 scilicet
3002 857 3057 904 et
3085 847 3348 914 Lanviuo,
3377 850 3464 914 qui
3493 862 3669 905 sanctae
3691 855 3782 907 reli-

2273 935 2447 1004 gionis
2471 937 2652 994 studio
2686 939 2908 993 accensi
2933 954 3056 993 cum
3096 938 3261 994 sociis
3305 939 3416 992 suis
3441 939 3489 992 in
3519 950 3688 996 terram
3709 943 3782 998 Ca-

2274 1027 2460 1083 labrite
2489 1046 2517 1084 a
2545 1029 2843 1085 Galliarum
2887 1031 3150 1102 partibus,
3183 1031 3496 1102 disponente
3525 1034 3638 1100 Deo,
3664 1051 3784 1089 vene-

2273 1131 2400 1176 runt
2453 1134 2508 1176 et
2553 1138 2672 1178 meo
2723 1123 2882 1178 ductu
2935 1125 2984 1178 in
3037 1134 3262 1191 terram,
3308 1140 3426 1194 qure
3464 1127 3684 1195 praedicta
3708 1143 3783 1192 est,

2274 1210 2475 1278 locum,
2507 1214 2596 1282 qui
2625 1229 2808 1268 eorum
2838 1215 3114 1284 preposito
3144 1216 3475 1280 conveniret,
3499 1218 3781 1285 quaesierunt,

2273 1325 2433 1378 quem
2467 1326 2589 1365 cum
2627 1311 2726 1366 sibi
2760 1311 3012 1366 idoneum
3041 1326 3211 1381 penes
3233 1325 3320 1364 me
3353 1326 3458 1365 non
3497 1312 3782 1378 invenissent,

2274 1399 2554 1471 elegerunt
2575 1416 2794 1456 manere
2835 1401 2976 1456 inter
3006 1401 3205 1468 locum,
3233 1402 3324 1472 qui
3349 1402 3537 1455 dicitur
3562 1402 3726 1466 Arena,
3747 1416 3785 1457 et

2273 1496 2548 1565 Oppidum,
2598 1497 2738 1566 quod
2807 1495 3106 1566 appellatur
3159 1495 3376 1551 Stilum.
3421 1495 3606 1550 Locum
3649 1507 3783 1550 autem

2276 1595 2424 1648 illum
2456 1593 2721 1662 Rogerius
2765 1608 2948 1648 comes
2996 1593 3216 1658 Siciliae,
3259 1601 3480 1662 patruus
3516 1607 3649 1646 meus
3679 1605 3720 1644 et
3744 1593 3784 1644 ti-

2276 1681 2432 1746 delis,
2488 1682 2724 1752 ipsorum
2781 1683 3036 1752 precibus
3095 1683 3238 1754 apud
3299 1682 3463 1736 Deum
3536 1681 3785 1735 desiderans

2278 1769 2543 1838 adjuvari,
2577 1778 2688 1825 toto
2717 1771 2896 1827 cordis
2924 1771 3117 1826 affectu
3168 1771 3274 1826 illis
3312 1769 3548 1834 donavit;
3578 1770 3634 1822 de
3665 1770 3786 1822 comi-

2206 1832 2245 1888 Β
2282 1869 2391 1913 tatu
2423 1860 2566 1914 enim
2595 1861 2763 1928 ipsius
2790 1875 2888 1930 per
2931 1877 3103 1916 meam
3129 1860 3531 1917 concessionem
3564 1867 3682 1920 erat,
3704 1869 3741 1910 ct
3765 1874 3784 1909 ιι

2275 1949 2440 2003 totius
2464 1949 2742 2004 servitutis
2763 1951 2944 2006 debito
2970 1961 3025 2006 et
3056 1951 3124 2006 ab
3143 1951 3292 2006 omni
3331 1949 3542 2018 auguria
3565 1949 3610 2002 in
3645 1963 3787 2018 perpe-

2274 2047 2422 2092 tuum
2457 2039 2734 2106 liberavit;
2783 2041 2855 2096 ita
2906 2042 3173 2112 siquidem
3205 2050 3266 2096 ut
3301 2040 3491 2110 aliquis
3519 2054 3706 2093 suorum
3731 2037 3787 2088 vd

2271 2141 2650 2187 extraneorum
2681 2129 2996 2206 stranotus
3027 2145 3120 2189 aut
3149 2135 3478 2196 vicecomes,
3503 2131 3704 2185 rusticus
3721 2139 3787 2181 aut

2273 2225 2446 2289 miles,
2506 2240 2695 2280 servus
2748 2237 2841 2280 aut
2886 2225 3044 2290 liber,
3097 2240 3207 2280 non
3259 2225 3349 2289 sit,
3395 2223 3483 2292 qui
3525 2223 3574 2275 in
3613 2235 3667 2274 eo
3703 2219 3787 2271 loco

2271 2325 2508 2380 pascuae,
2533 2318 2627 2364 aut
2665 2310 3029 2381 agriculturae,
3073 2311 3191 2364 sive
3223 2308 3531 2380 piscationis
3565 2316 3646 2360 ant
3668 2319 3787 2355 vena-

2276 2401 2436 2455 tionis
2482 2411 2575 2454 aut
2621 2399 2890 2470 lignorum
2929 2401 3220 2456 occasione
3270 2408 3364 2454 aut
3423 2412 3485 2452 ex
3527 2407 3786 2467 quacunque

2274 2508 2440 2547 causa
2469 2493 2642 2548 servis
2676 2494 2768 2548 Dei
2811 2493 3114 2550 molestiam
3145 2509 3244 2549 seu
3271 2491 3518 2561 injuriam
3550 2489 3704 2547 faciat,
3721 2485 3786 2538 sed

2275 2582 2328 2636 in
2356 2599 2542 2637 eorum
2585 2592 2858 2654 potestate
2895 2585 2967 2640 sit
2998 2585 3224 2640 omnino
3275 2585 3425 2639 locus
3463 2580 3726 2652 praedictus,
3747 2585 3789 2626 ut

2274 2675 2573 2730 secundum
2623 2674 2768 2745 quod
2812 2674 3100 2742 voluerint,
3149 2674 3480 2746 possideant,
3513 2669 3786 2727 ordinenth

2274 2765 2588 2836 disponant.

2345 2857 2469 2912 575.
2509 2875 2527 2909 ι
2575 2855 2764 2913 Talem
2803 2855 2918 2926 ejus
2963 2857 3066 2912 loci
3101 2857 3471 2920 donationem,
3505 2860 3555 2908 et
3585 2846 3790 2904 libertatis

2275 2949 2544 3018 praedicta:
2575 2949 2986 3005 concessionem
3024 2963 3124 3018 ego
3175 2947 3442 3019 Rogerius
3473 2945 3573 2999 dux
3608 2937 3788 2992 laudocl

2273 3039 2590 3105 corroboro,
2617 3050 2672 3094 et
2701 3039 2954 3110 quoniam
2988 3048 3129 3095 terra
3155 3039 3247 3094 illa
3277 3039 3344 3092 de
3373 3051 3492 3092 meo
3515 3032 3684 3087 ducatu
3714 3033 3787 3080 est.

2281 3141 2340 3186 ut
2373 3131 2572 3186 nullam
2617 3132 2672 3186 in
2708 3139 3028 3202 perpetuum
3059 3130 3301 3201 patiatur
3326 3123 3643 3184 calumniam,
3664 3117 3789 3171 modis

2278 3223 2528 3278 omnibus
2578 3222 2911 3278 contradico.
2971 3222 3125 3289 Quod
3179 3222 3225 3278 si
3263 3220 3386 3291 quis
3423 3223 3595 3272 contra
3627 3215 3790 3264 senten-

2279 3317 2432 3382 tiam,
2455 3331 2574 3385 quae
2598 3316 2720 3370 data
2743 3322 2844 3380 est,
2879 3329 3038 3383 agere
3067 3310 3492 3384 praesumpserit,
3527 3313 3578 3361 et
3602 3308 3788 3356 nostrum

2279 3407 2560 3462 violaverit
2585 3414 2934 3475 praeceptum,
2969 3405 3343 3460 certissimum
3371 3400 3580 3460 habeat,
3605 3390 3708 3484 quia
3725 3392 3792 3484 at“

2277 3499 2342 3554 de
2383 3497 2596 3552 cunctis
2625 3497 2819 3551 finibus
2862 3496 3063 3551 nostris
3095 3496 3146 3550 in
3187 3506 3448 3550 aeternum
3475 3475 3789 3574 exterminabi-

2279 3601 2385 3655 tur,
2421 3600 2514 3644 aut
2537 3590 2714 3660 gladio
2737 3604 2858 3643 meo
2883 3589 2998 3643 sive
3025 3599 3404 3644 successorum
3431 3589 3650 3636 raeorum
3676 3569 3793 3622 ferie-

2277 3693 2388 3739 tur.
2440 3684 2509 3740 Ut
2551 3683 2732 3737 omnia
2784 3681 2948 3750 igitur
2989 3680 3242 3750 superius
3287 3687 3535 3734 concessa
3591 3666 3718 3721 ﬁrma
3756 3663 3794 3708 ει

2278 3775 2481 3831 illibata
2518 3781 2899 3844 permaneant,
2929 3773 3069 3828 hanc
3097 3770 3407 3828 chartulam
3435 3759 3630 3822 cuidam
3656 3758 3793 3808 nostro

2281 3868 2481 3924 clerico
2531 3865 2816 3936 ltodolpho
2851 3879 2952 3935 ego
3003 3863 3275 3934 Rogemus
3315 3861 3422 3917 dux
3469 3861 3521 3910 et
3565 3859 3682 3904 uxor
3710 3848 3794 3935 me}

2278 3958 2442 4013 Adela
2465 3958 2704 4013 scribere
2733 3955 3111 4026 praecepimus,
3137 3963 3191 4009 et
3213 3950 3392 4026 sigillo
3419 3952 3590 4003 nostro
3615 3937 3795 4005 signa"-

2280 4067 2417 4106 mus.
2471 4051 2625 4104 Anno
2675 4049 2967 4104 Dominicm
3001 4045 3406 4102 Incarnatiouis
3453 4032 3796 4094 millesimono-

2280 4141 2555 4211 uagesimo
2599 4149 2812 4208 quarto.
2859 4138 3073 4209 lndict.,
3115 4139 3230 4192 im.
3267 4157 3285 4190 ›
3325 4125 3656 4190 Morkensius.
3690 4117 3798 4183 905“

2283 4248 2446 4302 quam
2470 4231 2715 4287 chartam
2741 4232 2882 4285 hanc
2904 4231 3175 4300 integram
3213 4231 3282 4283 ad
3311 4239 3420 4282 sua:
3445 4221 3508 4276 de
3530 4215 3582 4270 S.
3605 4211 3798 4302 Brunoue

2281 4301 2540 4381 Diatribm
2587 4323 2793 4380 calcem
2840 4323 3205 4392 transcripsit,
3251 4313 3538 4389 subiungit,
3585 4314 3687 4399 595°.
3716 4301 3798 4399 ei}?

2281 4419 2650 4490 εροεταριιιιηι
2674 4417 2816 4471 inter
2841 4414 3184 4480 Garnefeltii,
3207 4407 3508 4470 Cartlmsiae
3529 4392 3798 4490 colonicas:

2284 4475 2508 4574 aiumnil,
2555 4507 2716 4564 editis
2761 4505 3117 4561 eremitarum
3148 4506 3492 4576 antiquorum
3530 4485 3651 4546 Vilis
3683 4475 3797 4576 ⁸1³1*

2287 4599 2546 4655 Analecta
2587 4598 2872 4668 reperisse,
2917 4597 3080 4667 idque
3112 4611 3235 4652 eum
3283 4571 3801 4668 autographoucofwét

2288 4694 2444 4759 dare;
2473 4691 2740 4747 Surianus
2773 4697 2976 4753 autem,
3006 4687 3108 4743 etsi
3153 4658 3799 4765 monumentum-illudff:

2287 4783 2426 4847 aliis,
2493 4799 2614 4852 qua:
2658 4783 2724 4836 ad
2792 4781 2850 4835 S.
2907 4779 3212 4833 Brunonem
3276 4783 3496 4841 remque
3550 4751 3801 4860 Ca"?ij

2287 4891 2408 4930 nam
2441 4882 2708 4945 spectant,
2749 4870 3129 4926 instrumentis
3155 4866 3386 4940 publicis
3416 4862 3466 4915 in
3491 4864 3605 4952 Slla‘

2285 4938 2539 5035 scriptam
2595 4980 2624 5017 a
2678 4962 2838 5018 Surio
2880 4959 3069 5016 Sancti
3113 4938 3292 5014 Vitam
3323 4938 3784 5052 ιιηιιοιῗιέῗιιῗηξῗξῗ

2285 5010 2539 5035 ..νην-υ...
2595 5010 2624 5017 _
2881 5010 3069 5016 ηπ---
3740 5027 3744 5032 Δ

2284 5057 2508 5111 rendum
2565 5069 2670 5109 non
2708 5052 2943 5116 duxerit,
2991 5051 3044 5106 id
3094 5059 3270 5105 tamen
3317 5059 3438 5116 pag.
3498 5027 3596 5140 595.

2289 5149 2492 5217 aitque,
2521 5162 2664 5201 anno
2702 5144 2838 5199 1094
2881 5112 3062 5197 datum
3103 5112 3524 5195 fuisseverum.
3554 5112 3785 5229 ειξίηςξιιίεςιιιε

2286 5241 2430 5294 hunc
2455 5253 2652 5292 annum
2675 5252 2738 5292 ea
2761 5237 2875 5306 ipsa
2897 5235 3086 5291 charta
3099 5232 3368 5295 exhibeat,
3394 5236 3494 5278 non
3519 5203 3799 5321 ιυοηειξῗῗξιξὲἑ

2287 5330 2383 5386 sed
2407 5343 2550 5384 anno
2576 5327 2714 5383 1093
2736 5291 2860 5381 data
2893 5324 3059 5382 fuisse
3083 5321 3254 5378 videri
3284 5321 3456 5392 potest
3480 5319 3541 5415 εξ

2291 5439 2328 5487 t,
2369 5437 2488 5492 quae
2535 5420 2583 5475 ei
2628 5418 2938 5490 apponitur,
2987 5429 3216 5486 quaeque
3262 5427 3365 5469 non
3404 5410 3538 5508 ιιῐξῐξο
3569 5379 3800 5508 “mihi;

2290 5478 2433 5567 anno
2461 5511 2597 5566 1095
2629 5509 2896 5579 congruit.
2937 5505 3046 5561 Nec
3076 5521 3142 5561 ex
3170 5520 3254 5569 eo,
3283 5495 3423 5575 quod
3453 5489 3580 5545 bina:

2264 5602 2585 5665 actu-onicze,
2609 5601 2810 5669 quibus
2839 5599 3029 5654 charta
3059 5596 3146 5650 illa
3171 5610 3266 5652 seu
3289 5568 3801 5690 diplontataqt‘iupjtz;

2293 5711 2414 5750 sese
2453 5694 2594 5748 inter
2641 5709 2744 5746 non
2791 5690 3145 5754 concordent,
3182 5703 3282 5758 pro
3323 5663 3801 5786 supposiltllqonz‘ilfl’;

2295 5785 2623 5851 habendum,
2648 5801 2771 5840 cum
2798 5798 2860 5839 ex
2901 5797 3062 5853 supra
3095 5753 3257 5838 dictis
3284 5762 3614 5836 instrumenta
3639 5753 3694 5812 ιύ

2213 4558 2258 4617 D
