3846 6316
89 312 151 367 35.,
1492 290 1687 345 acra.

91 444 155 481 non
179 420 297 476 facile
336 425 389 472 ut
420 414 593 487 spuria
623 410 912 481 rejicienda
940 410 1064 472 sint,
1100 405 1323 477 fierique
1360 406 1551 475 possit,
1585 407 1629 463 Α

88 511 201 568 utvel
231 508 273 561 in
302 507 456 560 dictos
496 504 839 557 characteres
876 499 1163 554 chronicos
1206 495 1553 551 librariorum

86 604 169 655 ritio
200 612 326 653 error
364 593 649 663 irrepserit,
698 591 783 645 vel
836 597 892 643 ut
926 587 1163 652 tabellio,
1199 588 1291 657 qui
1333 584 1555 654 Rogerii

88 690 322 756 dncisjussu
349 686 747 739 instrumentum
778 682 865 737 hic
897 687 1252 735 memoratum
1289 679 1556 741 exaravit,

87 797 198 838 annos
217 777 405 842 Christi,
434 790 535 829 non
558 788 588 827 a
618 773 931 836 Nativitate,
963 783 1021 826 ut
1050 769 1410 825 communiter
1441 768 1557 823 fieri

87 875 233 937 assolet,
262 870 339 926 sed
368 869 678 922 Pisanorum
711 880 861 920 more
887 865 955 919 ab
981 863 1374 926 lncarnationc,
1399 869 1559 932 prout

87 968 158 1021 hec
176 963 470 1017 Nativitatem
503 973 695 1013 novem
734 956 1012 1012 mensibus
1040 954 1339 1025 praecessit,
1372 968 1558 1006 nume-

86 1061 189 1123 nrit;
212 1072 295 1126 qua
324 1052 659 1123 computandi
707 1048 963 1105 methodo
989 1049 1056 1103 ab
1085 1048 1210 1101 anni
1244 1046 1372 1101 109⁸5
1406 1045 1557 1115 vige-

88 1152 172 1206 sima
197 1148 348 1216 quinta
376 1144 547 1198 Martii
584 1143 671 1197 die
702 1155 798 1197 seu
825 1138 1181 1195 sanctissimae
1206 1137 1297 1191 Dei
1321 1136 1561 1190 Genitri-

88 1244 135 1296 cis
169 1234 553 1293 Annunliationis
622 1231 760 1287 festo
814 1245 989 1285 annus
1052 1228 1120 1282 ab
1180 1226 1560 1281 lncarnatioue

89 1330 229 1385 Domini
269 1327 390 1381 1091
422 1326 530 1394 jam
574 1333 695 1380 erat
734 1325 788 1379 in
836 1337 1019 1387 cursu,
1072 1320 1418 1389 cucurritque
1466 1333 1562 1388 per

88 1424 266 1489 relEqnam
298 1417 520 1486 ejusdem
565 1416 694 1469 anni
741 1414 877 1469 1093
905 1422 1139 1484 partem,
1176 1410 1561 1481 sequentisque

89 1512 175 1563 idem
196 1507 511 1561 sanctissima:
540 1506 637 1560 Dei
668 1504 961 1559 Genitricis
989 1502 1205 1558 festum.

128 1602 212 1654 Si}.
244 1599 425 1670 Opponi
445 1598 666 1668 quidem
698 1598 785 1653 hic
815 1604 1012 1667 potest,
1046 1594 1184 1650 hanc
1215 1592 1560 1663 computandi

88 1707 194 1745 annos
231 1690 405 1745 Christi
469 1688 787 1744 methodum
836 1687 1070 1757 Rogerio
1122 1685 1244 1740 duci
1303 1684 1559 1739 usitatam

3134 280 3238 348 ast

1731 402 1851 455 573.
1898 400 2095 456 Verum
2127 418 2248 457 cum
2280 402 2366 457 hic
2392 403 2624 473 scriptor
2654 405 2816 468 dicat,
2853 406 2904 458 iu
2936 406 3050 475 ipso
3083 413 3237 461 autu-

1657 493 1881 563 grapho,
1931 494 2004 546 uti
2061 507 2092 546 e
2142 493 2355 559 litteris,
2412 508 2474 546 cx
2514 494 2684 557 Italia,
2733 495 2783 548 id
2825 504 2928 559 est,
2975 507 3236 565 quantum

1657 589 1869 655 opinor,
1907 600 1937 639 e
1966 586 2251 640 Carthusfa
2282 585 2570 639 Calabrina
2602 587 2860 655 acceptis,
2890 588 3093 653 didicit,
3115 605 3238 643 cum

1658 695 1800 734 anno
1832 677 1970 733 1094
2000 677 2342 731 indictionem
2376 678 2398 730 1
2432 678 2705 748 componi,
2737 680 2951 747 ipsimct
2974 696 3242 750 anonymo

1658 771 1948 826 Annalium
1973 770 2438 825 Carthusiensium
2466 772 2667 825 auctori
2695 773 3062 841 apogralltum
3094 790 3243 828 erro-

1660 878 1820 917 neum
1847 861 2214 917 verosimilius
2258 862 2591 931 praeluserit.
2641 862 2710 917 Ut
2733 872 2791 917 ut
2818 865 2907 926 sit,
2940 879 3063 919 cum
3097 866 3243 935 eqiri-

1661 956 1781 1010 dem
1812 954 1895 1009 vel
1926 955 2067 1009 hunc
2099 954 2417 1023 scriptorem
2451 955 2741 1023 sequendo,
2782 954 2864 1009 vel
2893 970 3063 1009 annos
3090 954 3245 1009 Clari-

1662 1047 1731 1101 sti
1783 1047 2129 1115 computandi
2184 1046 2493 1100 metltodum
2543 1046 2792 1100 Pisanam
2844 1048 2896 1101 in
2931 1048 3241 1118 diplomate,

1662 1141 1849 1210 dequo
1876 1140 1984 1204 hic,
2014 1139 2365 1201 admittendo,
2394 1139 2593 1203 omnis,
2629 1155 2732 1208 qua
2763 1140 3076 1196 idlaborare
3099 1142 3247 1195 vide-

1665 1243 1765 1293 tur,
1801 1230 2087 1285 difficultas
2131 1231 2515 1300 chronologica
2547 1241 2854 1295 evanescat,
2890 1233 3243 1301 rejicicndum

1662 1324 1732 1377 ob
1762 1323 1902 1376 hanc
1928 1338 2032 1376 non
2063 1332 2164 1376 cst.
2198 1321 2307 1390 Ego
2338 1321 2552 1375 interim
2585 1321 2828 1375 chartam
2857 1323 3026 1388 illam,
3057 1336 3245 1380 contra

1664 1428 1824 1483 quam
1855 1427 2069 1482 quoque
2116 1426 2181 1465 ex
2212 1411 2414 1476 Adelae,
2443 1411 2595 1466 ducis
2643 1411 2861 1483 Rogerii
2910 1418 3113 1479 uxoris,
3154 1432 3248 1469 no-

1666 1506 1809 1559 mine
1864 1506 1911 1557 ei
1959 1504 2165 1558 incluso
2218 1503 2349 1557 nihil
2387 1518 2545 1573 posse
2589 1503 2774 1573 ohjici,
2829 1506 3051 1569 edictis
3096 1523 3245 1562 num.

1665 1596 1767 1651 557
1794 1595 1981 1665 liquet,
2013 1593 2115 1648 hoc
2154 1593 2273 1649 loco
2308 1595 2695 1649 recensendam
2727 1594 2878 1660 duxi,
2912 1597 3053 1663 quod
3092 1612 3245 1651 vero-

1665 1689 1918 1749 similius,
1950 1688 2025 1741 uti
2068 1704 2134 1741 ex
2176 1686 2290 1755 jam
2328 1686 2485 1741 dictis
2510 1702 2737 1757 pronum
2768 1698 2850 1743 est
2872 1704 3083 1755 eruere,
3110 1706 3251 1743 anno

87 1784 205 1843 fuisse.
229 1782 364 1836 nullis
399 1780 642 1845 omnino,
670 1794 790 1849 quae
824 1778 940 1848 ejus
981 1776 1199 1831 nomine
1228 1776 1315 1831 vel
1346 1776 1397 1830 in
1427 1775 1560 1830 Sici-
1595 1771 1637 1825 Β
1667 1780 1804 1835 1095
1858 1780 1981 1832 data
2036 1777 2145 1843 sit,
2198 1777 2442 1847 forteque
2509 1780 2643 1834 adeo
2670 1780 2858 1833 'etiam
2914 1783 3253 1848 praecesserit

87 1874 128 1924 la
148 1873 204 1926 rel
225 1874 265 1925 in
290 1871 524 1927 Calabria
552 1870 681 1924 data
730 1868 952 1933 fuerint,
993 1867 1377 1937 diplomatibus
1407 1881 1565 1937 posse

88 1964 249 2032 probari;
272 1979 465 2027 verum,
485 1971 853 2033 praeterquam
878 1960 1020 2031 quod
1045 1960 1377 2015 contrarium
1400 1959 1562 2013 etiam

88 2058 228 2126 probari
281 2058 654 2129 diplomatibus
710 2056 1015 2126 hujusmodi
1071 2072 1176 2111 non
1217 2055 1408 2126 possit,
1451 2055 1563 2110 fieri

88 2160 211 2217 potest,
230 2158 275 2203 ut
295 2149 530 2219 quamvis
551 2148 719 2203 etiam
744 2148 799 2202 in
828 2146 1074 2203 Calabﬁa
1105 2154 1159 2201 et
1188 2145 1369 2201 Sicilia
1398 2160 1568 2199 annos

89 2238 218 2291 Christi
252 2253 278 2292 a
307 2238 594 2293 Nativitate
627 2237 764 2306 ejus,
797 2244 911 2301 aut,
942 2237 986 2291 si
1025 2235 1217 2301 mavis,
1251 2250 1280 2288 a
1316 2234 1569 2288 Kalendis

88 2327 245 2383 Januarii
271 2338 316 2384 et
340 2328 604 2399 Rogerius
633 2329 741 2383 dux
789 2336 845 2381 et
875 2326 1117 2396 plerique
1156 2324 1245 2378 alii
1284 2338 1570 2378 numerare

89 2422 311 2490 inciperent,
352 2420 570 2476 tabellio
604 2427 808 2484 tamen,
847 2416 938 2487 qui
971 2416 1204 2485 diploma
1237 2431 1330 2471 seu
1363 2415 1569 2469 instru-

90 2522 263 2575 mentum,
306 2513 366 2567 de
404 2528 512 2582 quo
558 2511 673 2575 hic,
715 2507 982 2575 exaravit,
1024 2504 1369 2575 computandi
1400 2518 1573 2558 annos

88 2602 214 2657 Chrisu
248 2606 442 2658 modum
476 2603 662 2657 minus
693 2601 855 2655 etiam
886 2598 1083 2653 ibidem
1117 2597 1374 2651 usitatum
1408 2594 1572 2649 fuerit

90 2702 245 2747 secutus.
270 2694 421 2761 Sane,
451 2694 553 2748 etsi
604 2692 656 2745 in
697 2688 1046 2745 numerandis
1074 2686 1275 2742 Christi
1306 2687 1461 2740 annis
1487 2684 1573 2739 Si-

89 2784 159 2835 cla
186 2785 301 2849 olim,
337 2795 521 2840 contra
582 2799 648 2837 ac
700 2780 984 2835 Zanottius
1039 2779 1093 2833 in
1141 2785 1393 2833 contexta
1437 2791 1466 2830 a
1512 2789 1571 2829 se

89 2872 341 2930 S.Brunouis
370 2876 487 2929 Vita
547 2890 672 2943 cap.
718 2872 784 2927 16
854 2870 991 2935 vult,
1043 2884 1072 2923 a
1107 2869 1379 2923 communi
1435 2867 1570 2921 alio-

90 2979 158 3015 ran
188 2981 307 3019 more
358 2981 460 3020 non
509 2964 837 3027 discederet,
891 2962 936 3015 is
968 2970 1170 3024 tamen,
1221 2967 1281 3011 ut
1320 2957 1569 3010 laudatus

90 3053 254 3109 ltocchus
283 3056 456 3111 Pirrus
506 3057 563 3110 in
603 3054 857 3111 Ecclesiae
890 3051 1289 3107 Pauormitana:
1325 3047 1521 3103 Notitia
1549 3062 1566 3100 l

1665 1873 1909 1927 chartam
1959 1870 2209 1935 alteram,
2242 1871 2345 1925 hoc
2374 1872 2489 1939 ipso
2531 1885 2672 1925 anno
2713 1871 2877 1926 etiam
2906 1880 3112 1936 datam,
3146 1888 3250 1942 qua

1666 1965 1935 2036 Rogcrius
2008 1980 2193 2020 comes
2234 1965 2447 2020 donata:
2490 1980 2519 2018 a
2563 1979 2621 2019 se
2674 1974 2834 2019 antea
2899 1965 2959 2020 S.
3017 1964 3251 2019 Brunoui

1668 2060 1971 2116 Calabrina:
2003 2074 2189 2113 eremo
2224 2058 2486 2112 terminos
2526 2057 2839 2127 assignavit,
2874 2056 3249 2113 donationem-

1668 2165 1773 2221 que
1799 2148 1969 2219 magis
1998 2135 2231 2202 firmavit
2270 2162 2332 2201 ac
2365 2146 2661 2216 ampliavit.
2687 2145 2856 2201 Lubet
2882 2158 2931 2201 et
2964 2147 3108 2201 illam
3140 2157 3251 2201 tum

1669 2241 1803 2294 alias
1837 2240 1907 2295 ob
1938 2254 2151 2302 causas,
2182 2246 2296 2292 tum
2329 2238 2563 2291 maxime
2590 2254 2655 2291 ne
2682 2237 2940 2308 deinceps
2964 2238 3255 2293 veiMabii-

1670 2331 1798 2387 lonii
1828 2330 2074 2399 exemplo
2106 2346 2228 2384 cmn
2272 2331 2480 2395 charta,
2519 2345 2623 2399 qua
2662 2345 2905 2384 erctnum
2940 2331 3083 2384 illam
3117 2330 3257 2384 San-

1671 2430 1756 2477 cto
1779 2422 2043 2492 Rogerius
2066 2434 2251 2475 comes
2285 2420 2517 2489 primum
2552 2419 2779 2490 largitus
2811 2428 2911 2482 est,
2942 2435 2971 2473 a
3000 2402 3253 2489 quopiam

1671 2512 2058 2576 confundatur,
2087 2510 2169 2566 vel
2216 2511 2508 2581 pretiosum
2552 2511 2890 2581 antiquitatis
2939 2524 3257 2565 munumen-

1674 2611 1787 2657 tum
1848 2604 2091 2658 studioso
2158 2602 2343 2657 lectori
2409 2602 2823 2667 desiderandum
2895 2603 3253 2672 relinquatur,

1673 2695 1938 2767 integram
1968 2696 2072 2751 huc
2100 2696 2481 2750 transcribere.
2521 2694 2885 2764 Sequenlibus
2904 2696 3051 2750 hisce
3077 2696 3259 2748 verbis

1673 2788 1977 2858 concipitur
2010 2804 2023 2841 :
2062 2807 2079 2837 ι
2119 2787 2173 2840 In
2199 2785 2417 2841 nomine
2450 2795 2650 2840 sanctm
2684 2794 2738 2841 et
2761 2785 3048 2840 individute
3080 2784 3259 2838 Trini-

1675 2881 1801 2934 latis
1827 2879 2112 2948 Rogerius,
2148 2879 2327 2932 divina
2358 2878 2641 2932 clementia
2684 2893 2867 2932 comes
2904 2877 3169 2932 Calabria:
3207 2885 3261 2931 et

1673 2969 1871 3023 Siciliae
1898 2986 1909 3022 :
1943 2976 2129 3023 notum
2156 2969 2224 3021 sit
2254 2966 2503 3021 omnibus
2535 2966 2733 3021 Christi
2761 2966 3067 3035 nostrisque
3092 2964 3262 3019 fideli-

1674 3064 1771 3117 bus
1795 3068 1901 3114 tam
1934 3058 2151 3122 futuris,
2186 3072 2346 3126 quam
2395 3055 2774 3125 pra-sentibus,
2810 3053 3065 3124 quoniam
3100 3052 3261 3107 mise-

90 3145 126 3195 al
153 3160 303 3200 annum
334 3147 461 3202 1144
493 3149 678 3209 docet,
719 3146 773 3200 in
814 3143 1163 3197 tabcllionum
1203 3138 1570 3195 instrumentis

1678 3154 1816 3209 ratio
1869 3153 2047 3206 divina
2107 3158 2306 3204 sancta:
2376 3147 2653 3216 religionis
2711 3147 2900 3209 viros,
2954 3145 3260 3199 Brunonem

90 3248 195 3302 isque
215 3238 266 3290 ad
294 3239 567 3309 scriptoris
616 3234 775 3304 hujus
810 3243 1030 3289 aetatem
1078 3246 1194 3285 ntos
1230 3230 1419 3300 viguit,
1456 3246 1473 3278 ‹
1515 3235 1573 3280 ut

90 3330 163 3379 anni
187 3330 361 3383 initium
410 3337 718 3386 statuerent
755 3328 856 3398 ipsi
891 3326 979 3381 die
1007 3339 1112 3378 xxv
1151 3322 1352 3387 Martii,
1384 3320 1509 3374 licet
1542 3334 1570 3372 a

89 3416 260 3475 Kalendis
285 3420 510 3477 Januarii
552 3427 905 3477 numerarent
934 3416 1162 3488 populus
1195 3415 1303 3468 imo
1359 3421 1413 3465 et
1453 3426 1570 3464 ma-

90 3512 285 3580 gistratus;
308 3517 386 3571 ubi
408 3532 536 3586 ergo
567 3529 669 3568 nos
695 3512 946 3575 dicimus,
975 3509 1062 3562 die
1092 3523 1222 3561 xvnt
1250 3507 1412 3560 Febr.
1446 3502 1572 3556 anui

90 3602 186 3667 1630,
219 3608 451 3662 dixissent
500 3607 609 3677 ipsi
660 3606 745 3660 die
794 3618 928 3657 xvttt
974 3599 1135 3656 Febr.
1189 3597 1313 3651 anni
1356 3594 1510 3649 1629.
1550 3613 1567 3645 ι

88 3696 445 3759 Quemadmodum
474 3714 611 3770 ergo
640 3696 976 3758 tabellioues,
1004 3695 1068 3749 de
1094 3692 1291 3763 quibus
1326 3689 1413 3744 hic
1438 3688 1575 3742 Roc-

89 3786 185 3851 chus,
209 3804 352 3846 annos
371 3790 601 3851 Christi,
657 3802 760 3841 non
803 3802 833 3840 a
881 3785 1190 3846 Nativitate,
1238 3781 1333 3836 sed
1384 3788 1574 3834 contra

89 3890 278 3948 receptum
305 3898 502 3939 morem
553 3880 625 3935 ab
671 3880 1045 3935 lnearuatione
1095 3874 1355 3930 trimestri
1403 3871 1576 3941 spatio

87 3963 338 4027 Sanitatem
379 3971 764 4043 subsequendo
816 3975 1187 4027 numerarunt,
1238 3966 1312 4019 ita
1360 3975 1576 4017 eorum-

87 4055 160 4111 dem
176 4074 444 4133 computum
496 4077 695 4118 novem
736 4060 1034 4119 mensibus,
1076 4057 1152 4111 uti
1192 4070 1317 4111 vere
1356 4054 1574 4120 accidit,

50 4146 51 4149 “
90 4146 175 4204 hanc
206 4156 550 4221 przevertendo
589 4152 968 4221 ealculumque
1007 4148 1261 4203 Pisanum
1304 4146 1578 4215 sequendo

88 4240 126 4291 ab
145 4241 458 4302 lncaruatione
486 4262 586 4302 seu
618 4244 876 4314 vigesima
902 4242 1088 4312 quinta
1119 4238 1296 4292 Martii
1323 4239 1409 4292 die
1438 4238 1577 4292 inire

89 4334 311 4405 101110,ψή
336 4353 497 4410 supra
532 4337 838 4400 recitatam,
870 4333 936 4388 d.:
968 4348 1070 4403 qua
1106 4329 1448 4400 Izic,Rogerii
1480 4329 1575 4381 du-

89 4422 132 4475 (is
170 4428 373 4484 chartam
422 4427 772 4498 conscripsit.
833 4423 984 4491 Quod
1033 4423 1076 4477 si
1125 4431 1306 4475 autem
1359 4420 1447 4474 itle
1500 4420 1573 4472 ita

92 4516 385 4583 rcipsa‘annos
426 4522 634 4578 Christi
678 4518 1005 4583 numeravit,
1032 4515 1193 4570 fuerit
1232 4514 1346 4567 haec
1382 4527 1573 4567 secun-

93 4604 166 4658 dum
201 4610 434 4667 calculum
487 4624 834 4668 communem
890 4622 1054 4673 anno,
1093 4616 1151 4660 ut
1209 4602 1574 4659 consideranti

94 4699 399 4768 Pltlcbit,1095
446 4716 575 4762 ante
639 4703 1013 4774 Septembrem
1064 4713 1345 4763 concessa,
1394 4696 1579 4765 sicque

94 4790 346 4857 inlictinnem
379 4820 501 4859 cum
546 4818 709 4867 anno,
740 4814 846 4870 quo
870 4812 996 4852 vere
1025 4795 1150 4849 data
1180 4793 1299 4859 fuit,
1333 4806 1577 4862 pugnan-

96 4890 569 4966 1'smhutdprzel'eret.
600 4893 769 4947 Porro
796 4891 983 4945 charta
1017 4886 1104 4941 illa
1132 4883 1421 4938 Annalium
1447 4882 1578 4936 Car-

97 4974 357 5040 tlmsiensium
406 4986 500 5041 lib.
547 5002 599 5040 tv
636 4985 898 5039 hactenus
942 4995 1048 5034 non
1099 4976 1316 5061 vulgato
1368 4976 1578 5045 integra

96 5079 221 5136 exstat,
244 5077 426 5147 ibique,
455 5078 534 5131 uti
569 5092 635 5131 ex
682 5074 909 5137 notitiis,
959 5090 988 5126 ει
1024 5068 1385 5125 Carthusiano
1422 5065 1577 5119 Pari-

99 5160 197 5216 Si‘nsi
223 5170 493 5238 sepissime
520 5168 736 5223 laudato
764 5164 893 5219 mihi
931 5162 1214 5218 submissis
1244 5160 1412 5223 disco,
1438 5174 1581 5211 anno

102 5246 195 5314 ltiti,
239 5256 515 5312 indictione
561 5258 597 5311 2
654 5257 776 5310 data
825 5262 1067 5318 notatur;
1106 5250 1249 5321 quod
1300 5249 1346 5304 si
1399 5252 1577 5303 amem

102 5343 186 5395 totis
210 5346 333 5402 hisce
378 5349 650 5404 chronicis
680 5349 886 5402 chartae
924 5343 1318 5415 autographum
1354 5356 1480 5395 vere
1510 5339 1581 5394 sit

102 5436 300 5503 ιιωηίωιη,
342 5442 483 5494 nulla
518 5442 674 5511 plane
699 5440 771 5506 id,
812 5455 934 5495 cum
962 5434 1184 5490 indictio
1206 5436 1241 5489 9
1271 5446 1414 5487 anno
1446 5431 1579 5485 1094

104 5536 300 5596 resinat,
332 5534 638 5590 diﬂicultate
682 5531 1063 5603 cbronologica
1105 5529 1344 5592 laborat,
1384 5539 1579 5579 conse-

104 5626 293 5689 ψξειιηυε
317 5636 413 5689 est,
437 5636 498 5679 ut
517 5625 569 5678 in
593 5623 735 5679 illius
760 5621 1076 5694 exemplari,
1104 5619 1247 5691 quod
1276 5614 1581 5675 Morkensio

106 5708 289 5778 lit-luxit,
318 5732 463 5771 error
490 5715 755 5772 cubuerit.

1677 3244 1925 3301 videlicet
1950 3253 2003 3299 et
2029 3242 2329 3297 Lauvinum
2364 3256 2484 3294 cmn
2514 3239 2676 3293 sociis
2707 3240 2841 3303 suis,
2870 3237 2936 3292 ad
2970 3252 3066 3292 nos
3094 3252 3263 3308 usque

1678 3336 2008 3400 transmisit,
2059 3343 2250 3389 sancto
2286 3348 2383 3387 suo
2419 3330 2697 3402 proposito
2731 3339 2911 3399 aptum
2951 3329 3260 3384 solitudinis

1679 3431 1850 3485 locum
1879 3436 2213 3499 quaerentes;
2242 3440 2471 3497 quorum
2504 3439 2601 3477 nos
2625 3422 2897 3478 desiderio
2922 3414 3264 3492 congauden-

1679 3530 1778 3584 tes,
1811 3519 2126 3587 meritisque
2159 3516 2343 3569 talium
2393 3530 2455 3569 ac
2500 3513 2750 3585 precibus
2781 3512 2920 3583 apud
2970 3511 3137 3566 Deum
3169 3512 3265 3565 ad-

1671 3611 1846 3679 juvari
1880 3610 2232 3665 confidentes.
2273 3606 2457 3661 multis
2507 3621 2601 3660 eos
2634 3604 2903 3660 eahortati
2935 3620 3119 3659 sumus
3145 3618 3265 3673 pre-

1678 3702 1851 3767 cibus,
1874 3700 2001 3754 utin
2028 3709 2172 3755 terra
2201 3708 2381 3753 nostra
2412 3697 2585 3752 locum
2604 3697 2704 3751 sibi
2725 3696 2956 3750 habilem
2976 3694 3262 3765 eligerent,

1679 3794 1731 3847 in
1762 3807 1869 3862 quo
1892 3791 1957 3844 ad
1983 3792 2325 3845 serviendum
2352 3791 2479 3855 Deo,
2506 3789 2682 3860 qualia
2710 3788 2927 3853 vellent,
2960 3786 3265 3842 habitacula

1678 3889 2064 3953 praepararent.

1750 3972 1874 4027 576.
1930 3991 1949 4024 r
2014 3972 2309 4041 Elegerunl
2378 3970 2557 4040 itaque
2612 3970 2900 4039 quemdam
2960 3968 3269 4024 solitudinis

1678 4065 1879 4129 locum,
1934 4064 2097 4118 situm
2149 4064 2289 4117 inter
2333 4062 2531 4123 locum,
2581 4062 2672 4133 qui
2723 4062 2923 4116 dicitur
2965 4062 3169 4125 Arena,
3214 4068 3269 4113 et

1679 4158 1954 4230 Oppidum,
2002 4157 2144 4226 quod
2177 4155 2477 4225 appellatur
2503 4155 2718 4208 Stilum.
2750 4153 2903 4207 Hunc
2933 4167 3063 4222 ergo
3091 4151 3265 4205 locmn

1680 4260 1734 4304 et
1772 4249 1952 4305 omnia
2003 4250 2056 4303 in
2112 4249 2341 4303 circuitu
2384 4246 2682 4314 adjacentia
2734 4247 2785 4301 in
2831 4244 3062 4315 spatium
3110 4243 3271 4295 unius

1683 4341 1850 4411 leuga:
1900 4338 2017 4411 [αι.
2053 4338 2219 4393 leuca:
2258 4338 2342 4390 hic
2387 4347 2434 4391 et
2461 4335 2625 4408 infra]
2677 4336 2782 4391 Deo
2806 4344 2860 4389 et
2892 4335 3061 4388 beata:
3091 4332 3269 4384 Mariae

1684 4449 1747 4487 ac
1799 4432 1931 4504 ipsis
1983 4446 2280 4500 eorumque
2324 4430 2733 4483 successoribus
2776 4428 2827 4481 in
2860 4424 3270 4498 proprietatem,

1681 4525 1822 4579 sicut
1863 4530 2047 4577 nostra
2090 4520 2330 4585 fuerunt,
2374 4519 2475 4574 sub
2518 4518 2665 4573 omni
2719 4516 3059 4571 immunitate
3108 4524 3273 4584 atque,
3338 4552 3343 4555 -

1684 4615 1932 4669 libertate
1962 4612 2280 4666 donavimus
2308 4626 2429 4665 cum
2467 4608 2715 4663 omnibus
2761 4607 2921 4662 rebus
2968 4605 3103 4660 infra
3130 4605 3271 4668 sitis,

1686 4703 1866 4767 terris,
1899 4702 2069 4768 silvis,
2097 4702 2274 4771 aquis,
2300 4699 2513 4771 pascuis
2543 4713 2607 4754 ac
2634 4699 2843 4753 caeteris
2877 4696 3126 4752 omnibus
3158 4697 3275 4751 cnl-

1688 4796 1756 4849 tis
1788 4794 1869 4849 vel
1893 4791 2131 4856 incultis,
2175 4790 2465 4845 mobilibus
2505 4789 2587 4844 vel
2618 4787 3003 4842 immobilibus.
3033 4787 3273 4856 Rogatio

1689 4902 1809 4942 mus
1858 4885 2076 4953 insuper
2122 4881 2487 4937 venerabilem
2527 4882 2725 4948 virum,
2778 4880 3109 4935 ltlelitensem
3156 4880 3274 4949 epi-

1688 4993 1906 5047 scopum
1958 4974 2296 5038 Gofredum,
2367 4989 2529 5045 super
2576 4974 2679 5028 hac
2728 4972 3021 5027 donatione
3080 4978 3273 5023 nostra

1687 5066 2114 5123 confirmationis
2163 5067 2407 5121 chartam
2460 5064 2847 5127 conscribere,
2901 5076 3060 5131 quam
3108 5062 3275 5114 etiam

1687 5159 2059 5228 sigillavimus.
2098 5157 2203 5211 Sed
2248 5173 2368 5211 cum
2420 5167 2602 5227 postea
2647 5158 2821 5226 gratia
2861 5149 3276 5208 commendandi

1688 5268 1785 5308 nos
1817 5254 2055 5321 ipsorum
2092 5252 2428 5306 orationibus
2478 5265 2640 5321 supra
2678 5250 2850 5305 dictos
2902 5248 3277 5302 visitassemus

1687 5343 1905 5409 fratres,
1934 5357 2227 5410 eorumque
2249 5342 2564 5396 societatem
2595 5339 2728 5409 (Deo
2745 5337 2971 5409 gratias)
3004 5337 3277 5403 suscepis-

1684 5446 1886 5497 scmus,
1931 5432 2198 5501 praedictae
2234 5434 2466 5501 spatium
2500 5431 2666 5502 leuga:
2705 5431 2788 5484 his
2830 5429 2881 5482 in
2917 5427 3143 5481 circuitu
3173 5436 3278 5478 ter-

1689 5523 1850 5576 minis
1877 5522 2131 5576 distincte
2157 5537 2252 5592 per
2287 5537 2385 5577 nos
2428 5523 2571 5592 ipsos
2610 5520 3029 5589 designavimus,
3066 5531 3127 5571 ac
3170 5510 3277 5569 tero

1687 5618 1957 5672 minorum
2006 5622 2221 5672 nomina
2272 5618 2324 5671 in
2360 5617 2676 5673 memoriam
2708 5613 2902 5667 futuris
2930 5600 3280 5689 conscribere

1682 5710 1943 5780 jussimus
1977 5727 1989 5763 :
2021 5711 2083 5765 de.
2121 5718 2276 5781 parte
2306 5710 2541 5766 Orientis
2574 5706 2875 5775 castellum,
2900 5705 2990 5777 qui
3026 5692 3281 5760 locusest
