3860 6320
475 230 495 248 ’
579 257 677 313 553

576 371 628 426 ia
655 370 939 426 cacumine
972 371 1171 426 montis
1211 371 1277 426 de
1318 371 1474 437 Stilo,
1502 372 1624 426 inde
1650 372 1793 425 vadit
1820 383 1915 439 per
1938 385 2139 424 serram
2176 380 2217 432 Α

575 461 815 530 ejusdem
847 461 1046 516 montis
1081 477 1249 530 usque
1293 462 1360 515 ad
1401 460 1773 529 Malareposta,
1826 460 2034 514 scilicet
2079 459 2146 512 ad

575 552 904 621 superiorem
943 553 1132 607 collem
1179 553 1394 616 montis,
1433 561 1488 607 et
1516 553 1638 606 inde
1658 567 1754 622 per
1777 566 2025 620 magnam
2056 551 2149 604 ca-

574 657 719 706 vam,
743 656 860 710 qua:
889 656 1041 698 versa
1066 652 1145 697 est
1173 645 1238 697 ad
1264 642 1628 705 Occidentem,
1671 657 1837 710 usque
1864 643 1930 694 ad
1961 642 2146 710 pedem

575 729 774 782 montis
817 729 1112 796 descendit,
1166 731 1218 783 in
1270 747 1375 800 qua
1418 745 1558 799 aqua
1613 731 1870 795 decurrit,
1921 741 1974 783 et
2024 731 2148 785 inde

577 819 774 873 transit
805 820 939 875 duos
987 820 1250 874 ruseletos
1278 829 1332 874 et
1360 820 1623 874 vallouem
1657 820 1708 872 in
1753 821 1957 874 directo
1979 837 2149 889 usque

575 910 844 980 adjugum
877 911 1097 977 montis,
1147 911 1290 981 quod
1318 920 1400 966 est
1431 912 1572 980 apud
1607 911 1978 972 Occidentem.
2010 913 2148 967 sicut

572 1003 826 1072 praidicta
859 1018 987 1057 cava
1023 1003 1260 1071 respicit,
1306 1011 1360 1056 et
1403 1002 1528 1057 inde
1567 1017 1664 1071 per
1690 1001 1878 1072 jugnm
1910 1001 2146 1070 ejusdem

571 1096 768 1149 montis
805 1110 976 1164 usque
1020 1095 1452 1158 Brontismenon,
1496 1104 1550 1150 et
1586 1095 1709 1148 inde
1760 1095 1952 1148 transit
1981 1095 2148 1149 vallo-

571 1201 694 1240 nem
715 1195 860 1240 recte
884 1186 948 1239 ad
972 1186 1132 1251 viam,
1169 1200 1286 1254 quae
1316 1185 1463 1240 venit
1495 1186 1562 1240 de
1591 1186 1793 1248 Arena,
1823 1196 1876 1240 et
1905 1187 2050 1240 vadit
2079 1187 2144 1240 ad

571 1275 770 1341 locum,
795 1276 885 1344 qui
929 1284 1149 1329 vocatur
1185 1275 1570 1338 Sancta—crux,
1603 1287 1658 1330 et
1699 1277 1822 1330 inde
1855 1277 1906 1329 in
1941 1275 2147 1330 directo

572 1363 693 1434 [al.,
727 1367 778 1419 in
809 1366 1034 1438 directe]
1068 1382 1236 1436 usque
1282 1381 1448 1438 super
1489 1383 1751 1423 cacumen
1787 1369 1988 1422 montis
2019 1368 2147 1422 Em-

1393 256 1450 311 S.
1492 257 1836 314 BRUNO‘NIS
1873 253 2511 313 CARTHUSIANORUM
2540 257 3024 319 lNSTlTUTOBlS
3689 272 3760 330 ὗδῇ

2321 385 2340 422 ι
2390 374 2448 433 >11
2481 369 2797 428 Guillelmus
2825 373 2892 427 de
2915 373 3226 430 Alta-Villa.

2326 475 2344 510 ι
2396 464 2453 520 p14
2484 458 2806 517 Guillelmus
2833 462 3174 520 Culehebret.
3201 517 3210 522 _

2325 566 2345 601 ι
2397 554 2455 612 ᾖ(
2483 551 2778 607 Gosbertus
2816 554 2882 608 de
2917 553 3168 610 aniaco.

2328 656 2347 688 ι
2399 645 2455 701 >14
2492 639 2756 710 Rogerius
2777 643 3058 714 presbyter
3083 646 3148 699 de
3178 642 3331 702 Stilo.

2323 744 2342 778 ι
2395 733 2452 790 ᾔ(
2489 727 2837 784 Βειδῑεινάιιε.»

2321 815 2655 871 Morkensius
2681 859 2696 883 ,
2747 835 2778 874 e
2825 819 2975 890 cujus
3021 824 3314 894 smpissime
3344 823 3457 892 jam
3491 826 3676 893 laudata
3714 843 3758 898 de

2251 905 2308 958 S.
2335 907 2584 964 Brunone
2606 910 2842 965 Diatriba
2872 913 3287 971 instrumentum
3313 919 3412 973 hoc
3435 924 3589 975 erant
3611 934 3760 1000 accepi,

2248 997 2323 1051 ita
2361 999 2417 1053 in
2447 999 2576 1054 illud
2628 1003 2696 1055 ad
2749 1003 2951 1059 calcem
2999 1006 3288 1062 observat:
3325 1027 3343 1059 ‹
3386 1011 3625 1066 Chartam
3665 997 3762 1076 hanc

2250 1093 2426 1161 reperi
2451 1095 2592 1148 inter
2617 1096 2876 1150 Analecta
2902 1099 3071 1151 nostri
3101 1099 3316 1170 Georgii
3344 1100 3674 1172 Garnefeltii;
3698 1114 3762 1165 sed

2247 1185 2499 1253 quoniam
2533 1185 2660 1238 hinc
2686 1185 2808 1238 inde
2841 1186 3160 1255 interpolata
3190 1199 3366 1255 esset,
3396 1191 3691 1259 subveritus,
3719 1216 3764 1254 ne

2246 1272 2387 1328 forte
2415 1283 2469 1327 et
2490 1273 2676 1326 vitiata
2703 1289 2719 1339 ;
2755 1290 2921 1342 quare
2954 1280 3129 1330 visum
3164 1287 3248 1332 est
3276 1279 3406 1334 mihi
3438 1295 3554 1334 eam
3583 1284 3640 1338 ad
3663 1297 3767 1342 auto-

2247 1363 2511 1432 graphum
2547 1383 2565 1414 ι
2604 1365 2654 1417 id
2695 1375 2807 1430 est,
2857 1367 2911 1420 ni
2965 1367 3145 1434 fallar,
3195 1369 3262 1422 ad
3311 1371 3586 1440 autograhi
3621 1374 3766 1448 (neque

567 1455 784 1518 bacaht,
837 1464 893 1509 et
940 1457 1062 1510 inde
1109 1458 1388 1512 descendit
1431 1471 1528 1527 per
1578 1472 1787 1523 cavam,
1824 1458 1966 1511 sicut
2007 1473 2144 1526 aqua

568 1543 826 1610 decurrit,
869 1560 965 1616 per
985 1547 1250 1615 spatularn
1281 1563 1448 1616 usque
1470 1549 1537 1601 ad
1559 1545 1753 1602 llutneu
1783 1547 2146 1614 Enchinar,et
2247 1547 2433 1615 phum,
2472 1566 2489 1597 ι
2519 1546 2804 1613 conferre;
2839 1548 2938 1603 feci
2990 1561 3046 1604 et
3093 1551 3225 1606 istas
3275 1553 3690 1621 interpolationes
3727 1560 3763 1614 in

567 1633 693 1688 inde
725 1637 968 1690 ascendit
1011 1636 1138 1690 illud
1180 1637 1375 1690 ﬂumen
1419 1651 1588 1706 usque
1623 1640 1691 1692 ad
1736 1637 1877 1691 aliud
1923 1638 2142 1705 ﬂumen,
2249 1638 2491 1706 margine
2519 1640 2719 1692 notavi.
2767 1639 2850 1692 Ab
2887 1642 3221 1711 autographo
3251 1642 3519 1711 dependet
3563 1645 3763 1705 inscrica

567 1723 708 1790 quod
741 1734 964 1779 vocatur
991 1725 1146 1788 Alba,
1174 1735 1228 1778 et
1261 1725 1382 1780 inde
1412 1727 1654 1781 aseemlit
1679 1727 1817 1780 idem
1845 1725 1968 1798 [al.,
1990 1726 2144 1800 illud]
2181 1726 2222 1780 Β
2249 1727 2355 1781 albi
2391 1728 2588 1782 coloris
2617 1729 2781 1783 corda
2829 1730 2971 1784 bulla
3002 1731 3248 1800 plumbea
3273 1772 3290 1799 ,
3337 1740 3394 1786 et
3447 1733 3500 1786 in
3537 1749 3594 1788 ea
3640 1738 3767 1809 imago

565 1812 762 1868 ﬂumen
796 1829 965 1884 usque
1009 1817 1075 1870 ad
1113 1831 1361 1886 magnam
1394 1831 1601 1883 cavam,
1649 1833 1810 1887 quam
1845 1818 2018 1872 Graeci
2051 1835 2145 1873 vo-
2246 1815 2340 1870 Dei
2373 1820 2650 1887 genitricis
2672 1819 2852 1874 Mariae
2873 1821 3093 1875 brachio
3112 1823 3331 1876 sinistro
3357 1827 3581 1878 tenentis
3600 1824 3766 1894 Filium,

565 1913 694 1957 cant
737 1903 1114 1970 Bachiriache,
1154 1916 1206 1959 et
1255 1907 1495 1960 ascendit
1542 1922 1638 1978 per
1678 1908 1921 1962 eamdam
1957 1923 2143 1962 cavam
2245 1907 2300 1960 in
2331 1911 2515 1961 dextra
2565 1923 2661 1961 sua
2705 1909 2994 1962 habentem
3037 1925 3211 1964 avem.
3273 1929 3292 1961 ›
3351 1910 3766 1982 lutcrpolationes,

565 2010 738 2064 usque
767 1997 834 2050 ad
857 1997 1158 2064 castellum,
1192 1999 1331 2052 unde
1362 1999 1686 2067 iucepimus.
2243 2011 2378 2066 quas
2411 1996 2496 2050 hic
2527 2007 2790 2050 memorat
2814 1996 3171 2062 Morkensius,
3219 2014 3463 2068 quasque
3493 2003 3542 2053 in
3578 2006 3768 2072 margine

640 2085 762 2138 577.
821 2103 840 2136 ι
898 2086 1049 2141 Hanc
1103 2096 1280 2142 autem
1331 2089 1672 2142 donationem
1728 2098 1970 2144 nostram
2032 2098 2140 2145 tam
2243 2099 2363 2138 sese
2395 2095 2611 2140 notasse
2639 2087 2734 2149 ait,
2785 2087 3043 2140 lectiones
3085 2086 3196 2142 fere
3240 2090 3504 2142 duntaxat
3551 2093 3766 2146 variantes

564 2177 828 2232 Dominus
869 2178 1195 2247 apostolicus
1251 2178 1526 2247 Urbanus,
1569 2196 1731 2250 quam
1779 2179 2142 2250 Squillacinus
2241 2189 2384 2242 sunt,
2424 2195 2624 2249 easque
2676 2180 2902 2251 proinde
2950 2189 3007 2234 ut
3050 2181 3184 2236 tales
3233 2183 3287 2236 in
3335 2182 3574 2254 margine
3616 2187 3770 2255 pariter

567 2267 855 2336 episcopus
881 2267 1216 2335 Theodorus,
1251 2271 1302 2324 in
1342 2272 1495 2342 cnjus
1518 2273 1824 2341 episcopatu
1858 2274 1968 2344 ipse
1994 2275 2141 2330 locus
2241 2271 2487 2340 ascripsi.

566 2358 702 2413 situs
735 2369 838 2426 est,
889 2360 1263 2430 laudaverunt,
1317 2364 1610 2434 privilegiis
1660 2366 2137 2434 confirmaverunt,
2311 2361 2434 2416 579.
2467 2360 2634 2415 Porro
2659 2357 2992 2416 Mor-kensius
3028 2361 3080 2414 in
3121 2377 3213 2415 sua
3240 2379 3360 2417 mox
3390 2363 3580 2418 iterum
3601 2363 3767 2419 laudata

568 2459 730 2521 atque
767 2455 988 2508 terribili
1035 2456 1380 2510 anathemate
1420 2458 1750 2511 munierunt.
1805 2457 2141 2528 Quapropter

2244 2449 2310 2504 de
2337 2448 2398 2503 S.
2429 2449 2679 2502 Brunone
2711 2448 2973 2513 Diatriba,
2997 2463 3061 2503 eo
3085 2449 3222 2514 loco,
3250 2465 3356 2519 quo
3390 2469 3564 2505 rerqu
3589 2457 3646 2505 ad
3668 2455 3769 2507 hurc

567 2545 928 2615 ριιωοίρῖθηάο
965 2562 1234 2616 rogamus,
1285 2558 1339 2602 et
1391 2549 1630 2619 rogando
1689 2552 2028 2619 pracipimus
2074 2567 2142 2606 ex
2245 2539 2603 2608 spectantium
2635 2537 3046 2608 Chronologiatn
3085 2545 3234 2604 lCXll,
3264 2542 3330 2595 ad
3361 2557 3560 2595 annum
3583 2545 3698 2595 1015
3721 2546 3770 2597 lla

567 2647 722 2707 parte
748 2637 838 2691 Dei
873 2639 1276 2708 omnipotentis,
1306 2640 1476 2694 beatae
1505 2639 1707 2703 Mariae,
1749 2641 1944 2710 quibus
1967 2643 2141 2712 ipsmn
2244 2633 2309 2686 de
2352 2631 2582 2701 Rosel'io
2619 2631 2828 2706 ἓοιιιίιε
2881 2634 3068 2688 scrib”
3111 2651 3124 2686 ε
3175 2653 3193 2686 ί
3245 2636 3402 2690 Anno
3448 2637 3583 2691 1095
3626 2638 3774 2689 “aliis

567 2730 937 2786 concessimus
980 2731 1177 2796 locum,
1213 2741 1268 2787 et
1295 2742 1500 2797 nostra,
1531 2742 1589 2785 ut
1622 2732 1800 2788 nullus
1826 2733 2138 2802 aliquando,

2244 2723 2325 2792 (S.
2359 2722 2664 2777 Brunonem
2696 2724 2900 2778 scilicet
2940 2724 3163 2795 ejusque
3193 2728 3392 2797 socios)
3436 2729 3487 2780 in
3526 2743 3690 2782 eremo
3713 2729 3773 2782 iu-

565 2819 931 2890 cujuscunqne
979 2821 1255 2890 dignitatis
1285 2822 1357 2876 sit
1393 2823 1475 2878 vel
1503 2825 1808 2892 potestatis,
1839 2836 2021 2880 noster
2051 2836 2141 2880 aut

2242 2815 2426 2868 visens
2456 2815 2612 2867 enixe
2642 2831 2698 2869 se
2735 2820 3074 2870 commendat
3104 2819 3313 2872 illorum
3345 2820 3610 2888 precibus,
3650 2823 3776 2888 parti-

563 2921 876 2978 extraneus,
928 2913 980 2966 in
1031 2922 1140 2966 toto
1175 2914 1430 2982 praedicto
1474 2915 1648 2984 spatio
1683 2915 1974 2984 quidquam
2029 2933 2141 2969 ma-

2242 2907 2520 2974 cipcmque
2547 2906 2859 2959 ineritorum
2895 2917 2954 2960 ut
2981 2923 3038 2962 se
3073 2908 3294 2974 faciant,
3325 2910 3597 2981 elllagitat,
3624 2921 3670 2963 et
3693 2913 3773 2963 \‘uli

568 3020 730 3072 gnum
770 3005 853 3058 vel
883 3019 1111 3074 parvum
1146 3006 1251 3059 sibi
1293 3006 1550 3068 vindicet.
1602 3022 1700 3061 nec
1739 3023 1834 3061 nos
1866 3008 1984 3075 ipsi.
2013 3007 2142 3060 Nul—
2243 3011 2460 3065 compos
2497 2995 2737 3061 effectus,
2787 2999 3089 3068 COIISCl'ipla
3134 3001 3163 3052 7
3221 3000 3344 3055 Maii
3393 3005 3582 3056 charta
3627 3002 3778 3054 illuldls

564 3093 652 3147 ius
708 3111 947 3164 unquam
991 3096 1274 3151 occasione
1329 3096 1507 3166 aliqua
1547 3097 1630 3151 vel
1673 3113 1834 3153 causa
1883 3098 2141 3154 fratribus
2169 3093 2212 3154 C
2243 3090 2408 3143 eremi
2433 3089 2764 3159 δυῑίδίῑηψιθ
2785 3091 3028 3160 dL‘Signal
3051 3107 3115 3145 ac
3135 3094 3776 3154 circumscribitaccunttc.

562 3185 762 3242 ibidem
793 3189 900 3242 Deo
926 3189 1208 3242 servituris
1244 3187 1492 3256 injuriam
1522 3199 1615 3244 ant
1661 3189 1963 3248 molestiam
2005 3191 2141 3245 irro-

2243 3179 2535 3249 ellicitque,
2559 3191 2615 3234 ut
2639 3179 2904 3250 Rogerius
2932 3183 3036 3234 dux
3059 3180 3286 3249 Apuliie,
3303 3181 3420 3250 ejus
3444 3199 3512 3237 ex
3538 3183 3686 3236 fratre
3705 3199 3777 3235 nc-

563 3286 672 3347 get,
702 3277 784 3331 vel
810 3278 972 3331 ullam
1013 3278 1439 3348 inquietudinem
1473 3279 1655 3344 faciat,
1693 3288 1747 3334 et
1778 3280 1849 3333 illi
1895 3279 2014 3351 [al.,
2043 3298 2141 3336 nec

2243 3286 2361 3340 pos,
2398 3274 2523 3323 dato
2553 3272 2738 3324 eodem
2782 3271 2959 3324 adhuc
2982 3287 3122 3324 anno
3155 3279 3230 3340 (et
3281 3275 3500 3342 quidem
3557 3274 3695 3338 forte,
3737 3283 3779 3325 ut

563 3369 665 3442 illi]
709 3387 882 3440 neque
923 3371 1170 3425 homines
1208 3387 1391 3425 eormn
1433 3372 1666 3440 aliquam
1709 3374 2008 3442 ang-ariam,
2052 3383 2143 3428 aut
2238 3361 2351 3429 iul“
2381 3360 2563 3424 Ῑιιιίυίν
2595 3371 2722 3413 “me
2767 3360 2964 3414 diem“
3004 3361 3033 3413 7
3065 3362 3186 3415 Μίδίί
3231 3363 3395 3432 diem)
3425 3363 3695 3432 diploma“:
3721 3364 3778 3431 im

566 3461 846 3514 servitium
898 3464 1121 3517 omnino
1154 3462 1373 3517 faciant.
1427 3463 1588 3525 Nulli,
1631 3479 1728 3518 nec
1784 3465 1939 3518 nobis
1989 3465 2139 3534 ipsis,

2243 3467 2390 3506 utrm.
2416 3452 2520 3504 57:).
2551 3462 2604 3506 et
2629 3466 2743 3522 seq.
2767 3451 2878 3520 jam
2899 3454 3146 3524 recitavi)
3173 3456 3492 3510 donationes
3515 3455 3672 3510 factas
3691 3470 3780 3508 cor-

566 3549 805 3619 aliquam
835 3553 908 3606 ibi
936 3553 1198 3607 culturam
1230 3553 1427 3618 facere,
1470 3555 1636 3607 ullum
1661 3555 1859 3608 animal
1892 3571 2136 3624 pascere,

2241 3548 2482 3602 roboret.
2534 3567 2553 3600 ι
2607 3549 2684 3602 Ita
2715 3548 2802 3601 ille
2831 3565 2862 3602 e
2905 3550 3109 3604 duabus
3157 3551 3362 3604 scilicet
3394 3552 3501 3605 huc
3529 3550 3633 3618 jam
3669 3562 3780 3603 tran-

565 3639 707 3710 ligna
733 3642 986 3706 incidere,
1013 3645 1192 3697 venari
1222 3645 1299 3698 vel
1327 3645 1546 3714 piscari,
1571 3654 1663 3697 aut
1701 3646 1998 3714 quidquam
2025 3662 2141 3701 om-

2243 3639 2458 3709 scriptis
2491 3639 2715 3704 chartis,
2747 3656 2977 3709 quarum
3007 3640 3176 3695 altera
3201 3641 3416 3712 Rogerii
3448 3645 3622 3706 ducis,
3649 3646 3780 3696 altera

565 3733 697 3786 nino
729 3733 845 3787 sine
874 3733 1099 3786 fratrum
1143 3735 1355 3789 licentia
1401 3736 1582 3800 liceat,
1627 3737 1720 3790 sed
1751 3737 1802 3790 in
1834 3752 2018 3791 eorum
2050 3755 2141 3807 ρο-
2241 3727 2456 3799 Roaerii
2489 3731 2702 3785 comitis
2730 3740 2832 3796 est.
2865 3730 3136 3786 deducens
3161 3749 3278 3801 quae
3301 3733 3392 3787 hic
3431 3743 3781 3797 memorum“

568 3832 769 3878 testate
792 3825 882 3890 sit,
911 3839 1245 3892 quaecunque
1276 3827 1414 3879 intra
1441 3826 1754 3895 praedictum
1795 3829 2141 3881 continentur
2241 3833 2392 3883 sane.
2424 3829 2682 3888 numnum
2716 3825 2781 3874 ad
2809 3837 2896 3888 ea.
2929 3837 3046 3891 quae
3076 3839 3138 3876 ex
3169 3825 3266 3876 hac
3290 3826 3578 3892 POS‘lCI'iUTi
3605 3824 3783 3876 (Ιειίυίίι

565 3916 824 3984 ξραιῖυηι,
870 3917 1022 3985 juxta
1077 3917 1404 3970 voluntatem
1435 3931 1586 3970 suam
1632 3919 1925 3988 possidere,
1961 3921 2140 3988 dispo-
2240 3911 2560 3974 rectissime,
2593 3919 2648 3964 ιιι
2675 3912 3037 3968 consideranti
3069 3915 3292 3982 patebit.
3325 3915 3538 3968 Etenim
3563 3915 3784 3984 Rogerius

564 4022 719 4074 nere,
763 4008 1013 4062 ordinare
1050 4016 1103 4062 et
1136 4022 1378 4077 erogare,
1423 4016 1676 4078 tanquam
1711 4009 1801 4063 Dei
1844 4011 2139 4079 pOssessio—
2240 4016 2439 4064 cernes,
2468 4002 2781 4071 utiipscmet
2802 4003 2854 4056 in
2882 4003 3126 4073 proxime
3149 4007 3369 4059 recitata
3398 4008 3588 4060 charta
3614 4023 3698 4058 sua
3713 4007 3783 4057 de-

527 4127 537 4136 —
566 4113 690 4152 nem
719 4106 773 4152 et
802 4113 954 4151 suam
985 4099 1273 4152 immunem
1318 4107 1479 4166 atque
1511 4099 1752 4153 liberam.
1779 4101 1928 4164 Quod
1951 4100 1994 4153 si
2019 4100 2139 4168 quis
2239 4093 2420 4156 cet,S.
2439 4094 2976 4164 Brunonemejusque
2992 4097 3165 4150 socios
3185 4117 3200 4146 ι
3223 4099 3392 4164 gratia
3408 4096 3782 4152 commcndandi

565 4187 852 4257 aiiquando
894 4189 1034 4242 hanc
1081 4199 1322 4241 nostram
1373 4189 1810 4243 constitutionem
1867 4189 1918 4241 in
1960 4189 2138 4257 aliquo
2239 4198 2296 4237 se
2323 4183 2558 4252 ipsorum
2597 4184 2931 4239 orationibus
2953 4201 3095 4241 anno
3125 4187 3260 4241 1095
3292 4188 3499 4254 invisit,
3526 4198 3785 4254 eorumque

562 4279 770 4332 violare
813 4278 1235 4348 praesumpserit,
1277 4277 1536 4331 fratribus
1573 4277 1767 4331 ibidem
1824 4278 2138 4347 degentibus
2237 4277 2551 4328 societatem
2587 4275 2706 4343 (pro
2730 4291 2835 4344 qna
2870 4294 2926 4329 re
2952 4280 3114 4332 etiam
3154 4280 3261 4334 Deo
3302 4281 3510 4350 gratias
3539 4281 3662 4350 agit)
3690 4293 3783 4331 sus-

564 4371 721 4440 (ligne
769 4368 1088 4425 satisfaciat.
1147 4369 1297 4436 Quod
1345 4369 1389 4422 si
1451 4369 1864 4439 contempserit,
1910 4369 2134 4438 principi
2170 4437 2195 4440 _
2239 4365 2407 4432 cepit;
2446 4383 2462 4414 ι
2498 4365 2692 4433 quibus
2723 4381 2752 4418 e
2777 4367 2953 4421 verbis
2978 4384 3131 4433 sane,
3163 4370 3450 4440 llogerium
3503 4373 3736 4424 comitem
3763 4383 3783 4418 a

565 4469 742 4527 terrm,
773 4462 865 4530 qui
898 4459 1078 4526 fuerit,
1129 4469 1344 4514 centum
1392 4458 1557 4513 libras
1603 4460 1718 4512 auri
1752 4458 2038 4528 persolvat.
2071 4458 2136 4513 Ut
2170 4437 2212 4489 D
2240 4453 2438 4506 Sancto
2461 4455 2682 4523 ejusque
2711 4457 2892 4521 sociis,
2920 4469 2978 4510 ut
3001 4460 3315 4513 meritorum
3345 4460 3572 4514 suorum
3603 4457 3786 4528 partici-

2246 1455 2390 1508 cnim
2431 1455 2532 1507 hoc
2560 1452 2862 1510 Morkensio
2886 1456 2952 1510 ad
3000 1473 3214 1511 manum
3263 1458 3432 1513 fuisse
3459 1464 3597 1530 reor)
3623 1481 3766 1534 ecgra-

565 4551 730 4620 igitur
761 4550 1074 4605 constitutio
1122 4550 1235 4602 haec
1278 4548 1600 4602 inviolabilis
1631 4556 1684 4600 et
1733 4547 1952 4600 omnino
1985 4547 2133 4599 firma

565 4651 903 4710 permaneat,
927 4639 1257 4694 concedente
1282 4653 1448 4692 uxore
1478 4653 1595 4691 mea
1619 4635 1802 4690 Adelai
1833 4638 2133 4701 comitissa,

566 4739 620 4784 et
668 4731 775 4784 lilio
818 4743 1000 4785 nostro
1032 4730 1278 4793 Gofrido,
1311 4732 1363 4783 in
1400 4728 1687 4800 praesentia
1739 4728 2002 4782 bonorum
2043 4728 2139 4782 ho-

564 4821 767 4875 minum
798 4823 1139 4876 donationem
1174 4823 1330 4876 istam
1367 4819 1593 4874 fecimus
1631 4827 1686 4873 et
1715 4818 1890 4889 s'gillo
1919 4820 2136 4888 pr0prio

563 4914 913 4984 signavimus.

630 5004 754 5061 578.
803 5024 822 5057 ι
859 5005 1082 5075 Insuper
1123 5002 1314 5060 donavi
1367 5000 1506 5055 Mule
1565 5016 1687 5055 cum
1734 4999 1858 5054 filiis
1905 5001 2018 5056 suis
2069 5003 2135 5056 ad

561 5095 962 5152 custodiendam
995 5096 1202 5148 silvam.
1236 5092 1367 5144 Data
1411 5091 1464 5144 in
1508 5090 1677 5160 pratis
1707 5089 2009 5156 Squillacii,
2039 5091 2130 5144 ubi

565 5195 692 5242 tunc
722 5186 947 5240 collecto
994 5183 1233 5238 exercitu
1273 5181 1636 5236 morabamur.
1669 5180 1821 5234 Anno
1859 5182 1925 5233 ab
1956 5179 2134 5234 lucar-

565 5278 780 5330 nalione
827 5274 1034 5327 Domini
1084 5271 1367 5324 millesimo
1400 5271 1745 5339 nonagesimo
1777 5271 1952 5337 tertio,
2000 5271 2136 5326 indi-

563 5370 744 5421 ctione
777 5369 972 5436 prima,
1003 5364 1168 5418 Nonis
1196 5364 1341 5418 Maii.

637 5475 655 5508 ι
701 5463 759 5521 >14
798 5456 1062 5524 Rogerius
1087 5471 1295 5508 comes.

639 5565 656 5598 ι
692 5554 749 5610 »Β
782 5547 1000 5601 Adelais
1029 5547 1329 5600 cornitissa.

641 5658 659 5692 ι
705 5646 762 5704 ›Ῑ4
799 5638 1084 5696 Gem-edas
1121 5637 1260 5692 filius
1287 5638 1495 5693 comitis
1520 5637 1752 5710 Rogerii.

2235 4555 2355 4610 pem
2382 4557 2504 4596 eum
2537 4543 2835 4608 clliccrent,
2871 4545 3140 4616 flagitasse
3168 4550 3382 4618 votique
3411 4555 3582 4603 ctiam
3613 4551 3784 4602 factum

2233 4650 2350 4688 esse
2373 4647 2690 4706 compotem,
2728 4649 2873 4691 recte
2899 4640 3144 4693 concludi
3187 4641 3414 4694 videtur.
3462 4643 3557 4695 Ait
3592 4643 3780 4711 quidem

2237 4727 2288 4781 in
2316 4729 2427 4783 suis
2455 4729 2508 4782 in
2537 4731 2923 4784 concinnatam
2957 4749 2984 4783 ει
3019 4729 3178 4785 Surio
3208 4731 3265 4785 S.
3319 4732 3597 4787 Brunonis
3646 4732 3788 4784 Vitam

2238 4822 2686 4877 Annotationibus
2715 4839 2836 4893 pag.
2857 4823 2956 4877 ‘29.!
2991 4823 3270 4886 Surianus.
3307 4827 3501 4880 iisdem
3530 4828 3641 4897 jam
3674 4825 3786 4878 reci-

2239 4913 2714 4982 tatisdiplomatis,
2743 4931 2770 4966 a
2800 4914 3031 4985 Bogerio
3085 4916 3280 4970 comite.
3325 4921 3596 4981 concessi,
3645 4915 3791 4970 verbis

2237 5003 2471 5068 innixus,
2505 5007 2799 5074 principem
2831 5008 2972 5060 hunc
3002 5024 3141 5060 anno
3176 5007 3312 5062 1095
3341 5025 3370 5062 a
3394 5009 3650 5065 Bruno:ie
3682 5008 3735 5075 ej
3757 5022 3790 5057 s-

2233 5108 2337 5162 que
2366 5095 2546 5158 sociis,
2585 5113 2602 5145 (
2643 5104 2698 5148 ut
2741 5111 2862 5150 eum
2900 5097 2950 5148 in
2995 5098 3303 5150 societatem
3351 5114 3514 5152 suam
3555 5099 3791 5167 recipere.

2235 5189 2288 5236 et
2325 5199 2518 5237 nomen
2550 5182 2664 5248 ejus
2704 5184 2843 5238 inter
2873 5185 3090 5238 nomina
3121 5202 3216 5239 sua
3249 5188 3500 5242 scribere
3527 5189 3792 5256 dignaren-

2239 5282 2343 5337 tur,
2379 5293 2396 5324 ι
2431 5274 2750 5343 postulasse.
2803 5277 2964 5344 idque
2995 5293 3054 5331 re
3081 5279 3242 5331 etiam
3287 5295 3412 5332 vera
3455 5282 3792 5350 impetrasse;

2240 5377 2426 5416 verum
2494 5363 2595 5417 hoc
2667 5379 2786 5417 cum
2855 5365 3342 5434 interpretatione,
3431 5388 3600 5440 quam
3676 5379 3797 5420 trau-

2241 5453 2458 5522 scriptis
2488 5453 2808 5521 diplomatis,
2843 5471 2871 5508 a
2905 5455 3135 5524 llogerio
3157 5459 3429 5526 concessi,
3461 5461 3648 5515 verbis
3676 5457 3794 5512 Alar-

2241 5545 2460 5600 kcnsius
2490 5548 2740 5616 applicat,
2768 5549 3073 5617 neutiquam
3104 5562 3324 5620 pugnat,
3349 5553 3640 5624 lucumque
3661 5554 3796 5606 etiam

2242 5639 2368 5695 licet
2399 5639 2610 5693 interim
2641 5653 2750 5694 rem
2775 5641 2912 5696 hanc
2939 5643 3176 5697 revocari
3203 5643 3476 5700 inveniam
3504 5646 3560 5700 in
3583 5642 3796 5705 dubium,
