  <div class='ocr_page' id='page_1' title='image "/cluster/home/n/w/nwhite01/storage/ocr_20150623/152/hvd.32044015473804/184.png"; bbox 0 0 3846 6316; ppageno 0'>
   <div class='ocr_carea' id='block_1_1' title="bbox 123 297 1763 367">
    <p class='ocr_par' dir='ltr' id='par_1_1' title="bbox 123 297 1763 367">
     <span class='ocr_line' id='line_1_1' title="bbox 123 297 1763 367; baseline -0.007 0"><span class='ocrx_word' id='word_1_1' title='bbox 123 311 190 367; x_wconf 70' lang='lat'><strong>55&quot;</strong></span> <span class='ocrx_word' id='word_1_2' title='bbox 876 301 878 304; x_wconf 71' lang='grc'><em>’</em></span> <span class='ocrx_word' id='word_1_3' title='bbox 1560 297 1763 357; x_wconf 78' lang='lat' dir='ltr'><strong>ACTA.</strong></span> 
     </span>
    </p>
   </div>
   <div class='ocr_carea' id='block_1_2' title="bbox 3112 307 3300 362">
    <p class='ocr_par' dir='ltr' id='par_1_2' title="bbox 3112 307 3300 362">
     <span class='ocr_line' id='line_1_2' title="bbox 3112 307 3300 362; baseline 0.011 -2"><span class='ocrx_word' id='word_1_4' title='bbox 3112 338 3114 340; x_wconf 63' lang='grc' dir='ltr'><strong><em>τ</em></strong></span> <span class='ocrx_word' id='word_1_5' title='bbox 3195 307 3300 362; x_wconf 70' lang='grc' dir='ltr'><strong>εδδ</strong></span> 
     </span>
    </p>
   </div>
   <div class='ocr_carea' id='block_1_3' title="bbox 122 412 3302 488">
    <p class='ocr_par' dir='ltr' id='par_1_3' title="bbox 122 412 3302 488">
     <span class='ocr_line' id='line_1_3' title="bbox 122 412 3302 488; baseline -0.002 -7"><span class='ocrx_word' id='word_1_6' title='bbox 122 419 419 481; x_wconf 77' lang='lat' dir='ltr'><strong>verosimiliter</strong></span> <span class='ocrx_word' id='word_1_7' title='bbox 443 413 692 482; x_wconf 85' lang='lat' dir='ltr'><strong>obtinuit,</strong></span> <span class='ocrx_word' id='word_1_8' title='bbox 725 415 805 471; x_wconf 88' lang='lat' dir='ltr'><strong>uti</strong></span> <span class='ocrx_word' id='word_1_9' title='bbox 833 431 900 471; x_wconf 77' lang='lat' dir='ltr'><strong>ex</strong></span> <span class='ocrx_word' id='word_1_10' title='bbox 929 414 1071 472; x_wconf 87' lang='lat' dir='ltr'><strong>infra</strong></span> <span class='ocrx_word' id='word_1_11' title='bbox 1104 414 1281 471; x_wconf 88' lang='lat' dir='ltr'><strong>adhuc</strong></span> <span class='ocrx_word' id='word_1_12' title='bbox 1306 413 1600 478; x_wconf 89' lang='lat' dir='ltr'><strong>laudando,</strong></span> <span class='ocrx_word' id='word_1_13' title='bbox 1631 415 1678 472; x_wconf 78' lang='grc' dir='ltr'><strong>Α</strong></span> <span class='ocrx_word' id='word_1_14' title='bbox 1705 412 1829 466; x_wconf 88' lang='lat' dir='ltr'><strong>dam</strong></span> <span class='ocrx_word' id='word_1_15' title='bbox 1863 421 2102 478; x_wconf 98' lang='lat' dir='ltr'><strong>curaret,</strong></span> <span class='ocrx_word' id='word_1_16' title='bbox 2133 412 2537 469; x_wconf 87' lang='lat' dir='ltr'><strong>verosimillime</strong></span> <span class='ocrx_word' id='word_1_17' title='bbox 2579 415 2708 486; x_wconf 85' lang='lat' dir='ltr'><strong>egit.</strong></span> <span class='ocrx_word' id='word_1_18' title='bbox 2753 415 3038 488; x_wconf 88' lang='lat' dir='ltr'><strong>Utcunque</strong></span> <span class='ocrx_word' id='word_1_19' title='bbox 3067 434 3154 475; x_wconf 88' lang='lat' dir='ltr'><strong>res</strong></span> <span class='ocrx_word' id='word_1_20' title='bbox 3201 421 3302 476; x_wconf 85' lang='lat' dir='ltr'><strong>ha-</strong></span> 
     </span>
    </p>
   </div>
   <div class='ocr_carea' id='block_1_4' title="bbox 119 505 1600 586">
    <p class='ocr_par' dir='ltr' id='par_1_4' title="bbox 119 505 1600 586">
     <span class='ocr_line' id='line_1_4' title="bbox 119 505 1600 586; baseline -0.004 -20"><span class='ocrx_word' id='word_1_21' title='bbox 119 516 217 586; x_wconf 83' lang='lat' dir='ltr'><strong>quod</strong></span> <span class='ocrx_word' id='word_1_22' title='bbox 235 514 348 582; x_wconf 87' lang='lat' dir='ltr'><strong>apud</strong></span> <span class='ocrx_word' id='word_1_23' title='bbox 378 508 647 580; x_wconf 82' lang='lat' dir='ltr'><strong>Ughellum</strong></span> <span class='ocrx_word' id='word_1_24' title='bbox 679 517 810 562; x_wconf 89' lang='lat' dir='ltr'><strong>tom.</strong></span> <span class='ocrx_word' id='word_1_25' title='bbox 844 506 1103 561; x_wconf 45' lang='lat' dir='ltr'><strong>lX‘ltalim</strong></span> <span class='ocrx_word' id='word_1_26' title='bbox 1131 521 1320 572; x_wconf 68' lang='lat' dir='ltr'><strong>sacrae,</strong></span> <span class='ocrx_word' id='word_1_27' title='bbox 1349 505 1452 560; x_wconf 91' lang='lat' dir='ltr'><strong>col.</strong></span> <span class='ocrx_word' id='word_1_28' title='bbox 1494 505 1600 560; x_wconf 67' lang='lat'><strong>4%</strong></span> 
     </span>
    </p>
   </div>
   <div class='ocr_carea' id='block_1_5' title="bbox 118 599 1602 669">
    <p class='ocr_par' dir='ltr' id='par_1_5' title="bbox 118 599 1602 669">
     <span class='ocr_line' id='line_1_5' title="bbox 118 599 1602 669; baseline -0.006 -7"><span class='ocrx_word' id='word_1_29' title='bbox 118 616 272 667; x_wconf 77' lang='lat' dir='ltr'><strong>exstat,</strong></span> <span class='ocrx_word' id='word_1_30' title='bbox 316 602 471 656; x_wconf 79' lang='lat' dir='ltr'><strong>Latini</strong></span> <span class='ocrx_word' id='word_1_31' title='bbox 503 602 556 654; x_wconf 92' lang='lat' dir='ltr'><strong>iu</strong></span> <span class='ocrx_word' id='word_1_32' title='bbox 595 601 814 655; x_wconf 75' lang='lat' dir='ltr'><strong>civitate</strong></span> <span class='ocrx_word' id='word_1_33' title='bbox 856 599 1212 669; x_wconf 86' lang='lat' dir='ltr'><strong>Squillaeensi</strong></span> <span class='ocrx_word' id='word_1_34' title='bbox 1259 599 1602 668; x_wconf 87' lang='lat' dir='ltr'><strong>episcopatus</strong></span> 
     </span>
    </p>
   </div>
   <div class='ocr_carea' id='block_1_6' title="bbox 117 685 1601 762">
    <p class='ocr_par' dir='ltr' id='par_1_6' title="bbox 117 685 1601 762">
     <span class='ocr_line' id='line_1_6' title="bbox 117 685 1601 762; baseline -0.005 -15"><span class='ocrx_word' id='word_1_35' title='bbox 117 690 366 762; x_wconf 80' lang='lat' dir='ltr'><strong>laudationis</strong></span> <span class='ocrx_word' id='word_1_36' title='bbox 398 688 705 756; x_wconf 87' lang='lat' dir='ltr'><strong>diplomate,</strong></span> <span class='ocrx_word' id='word_1_37' title='bbox 736 687 878 756; x_wconf 90' lang='lat' dir='ltr'><strong>quod</strong></span> <span class='ocrx_word' id='word_1_38' title='bbox 909 687 962 741; x_wconf 90' lang='lat' dir='ltr'><strong>in</strong></span> <span class='ocrx_word' id='word_1_39' title='bbox 993 689 1094 742; x_wconf 90' lang='lat' dir='ltr'><strong>hoc</strong></span> <span class='ocrx_word' id='word_1_40' title='bbox 1127 685 1424 741; x_wconf 85' lang='lat' dir='ltr'><strong>Lanvinum</strong></span> <span class='ocrx_word' id='word_1_41' title='bbox 1456 685 1601 740; x_wconf 72' lang='lat' dir='ltr'><strong>«fra-</strong></span> 
     </span>
    </p>
   </div>
   <div class='ocr_carea' id='block_1_7' title="bbox 117 779 1604 852">
    <p class='ocr_par' dir='ltr' id='par_1_7' title="bbox 117 779 1604 852">
     <span class='ocr_line' id='line_1_7' title="bbox 117 779 1604 852; baseline -0.006 -10"><span class='ocrx_word' id='word_1_42' title='bbox 117 799 208 842; x_wconf 80' lang='lat' dir='ltr'><strong>trem</strong></span> <span class='ocrx_word' id='word_1_43' title='bbox 231 799 360 840; x_wconf 88' lang='lat' dir='ltr'><strong>suum</strong></span> <span class='ocrx_word' id='word_1_44' title='bbox 388 803 405 835; x_wconf 75' lang='grc' dir='ltr'><strong>ι</strong></span> <span class='ocrx_word' id='word_1_45' title='bbox 433 792 580 837; x_wconf 83' lang='lat' dir='ltr'><strong>vocet</strong></span> <span class='ocrx_word' id='word_1_46' title='bbox 605 781 866 852; x_wconf 70' lang='lat' dir='ltr'><strong>llogerius</strong></span> <span class='ocrx_word' id='word_1_47' title='bbox 900 796 1104 847; x_wconf 87' lang='lat' dir='ltr'><strong>comes,</strong></span> <span class='ocrx_word' id='word_1_48' title='bbox 1137 779 1496 850; x_wconf 89' lang='lat' dir='ltr'><strong>colligendum</strong></span> <span class='ocrx_word' id='word_1_49' title='bbox 1524 780 1604 833; x_wconf 81' lang='lat' dir='ltr'><strong>vi-</strong></span> 
     </span>
    </p>
   </div>
   <div class='ocr_carea' id='block_1_8' title="bbox 115 881 236 933">
    <p class='ocr_par' dir='ltr' id='par_1_8' title="bbox 115 881 236 933">
     <span class='ocr_line' id='line_1_8' title="bbox 115 881 236 933; baseline -0.017 -1"><span class='ocrx_word' id='word_1_50' title='bbox 115 881 236 933; x_wconf 79' lang='lat' dir='ltr'><strong>detur.</strong></span> 
     </span>
    </p>
   </div>
   <div class='ocr_carea' id='block_1_9' title="bbox 158 963 1603 1038">
    <p class='ocr_par' dir='ltr' id='par_1_9' title="bbox 158 963 1603 1038">
     <span class='ocr_line' id='line_1_9' title="bbox 158 963 1603 1038; baseline -0.007 -11"><span class='ocrx_word' id='word_1_51' title='bbox 158 971 246 1027; x_wconf 79' lang='lat'><strong>580.</strong></span> <span class='ocrx_word' id='word_1_52' title='bbox 270 969 402 1038; x_wconf 87' lang='lat' dir='ltr'><strong>Quod</strong></span> <span class='ocrx_word' id='word_1_53' title='bbox 429 969 586 1024; x_wconf 90' lang='lat' dir='ltr'><strong>modo</strong></span> <span class='ocrx_word' id='word_1_54' title='bbox 621 967 854 1038; x_wconf 86' lang='lat' dir='ltr'><strong>pertinet</strong></span> <span class='ocrx_word' id='word_1_55' title='bbox 880 967 948 1022; x_wconf 88' lang='lat' dir='ltr'><strong>ad</strong></span> <span class='ocrx_word' id='word_1_56' title='bbox 978 965 1234 1036; x_wconf 80' lang='lat' dir='ltr'><strong>diploma,</strong></span> <span class='ocrx_word' id='word_1_57' title='bbox 1279 980 1386 1036; x_wconf 90' lang='lat' dir='ltr'><strong>quo</strong></span> <span class='ocrx_word' id='word_1_58' title='bbox 1432 978 1462 1017; x_wconf 91' lang='lat' dir='ltr'><strong>a</strong></span> <span class='ocrx_word' id='word_1_59' title='bbox 1489 963 1603 1018; x_wconf 84' lang='lat' dir='ltr'><strong>Ro-</strong></span> 
     </span>
    </p>
   </div>
   <div class='ocr_carea' id='block_1_10' title="bbox 113 1055 1605 1131">
    <p class='ocr_par' dir='ltr' id='par_1_10' title="bbox 113 1055 1605 1131">
     <span class='ocr_line' id='line_1_10' title="bbox 113 1055 1605 1131; baseline -0.006 -14"><span class='ocrx_word' id='word_1_60' title='bbox 113 1064 212 1131; x_wconf 66' lang='lat' dir='ltr'><strong>gerio</strong></span> <span class='ocrx_word' id='word_1_61' title='bbox 229 1064 339 1116; x_wconf 86' lang='lat' dir='ltr'><strong>duce</strong></span> <span class='ocrx_word' id='word_1_62' title='bbox 361 1060 504 1114; x_wconf 71' lang='lat' dir='ltr'><strong>factm</strong></span> <span class='ocrx_word' id='word_1_63' title='bbox 527 1068 684 1114; x_wconf 89' lang='lat' dir='ltr'><strong>antea</strong></span> <span class='ocrx_word' id='word_1_64' title='bbox 707 1060 764 1114; x_wconf 89' lang='lat' dir='ltr'><strong>S.</strong></span> <span class='ocrx_word' id='word_1_65' title='bbox 788 1058 1024 1112; x_wconf 91' lang='lat' dir='ltr'><strong>Brunoni</strong></span> <span class='ocrx_word' id='word_1_66' title='bbox 1041 1057 1384 1121; x_wconf 89' lang='lat' dir='ltr'><strong>donationes,</strong></span> <span class='ocrx_word' id='word_1_67' title='bbox 1408 1055 1605 1110; x_wconf 88' lang='lat' dir='ltr'><strong>comite</strong></span> 
     </span>
    </p>
   </div>
   <div class='ocr_carea' id='block_1_11' title="bbox 112 1147 1606 1224">
    <p class='ocr_par' dir='ltr' id='par_1_11' title="bbox 112 1147 1606 1224">
     <span class='ocr_line' id='line_1_11' title="bbox 112 1147 1606 1224; baseline -0.005 -17"><span class='ocrx_word' id='word_1_68' title='bbox 112 1152 294 1224; x_wconf 77' lang='lat' dir='ltr'><strong>Rogerio,</strong></span> <span class='ocrx_word' id='word_1_69' title='bbox 323 1159 374 1204; x_wconf 90' lang='lat' dir='ltr'><strong>ut</strong></span> <span class='ocrx_word' id='word_1_70' title='bbox 401 1150 732 1205; x_wconf 81' lang='lat' dir='ltr'><strong>Morkensius</strong></span> <span class='ocrx_word' id='word_1_71' title='bbox 760 1150 854 1215; x_wconf 90' lang='lat' dir='ltr'><strong>ait,</strong></span> <span class='ocrx_word' id='word_1_72' title='bbox 885 1160 1100 1219; x_wconf 82' lang='lat' dir='ltr'><strong>agente,</strong></span> <span class='ocrx_word' id='word_1_73' title='bbox 1127 1149 1461 1203; x_wconf 63' lang='lat' dir='ltr'><strong>conﬁrmatae</strong></span> <span class='ocrx_word' id='word_1_74' title='bbox 1493 1147 1606 1200; x_wconf 82' lang='lat' dir='ltr'><strong>fue-</strong></span> 
     </span>
    </p>
   </div>
   <div class='ocr_carea' id='block_1_12' title="bbox 113 1237 1599 1312">
    <p class='ocr_par' dir='ltr' id='par_1_12' title="bbox 113 1237 1599 1312">
     <span class='ocr_line' id='line_1_12' title="bbox 113 1237 1599 1312; baseline -0.003 -17"><span class='ocrx_word' id='word_1_75' title='bbox 113 1244 197 1306; x_wconf 85' lang='lat' dir='ltr'><strong>rint,</strong></span> <span class='ocrx_word' id='word_1_76' title='bbox 218 1251 441 1312; x_wconf 87' lang='lat' dir='ltr'><strong>sponteoe</strong></span> <span class='ocrx_word' id='word_1_77' title='bbox 471 1255 590 1302; x_wconf 89' lang='lat' dir='ltr'><strong>sua,</strong></span> <span class='ocrx_word' id='word_1_78' title='bbox 615 1255 683 1293; x_wconf 89' lang='lat' dir='ltr'><strong>an</strong></span> <span class='ocrx_word' id='word_1_79' title='bbox 723 1239 944 1310; x_wconf 80' lang='lat' dir='ltr'><strong>Rogerii</strong></span> <span class='ocrx_word' id='word_1_80' title='bbox 979 1239 1153 1309; x_wconf 83' lang='lat' dir='ltr'><strong>patrui</strong></span> <span class='ocrx_word' id='word_1_81' title='bbox 1185 1237 1415 1309; x_wconf 91' lang='lat' dir='ltr'><strong>impulsu</strong></span> <span class='ocrx_word' id='word_1_82' title='bbox 1445 1238 1599 1292; x_wconf 83' lang='lat' dir='ltr'><strong>char-</strong></span> 
     </span>
    </p>
   </div>
   <div class='ocr_carea' id='block_1_13' title="bbox 113 1329 1600 1402">
    <p class='ocr_par' dir='ltr' id='par_1_13' title="bbox 113 1329 1600 1402">
     <span class='ocr_line' id='line_1_13' title="bbox 113 1329 1600 1402; baseline -0.003 -15"><span class='ocrx_word' id='word_1_83' title='bbox 113 1335 314 1388; x_wconf 76' lang='lat' dir='ltr'><strong>tamillam</strong></span> <span class='ocrx_word' id='word_1_84' title='bbox 344 1333 533 1388; x_wconf 89' lang='lat' dir='ltr'><strong>Sancto</strong></span> <span class='ocrx_word' id='word_1_85' title='bbox 563 1332 898 1402; x_wconf 82' lang='lat' dir='ltr'><strong>&#39;impertierit</strong></span> <span class='ocrx_word' id='word_1_86' title='bbox 927 1332 1033 1386; x_wconf 74' lang='lat' dir='ltr'><strong>dux</strong></span> <span class='ocrx_word' id='word_1_87' title='bbox 1071 1331 1350 1399; x_wconf 77' lang='lat' dir='ltr'><strong>llogerius,</strong></span> <span class='ocrx_word' id='word_1_88' title='bbox 1383 1329 1600 1383; x_wconf 91' lang='lat' dir='ltr'><strong>dubium</strong></span> 
     </span>
    </p>
   </div>
   <div class='ocr_carea' id='block_1_14' title="bbox 111 1419 1605 1492">
    <p class='ocr_par' dir='ltr' id='par_1_14' title="bbox 111 1419 1605 1492">
     <span class='ocr_line' id='line_1_14' title="bbox 111 1419 1605 1492; baseline -0.004 -14"><span class='ocrx_word' id='word_1_89' title='bbox 111 1426 195 1478; x_wconf 82' lang='lat' dir='ltr'><strong>mihi</strong></span> <span class='ocrx_word' id='word_1_90' title='bbox 237 1423 494 1477; x_wconf 82' lang='lat' dir='ltr'><strong>admodum</strong></span> <span class='ocrx_word' id='word_1_91' title='bbox 540 1422 746 1476; x_wconf 91' lang='lat' dir='ltr'><strong>idcirco</strong></span> <span class='ocrx_word' id='word_1_92' title='bbox 800 1433 1058 1492; x_wconf 83' lang='lat' dir='ltr'><strong>apparet,</strong></span> <span class='ocrx_word' id='word_1_93' title='bbox 1107 1421 1248 1490; x_wconf 89' lang='lat' dir='ltr'><strong>quod</strong></span> <span class='ocrx_word' id='word_1_94' title='bbox 1304 1421 1350 1474; x_wconf 92' lang='lat' dir='ltr'><strong>is</strong></span> <span class='ocrx_word' id='word_1_95' title='bbox 1401 1419 1605 1489; x_wconf 86' lang='lat' dir='ltr'><strong>optime.</strong></span> 
     </span>
    </p>
   </div>
   <div class='ocr_carea' id='block_1_15' title="bbox 110 1509 1604 1581">
    <p class='ocr_par' dir='ltr' id='par_1_15' title="bbox 110 1509 1604 1581">
     <span class='ocr_line' id='line_1_15' title="bbox 110 1509 1604 1581; baseline 0 -17"><span class='ocrx_word' id='word_1_96' title='bbox 110 1514 236 1576; x_wconf 79' lang='lat' dir='ltr'><strong>uiam,</strong></span> <span class='ocrx_word' id='word_1_97' title='bbox 263 1513 325 1566; x_wconf 91' lang='lat' dir='ltr'><strong>uti</strong></span> <span class='ocrx_word' id='word_1_98' title='bbox 360 1529 418 1566; x_wconf 78' lang='lat' dir='ltr'><strong>ex</strong></span> <span class='ocrx_word' id='word_1_99' title='bbox 446 1527 611 1581; x_wconf 84' lang='lat' dir='ltr'><strong>supra</strong></span> <span class='ocrx_word' id='word_1_100' title='bbox 651 1511 812 1567; x_wconf 90' lang='lat' dir='ltr'><strong>dictis</strong></span> <span class='ocrx_word' id='word_1_101' title='bbox 840 1512 974 1566; x_wconf 91' lang='lat' dir='ltr'><strong>satis</strong></span> <span class='ocrx_word' id='word_1_102' title='bbox 1002 1509 1192 1580; x_wconf 82' lang='lat' dir='ltr'><strong>liquet,</strong></span> <span class='ocrx_word' id='word_1_103' title='bbox 1229 1511 1280 1564; x_wconf 92' lang='lat' dir='ltr'><strong>in</strong></span> <span class='ocrx_word' id='word_1_104' title='bbox 1309 1509 1366 1565; x_wconf 89' lang='lat' dir='ltr'><strong>S.</strong></span> <span class='ocrx_word' id='word_1_105' title='bbox 1385 1510 1604 1564; x_wconf 75' lang='lat' dir='ltr'><strong>‘Brtino-</strong></span> 
     </span>
    </p>
   </div>
   <div class='ocr_carea' id='block_1_16' title="bbox 109 1603 1603 1674">
    <p class='ocr_par' dir='ltr' id='par_1_16' title="bbox 109 1603 1603 1674">
     <span class='ocr_line' id='line_1_16' title="bbox 109 1603 1603 1674; baseline 0 -16"><span class='ocrx_word' id='word_1_106' title='bbox 109 1621 188 1659; x_wconf 83' lang='lat' dir='ltr'><strong>nem</strong></span> <span class='ocrx_word' id='word_1_107' title='bbox 211 1604 342 1659; x_wconf 84' lang='lat' dir='ltr'><strong>fuerit</strong></span> <span class='ocrx_word' id='word_1_108' title='bbox 363 1603 608 1670; x_wconf 74' lang='lat' dir='ltr'><strong>allectus,</strong></span> <span class='ocrx_word' id='word_1_109' title='bbox 638 1619 703 1660; x_wconf 86' lang='lat' dir='ltr'><strong>ac</strong></span> <span class='ocrx_word' id='word_1_110' title='bbox 733 1605 890 1674; x_wconf 91' lang='lat' dir='ltr'><strong>proin</strong></span> <span class='ocrx_word' id='word_1_111' title='bbox 926 1603 1166 1668; x_wconf 85' lang='lat' dir='ltr'><strong>stimulo,</strong></span> <span class='ocrx_word' id='word_1_112' title='bbox 1198 1613 1257 1656; x_wconf 91' lang='lat' dir='ltr'><strong>ut</strong></span> <span class='ocrx_word' id='word_1_113' title='bbox 1283 1603 1410 1657; x_wconf 91' lang='lat' dir='ltr'><strong>huic</strong></span> <span class='ocrx_word' id='word_1_114' title='bbox 1442 1603 1603 1658; x_wconf 88' lang='lat' dir='ltr'><strong>bene-</strong></span> 
     </span>
    </p>
   </div>
   <div class='ocr_carea' id='block_1_17' title="bbox 108 1693 1598 1766">
    <p class='ocr_par' dir='ltr' id='par_1_17' title="bbox 108 1693 1598 1766">
     <span class='ocr_line' id='line_1_17' title="bbox 108 1693 1598 1766; baseline -0.001 -18"><span class='ocrx_word' id='word_1_115' title='bbox 108 1696 261 1758; x_wconf 79' lang='lat' dir='ltr'><strong>faceret,</strong></span> <span class='ocrx_word' id='word_1_116' title='bbox 278 1696 402 1748; x_wconf 85' lang='lat' dir='ltr'><strong>haud</strong></span> <span class='ocrx_word' id='word_1_117' title='bbox 425 1696 736 1766; x_wconf 83' lang='lat' dir='ltr'><strong>iudiguerit.</strong></span> <span class='ocrx_word' id='word_1_118' title='bbox 760 1695 927 1750; x_wconf 84' lang='lat' dir='ltr'><strong>Porro</strong></span> <span class='ocrx_word' id='word_1_119' title='bbox 949 1709 1016 1750; x_wconf 89' lang='lat' dir='ltr'><strong>ne</strong></span> <span class='ocrx_word' id='word_1_120' title='bbox 1039 1695 1162 1766; x_wconf 87' lang='lat' dir='ltr'><strong>quis</strong></span> <span class='ocrx_word' id='word_1_121' title='bbox 1186 1694 1323 1750; x_wconf 86' lang='lat' dir='ltr'><strong>forte</strong></span> <span class='ocrx_word' id='word_1_122' title='bbox 1346 1693 1598 1763; x_wconf 86' lang='lat' dir='ltr'><strong>cuiquam</strong></span> 
     </span>
    </p>
   </div>
   <div class='ocr_carea' id='block_1_18' title="bbox 1706 504 3303 579">
    <p class='ocr_par' dir='ltr' id='par_1_18' title="bbox 1706 504 3303 579">
     <span class='ocr_line' id='line_1_18' title="bbox 1706 504 3303 579; baseline 0.005 -21"><span class='ocrx_word' id='word_1_123' title='bbox 1706 505 1850 567; x_wconf 88' lang='lat' dir='ltr'><strong>beat,</strong></span> <span class='ocrx_word' id='word_1_124' title='bbox 1893 504 1982 558; x_wconf 90' lang='lat' dir='ltr'><strong>illa</strong></span> <span class='ocrx_word' id='word_1_125' title='bbox 2019 505 2268 574; x_wconf 89' lang='lat' dir='ltr'><strong>equidem</strong></span> <span class='ocrx_word' id='word_1_126' title='bbox 2295 505 2524 562; x_wconf 84' lang='lat' dir='ltr'><strong>ecclesia</strong></span> <span class='ocrx_word' id='word_1_127' title='bbox 2555 521 2766 563; x_wconf 91' lang='lat' dir='ltr'><strong>summo</strong></span> <span class='ocrx_word' id='word_1_128' title='bbox 2807 519 3068 579; x_wconf 84' lang='lat' dir='ltr'><strong>apparatu</strong></span> <span class='ocrx_word' id='word_1_129' title='bbox 3101 513 3168 566; x_wconf 89' lang='lat' dir='ltr'><strong>ab</strong></span> <span class='ocrx_word' id='word_1_130' title='bbox 3206 511 3303 570; x_wconf 81' lang='lat' dir='ltr'><strong>Al-</strong></span> 
     </span>
    </p>
   </div>
   <div class='ocr_carea' id='block_1_19' title="bbox 1707 595 3302 670">
    <p class='ocr_par' dir='ltr' id='par_1_19' title="bbox 1707 595 3302 670">
     <span class='ocr_line' id='line_1_19' title="bbox 1707 595 3302 670; baseline 0.004 -21"><span class='ocrx_word' id='word_1_131' title='bbox 1707 595 1912 660; x_wconf 88' lang='lat' dir='ltr'><strong>eherio,</strong></span> <span class='ocrx_word' id='word_1_132' title='bbox 1935 596 2318 650; x_wconf 85' lang='lat' dir='ltr'><strong>Panormitano</strong></span> <span class='ocrx_word' id='word_1_133' title='bbox 2335 597 2767 668; x_wconf 84' lang='lat' dir='ltr'><strong>archiepiscopo,</strong></span> <span class='ocrx_word' id='word_1_134' title='bbox 2789 601 3024 670; x_wconf 90' lang='lat' dir='ltr'><strong>quinque</strong></span> <span class='ocrx_word' id='word_1_135' title='bbox 3038 601 3302 655; x_wconf 91' lang='lat' dir='ltr'><strong>assisten-</strong></span> 
     </span>
    </p>
   </div>
   <div class='ocr_carea' id='block_1_20' title="bbox 1708 687 3300 760">
    <p class='ocr_par' dir='ltr' id='par_1_20' title="bbox 1708 687 3300 760">
     <span class='ocr_line' id='line_1_20' title="bbox 1708 687 3300 760; baseline 0.008 -22"><span class='ocrx_word' id='word_1_136' title='bbox 1708 687 1853 741; x_wconf 88' lang='lat' dir='ltr'><strong>tibus</strong></span> <span class='ocrx_word' id='word_1_137' title='bbox 1882 687 2165 757; x_wconf 84' lang='lat' dir='ltr'><strong>episcopis,</strong></span> <span class='ocrx_word' id='word_1_138' title='bbox 2198 698 2511 744; x_wconf 88' lang='lat' dir='ltr'><strong>consecrata</strong></span> <span class='ocrx_word' id='word_1_139' title='bbox 2541 690 2662 756; x_wconf 90' lang='lat' dir='ltr'><strong>fuit,</strong></span> <span class='ocrx_word' id='word_1_140' title='bbox 2705 691 2866 760; x_wconf 88' lang='lat' dir='ltr'><strong>idque</strong></span> <span class='ocrx_word' id='word_1_141' title='bbox 2895 691 3011 746; x_wconf 82' lang='lat' dir='ltr'><strong>fieri</strong></span> <span class='ocrx_word' id='word_1_142' title='bbox 3050 693 3300 750; x_wconf 85' lang='lat' dir='ltr'><strong>laudatus</strong></span> 
     </span>
    </p>
   </div>
   <div class='ocr_carea' id='block_1_21' title="bbox 1707 779 3296 850">
    <p class='ocr_par' dir='ltr' id='par_1_21' title="bbox 1707 779 3296 850">
     <span class='ocr_line' id='line_1_21' title="bbox 1707 779 3296 850; baseline 0.005 -17"><span class='ocrx_word' id='word_1_143' title='bbox 1707 795 1889 834; x_wconf 90' lang='lat' dir='ltr'><strong>comes</strong></span> <span class='ocrx_word' id='word_1_144' title='bbox 1933 779 2200 850; x_wconf 83' lang='lat' dir='ltr'><strong>Rogerius</strong></span> <span class='ocrx_word' id='word_1_145' title='bbox 2239 797 2344 834; x_wconf 91' lang='lat' dir='ltr'><strong>non</strong></span> <span class='ocrx_word' id='word_1_146' title='bbox 2384 792 2590 835; x_wconf 86' lang='lat' dir='ltr'><strong>tantum</strong></span> <span class='ocrx_word' id='word_1_147' title='bbox 2635 785 2863 843; x_wconf 90' lang='lat' dir='ltr'><strong>curavit,</strong></span> <span class='ocrx_word' id='word_1_148' title='bbox 2909 799 3097 838; x_wconf 85' lang='lat' dir='ltr'><strong>verum</strong></span> <span class='ocrx_word' id='word_1_149' title='bbox 3128 787 3296 841; x_wconf 72' lang='lat' dir='ltr'><strong>etiam</strong></span> 
     </span>
    </p>
   </div>
   <div class='ocr_carea' id='block_1_22' title="bbox 1706 869 3293 943">
    <p class='ocr_par' dir='ltr' id='par_1_22' title="bbox 1706 869 3293 943">
     <span class='ocr_line' id='line_1_22' title="bbox 1706 869 3293 943; baseline 0.008 -23"><span class='ocrx_word' id='word_1_150' title='bbox 1706 880 1918 921; x_wconf 87' lang='lat' dir='ltr'><strong>sacram</strong></span> <span class='ocrx_word' id='word_1_151' title='bbox 1953 869 2098 923; x_wconf 88' lang='lat' dir='ltr'><strong>illam</strong></span> <span class='ocrx_word' id='word_1_152' title='bbox 2129 871 2299 924; x_wconf 78' lang='lat' dir='ltr'><strong>:edem</strong></span> <span class='ocrx_word' id='word_1_153' title='bbox 2344 873 2500 926; x_wconf 91' lang='lat' dir='ltr'><strong>donis</strong></span> <span class='ocrx_word' id='word_1_154' title='bbox 2539 889 2642 928; x_wconf 92' lang='lat' dir='ltr'><strong>non</strong></span> <span class='ocrx_word' id='word_1_155' title='bbox 2689 877 2895 943; x_wconf 68' lang='lat' dir='ltr'><strong>paucis,</strong></span> <span class='ocrx_word' id='word_1_156' title='bbox 2955 877 3012 929; x_wconf 93' lang='lat' dir='ltr'><strong>S.</strong></span> <span class='ocrx_word' id='word_1_157' title='bbox 3057 877 3293 934; x_wconf 78' lang='lat' dir='ltr'><strong>Brunoni</strong></span> 
     </span>
    </p>
   </div>
   <div class='ocr_carea' id='block_1_23' title="bbox 1708 957 3289 1036">
    <p class='ocr_par' dir='ltr' id='par_1_23' title="bbox 1708 957 3289 1036">
     <span class='ocr_line' id='line_1_23' title="bbox 1708 957 3289 1036; baseline 0.008 -24"><span class='ocrx_word' id='word_1_158' title='bbox 1708 957 1937 1024; x_wconf 89' lang='lat' dir='ltr'><strong>collatis,</strong></span> <span class='ocrx_word' id='word_1_159' title='bbox 1971 961 2073 1016; x_wconf 84' lang='lat' dir='ltr'><strong>hac</strong></span> <span class='ocrx_word' id='word_1_160' title='bbox 2115 963 2404 1018; x_wconf 88' lang='lat' dir='ltr'><strong>occasione</strong></span> <span class='ocrx_word' id='word_1_161' title='bbox 2439 964 2648 1029; x_wconf 82' lang='lat' dir='ltr'><strong>ditavit,</strong></span> <span class='ocrx_word' id='word_1_162' title='bbox 2676 968 2751 1020; x_wconf 92' lang='lat' dir='ltr'><strong>uti</strong></span> <span class='ocrx_word' id='word_1_163' title='bbox 2782 967 2954 1036; x_wconf 83' lang='lat' dir='ltr'><strong>liquet</strong></span> <span class='ocrx_word' id='word_1_164' title='bbox 3003 983 3071 1022; x_wconf 79' lang='lat' dir='ltr'><strong>ex</strong></span> <span class='ocrx_word' id='word_1_165' title='bbox 3103 972 3289 1025; x_wconf 71' lang='lat' dir='ltr'><strong>charta</strong></span> 
     </span>
    </p>
   </div>
   <div class='ocr_carea' id='block_1_24' title="bbox 1707 1050 3298 1125">
    <p class='ocr_par' dir='ltr' id='par_1_24' title="bbox 1707 1050 3298 1125">
     <span class='ocr_line' id='line_1_24' title="bbox 1707 1050 3298 1125; baseline 0.009 -21"><span class='ocrx_word' id='word_1_166' title='bbox 1707 1050 1760 1104; x_wconf 89' lang='lat' dir='ltr'><strong>in</strong></span> <span class='ocrx_word' id='word_1_167' title='bbox 1797 1051 1940 1105; x_wconf 91' lang='lat' dir='ltr'><strong>illius</strong></span> <span class='ocrx_word' id='word_1_168' title='bbox 1967 1053 2213 1106; x_wconf 68' lang='lat' dir='ltr'><strong>ecclesia:</strong></span> <span class='ocrx_word' id='word_1_169' title='bbox 2241 1056 2526 1125; x_wconf 86' lang='lat' dir='ltr'><strong>sanctique</strong></span> <span class='ocrx_word' id='word_1_170' title='bbox 2549 1057 2814 1113; x_wconf 89' lang='lat' dir='ltr'><strong>Brunouis</strong></span> <span class='ocrx_word' id='word_1_171' title='bbox 2841 1059 3082 1118; x_wconf 83' lang='lat' dir='ltr'><strong>favorem</strong></span> <span class='ocrx_word' id='word_1_172' title='bbox 3111 1064 3178 1116; x_wconf 88' lang='lat' dir='ltr'><strong>ab</strong></span> <span class='ocrx_word' id='word_1_173' title='bbox 3205 1079 3298 1118; x_wconf 80' lang='lat' dir='ltr'><strong>eo-</strong></span> 
     </span>
    </p>
   </div>
   <div class='ocr_carea' id='block_1_25' title="bbox 1709 1141 3297 1224">
    <p class='ocr_par' dir='ltr' id='par_1_25' title="bbox 1709 1141 3297 1224">
     <span class='ocr_line' id='line_1_25' title="bbox 1709 1141 3297 1224; baseline 0.009 -29"><span class='ocrx_word' id='word_1_174' title='bbox 1709 1141 1827 1195; x_wconf 91' lang='lat' dir='ltr'><strong>dem</strong></span> <span class='ocrx_word' id='word_1_175' title='bbox 1859 1144 2056 1197; x_wconf 92' lang='lat' dir='ltr'><strong>comite</strong></span> <span class='ocrx_word' id='word_1_176' title='bbox 2088 1155 2218 1198; x_wconf 92' lang='lat' dir='ltr'><strong>tunc</strong></span> <span class='ocrx_word' id='word_1_177' title='bbox 2250 1161 2524 1202; x_wconf 82' lang='lat' dir='ltr'><strong>concessa.</strong></span> <span class='ocrx_word' id='word_1_178' title='bbox 2553 1149 2770 1203; x_wconf 74' lang='lat' dir='ltr'><strong>Charta:</strong></span> <span class='ocrx_word' id='word_1_179' title='bbox 2801 1153 2977 1222; x_wconf 90' lang='lat' dir='ltr'><strong>hujus,</strong></span> <span class='ocrx_word' id='word_1_180' title='bbox 3006 1169 3102 1208; x_wconf 84' lang='lat' dir='ltr'><strong>seu</strong></span> <span class='ocrx_word' id='word_1_181' title='bbox 3129 1155 3297 1224; x_wconf 87' lang='lat' dir='ltr'><strong>diplo-</strong></span> 
     </span>
    </p>
   </div>
   <div class='ocr_carea' id='block_1_26' title="bbox 1707 1235 3297 1310">
    <p class='ocr_par' dir='ltr' id='par_1_26' title="bbox 1707 1235 3297 1310">
     <span class='ocr_line' id='line_1_26' title="bbox 1707 1235 3297 1310; baseline 0.008 -24"><span class='ocrx_word' id='word_1_182' title='bbox 1707 1235 1868 1288; x_wconf 87' lang='lat' dir='ltr'><strong>matis</strong></span> <span class='ocrx_word' id='word_1_183' title='bbox 1900 1245 2107 1304; x_wconf 85' lang='lat' dir='ltr'><strong>partem</strong></span> <span class='ocrx_word' id='word_1_184' title='bbox 2137 1238 2398 1294; x_wconf 79' lang='lat' dir='ltr'><strong>duntaxat</strong></span> <span class='ocrx_word' id='word_1_185' title='bbox 2444 1239 2698 1310; x_wconf 85' lang='lat' dir='ltr'><strong>Ughellus</strong></span> <span class='ocrx_word' id='word_1_186' title='bbox 2727 1251 2856 1296; x_wconf 88' lang='lat' dir='ltr'><strong>tom.</strong></span> <span class='ocrx_word' id='word_1_187' title='bbox 2889 1244 2955 1298; x_wconf 80' lang='lat' dir='ltr'><strong>lX</strong></span> <span class='ocrx_word' id='word_1_188' title='bbox 3003 1245 3171 1300; x_wconf 81' lang='lat' dir='ltr'><strong>Italiae</strong></span> <span class='ocrx_word' id='word_1_189' title='bbox 3209 1263 3297 1301; x_wconf 83' lang='lat' dir='ltr'><strong>sa-</strong></span> 
     </span>
    </p>
   </div>
   <div class='ocr_carea' id='block_1_27' title="bbox 1707 1327 3296 1400">
    <p class='ocr_par' dir='ltr' id='par_1_27' title="bbox 1707 1327 3296 1400">
     <span class='ocr_line' id='line_1_27' title="bbox 1707 1327 3296 1400; baseline 0.009 -22"><span class='ocrx_word' id='word_1_190' title='bbox 1707 1340 1832 1389; x_wconf 66' lang='lat' dir='ltr'><strong>cra),</strong></span> <span class='ocrx_word' id='word_1_191' title='bbox 1885 1327 1990 1380; x_wconf 90' lang='lat' dir='ltr'><strong>col.</strong></span> <span class='ocrx_word' id='word_1_192' title='bbox 2019 1327 2146 1392; x_wconf 71' lang='lat'><strong>425,</strong></span> <span class='ocrx_word' id='word_1_193' title='bbox 2194 1330 2408 1395; x_wconf 86' lang='lat' dir='ltr'><strong>recitat,</strong></span> <span class='ocrx_word' id='word_1_194' title='bbox 2457 1331 2704 1400; x_wconf 83' lang='lat' dir='ltr'><strong>idemque</strong></span> <span class='ocrx_word' id='word_1_195' title='bbox 2745 1334 2991 1388; x_wconf 81' lang='lat' dir='ltr'><strong>etiamin</strong></span> <span class='ocrx_word' id='word_1_196' title='bbox 3043 1337 3296 1392; x_wconf 75' lang='lat' dir='ltr'><strong>Ecclesia:</strong></span> 
     </span>
    </p>
   </div>
   <div class='ocr_carea' id='block_1_28' title="bbox 1707 1414 3296 1496">
    <p class='ocr_par' dir='ltr' id='par_1_28' title="bbox 1707 1414 3296 1496">
     <span class='ocr_line' id='line_1_28' title="bbox 1707 1414 3296 1496; baseline 0.007 -28"><span class='ocrx_word' id='word_1_197' title='bbox 1707 1414 2032 1471; x_wconf 82' lang='lat' dir='ltr'><strong>Catanensis</strong></span> <span class='ocrx_word' id='word_1_198' title='bbox 2061 1417 2260 1472; x_wconf 79' lang='lat' dir='ltr'><strong>Notitia</strong></span> <span class='ocrx_word' id='word_1_199' title='bbox 2289 1419 2420 1473; x_wconf 82' lang='lat' dir='ltr'><strong>facit</strong></span> <span class='ocrx_word' id='word_1_200' title='bbox 2446 1419 2699 1474; x_wconf 84' lang='lat' dir='ltr'><strong>Rocclms</strong></span> <span class='ocrx_word' id='word_1_201' title='bbox 2725 1420 2933 1476; x_wconf 88' lang='lat' dir='ltr'><strong>Pirrus.</strong></span> <span class='ocrx_word' id='word_1_202' title='bbox 2973 1424 3166 1478; x_wconf 76' lang='lat' dir='ltr'><strong>Verum</strong></span> <span class='ocrx_word' id='word_1_203' title='bbox 3195 1440 3296 1496; x_wconf 80' lang='lat' dir='ltr'><strong>ego</strong></span> 
     </span>
    </p>
   </div>
   <div class='ocr_carea' id='block_1_29' title="bbox 1707 1505 3294 1586">
    <p class='ocr_par' dir='ltr' id='par_1_29' title="bbox 1707 1505 3294 1586">
     <span class='ocr_line' id='line_1_29' title="bbox 1707 1505 3294 1586; baseline 0.008 -27"><span class='ocrx_word' id='word_1_204' title='bbox 1707 1505 1874 1568; x_wconf 78' lang='lat' dir='ltr'><strong>illaut,</strong></span> <span class='ocrx_word' id='word_1_205' title='bbox 1905 1522 1972 1561; x_wconf 90' lang='lat' dir='ltr'><strong>ne</strong></span> <span class='ocrx_word' id='word_1_206' title='bbox 1993 1509 2313 1562; x_wconf 65' lang='lat' dir='ltr'><strong>venerandae</strong></span> <span class='ocrx_word' id='word_1_207' title='bbox 2336 1511 2674 1580; x_wconf 86' lang='lat' dir='ltr'><strong>antiquitatis</strong></span> <span class='ocrx_word' id='word_1_208' title='bbox 2699 1523 3124 1580; x_wconf 86' lang='lat' dir='ltr'><strong>monumentum,</strong></span> <span class='ocrx_word' id='word_1_209' title='bbox 3154 1518 3294 1586; x_wconf 89' lang='lat' dir='ltr'><strong>quod</strong></span> 
     </span>
    </p>
   </div>
   <div class='ocr_carea' id='block_1_30' title="bbox 1705 1597 3295 1674">
    <p class='ocr_par' dir='ltr' id='par_1_30' title="bbox 1705 1597 3295 1674">
     <span class='ocr_line' id='line_1_30' title="bbox 1705 1597 3295 1674; baseline 0.008 -23"><span class='ocrx_word' id='word_1_210' title='bbox 1705 1597 1974 1669; x_wconf 90' lang='lat' dir='ltr'><strong>integrum</strong></span> <span class='ocrx_word' id='word_1_211' title='bbox 2026 1601 2165 1670; x_wconf 82' lang='lat' dir='ltr'><strong>typis</strong></span> <span class='ocrx_word' id='word_1_212' title='bbox 2207 1616 2466 1654; x_wconf 85' lang='lat' dir='ltr'><strong>cxcusum</strong></span> <span class='ocrx_word' id='word_1_213' title='bbox 2505 1604 2828 1674; x_wconf 86' lang='lat' dir='ltr'><strong>publicaque</strong></span> <span class='ocrx_word' id='word_1_214' title='bbox 2875 1605 2991 1659; x_wconf 90' lang='lat' dir='ltr'><strong>luce</strong></span> <span class='ocrx_word' id='word_1_215' title='bbox 3039 1608 3295 1662; x_wconf 77' lang='lat' dir='ltr'><strong>donatum</strong></span> 
     </span>
    </p>
   </div>
   <div class='ocr_carea' id='block_1_31' title="bbox 1703 1689 3294 1762">
    <p class='ocr_par' dir='ltr' id='par_1_31' title="bbox 1703 1689 3294 1762">
     <span class='ocr_line' id='line_1_31' title="bbox 1703 1689 3294 1762; baseline 0.006 -20"><span class='ocrx_word' id='word_1_216' title='bbox 1703 1689 1890 1746; x_wconf 86' lang='lat' dir='ltr'><strong>videre</strong></span> <span class='ocrx_word' id='word_1_217' title='bbox 1921 1693 2160 1746; x_wconf 89' lang='lat' dir='ltr'><strong>nondum</strong></span> <span class='ocrx_word' id='word_1_218' title='bbox 2213 1693 2344 1746; x_wconf 90' lang='lat' dir='ltr'><strong>mihi</strong></span> <span class='ocrx_word' id='word_1_219' title='bbox 2376 1693 2589 1762; x_wconf 89' lang='lat' dir='ltr'><strong>obtigit,</strong></span> <span class='ocrx_word' id='word_1_220' title='bbox 2621 1697 2819 1750; x_wconf 84' lang='lat' dir='ltr'><strong>curiosi</strong></span> <span class='ocrx_word' id='word_1_221' title='bbox 2854 1697 3072 1752; x_wconf 91' lang='lat' dir='ltr'><strong>lectoris</strong></span> <span class='ocrx_word' id='word_1_222' title='bbox 3121 1700 3294 1752; x_wconf 83' lang='lat' dir='ltr'><strong>oculis</strong></span> 
     </span>
    </p>
   </div>
   <div class='ocr_carea' id='block_1_32' title="bbox 107 1781 3292 1855">
    <p class='ocr_par' dir='ltr' id='par_1_32' title="bbox 107 1781 3292 1855">
     <span class='ocr_line' id='line_1_32' title="bbox 107 1781 3292 1855; baseline 0.001 -16"><span class='ocrx_word' id='word_1_223' title='bbox 107 1783 1603 1854; x_wconf 76' lang='lat' dir='ltr'><strong>contmproximehuctranscriptamRogeriicomitisehar-</strong></span> <span class='ocrx_word' id='word_1_224' title='bbox 1636 1781 1679 1836; x_wconf 92' lang='lat' dir='ltr'><strong>B</strong></span> <span class='ocrx_word' id='word_1_225' title='bbox 1706 1781 2056 1849; x_wconf 88' lang='lat' dir='ltr'><strong>subtraham,</strong></span> <span class='ocrx_word' id='word_1_226' title='bbox 2091 1784 2360 1855; x_wconf 77' lang='lat' dir='ltr'><strong>integram</strong></span> <span class='ocrx_word' id='word_1_227' title='bbox 2395 1785 2502 1839; x_wconf 90' lang='lat' dir='ltr'><strong>huc</strong></span> <span class='ocrx_word' id='word_1_228' title='bbox 2551 1800 2583 1840; x_wconf 90' lang='lat' dir='ltr'><strong>e</strong></span> <span class='ocrx_word' id='word_1_229' title='bbox 2632 1789 2950 1844; x_wconf 84' lang='lat' dir='ltr'><strong>recensione</strong></span> <span class='ocrx_word' id='word_1_230' title='bbox 3000 1787 3292 1844; x_wconf 84' lang='lat' dir='ltr'><strong>lllorkensii</strong></span> 
     </span>
    </p>
   </div>
   <div class='ocr_carea' id='block_1_33' title="bbox 109 1873 1600 1943">
    <p class='ocr_par' dir='ltr' id='par_1_33' title="bbox 109 1873 1600 1943">
     <span class='ocr_line' id='line_1_33' title="bbox 109 1873 1600 1943; baseline 0.003 -19"><span class='ocrx_word' id='word_1_231' title='bbox 109 1883 176 1924; x_wconf 77' lang='lat' dir='ltr'><strong>tam</strong></span> <span class='ocrx_word' id='word_1_232' title='bbox 189 1873 428 1942; x_wconf 89' lang='lat' dir='ltr'><strong>scrupulus</strong></span> <span class='ocrx_word' id='word_1_233' title='bbox 442 1873 725 1928; x_wconf 88' lang='lat' dir='ltr'><strong>oboriatur</strong></span> <span class='ocrx_word' id='word_1_234' title='bbox 737 1887 800 1926; x_wconf 78' lang='lat' dir='ltr'><strong>ex</strong></span> <span class='ocrx_word' id='word_1_235' title='bbox 815 1888 880 1928; x_wconf 90' lang='lat' dir='ltr'><strong>eo</strong></span> <span class='ocrx_word' id='word_1_236' title='bbox 905 1873 1047 1942; x_wconf 90' lang='lat' dir='ltr'><strong>quod</strong></span> <span class='ocrx_word' id='word_1_237' title='bbox 1063 1889 1093 1926; x_wconf 91' lang='lat' dir='ltr'><strong>a</strong></span> <span class='ocrx_word' id='word_1_238' title='bbox 1111 1873 1330 1937; x_wconf 86' lang='lat' dir='ltr'><strong>comite,</strong></span> <span class='ocrx_word' id='word_1_239' title='bbox 1353 1874 1406 1927; x_wconf 91' lang='lat' dir='ltr'><strong>in</strong></span> <span class='ocrx_word' id='word_1_240' title='bbox 1432 1875 1600 1943; x_wconf 87' lang='lat' dir='ltr'><strong>pratis</strong></span> 
     </span>
    </p>
   </div>
   <div class='ocr_carea' id='block_1_34' title="bbox 107 1963 1603 2033">
    <p class='ocr_par' dir='ltr' id='par_1_34' title="bbox 107 1963 1603 2033">
     <span class='ocr_line' id='line_1_34' title="bbox 107 1963 1603 2033; baseline 0.002 -16"><span class='ocrx_word' id='word_1_241' title='bbox 107 1963 305 2033; x_wconf 79' lang='lat' dir='ltr'><strong>Squillacii</strong></span> <span class='ocrx_word' id='word_1_242' title='bbox 333 1981 447 2020; x_wconf 92' lang='lat' dir='ltr'><strong>cum</strong></span> <span class='ocrx_word' id='word_1_243' title='bbox 475 1965 720 2020; x_wconf 80' lang='lat' dir='ltr'><strong>exercitu</strong></span> <span class='ocrx_word' id='word_1_244' title='bbox 761 1975 890 2020; x_wconf 92' lang='lat' dir='ltr'><strong>tunc</strong></span> <span class='ocrx_word' id='word_1_245' title='bbox 917 1974 1308 2030; x_wconf 90' lang='lat' dir='ltr'><strong>commorante,</strong></span> <span class='ocrx_word' id='word_1_246' title='bbox 1341 1966 1464 2019; x_wconf 90' lang='lat' dir='ltr'><strong>data</strong></span> <span class='ocrx_word' id='word_1_247' title='bbox 1503 1982 1603 2020; x_wconf 87' lang='lat' dir='ltr'><strong>no-</strong></span> 
     </span>
    </p>
   </div>
   <div class='ocr_carea' id='block_1_35' title="bbox 108 2055 1601 2127">
    <p class='ocr_par' dir='ltr' id='par_1_35' title="bbox 108 2055 1601 2127">
     <span class='ocr_line' id='line_1_35' title="bbox 108 2055 1601 2127; baseline 0.005 -21"><span class='ocrx_word' id='word_1_248' title='bbox 108 2066 214 2119; x_wconf 81' lang='lat' dir='ltr'><strong>tetur,</strong></span> <span class='ocrx_word' id='word_1_249' title='bbox 237 2057 584 2122; x_wconf 87' lang='lat' dir='ltr'><strong>Boamundus,</strong></span> <span class='ocrx_word' id='word_1_250' title='bbox 620 2057 838 2127; x_wconf 79' lang='lat' dir='ltr'><strong>Rogerii</strong></span> <span class='ocrx_word' id='word_1_251' title='bbox 870 2057 1024 2111; x_wconf 80' lang='lat' dir='ltr'><strong>ducis</strong></span> <span class='ocrx_word' id='word_1_252' title='bbox 1053 2055 1245 2123; x_wconf 79' lang='lat' dir='ltr'><strong>frater,</strong></span> <span class='ocrx_word' id='word_1_253' title='bbox 1291 2073 1434 2112; x_wconf 87' lang='lat' dir='ltr'><strong>anno</strong></span> <span class='ocrx_word' id='word_1_254' title='bbox 1460 2059 1601 2114; x_wconf 72' lang='grc'><strong>1095</strong></span> 
     </span>
    </p>
   </div>
   <div class='ocr_carea' id='block_1_36' title="bbox 106 2147 1600 2220">
    <p class='ocr_par' dir='ltr' id='par_1_36' title="bbox 106 2147 1600 2220">
     <span class='ocr_line' id='line_1_36' title="bbox 106 2147 1600 2220; baseline 0.003 -20"><span class='ocrx_word' id='word_1_255' title='bbox 106 2149 137 2200; x_wconf 87' lang='lat' dir='ltr'><strong>in</strong></span> <span class='ocrx_word' id='word_1_256' title='bbox 162 2147 357 2204; x_wconf 83' lang='lat' dir='ltr'><strong>Calabria</strong></span> <span class='ocrx_word' id='word_1_257' title='bbox 393 2151 730 2215; x_wconf 80' lang='lat' dir='ltr'><strong>versabatur,</strong></span> <span class='ocrx_word' id='word_1_258' title='bbox 759 2164 990 2220; x_wconf 87' lang='lat' dir='ltr'><strong>cumque</strong></span> <span class='ocrx_word' id='word_1_259' title='bbox 1020 2149 1166 2206; x_wconf 88' lang='lat' dir='ltr'><strong>hunc</strong></span> <span class='ocrx_word' id='word_1_260' title='bbox 1206 2150 1319 2204; x_wconf 88' lang='lat' dir='ltr'><strong>vita</strong></span> <span class='ocrx_word' id='word_1_261' title='bbox 1359 2149 1600 2206; x_wconf 91' lang='lat' dir='ltr'><strong>functum</strong></span> 
     </span>
    </p>
   </div>
   <div class='ocr_carea' id='block_1_37' title="bbox 106 2239 1599 2306">
    <p class='ocr_par' dir='ltr' id='par_1_37' title="bbox 106 2239 1599 2306">
     <span class='ocr_line' id='line_1_37' title="bbox 106 2239 1599 2306; baseline 0.003 -16"><span class='ocrx_word' id='word_1_262' title='bbox 106 2254 180 2292; x_wconf 78' lang='lat' dir='ltr'><strong>csse</strong></span> <span class='ocrx_word' id='word_1_263' title='bbox 213 2239 324 2294; x_wconf 81' lang='lat' dir='ltr'><strong>falso</strong></span> <span class='ocrx_word' id='word_1_264' title='bbox 363 2257 582 2296; x_wconf 88' lang='lat' dir='ltr'><strong>rumore</strong></span> <span class='ocrx_word' id='word_1_265' title='bbox 612 2241 954 2306; x_wconf 86' lang='lat' dir='ltr'><strong>inaudiisset,</strong></span> <span class='ocrx_word' id='word_1_266' title='bbox 986 2253 1170 2296; x_wconf 86' lang='lat' dir='ltr'><strong>castra</strong></span> <span class='ocrx_word' id='word_1_267' title='bbox 1225 2241 1500 2306; x_wconf 88' lang='lat' dir='ltr'><strong>nonnulla,</strong></span> <span class='ocrx_word' id='word_1_268' title='bbox 1535 2242 1599 2296; x_wconf 88' lang='lat' dir='ltr'><strong>ad</strong></span> 
     </span>
    </p>
   </div>
   <div class='ocr_carea' id='block_1_38' title="bbox 106 2330 1599 2402">
    <p class='ocr_par' dir='ltr' id='par_1_38' title="bbox 106 2330 1599 2402">
     <span class='ocr_line' id='line_1_38' title="bbox 106 2330 1599 2402; baseline 0.005 -23"><span class='ocrx_word' id='word_1_269' title='bbox 106 2330 278 2387; x_wconf 71' lang='lat' dir='ltr'><strong>eumdem</strong></span> <span class='ocrx_word' id='word_1_270' title='bbox 306 2331 355 2385; x_wconf 90' lang='lat' dir='ltr'><strong>in</strong></span> <span class='ocrx_word' id='word_1_271' title='bbox 382 2331 634 2386; x_wconf 86' lang='lat' dir='ltr'><strong>Calabria</strong></span> <span class='ocrx_word' id='word_1_272' title='bbox 666 2333 988 2402; x_wconf 90' lang='lat' dir='ltr'><strong>spectantia,</strong></span> <span class='ocrx_word' id='word_1_273' title='bbox 1019 2333 1348 2401; x_wconf 83' lang='lat' dir='ltr'><strong>occupavit;</strong></span> <span class='ocrx_word' id='word_1_274' title='bbox 1397 2348 1500 2402; x_wconf 88' lang='lat' dir='ltr'><strong>qua</strong></span> <span class='ocrx_word' id='word_1_275' title='bbox 1542 2346 1599 2386; x_wconf 92' lang='lat' dir='ltr'><strong>re</strong></span> 
     </span>
    </p>
   </div>
   <div class='ocr_carea' id='block_1_39' title="bbox 105 2419 1602 2495">
    <p class='ocr_par' dir='ltr' id='par_1_39' title="bbox 105 2419 1602 2495">
     <span class='ocr_line' id='line_1_39' title="bbox 105 2419 1602 2495; baseline 0.007 -27"><span class='ocrx_word' id='word_1_276' title='bbox 105 2420 144 2470; x_wconf 76' lang='lat' dir='ltr'><strong>ad</strong></span> <span class='ocrx_word' id='word_1_277' title='bbox 162 2419 260 2473; x_wconf 77' lang='lat' dir='ltr'><strong>iram</strong></span> <span class='ocrx_word' id='word_1_278' title='bbox 291 2433 584 2478; x_wconf 83' lang='lat' dir='ltr'><strong>commotus</strong></span> <span class='ocrx_word' id='word_1_279' title='bbox 609 2439 792 2480; x_wconf 88' lang='lat' dir='ltr'><strong>comes</strong></span> <span class='ocrx_word' id='word_1_280' title='bbox 814 2423 1080 2495; x_wconf 80' lang='lat' dir='ltr'><strong>Rogerius</strong></span> <span class='ocrx_word' id='word_1_281' title='bbox 1103 2424 1362 2480; x_wconf 85' lang='lat' dir='ltr'><strong>militibus</strong></span> <span class='ocrx_word' id='word_1_282' title='bbox 1385 2425 1520 2488; x_wconf 90' lang='lat' dir='ltr'><strong>suis,</strong></span> <span class='ocrx_word' id='word_1_283' title='bbox 1541 2432 1602 2479; x_wconf 88' lang='lat' dir='ltr'><strong>ut</strong></span> 
     </span>
    </p>
   </div>
   <div class='ocr_carea' id='block_1_40' title="bbox 105 2511 1598 2586">
    <p class='ocr_par' dir='ltr' id='par_1_40' title="bbox 105 2511 1598 2586">
     <span class='ocr_line' id='line_1_40' title="bbox 105 2511 1598 2586; baseline 0.005 -24"><span class='ocrx_word' id='word_1_284' title='bbox 105 2511 379 2568; x_wconf 84' lang='lat' dir='ltr'><strong>Boamundum</strong></span> <span class='ocrx_word' id='word_1_285' title='bbox 397 2516 563 2571; x_wconf 89' lang='lat' dir='ltr'><strong>armis</strong></span> <span class='ocrx_word' id='word_1_286' title='bbox 582 2515 932 2581; x_wconf 89' lang='lat' dir='ltr'><strong>lacesserent,</strong></span> <span class='ocrx_word' id='word_1_287' title='bbox 949 2517 1177 2586; x_wconf 85' lang='lat' dir='ltr'><strong>accepit,</strong></span> <span class='ocrx_word' id='word_1_288' title='bbox 1200 2531 1473 2586; x_wconf 88' lang='lat' dir='ltr'><strong>eumquee</strong></span> <span class='ocrx_word' id='word_1_289' title='bbox 1489 2525 1598 2571; x_wconf 88' lang='lat' dir='ltr'><strong>tota</strong></span> 
     </span>
    </p>
   </div>
   <div class='ocr_carea' id='block_1_41' title="bbox 105 2599 1599 2678">
    <p class='ocr_par' dir='ltr' id='par_1_41' title="bbox 105 2599 1599 2678">
     <span class='ocr_line' id='line_1_41' title="bbox 105 2599 1599 2678; baseline 0.009 -27"><span class='ocrx_word' id='word_1_290' title='bbox 105 2599 273 2656; x_wconf 78' lang='lat' dir='ltr'><strong>Calabria</strong></span> <span class='ocrx_word' id='word_1_291' title='bbox 297 2605 505 2674; x_wconf 80' lang='lat' dir='ltr'><strong>expulit.</strong></span> <span class='ocrx_word' id='word_1_292' title='bbox 532 2606 614 2660; x_wconf 88' lang='lat' dir='ltr'><strong>Ita</strong></span> <span class='ocrx_word' id='word_1_293' title='bbox 650 2619 910 2678; x_wconf 89' lang='lat' dir='ltr'><strong>quantum</strong></span> <span class='ocrx_word' id='word_1_294' title='bbox 935 2611 1001 2662; x_wconf 89' lang='lat' dir='ltr'><strong>ad</strong></span> <span class='ocrx_word' id='word_1_295' title='bbox 1025 2609 1384 2663; x_wconf 88' lang='lat' dir='ltr'><strong>substantiam</strong></span> <span class='ocrx_word' id='word_1_296' title='bbox 1405 2609 1599 2678; x_wconf 64' lang='lat' dir='ltr'><strong>saepius</strong></span> 
     </span>
    </p>
   </div>
   <div class='ocr_carea' id='block_1_42' title="bbox 105 2691 1598 2770">
    <p class='ocr_par' dir='ltr' id='par_1_42' title="bbox 105 2691 1598 2770">
     <span class='ocr_line' id='line_1_42' title="bbox 105 2691 1598 2770; baseline 0.008 -28"><span class='ocrx_word' id='word_1_297' title='bbox 105 2691 158 2745; x_wconf 74' lang='lat' dir='ltr'><strong>hic</strong></span> <span class='ocrx_word' id='word_1_298' title='bbox 171 2691 252 2758; x_wconf 83' lang='lat' dir='ltr'><strong>jam</strong></span> <span class='ocrx_word' id='word_1_299' title='bbox 269 2693 498 2751; x_wconf 88' lang='lat' dir='ltr'><strong>laudatus</strong></span> <span class='ocrx_word' id='word_1_300' title='bbox 527 2713 593 2752; x_wconf 88' lang='lat' dir='ltr'><strong>ac</strong></span> <span class='ocrx_word' id='word_1_301' title='bbox 615 2712 778 2766; x_wconf 87' lang='lat' dir='ltr'><strong>porro</strong></span> <span class='ocrx_word' id='word_1_302' title='bbox 799 2697 1102 2753; x_wconf 85' lang='lat' dir='ltr'><strong>laudandus</strong></span> <span class='ocrx_word' id='word_1_303' title='bbox 1123 2701 1598 2770; x_wconf 72' lang='lat' dir='ltr'><strong>auctorsynchro-</strong></span> 
     </span>
    </p>
   </div>
   <div class='ocr_carea' id='block_1_43' title="bbox 105 2782 1597 2855">
    <p class='ocr_par' dir='ltr' id='par_1_43' title="bbox 105 2782 1597 2855">
     <span class='ocr_line' id='line_1_43' title="bbox 105 2782 1597 2855; baseline 0.008 -22"><span class='ocrx_word' id='word_1_304' title='bbox 105 2782 464 2850; x_wconf 78' lang='lat' dir='ltr'><strong>nusGaufredus,</strong></span> <span class='ocrx_word' id='word_1_305' title='bbox 512 2789 726 2843; x_wconf 86' lang='lat' dir='ltr'><strong>ordinis</strong></span> <span class='ocrx_word' id='word_1_306' title='bbox 770 2789 1105 2844; x_wconf 70' lang='lat' dir='ltr'><strong>Benedic-lini</strong></span> <span class='ocrx_word' id='word_1_307' title='bbox 1138 2790 1432 2844; x_wconf 88' lang='lat' dir='ltr'><strong>monachus</strong></span> <span class='ocrx_word' id='word_1_308' title='bbox 1456 2829 1471 2855; x_wconf 91' lang='lat'><strong>,</strong></span> <span class='ocrx_word' id='word_1_309' title='bbox 1504 2807 1597 2845; x_wconf 91' lang='lat' dir='ltr'><strong>co-</strong></span> 
     </span>
    </p>
   </div>
   <div class='ocr_carea' id='block_1_44' title="bbox 103 2876 1594 2950">
    <p class='ocr_par' dir='ltr' id='par_1_44' title="bbox 103 2876 1594 2950">
     <span class='ocr_line' id='line_1_44' title="bbox 103 2876 1594 2950; baseline 0.009 -27"><span class='ocrx_word' id='word_1_310' title='bbox 103 2885 310 2938; x_wconf 74' lang='lat' dir='ltr'><strong>gnomento</strong></span> <span class='ocrx_word' id='word_1_311' title='bbox 337 2876 659 2944; x_wconf 78' lang='lat' dir='ltr'><strong>Malaterra,</strong></span> <span class='ocrx_word' id='word_1_312' title='bbox 703 2878 794 2934; x_wconf 88' lang='lat' dir='ltr'><strong>lib.</strong></span> <span class='ocrx_word' id='word_1_313' title='bbox 829 2895 882 2934; x_wconf 83' lang='lat' dir='ltr'><strong>tv</strong></span> <span class='ocrx_word' id='word_1_314' title='bbox 905 2921 919 2944; x_wconf 94' lang='lat'><strong>,</strong></span> <span class='ocrx_word' id='word_1_315' title='bbox 953 2895 1075 2950; x_wconf 90' lang='lat' dir='ltr'><strong>cap.</strong></span> <span class='ocrx_word' id='word_1_316' title='bbox 1105 2879 1196 2948; x_wconf 74' lang='lat'><strong>20,</strong></span> <span class='ocrx_word' id='word_1_317' title='bbox 1230 2879 1480 2936; x_wconf 64' lang='lat' dir='ltr'><strong>Historiae</strong></span> <span class='ocrx_word' id='word_1_318' title='bbox 1507 2881 1594 2936; x_wconf 89' lang='lat' dir='ltr'><strong>Si-</strong></span> 
     </span>
    </p>
   </div>
   <div class='ocr_carea' id='block_1_45' title="bbox 104 2966 1595 3043">
    <p class='ocr_par' dir='ltr' id='par_1_45' title="bbox 104 2966 1595 3043">
     <span class='ocr_line' id='line_1_45' title="bbox 104 2966 1595 3043; baseline 0.009 -27"><span class='ocrx_word' id='word_1_319' title='bbox 104 2966 201 3032; x_wconf 70' lang='lat' dir='ltr'><strong>culte,</strong></span> <span class='ocrx_word' id='word_1_320' title='bbox 224 2984 362 3038; x_wconf 89' lang='lat' dir='ltr'><strong>quam</strong></span> <span class='ocrx_word' id='word_1_321' title='bbox 393 2973 681 3043; x_wconf 89' lang='lat' dir='ltr'><strong>ipsiusmet</strong></span> <span class='ocrx_word' id='word_1_322' title='bbox 707 2972 928 3043; x_wconf 79' lang='lat' dir='ltr'><strong>Rogerii</strong></span> <span class='ocrx_word' id='word_1_323' title='bbox 957 2973 1172 3028; x_wconf 91' lang='lat' dir='ltr'><strong>comitis</strong></span> <span class='ocrx_word' id='word_1_324' title='bbox 1193 2972 1346 3042; x_wconf 89' lang='lat' dir='ltr'><strong>jussu</strong></span> <span class='ocrx_word' id='word_1_325' title='bbox 1371 2975 1595 3029; x_wconf 89' lang='lat' dir='ltr'><strong>concin-</strong></span> 
     </span>
    </p>
   </div>
   <div class='ocr_carea' id='block_1_46' title="bbox 105 3058 1592 3136">
    <p class='ocr_par' dir='ltr' id='par_1_46' title="bbox 105 3058 1592 3136">
     <span class='ocr_line' id='line_1_46' title="bbox 105 3058 1592 3136; baseline 0.007 -27"><span class='ocrx_word' id='word_1_326' title='bbox 105 3058 212 3122; x_wconf 64' lang='lat' dir='ltr'><strong>navit,</strong></span> <span class='ocrx_word' id='word_1_327' title='bbox 237 3061 300 3114; x_wconf 92' lang='lat' dir='ltr'><strong>uti</strong></span> <span class='ocrx_word' id='word_1_328' title='bbox 323 3061 671 3129; x_wconf 83' lang='lat' dir='ltr'><strong>Muratorius,</strong></span> <span class='ocrx_word' id='word_1_329' title='bbox 708 3065 797 3134; x_wconf 88' lang='lat' dir='ltr'><strong>qui</strong></span> <span class='ocrx_word' id='word_1_330' title='bbox 828 3064 969 3120; x_wconf 91' lang='lat' dir='ltr'><strong>hanc</strong></span> <span class='ocrx_word' id='word_1_331' title='bbox 999 3074 1144 3120; x_wconf 90' lang='lat' dir='ltr'><strong>tomo</strong></span> <span class='ocrx_word' id='word_1_332' title='bbox 1175 3066 1364 3136; x_wconf 91' lang='lat' dir='ltr'><strong>quinto</strong></span> <span class='ocrx_word' id='word_1_333' title='bbox 1393 3066 1592 3121; x_wconf 86' lang='lat' dir='ltr'><strong>Rerum</strong></span> 
     </span>
    </p>
   </div>
   <div class='ocr_carea' id='block_1_47' title="bbox 1706 1877 2036 1933">
    <p class='ocr_par' dir='ltr' id='par_1_47' title="bbox 1706 1877 2036 1933">
     <span class='ocr_line' id='line_1_47' title="bbox 1706 1877 2036 1933; baseline 0.009 -5"><span class='ocrx_word' id='word_1_334' title='bbox 1706 1877 2036 1933; x_wconf 85' lang='lat' dir='ltr'><strong>transcribo.</strong></span> 
     </span>
    </p>
   </div>
   <div class='ocr_carea' id='block_1_48' title="bbox 1773 1967 3288 2029">
    <p class='ocr_par' dir='ltr' id='par_1_48' title="bbox 1773 1967 3288 2029">
     <span class='ocr_line' id='line_1_48' title="bbox 1773 1967 3288 2029; baseline 0.003 -6"><span class='ocrx_word' id='word_1_335' title='bbox 1773 1967 1897 2023; x_wconf 74' lang='lat'><strong>582.</strong></span> <span class='ocrx_word' id='word_1_336' title='bbox 1926 1968 2018 2022; x_wconf 85' lang='lat' dir='ltr'><strong>Sic</strong></span> <span class='ocrx_word' id='word_1_337' title='bbox 2043 1968 2203 2023; x_wconf 89' lang='lat' dir='ltr'><strong>habet</strong></span> <span class='ocrx_word' id='word_1_338' title='bbox 2231 1987 2246 2023; x_wconf 84' lang='lat'><strong>:</strong></span> <span class='ocrx_word' id='word_1_339' title='bbox 2277 1987 2296 2022; x_wconf 81' lang='grc' dir='ltr'><strong>ι</strong></span> <span class='ocrx_word' id='word_1_340' title='bbox 2332 1969 2389 2024; x_wconf 86' lang='lat' dir='ltr'><strong>In</strong></span> <span class='ocrx_word' id='word_1_341' title='bbox 2415 1970 2632 2024; x_wconf 89' lang='lat' dir='ltr'><strong>nomine</strong></span> <span class='ocrx_word' id='word_1_342' title='bbox 2669 1971 2763 2026; x_wconf 89' lang='lat' dir='ltr'><strong>Dei</strong></span> <span class='ocrx_word' id='word_1_343' title='bbox 2797 1972 2986 2026; x_wconf 62' lang='lat' dir='ltr'><strong>aeterni</strong></span> <span class='ocrx_word' id='word_1_344' title='bbox 3017 1983 3068 2029; x_wconf 92' lang='lat' dir='ltr'><strong>et</strong></span> <span class='ocrx_word' id='word_1_345' title='bbox 3099 1973 3288 2028; x_wconf 84' lang='lat' dir='ltr'><strong>Salva-</strong></span> 
     </span>
    </p>
   </div>
   <div class='ocr_carea' id='block_1_49' title="bbox 1704 2057 3291 2125">
    <p class='ocr_par' dir='ltr' id='par_1_49' title="bbox 1704 2057 3291 2125">
     <span class='ocr_line' id='line_1_49' title="bbox 1704 2057 3291 2125; baseline 0.004 -13"><span class='ocrx_word' id='word_1_346' title='bbox 1704 2058 1836 2113; x_wconf 91' lang='lat' dir='ltr'><strong>toris</strong></span> <span class='ocrx_word' id='word_1_347' title='bbox 1854 2059 2022 2113; x_wconf 91' lang='lat' dir='ltr'><strong>nostri</strong></span> <span class='ocrx_word' id='word_1_348' title='bbox 2043 2057 2168 2114; x_wconf 80' lang='lat' dir='ltr'><strong>Jesu</strong></span> <span class='ocrx_word' id='word_1_349' title='bbox 2182 2059 2410 2125; x_wconf 84' lang='lat' dir='ltr'><strong>Christi,</strong></span> <span class='ocrx_word' id='word_1_350' title='bbox 2434 2076 2576 2114; x_wconf 89' lang='lat' dir='ltr'><strong>anno</strong></span> <span class='ocrx_word' id='word_1_351' title='bbox 2597 2062 2666 2117; x_wconf 90' lang='lat' dir='ltr'><strong>ab</strong></span> <span class='ocrx_word' id='word_1_352' title='bbox 2688 2062 3066 2117; x_wconf 87' lang='lat' dir='ltr'><strong>lncarnatione</strong></span> <span class='ocrx_word' id='word_1_353' title='bbox 3083 2065 3291 2120; x_wconf 85' lang='lat' dir='ltr'><strong>Domini</strong></span> 
     </span>
    </p>
   </div>
   <div class='ocr_carea' id='block_1_50' title="bbox 1704 2147 3292 2219">
    <p class='ocr_par' dir='ltr' id='par_1_50' title="bbox 1704 2147 3292 2219">
     <span class='ocr_line' id='line_1_50' title="bbox 1704 2147 3292 2219; baseline 0.004 -18"><span class='ocrx_word' id='word_1_354' title='bbox 1704 2147 1994 2202; x_wconf 89' lang='lat' dir='ltr'><strong>millesimo</strong></span> <span class='ocrx_word' id='word_1_355' title='bbox 2027 2150 2376 2219; x_wconf 87' lang='lat' dir='ltr'><strong>nonagesimo</strong></span> <span class='ocrx_word' id='word_1_356' title='bbox 2403 2160 2599 2219; x_wconf 86' lang='lat' dir='ltr'><strong>quarto</strong></span> <span class='ocrx_word' id='word_1_357' title='bbox 2629 2190 2644 2215; x_wconf 95' lang='lat'><strong>,</strong></span> <span class='ocrx_word' id='word_1_358' title='bbox 2679 2151 2974 2206; x_wconf 80' lang='lat' dir='ltr'><strong>indictione</strong></span> <span class='ocrx_word' id='word_1_359' title='bbox 3013 2155 3247 2207; x_wconf 89' lang='lat' dir='ltr'><strong>secunda</strong></span> <span class='ocrx_word' id='word_1_360' title='bbox 3277 2195 3292 2218; x_wconf 93' lang='lat'><strong>,</strong></span> 
     </span>
    </p>
   </div>
   <div class='ocr_carea' id='block_1_51' title="bbox 1701 2239 3292 2313">
    <p class='ocr_par' dir='ltr' id='par_1_51' title="bbox 1701 2239 3292 2313">
     <span class='ocr_line' id='line_1_51' title="bbox 1701 2239 3292 2313; baseline 0.002 -20"><span class='ocrx_word' id='word_1_361' title='bbox 1701 2255 1824 2294; x_wconf 90' lang='lat' dir='ltr'><strong>cum</strong></span> <span class='ocrx_word' id='word_1_362' title='bbox 1853 2252 1956 2310; x_wconf 85' lang='lat' dir='ltr'><strong>ego</strong></span> <span class='ocrx_word' id='word_1_363' title='bbox 1993 2239 2258 2309; x_wconf 78' lang='lat' dir='ltr'><strong>Rogerius</strong></span> <span class='ocrx_word' id='word_1_364' title='bbox 2305 2256 2487 2296; x_wconf 88' lang='lat' dir='ltr'><strong>comes</strong></span> <span class='ocrx_word' id='word_1_365' title='bbox 2537 2240 2798 2295; x_wconf 77' lang='lat' dir='ltr'><strong>Calabria:</strong></span> <span class='ocrx_word' id='word_1_366' title='bbox 2847 2251 2901 2295; x_wconf 89' lang='lat' dir='ltr'><strong>et</strong></span> <span class='ocrx_word' id='word_1_367' title='bbox 2952 2242 3150 2298; x_wconf 76' lang='lat' dir='ltr'><strong>Sicilia:</strong></span> <span class='ocrx_word' id='word_1_368' title='bbox 3195 2258 3292 2313; x_wconf 91' lang='lat' dir='ltr'><strong>pro</strong></span> 
     </span>
    </p>
   </div>
   <div class='ocr_carea' id='block_1_52' title="bbox 1702 2330 3293 2399">
    <p class='ocr_par' dir='ltr' id='par_1_52' title="bbox 1702 2330 3293 2399">
     <span class='ocr_line' id='line_1_52' title="bbox 1702 2330 3293 2399; baseline 0.002 -15"><span class='ocrx_word' id='word_1_369' title='bbox 1702 2330 1797 2384; x_wconf 92' lang='lat' dir='ltr'><strong>Dei</strong></span> <span class='ocrx_word' id='word_1_370' title='bbox 1829 2345 2018 2385; x_wconf 86' lang='lat' dir='ltr'><strong>amore</strong></span> <span class='ocrx_word' id='word_1_371' title='bbox 2045 2341 2100 2384; x_wconf 90' lang='lat' dir='ltr'><strong>et</strong></span> <span class='ocrx_word' id='word_1_372' title='bbox 2129 2330 2324 2384; x_wconf 72' lang='lat' dir='ltr'><strong>anima:</strong></span> <span class='ocrx_word' id='word_1_373' title='bbox 2373 2346 2508 2384; x_wconf 74' lang='lat' dir='ltr'><strong>mea:</strong></span> <span class='ocrx_word' id='word_1_374' title='bbox 2556 2331 2817 2395; x_wconf 90' lang='lat' dir='ltr'><strong>remedio,</strong></span> <span class='ocrx_word' id='word_1_375' title='bbox 2859 2341 2914 2385; x_wconf 89' lang='lat' dir='ltr'><strong>et</strong></span> <span class='ocrx_word' id='word_1_376' title='bbox 2965 2346 3064 2399; x_wconf 89' lang='lat' dir='ltr'><strong>pro</strong></span> <span class='ocrx_word' id='word_1_377' title='bbox 3119 2334 3293 2388; x_wconf 89' lang='lat' dir='ltr'><strong>salute</strong></span> 
     </span>
    </p>
   </div>
   <div class='ocr_carea' id='block_1_53' title="bbox 1701 2418 3291 2490">
    <p class='ocr_par' dir='ltr' id='par_1_53' title="bbox 1701 2418 3291 2490">
     <span class='ocr_line' id='line_1_53' title="bbox 1701 2418 3291 2490; baseline 0.002 -18"><span class='ocrx_word' id='word_1_378' title='bbox 1701 2419 1898 2473; x_wconf 80' lang='lat' dir='ltr'><strong>anima:</strong></span> <span class='ocrx_word' id='word_1_379' title='bbox 1931 2419 2152 2475; x_wconf 67' lang='lat' dir='ltr'><strong>lioberti</strong></span> <span class='ocrx_word' id='word_1_380' title='bbox 2197 2418 2480 2474; x_wconf 89' lang='lat' dir='ltr'><strong>Guiscardi</strong></span> <span class='ocrx_word' id='word_1_381' title='bbox 2517 2419 2704 2474; x_wconf 80' lang='lat' dir='ltr'><strong>fratris</strong></span> <span class='ocrx_word' id='word_1_382' title='bbox 2755 2421 2880 2483; x_wconf 90' lang='lat' dir='ltr'><strong>mei,</strong></span> <span class='ocrx_word' id='word_1_383' title='bbox 2918 2421 3291 2490; x_wconf 75' lang='lat' dir='ltr'><strong>gloriosissimi</strong></span> 
     </span>
    </p>
   </div>
   <div class='ocr_carea' id='block_1_54' title="bbox 1701 2509 3287 2580">
    <p class='ocr_par' dir='ltr' id='par_1_54' title="bbox 1701 2509 3287 2580">
     <span class='ocr_line' id='line_1_54' title="bbox 1701 2509 3287 2580; baseline 0.001 -17"><span class='ocrx_word' id='word_1_384' title='bbox 1701 2509 1857 2564; x_wconf 90' lang='lat' dir='ltr'><strong>ducis</strong></span> <span class='ocrx_word' id='word_1_385' title='bbox 1882 2511 2086 2580; x_wconf 66' lang='lat' dir='ltr'><strong>Apulia:</strong></span> <span class='ocrx_word' id='word_1_386' title='bbox 2111 2519 2167 2564; x_wconf 90' lang='lat' dir='ltr'><strong>et</strong></span> <span class='ocrx_word' id='word_1_387' title='bbox 2194 2509 2476 2572; x_wconf 65' lang='lat' dir='ltr'><strong>Calabriae,</strong></span> <span class='ocrx_word' id='word_1_388' title='bbox 2507 2519 2562 2564; x_wconf 92' lang='lat' dir='ltr'><strong>et</strong></span> <span class='ocrx_word' id='word_1_389' title='bbox 2595 2526 2692 2578; x_wconf 92' lang='lat' dir='ltr'><strong>pro</strong></span> <span class='ocrx_word' id='word_1_390' title='bbox 2722 2511 2962 2565; x_wconf 88' lang='lat' dir='ltr'><strong>remedio</strong></span> <span class='ocrx_word' id='word_1_391' title='bbox 2986 2513 3287 2565; x_wconf 87' lang='lat' dir='ltr'><strong>animarum</strong></span> 
     </span>
    </p>
   </div>
   <div class='ocr_carea' id='block_1_55' title="bbox 1698 2598 3294 2671">
    <p class='ocr_par' dir='ltr' id='par_1_55' title="bbox 1698 2598 3294 2671">
     <span class='ocr_line' id='line_1_55' title="bbox 1698 2598 3294 2671; baseline 0.003 -17"><span class='ocrx_word' id='word_1_392' title='bbox 1698 2598 1927 2654; x_wconf 82' lang='lat' dir='ltr'><strong>fratrum</strong></span> <span class='ocrx_word' id='word_1_393' title='bbox 1967 2617 2209 2656; x_wconf 90' lang='lat' dir='ltr'><strong>meorum</strong></span> <span class='ocrx_word' id='word_1_394' title='bbox 2248 2610 2413 2671; x_wconf 87' lang='lat' dir='ltr'><strong>atque</strong></span> <span class='ocrx_word' id='word_1_395' title='bbox 2437 2606 2677 2655; x_wconf 90' lang='lat' dir='ltr'><strong>omnium</strong></span> <span class='ocrx_word' id='word_1_396' title='bbox 2726 2612 3009 2671; x_wconf 88' lang='lat' dir='ltr'><strong>parentum</strong></span> <span class='ocrx_word' id='word_1_397' title='bbox 3059 2611 3116 2657; x_wconf 86' lang='lat' dir='ltr'><strong>et</strong></span> <span class='ocrx_word' id='word_1_398' title='bbox 3159 2617 3294 2658; x_wconf 83' lang='lat' dir='ltr'><strong>uxo-</strong></span> 
     </span>
    </p>
   </div>
   <div class='ocr_carea' id='block_1_56' title="bbox 1699 2690 3287 2745">
    <p class='ocr_par' dir='ltr' id='par_1_56' title="bbox 1699 2690 3287 2745">
     <span class='ocr_line' id='line_1_56' title="bbox 1699 2690 3287 2745; baseline -0.002 0"><span class='ocrx_word' id='word_1_399' title='bbox 1699 2707 1818 2745; x_wconf 87' lang='lat' dir='ltr'><strong>rum</strong></span> <span class='ocrx_word' id='word_1_400' title='bbox 1850 2707 2094 2745; x_wconf 89' lang='lat' dir='ltr'><strong>mearum</strong></span> <span class='ocrx_word' id='word_1_401' title='bbox 2121 2691 2311 2745; x_wconf 89' lang='lat' dir='ltr'><strong>vellem</strong></span> <span class='ocrx_word' id='word_1_402' title='bbox 2337 2692 2575 2745; x_wconf 88' lang='lat' dir='ltr'><strong>dedicari</strong></span> <span class='ocrx_word' id='word_1_403' title='bbox 2613 2690 2789 2745; x_wconf 80' lang='lat' dir='ltr'><strong>facere</strong></span> <span class='ocrx_word' id='word_1_404' title='bbox 2813 2691 2880 2744; x_wconf 89' lang='lat' dir='ltr'><strong>ad</strong></span> <span class='ocrx_word' id='word_1_405' title='bbox 2911 2693 3169 2745; x_wconf 82' lang='lat' dir='ltr'><strong>honorem</strong></span> <span class='ocrx_word' id='word_1_406' title='bbox 3194 2691 3287 2745; x_wconf 84' lang='lat' dir='ltr'><strong>Dei</strong></span> 
     </span>
    </p>
   </div>
   <div class='ocr_carea' id='block_1_57' title="bbox 1699 2781 3290 2849">
    <p class='ocr_par' dir='ltr' id='par_1_57' title="bbox 1699 2781 3290 2849">
     <span class='ocr_line' id='line_1_57' title="bbox 1699 2781 3290 2849; baseline -0.001 -13"><span class='ocrx_word' id='word_1_407' title='bbox 1699 2792 1752 2836; x_wconf 90' lang='lat' dir='ltr'><strong>et</strong></span> <span class='ocrx_word' id='word_1_408' title='bbox 1776 2783 1946 2836; x_wconf 74' lang='lat' dir='ltr'><strong>beata:</strong></span> <span class='ocrx_word' id='word_1_409' title='bbox 1981 2781 2162 2836; x_wconf 75' lang='lat' dir='ltr'><strong>Maria:</strong></span> <span class='ocrx_word' id='word_1_410' title='bbox 2183 2789 2238 2836; x_wconf 88' lang='lat' dir='ltr'><strong>et.</strong></span> <span class='ocrx_word' id='word_1_411' title='bbox 2265 2781 2410 2836; x_wconf 85' lang='lat' dir='ltr'><strong>beati</strong></span> <span class='ocrx_word' id='word_1_412' title='bbox 2448 2781 2670 2836; x_wconf 80' lang='lat' dir='ltr'><strong>Joannis</strong></span> <span class='ocrx_word' id='word_1_413' title='bbox 2698 2781 2854 2849; x_wconf 88' lang='lat' dir='ltr'><strong>Bapt.</strong></span> <span class='ocrx_word' id='word_1_414' title='bbox 2895 2783 3180 2836; x_wconf 83' lang='lat' dir='ltr'><strong>ecclesiam</strong></span> <span class='ocrx_word' id='word_1_415' title='bbox 3224 2782 3290 2836; x_wconf 90' lang='lat' dir='ltr'><strong>de</strong></span> 
     </span>
    </p>
   </div>
   <div class='ocr_carea' id='block_1_58' title="bbox 1698 2858 3327 2942">
    <p class='ocr_par' dir='ltr' id='par_1_58' title="bbox 1698 2858 3327 2942">
     <span class='ocr_line' id='line_1_58' title="bbox 1698 2858 3327 2942; baseline -0.001 -16"><span class='ocrx_word' id='word_1_416' title='bbox 1698 2887 1906 2938; x_wconf 86' lang='lat' dir='ltr'><strong>eremo,</strong></span> <span class='ocrx_word' id='word_1_417' title='bbox 1930 2889 2048 2942; x_wconf 75' lang='lat' dir='ltr'><strong>qua:</strong></span> <span class='ocrx_word' id='word_1_418' title='bbox 2074 2873 2177 2927; x_wconf 82' lang='lat' dir='ltr'><strong>sita</strong></span> <span class='ocrx_word' id='word_1_419' title='bbox 2207 2882 2293 2928; x_wconf 86' lang='lat' dir='ltr'><strong>est</strong></span> <span class='ocrx_word' id='word_1_420' title='bbox 2318 2874 2458 2926; x_wconf 88' lang='lat' dir='ltr'><strong>inter</strong></span> <span class='ocrx_word' id='word_1_421' title='bbox 2482 2873 2743 2938; x_wconf 86' lang='lat' dir='ltr'><strong>Arenam,</strong></span> <span class='ocrx_word' id='word_1_422' title='bbox 2775 2881 2831 2926; x_wconf 92' lang='lat' dir='ltr'><strong>et</strong></span> <span class='ocrx_word' id='word_1_423' title='bbox 2855 2873 3108 2942; x_wconf 88' lang='lat' dir='ltr'><strong>oppidum</strong></span> <span class='ocrx_word' id='word_1_424' title='bbox 3146 2875 3288 2940; x_wconf 92' lang='lat' dir='ltr'><strong>quod</strong></span> <span class='ocrx_word' id='word_1_425' title='bbox 3323 2858 3327 2862; x_wconf 62' lang='grc'><em>’</em></span> 
     </span>
    </p>
   </div>
   <div class='ocr_carea' id='block_1_59' title="bbox 1697 2962 3286 3033">
    <p class='ocr_par' dir='ltr' id='par_1_59' title="bbox 1697 2962 3286 3033">
     <span class='ocr_line' id='line_1_59' title="bbox 1697 2962 3286 3033; baseline -0.004 -14"><span class='ocrx_word' id='word_1_426' title='bbox 1697 2965 1897 3019; x_wconf 90' lang='lat' dir='ltr'><strong>dicitur</strong></span> <span class='ocrx_word' id='word_1_427' title='bbox 1938 2965 2130 3019; x_wconf 88' lang='lat' dir='ltr'><strong>Stilum</strong></span> <span class='ocrx_word' id='word_1_428' title='bbox 2158 3006 2174 3029; x_wconf 96' lang='lat'><strong>,</strong></span> <span class='ocrx_word' id='word_1_429' title='bbox 2221 2979 2386 3033; x_wconf 89' lang='lat' dir='ltr'><strong>super</strong></span> <span class='ocrx_word' id='word_1_430' title='bbox 2433 2965 2708 3018; x_wconf 89' lang='lat' dir='ltr'><strong>territorio</strong></span> <span class='ocrx_word' id='word_1_431' title='bbox 2757 2964 2888 3018; x_wconf 88' lang='lat' dir='ltr'><strong>dicti</strong></span> <span class='ocrx_word' id='word_1_432' title='bbox 2923 2963 3102 3032; x_wconf 81' lang='lat' dir='ltr'><strong>Oppidi</strong></span> <span class='ocrx_word' id='word_1_433' title='bbox 3143 2962 3286 3027; x_wconf 81' lang='lat' dir='ltr'><strong>Stili,</strong></span> 
     </span>
    </p>
   </div>
   <div class='ocr_carea' id='block_1_60' title="bbox 1697 3056 3285 3126">
    <p class='ocr_par' dir='ltr' id='par_1_60' title="bbox 1697 3056 3285 3126">
     <span class='ocr_line' id='line_1_60' title="bbox 1697 3056 3285 3126; baseline -0.001 -16"><span class='ocrx_word' id='word_1_434' title='bbox 1697 3072 1796 3126; x_wconf 89' lang='lat' dir='ltr'><strong>per</strong></span> <span class='ocrx_word' id='word_1_435' title='bbox 1839 3057 2174 3111; x_wconf 78' lang='lat' dir='ltr'><strong>venerabiles</strong></span> <span class='ocrx_word' id='word_1_436' title='bbox 2201 3065 2253 3109; x_wconf 91' lang='lat' dir='ltr'><strong>et</strong></span> <span class='ocrx_word' id='word_1_437' title='bbox 2285 3057 2664 3112; x_wconf 72' lang='lat' dir='ltr'><strong>sanctissimos</strong></span> <span class='ocrx_word' id='word_1_438' title='bbox 2706 3056 2894 3110; x_wconf 86' lang='lat' dir='ltr'><strong>Patres</strong></span> <span class='ocrx_word' id='word_1_439' title='bbox 2944 3057 3285 3110; x_wconf 79' lang='lat' dir='ltr'><strong>Panormita-</strong></span> 
     </span>
    </p>
   </div>
   <div class='ocr_carea' id='block_1_61' title="bbox 103 3144 3284 3225">
    <p class='ocr_par' dir='ltr' id='par_1_61' title="bbox 103 3144 3284 3225">
     <span class='ocr_line' id='line_1_61' title="bbox 103 3144 3284 3225; baseline -0 -26"><span class='ocrx_word' id='word_1_440' title='bbox 103 3145 324 3206; x_wconf 78' lang='lat' dir='ltr'><strong>ltalicarum</strong></span> <span class='ocrx_word' id='word_1_441' title='bbox 345 3155 668 3225; x_wconf 65' lang='lat' dir='ltr'><strong>scriptorum</strong></span> <span class='ocrx_word' id='word_1_442' title='bbox 703 3156 954 3224; x_wconf 58' lang='lat' dir='ltr'><strong>inseruit,</strong></span> <span class='ocrx_word' id='word_1_443' title='bbox 1005 3158 1058 3212; x_wconf 74' lang='lat' dir='ltr'><strong>in</strong></span> <span class='ocrx_word' id='word_1_444' title='bbox 1095 3173 1191 3213; x_wconf 66' lang='lat' dir='ltr'><strong>sua</strong></span> <span class='ocrx_word' id='word_1_445' title='bbox 1241 3162 1307 3213; x_wconf 68' lang='lat' dir='ltr'><strong>ad</strong></span> <span class='ocrx_word' id='word_1_446' title='bbox 1346 3161 1590 3214; x_wconf 71' lang='lat' dir='ltr'><strong>eamdem</strong></span> <span class='ocrx_word' id='word_1_447' title='bbox 1622 3144 1663 3198; x_wconf 91' lang='lat' dir='ltr'><strong>C</strong></span> <span class='ocrx_word' id='word_1_448' title='bbox 1699 3164 1825 3201; x_wconf 87' lang='lat' dir='ltr'><strong>num</strong></span> <span class='ocrx_word' id='word_1_449' title='bbox 1858 3148 2344 3218; x_wconf 84' lang='lat' dir='ltr'><strong>arcltiepise0pum,</strong></span> <span class='ocrx_word' id='word_1_450' title='bbox 2377 3148 2714 3202; x_wconf 84' lang='lat' dir='ltr'><strong>Melitcnsem</strong></span> <span class='ocrx_word' id='word_1_451' title='bbox 2751 3147 2873 3219; x_wconf 75' lang='lat' dir='ltr'><strong>[al.,</strong></span> <span class='ocrx_word' id='word_1_452' title='bbox 2905 3147 3284 3219; x_wconf 78' lang='lat' dir='ltr'><strong>Mileteusem],</strong></span> 
     </span>
    </p>
   </div>
   <div class='ocr_carea' id='block_1_62' title="bbox 103 3241 1596 3320">
    <p class='ocr_par' dir='ltr' id='par_1_62' title="bbox 103 3241 1596 3320">
     <span class='ocr_line' id='line_1_62' title="bbox 103 3241 1596 3320; baseline 0.01 -29"><span class='ocrx_word' id='word_1_453' title='bbox 103 3241 329 3305; x_wconf 73' lang='lat' dir='ltr'><strong>pmfatione</strong></span> <span class='ocrx_word' id='word_1_454' title='bbox 355 3247 524 3304; x_wconf 90' lang='lat' dir='ltr'><strong>docet.</strong></span> <span class='ocrx_word' id='word_1_455' title='bbox 551 3247 696 3302; x_wconf 83' lang='lat' dir='ltr'><strong>Nihil</strong></span> <span class='ocrx_word' id='word_1_456' title='bbox 724 3249 905 3319; x_wconf 88' lang='lat' dir='ltr'><strong>itaque</strong></span> <span class='ocrx_word' id='word_1_457' title='bbox 930 3251 1126 3315; x_wconf 90' lang='lat' dir='ltr'><strong>obstat,</strong></span> <span class='ocrx_word' id='word_1_458' title='bbox 1159 3267 1264 3320; x_wconf 90' lang='lat' dir='ltr'><strong>quo</strong></span> <span class='ocrx_word' id='word_1_459' title='bbox 1290 3251 1596 3308; x_wconf 72' lang='lat' dir='ltr'><strong>minus&#39;Ro-</strong></span> 
     </span>
    </p>
   </div>
   <div class='ocr_carea' id='block_1_63' title="bbox 104 3333 1593 3409">
    <p class='ocr_par' dir='ltr' id='par_1_63' title="bbox 104 3333 1593 3409">
     <span class='ocr_line' id='line_1_63' title="bbox 104 3333 1593 3409; baseline 0.011 -27"><span class='ocrx_word' id='word_1_460' title='bbox 104 3333 220 3398; x_wconf 71' lang='lat' dir='ltr'><strong>geritis</strong></span> <span class='ocrx_word' id='word_1_461' title='bbox 241 3351 421 3406; x_wconf 87' lang='lat' dir='ltr'><strong>comes,</strong></span> <span class='ocrx_word' id='word_1_462' title='bbox 448 3340 680 3396; x_wconf 85' lang='lat' dir='ltr'><strong>collecto</strong></span> <span class='ocrx_word' id='word_1_463' title='bbox 718 3343 984 3408; x_wconf 80' lang='lat' dir='ltr'><strong>exercitu,</strong></span> <span class='ocrx_word' id='word_1_464' title='bbox 1034 3359 1178 3399; x_wconf 87' lang='lat' dir='ltr'><strong>anno</strong></span> <span class='ocrx_word' id='word_1_465' title='bbox 1225 3344 1384 3409; x_wconf 79' lang='grc'><strong>1095,</strong></span> <span class='ocrx_word' id='word_1_466' title='bbox 1437 3345 1510 3399; x_wconf 90' lang='lat' dir='ltr'><strong>uti</strong></span> <span class='ocrx_word' id='word_1_467' title='bbox 1541 3344 1593 3399; x_wconf 90' lang='lat' dir='ltr'><strong>in</strong></span> 
     </span>
    </p>
   </div>
   <div class='ocr_carea' id='block_1_64' title="bbox 104 3421 1594 3508">
    <p class='ocr_par' dir='ltr' id='par_1_64' title="bbox 104 3421 1594 3508">
     <span class='ocr_line' id='line_1_64' title="bbox 104 3421 1594 3508; baseline 0.01 -31"><span class='ocrx_word' id='word_1_468' title='bbox 104 3421 254 3488; x_wconf 73' lang='lat' dir='ltr'><strong>rjus,de</strong></span> <span class='ocrx_word' id='word_1_469' title='bbox 277 3445 372 3499; x_wconf 86' lang='lat' dir='ltr'><strong>qua</strong></span> <span class='ocrx_word' id='word_1_470' title='bbox 397 3432 504 3499; x_wconf 87' lang='lat' dir='ltr'><strong>hic,</strong></span> <span class='ocrx_word' id='word_1_471' title='bbox 543 3433 736 3487; x_wconf 85' lang='lat' dir='ltr'><strong>charta</strong></span> <span class='ocrx_word' id='word_1_472' title='bbox 761 3435 1043 3501; x_wconf 89' lang='lat' dir='ltr'><strong>asseritur,</strong></span> <span class='ocrx_word' id='word_1_473' title='bbox 1069 3435 1122 3489; x_wconf 91' lang='lat' dir='ltr'><strong>in</strong></span> <span class='ocrx_word' id='word_1_474' title='bbox 1147 3437 1317 3506; x_wconf 88' lang='lat' dir='ltr'><strong>pratis</strong></span> <span class='ocrx_word' id='word_1_475' title='bbox 1344 3437 1594 3508; x_wconf 78' lang='lat' dir='ltr'><strong>Scyllacii</strong></span> 
     </span>
    </p>
   </div>
   <div class='ocr_carea' id='block_1_65' title="bbox 103 3524 1594 3594">
    <p class='ocr_par' dir='ltr' id='par_1_65' title="bbox 103 3524 1594 3594">
     <span class='ocr_line' id='line_1_65' title="bbox 103 3524 1594 3594; baseline 0.01 -27"><span class='ocrx_word' id='word_1_476' title='bbox 103 3531 378 3578; x_wconf 71' lang='lat' dir='ltr'><strong>commoratus</strong></span> <span class='ocrx_word' id='word_1_477' title='bbox 421 3524 592 3581; x_wconf 82' lang='lat' dir='ltr'><strong>fuisse</strong></span> <span class='ocrx_word' id='word_1_478' title='bbox 623 3527 895 3582; x_wconf 88' lang='lat' dir='ltr'><strong>credatur.</strong></span> <span class='ocrx_word' id='word_1_479' title='bbox 935 3527 1046 3582; x_wconf 91' lang='lat' dir='ltr'><strong>lmo</strong></span> <span class='ocrx_word' id='word_1_480' title='bbox 1091 3543 1240 3594; x_wconf 90' lang='lat' dir='ltr'><strong>vero,</strong></span> <span class='ocrx_word' id='word_1_481' title='bbox 1289 3544 1410 3584; x_wconf 91' lang='lat' dir='ltr'><strong>cum</strong></span> <span class='ocrx_word' id='word_1_482' title='bbox 1449 3530 1594 3594; x_wconf 90' lang='lat' dir='ltr'><strong>hinc,</strong></span> 
     </span>
    </p>
   </div>
   <div class='ocr_carea' id='block_1_66' title="bbox 105 3610 1599 3688">
    <p class='ocr_par' dir='ltr' id='par_1_66' title="bbox 105 3610 1599 3688">
     <span class='ocr_line' id='line_1_66' title="bbox 105 3610 1599 3688; baseline 0.011 -29"><span class='ocrx_word' id='word_1_483' title='bbox 105 3610 323 3681; x_wconf 78' lang='lat' dir='ltr'><strong>principem</strong></span> <span class='ocrx_word' id='word_1_484' title='bbox 349 3615 494 3670; x_wconf 90' lang='lat' dir='ltr'><strong>illum</strong></span> <span class='ocrx_word' id='word_1_485' title='bbox 523 3617 724 3672; x_wconf 85' lang='lat' dir='ltr'><strong>ibidem</strong></span> <span class='ocrx_word' id='word_1_486' title='bbox 761 3633 820 3673; x_wconf 89' lang='lat' dir='ltr'><strong>re</strong></span> <span class='ocrx_word' id='word_1_487' title='bbox 847 3619 960 3688; x_wconf 90' lang='lat' dir='ltr'><strong>ipsa</strong></span> <span class='ocrx_word' id='word_1_488' title='bbox 991 3620 1294 3686; x_wconf 81' lang='lat' dir='ltr'><strong>exstitisse,</strong></span> <span class='ocrx_word' id='word_1_489' title='bbox 1347 3621 1599 3675; x_wconf 88' lang='lat' dir='ltr'><strong>dubitau-</strong></span> 
     </span>
    </p>
   </div>
   <div class='ocr_carea' id='block_1_67' title="bbox 104 3696 1596 3780">
    <p class='ocr_par' dir='ltr' id='par_1_67' title="bbox 104 3696 1596 3780">
     <span class='ocr_line' id='line_1_67' title="bbox 104 3696 1596 3780; baseline 0.015 -34"><span class='ocrx_word' id='word_1_490' title='bbox 104 3696 182 3752; x_wconf 78' lang='lat' dir='ltr'><strong>dum</strong></span> <span class='ocrx_word' id='word_1_491' title='bbox 202 3718 286 3758; x_wconf 87' lang='lat' dir='ltr'><strong>non</strong></span> <span class='ocrx_word' id='word_1_492' title='bbox 311 3705 390 3769; x_wconf 88' lang='lat' dir='ltr'><strong>sit,</strong></span> <span class='ocrx_word' id='word_1_493' title='bbox 423 3706 830 3780; x_wconf 86' lang='lat' dir='ltr'><strong>Syllaciumque</strong></span> <span class='ocrx_word' id='word_1_494' title='bbox 859 3711 1004 3766; x_wconf 88' lang='lat' dir='ltr'><strong>haud</strong></span> <span class='ocrx_word' id='word_1_495' title='bbox 1035 3713 1220 3780; x_wconf 90' lang='lat' dir='ltr'><strong>procul</strong></span> <span class='ocrx_word' id='word_1_496' title='bbox 1247 3729 1276 3767; x_wconf 91' lang='lat' dir='ltr'><strong>a</strong></span> <span class='ocrx_word' id='word_1_497' title='bbox 1305 3713 1348 3766; x_wconf 88' lang='grc' dir='ltr'>Τ</span> <span class='ocrx_word' id='word_1_498' title='bbox 1353 3715 1596 3770; x_wconf 84' lang='lat' dir='ltr'><strong>urritana</strong></span> 
     </span>
    </p>
   </div>
   <div class='ocr_carea' id='block_1_68' title="bbox 105 3787 1599 3866">
    <p class='ocr_par' dir='ltr' id='par_1_68' title="bbox 105 3787 1599 3866">
     <span class='ocr_line' id='line_1_68' title="bbox 105 3787 1599 3866; baseline 0.015 -28"><span class='ocrx_word' id='word_1_499' title='bbox 105 3787 288 3848; x_wconf 65' lang='lat' dir='ltr'><strong>Calabriae</strong></span> <span class='ocrx_word' id='word_1_500' title='bbox 329 3811 508 3853; x_wconf 89' lang='lat' dir='ltr'><strong>eremo</strong></span> <span class='ocrx_word' id='word_1_501' title='bbox 546 3799 713 3853; x_wconf 89' lang='lat' dir='ltr'><strong>situm</strong></span> <span class='ocrx_word' id='word_1_502' title='bbox 748 3801 836 3866; x_wconf 88' lang='lat' dir='ltr'><strong>sit,</strong></span> <span class='ocrx_word' id='word_1_503' title='bbox 879 3799 1036 3856; x_wconf 84' lang='lat' dir='ltr'><strong>facile</strong></span> <span class='ocrx_word' id='word_1_504' title='bbox 1058 3803 1220 3857; x_wconf 89' lang='lat' dir='ltr'><strong>etiam</strong></span> <span class='ocrx_word' id='word_1_505' title='bbox 1252 3803 1451 3859; x_wconf 88' lang='lat' dir='ltr'><strong>factum</strong></span> <span class='ocrx_word' id='word_1_506' title='bbox 1479 3820 1599 3861; x_wconf 84' lang='lat' dir='ltr'><strong>esse</strong></span> 
     </span>
    </p>
   </div>
   <div class='ocr_carea' id='block_1_69' title="bbox 105 3888 1600 3964">
    <p class='ocr_par' dir='ltr' id='par_1_69' title="bbox 105 3888 1600 3964">
     <span class='ocr_line' id='line_1_69' title="bbox 105 3888 1600 3964; baseline 0.011 -27"><span class='ocrx_word' id='word_1_507' title='bbox 105 3891 234 3948; x_wconf 79' lang='lat' dir='ltr'><strong>potest,</strong></span> <span class='ocrx_word' id='word_1_508' title='bbox 254 3898 304 3941; x_wconf 91' lang='lat' dir='ltr'><strong>ut</strong></span> <span class='ocrx_word' id='word_1_509' title='bbox 328 3888 587 3961; x_wconf 80' lang='lat' dir='ltr'><strong>Rogerius</strong></span> <span class='ocrx_word' id='word_1_510' title='bbox 615 3907 819 3958; x_wconf 89' lang='lat' dir='ltr'><strong>comes,</strong></span> <span class='ocrx_word' id='word_1_511' title='bbox 860 3895 1004 3964; x_wconf 89' lang='lat' dir='ltr'><strong>quod</strong></span> <span class='ocrx_word' id='word_1_512' title='bbox 1036 3895 1088 3949; x_wconf 90' lang='lat' dir='ltr'><strong>in</strong></span> <span class='ocrx_word' id='word_1_513' title='bbox 1113 3898 1303 3951; x_wconf 88' lang='lat' dir='ltr'><strong>eadem</strong></span> <span class='ocrx_word' id='word_1_514' title='bbox 1331 3898 1518 3956; x_wconf 88' lang='lat' dir='ltr'><strong>charta</strong></span> <span class='ocrx_word' id='word_1_515' title='bbox 1541 3913 1600 3954; x_wconf 85' lang='lat' dir='ltr'><strong>se</strong></span> 
     </span>
    </p>
   </div>
   <div class='ocr_carea' id='block_1_70' title="bbox 106 3967 1600 4060">
    <p class='ocr_par' dir='ltr' id='par_1_70' title="bbox 106 3967 1600 4060">
     <span class='ocr_line' id='line_1_70' title="bbox 106 3967 1600 4060; baseline 0.013 -36"><span class='ocrx_word' id='word_1_516' title='bbox 106 3967 246 4036; x_wconf 73' lang='lat' dir='ltr'><strong>iecisse.</strong></span> <span class='ocrx_word' id='word_1_517' title='bbox 267 3978 345 4034; x_wconf 90' lang='lat' dir='ltr'><strong>hic</strong></span> <span class='ocrx_word' id='word_1_518' title='bbox 365 3994 626 4051; x_wconf 58' lang='lat' dir='ltr'><strong>praeterea</strong></span> <span class='ocrx_word' id='word_1_519' title='bbox 653 3999 718 4038; x_wconf 83' lang='lat' dir='ltr'><strong>ex</strong></span> <span class='ocrx_word' id='word_1_520' title='bbox 742 3983 902 4040; x_wconf 86' lang='lat' dir='ltr'><strong>dictis</strong></span> <span class='ocrx_word' id='word_1_521' title='bbox 924 3987 1022 4051; x_wconf 90' lang='lat' dir='ltr'><strong>ait,</strong></span> <span class='ocrx_word' id='word_1_522' title='bbox 1047 3985 1106 4042; x_wconf 90' lang='lat' dir='ltr'><strong>S.</strong></span> <span class='ocrx_word' id='word_1_523' title='bbox 1130 3987 1435 4043; x_wconf 84' lang='lat' dir='ltr'><strong>Brunonem</strong></span> <span class='ocrx_word' id='word_1_524' title='bbox 1458 3989 1600 4060; x_wconf 53' lang='lat' dir='ltr'><strong>ejus-</strong></span> 
     </span>
    </p>
   </div>
   <div class='ocr_carea' id='block_1_71' title="bbox 105 4070 1599 4146">
    <p class='ocr_par' dir='ltr' id='par_1_71' title="bbox 105 4070 1599 4146">
     <span class='ocr_line' id='line_1_71' title="bbox 105 4070 1599 4146; baseline 0.012 -28"><span class='ocrx_word' id='word_1_525' title='bbox 105 4075 170 4128; x_wconf 80' lang='lat' dir='ltr'><strong>que</strong></span> <span class='ocrx_word' id='word_1_526' title='bbox 189 4070 331 4126; x_wconf 87' lang='lat' dir='ltr'><strong>socios</strong></span> <span class='ocrx_word' id='word_1_527' title='bbox 359 4073 625 4140; x_wconf 72' lang='lat' dir='ltr'><strong>inriserit,</strong></span> <span class='ocrx_word' id='word_1_528' title='bbox 669 4078 920 4146; x_wconf 86' lang='lat' dir='ltr'><strong>precibus</strong></span> <span class='ocrx_word' id='word_1_529' title='bbox 949 4094 1138 4134; x_wconf 89' lang='lat' dir='ltr'><strong>eorum</strong></span> <span class='ocrx_word' id='word_1_530' title='bbox 1166 4097 1223 4136; x_wconf 91' lang='lat' dir='ltr'><strong>se</strong></span> <span class='ocrx_word' id='word_1_531' title='bbox 1252 4083 1599 4136; x_wconf 86' lang='lat' dir='ltr'><strong>commenda-</strong></span> 
     </span>
    </p>
   </div>
   <div class='ocr_carea' id='block_1_72' title="bbox 107 4159 1597 4239">
    <p class='ocr_par' dir='ltr' id='par_1_72' title="bbox 107 4159 1597 4239">
     <span class='ocr_line' id='line_1_72' title="bbox 107 4159 1597 4239; baseline 0.016 -36"><span class='ocrx_word' id='word_1_532' title='bbox 107 4159 208 4222; x_wconf 72' lang='lat' dir='ltr'><strong>ierit,</strong></span> <span class='ocrx_word' id='word_1_533' title='bbox 237 4163 591 4238; x_wconf 86' lang='lat' dir='ltr'><strong>chartamque,</strong></span> <span class='ocrx_word' id='word_1_534' title='bbox 623 4169 690 4224; x_wconf 89' lang='lat' dir='ltr'><strong>de</strong></span> <span class='ocrx_word' id='word_1_535' title='bbox 715 4185 820 4239; x_wconf 90' lang='lat' dir='ltr'><strong>qua</strong></span> <span class='ocrx_word' id='word_1_536' title='bbox 855 4170 972 4234; x_wconf 92' lang='lat' dir='ltr'><strong>hic,</strong></span> <span class='ocrx_word' id='word_1_537' title='bbox 1024 4171 1217 4227; x_wconf 91' lang='lat' dir='ltr'><strong>iisdem</strong></span> <span class='ocrx_word' id='word_1_538' title='bbox 1247 4175 1597 4229; x_wconf 88' lang='lat' dir='ltr'><strong>concesserit.</strong></span> 
     </span>
    </p>
   </div>
   <div class='ocr_carea' id='block_1_73' title="bbox 108 4242 1600 4333">
    <p class='ocr_par' dir='ltr' id='par_1_73' title="bbox 108 4242 1600 4333">
     <span class='ocr_line' id='line_1_73' title="bbox 108 4242 1600 4333; baseline 0.007 -24"><span class='ocrx_word' id='word_1_539' title='bbox 108 4242 188 4309; x_wconf 63' lang='lat' dir='ltr'><strong>(illis</strong></span> <span class='ocrx_word' id='word_1_540' title='bbox 205 4268 304 4307; x_wconf 87' lang='lat' dir='ltr'><strong>cum</strong></span> <span class='ocrx_word' id='word_1_541' title='bbox 329 4256 394 4310; x_wconf 89' lang='lat' dir='ltr'><strong>ita</strong></span> <span class='ocrx_word' id='word_1_542' title='bbox 431 4259 560 4324; x_wconf 91' lang='lat' dir='ltr'><strong>sint,</strong></span> <span class='ocrx_word' id='word_1_543' title='bbox 597 4267 846 4328; x_wconf 79' lang='lat' dir='ltr'><strong>notznquc</strong></span> <span class='ocrx_word' id='word_1_544' title='bbox 896 4259 1188 4329; x_wconf 73' lang='lat' dir='ltr'><strong>ehronicae,</strong></span> <span class='ocrx_word' id='word_1_545' title='bbox 1245 4263 1443 4333; x_wconf 88' lang='lat' dir='ltr'><strong>quibus</strong></span> <span class='ocrx_word' id='word_1_546' title='bbox 1486 4265 1600 4320; x_wconf 70' lang='lat' dir='ltr'><strong>hare</strong></span> 
     </span>
    </p>
   </div>
   <div class='ocr_carea' id='block_1_74' title="bbox 36 4348 1599 4422">
    <p class='ocr_par' dir='ltr' id='par_1_74' title="bbox 36 4348 1599 4422">
     <span class='ocr_line' id='line_1_74' title="bbox 36 4348 1599 4422; baseline 0.013 -34"><span class='ocrx_word' id='word_1_547' title='bbox 36 4351 52 4382; x_wconf 65' lang='grc' dir='ltr'>ιτ</span> <span class='ocrx_word' id='word_1_548' title='bbox 108 4348 272 4405; x_wconf 79' lang='lat' dir='ltr'><strong>notatur,</strong></span> <span class='ocrx_word' id='word_1_549' title='bbox 299 4361 384 4400; x_wconf 88' lang='lat' dir='ltr'><strong>seu</strong></span> <span class='ocrx_word' id='word_1_550' title='bbox 415 4363 592 4402; x_wconf 86' lang='lat' dir='ltr'><strong>annus</strong></span> <span class='ocrx_word' id='word_1_551' title='bbox 619 4358 673 4404; x_wconf 89' lang='lat' dir='ltr'><strong>et</strong></span> <span class='ocrx_word' id='word_1_552' title='bbox 720 4349 942 4405; x_wconf 87' lang='lat' dir='ltr'><strong>indictio</strong></span> <span class='ocrx_word' id='word_1_553' title='bbox 972 4351 1112 4406; x_wconf 89' lang='lat' dir='ltr'><strong>inter</strong></span> <span class='ocrx_word' id='word_1_554' title='bbox 1154 4367 1214 4408; x_wconf 89' lang='lat' dir='ltr'><strong>se</strong></span> <span class='ocrx_word' id='word_1_555' title='bbox 1252 4356 1599 4422; x_wconf 89' lang='lat' dir='ltr'><strong>conveniant,</strong></span> 
     </span>
    </p>
   </div>
   <div class='ocr_carea' id='block_1_75' title="bbox 109 4431 1596 4516">
    <p class='ocr_par' dir='ltr' id='par_1_75' title="bbox 109 4431 1596 4516">
     <span class='ocr_line' id='line_1_75' title="bbox 109 4431 1596 4516; baseline 0.013 -37"><span class='ocrx_word' id='word_1_556' title='bbox 109 4437 170 4516; x_wconf 55' lang='lat' dir='ltr'><strong>tice</strong></span> <span class='ocrx_word' id='word_1_557' title='bbox 189 4431 435 4503; x_wconf 88' lang='lat' dir='ltr'><strong>quidquam</strong></span> <span class='ocrx_word' id='word_1_558' title='bbox 489 4447 775 4506; x_wconf 69' lang='lat' dir='ltr'><strong>praeterea,</strong></span> <span class='ocrx_word' id='word_1_559' title='bbox 821 4441 966 4510; x_wconf 89' lang='lat' dir='ltr'><strong>quod</strong></span> <span class='ocrx_word' id='word_1_560' title='bbox 1013 4450 1203 4495; x_wconf 90' lang='lat' dir='ltr'><strong>contra</strong></span> <span class='ocrx_word' id='word_1_561' title='bbox 1253 4442 1596 4498; x_wconf 88' lang='lat' dir='ltr'><strong>instrumenti</strong></span> 
     </span>
    </p>
   </div>
   <div class='ocr_carea' id='block_1_76' title="bbox 110 4512 1601 4598">
    <p class='ocr_par' dir='ltr' id='par_1_76' title="bbox 110 4512 1601 4598">
     <span class='ocr_line' id='line_1_76' title="bbox 110 4512 1601 4598; baseline 0.018 -34"><span class='ocrx_word' id='word_1_562' title='bbox 110 4512 200 4570; x_wconf 86' lang='lat' dir='ltr'><strong>illius</strong></span> <span class='ocrx_word' id='word_1_563' title='bbox 225 4523 564 4582; x_wconf 86' lang='lat' dir='ltr'><strong>sinceritatem</strong></span> <span class='ocrx_word' id='word_1_564' title='bbox 600 4529 782 4594; x_wconf 87' lang='lat' dir='ltr'><strong>faciat,</strong></span> <span class='ocrx_word' id='word_1_565' title='bbox 816 4531 1034 4586; x_wconf 89' lang='lat' dir='ltr'><strong>aliunde</strong></span> <span class='ocrx_word' id='word_1_566' title='bbox 1058 4542 1334 4598; x_wconf 89' lang='lat' dir='ltr'><strong>occurrat,</strong></span> <span class='ocrx_word' id='word_1_567' title='bbox 1380 4550 1486 4589; x_wconf 91' lang='lat' dir='ltr'><strong>non</strong></span> <span class='ocrx_word' id='word_1_568' title='bbox 1516 4548 1601 4591; x_wconf 89' lang='lat' dir='ltr'><strong>est</strong></span> 
     </span>
    </p>
   </div>
   <div class='ocr_carea' id='block_1_77' title="bbox 111 4606 1599 4700">
    <p class='ocr_par' dir='ltr' id='par_1_77' title="bbox 111 4606 1599 4700">
     <span class='ocr_line' id='line_1_77' title="bbox 111 4606 1599 4700; baseline 0.017 -40"><span class='ocrx_word' id='word_1_569' title='bbox 111 4606 202 4700; x_wconf 56' lang='lat' dir='ltr'><strong>enim</strong></span> <span class='ocrx_word' id='word_1_570' title='bbox 225 4627 331 4671; x_wconf 87' lang='lat' dir='ltr'><strong>vero</strong></span> <span class='ocrx_word' id='word_1_571' title='bbox 368 4635 460 4673; x_wconf 84' lang='lat' dir='ltr'><strong>cur</strong></span> <span class='ocrx_word' id='word_1_572' title='bbox 498 4623 551 4677; x_wconf 90' lang='lat' dir='ltr'><strong>id</strong></span> <span class='ocrx_word' id='word_1_573' title='bbox 600 4638 698 4692; x_wconf 91' lang='lat' dir='ltr'><strong>pro</strong></span> <span class='ocrx_word' id='word_1_574' title='bbox 727 4634 998 4694; x_wconf 90' lang='lat' dir='ltr'><strong>suspecto,</strong></span> <span class='ocrx_word' id='word_1_575' title='bbox 1045 4627 1240 4682; x_wconf 90' lang='lat' dir='ltr'><strong>nedum</strong></span> <span class='ocrx_word' id='word_1_576' title='bbox 1273 4645 1369 4698; x_wconf 89' lang='lat' dir='ltr'><strong>pro</strong></span> <span class='ocrx_word' id='word_1_577' title='bbox 1414 4633 1599 4700; x_wconf 92' lang='lat' dir='ltr'><strong>spurio</strong></span> 
     </span>
    </p>
   </div>
   <div class='ocr_carea' id='block_1_78' title="bbox 112 4696 1598 4786">
    <p class='ocr_par' dir='ltr' id='par_1_78' title="bbox 112 4696 1598 4786">
     <span class='ocr_line' id='line_1_78' title="bbox 112 4696 1598 4786; baseline 0.02 -39"><span class='ocrx_word' id='word_1_578' title='bbox 112 4696 312 4770; x_wconf 71' lang='lat' dir='ltr'><strong>iubeatur,</strong></span> <span class='ocrx_word' id='word_1_579' title='bbox 338 4720 386 4764; x_wconf 88' lang='lat' dir='ltr'><strong>et</strong></span> <span class='ocrx_word' id='word_1_580' title='bbox 415 4712 514 4766; x_wconf 90' lang='lat' dir='ltr'><strong>alia</strong></span> <span class='ocrx_word' id='word_1_581' title='bbox 540 4715 783 4783; x_wconf 89' lang='lat' dir='ltr'><strong>proinde,</strong></span> <span class='ocrx_word' id='word_1_582' title='bbox 810 4731 930 4786; x_wconf 73' lang='lat' dir='ltr'><strong>qua:</strong></span> <span class='ocrx_word' id='word_1_583' title='bbox 958 4718 1024 4773; x_wconf 88' lang='lat' dir='ltr'><strong>ad</strong></span> <span class='ocrx_word' id='word_1_584' title='bbox 1056 4696 1316 4774; x_wconf 86' lang='lat' dir='ltr'><strong>Sanctum</strong></span> <span class='ocrx_word' id='word_1_585' title='bbox 1349 4696 1598 4778; x_wconf 72' lang='lat' dir='ltr'><strong>nostrum</strong></span> 
     </span>
    </p>
   </div>
   <div class='ocr_carea' id='block_1_79' title="bbox 113 4798 942 4861">
    <p class='ocr_par' dir='ltr' id='par_1_79' title="bbox 113 4798 942 4861">
     <span class='ocr_line' id='line_1_79' title="bbox 113 4798 942 4861; baseline 0.01 -8"><span class='ocrx_word' id='word_1_586' title='bbox 113 4798 300 4861; x_wconf 65' lang='lat' dir='ltr'><strong>5leuant,</strong></span> <span class='ocrx_word' id='word_1_587' title='bbox 335 4813 630 4858; x_wconf 88' lang='lat' dir='ltr'><strong>sermonem</strong></span> <span class='ocrx_word' id='word_1_588' title='bbox 659 4816 942 4861; x_wconf 78' lang='lat' dir='ltr'><strong>converto.</strong></span> 
     </span>
    </p>
   </div>
   <div class='ocr_carea' id='block_1_80' title="bbox 115 4915 1642 5006">
    <p class='ocr_par' dir='ltr' id='par_1_80' title="bbox 115 4915 1642 5006">
     <span class='ocr_line' id='line_1_80' title="bbox 115 4915 1642 5006; baseline 0.014 -22"><span class='ocrx_word' id='word_1_589' title='bbox 115 4915 304 5006; x_wconf 35' lang='lat' dir='ltr'><strong>“31W.</strong></span> <span class='ocrx_word' id='word_1_590' title='bbox 349 4930 570 4990; x_wconf 81' lang='lat' dir='ltr'><strong>Sanctus</strong></span> <span class='ocrx_word' id='word_1_591' title='bbox 614 4951 967 4995; x_wconf 76' lang='lat' dir='ltr'><strong>constructam</strong></span> <span class='ocrx_word' id='word_1_592' title='bbox 1010 4943 1062 4996; x_wconf 78' lang='lat' dir='ltr'><strong>in</strong></span> <span class='ocrx_word' id='word_1_593' title='bbox 1106 4961 1277 5000; x_wconf 82' lang='lat' dir='ltr'><strong>eremo</strong></span> <span class='ocrx_word' id='word_1_594' title='bbox 1312 4947 1597 5006; x_wconf 81' lang='lat' dir='ltr'><strong>Calabrina</strong></span> <span class='ocrx_word' id='word_1_595' title='bbox 1639 4962 1642 4964; x_wconf 83' lang='lat'>&#39;</span> 
     </span>
    </p>
   </div>
   <div class='ocr_carea' id='block_1_81' title="bbox 154 4996 1598 5083">
    <p class='ocr_par' dir='ltr' id='par_1_81' title="bbox 154 4996 1598 5083">
     <span class='ocr_line' id='line_1_81' title="bbox 154 4996 1598 5083; baseline 0.017 -33"><span class='ocrx_word' id='word_1_596' title='bbox 154 4996 364 5083; x_wconf 60' lang='grc' dir='ltr'>ξςςιιτδᾶαιιι</span> <span class='ocrx_word' id='word_1_597' title='bbox 395 5022 577 5083; x_wconf 76' lang='lat' dir='ltr'><strong>magno</strong></span> <span class='ocrx_word' id='word_1_598' title='bbox 609 5021 862 5083; x_wconf 67' lang='lat' dir='ltr'><strong>apparntu</strong></span> <span class='ocrx_word' id='word_1_599' title='bbox 893 4996 1466 5083; x_wconf 27' lang='lat' dir='ltr'><strong>cattsecrnri—curdtra</strong></span> 
     </span>
    </p>
   </div>
   <div class='ocr_carea' id='block_1_82' title="bbox 154 5063 1598 5199">
    <p class='ocr_par' dir='ltr' id='par_1_82' title="bbox 154 5063 1598 5199">
     <span class='ocr_line' id='line_1_82' title="bbox 154 5063 1598 5199; baseline 0.014 -74"><span class='ocrx_word' id='word_1_600' title='bbox 154 5063 457 5199; x_wconf 51' lang='lat' dir='ltr'><strong>fitpgrcnztragis</strong></span> <span class='ocrx_word' id='word_1_601' title='bbox 478 5063 722 5132; x_wconf 48' lang='lat' dir='ltr'><strong>comitem</strong></span> <span class='ocrx_word' id='word_1_602' title='bbox 751 5079 1031 5152; x_wconf 84' lang='lat' dir='ltr'><strong>Rogerium</strong></span> <span class='ocrx_word' id='word_1_603' title='bbox 1063 5063 1598 5160; x_wconf 46' lang='lat' dir='ltr'><strong>benevoluni,erpa-se</strong></span> 
     </span>
    </p>
   </div>
   <div class='ocr_carea' id='block_1_83' title="bbox 155 5242 1596 5338">
    <p class='ocr_par' dir='ltr' id='par_1_83' title="bbox 155 5242 1596 5338">
     <span class='ocr_line' id='line_1_83' title="bbox 155 5242 1596 5338; baseline 0.021 -37"><span class='ocrx_word' id='word_1_604' title='bbox 155 5242 372 5309; x_wconf 78' lang='lat' dir='ltr'><strong>58LCuni</strong></span> <span class='ocrx_word' id='word_1_605' title='bbox 395 5257 574 5316; x_wconf 89' lang='lat' dir='ltr'><strong>Bruno</strong></span> <span class='ocrx_word' id='word_1_606' title='bbox 595 5261 901 5331; x_wconf 88' lang='lat' dir='ltr'><strong>ecclesiam,</strong></span> <span class='ocrx_word' id='word_1_607' title='bbox 923 5265 1088 5336; x_wconf 88' lang='lat' dir='ltr'><strong>quam</strong></span> <span class='ocrx_word' id='word_1_608' title='bbox 1116 5284 1182 5324; x_wconf 85' lang='lat' dir='ltr'><strong>ex</strong></span> <span class='ocrx_word' id='word_1_609' title='bbox 1207 5271 1384 5338; x_wconf 87' lang='lat' dir='ltr'><strong>dictis,</strong></span> <span class='ocrx_word' id='word_1_610' title='bbox 1415 5277 1596 5331; x_wconf 88' lang='lat' dir='ltr'><strong>statim</strong></span> 
     </span>
    </p>
   </div>
   <div class='ocr_carea' id='block_1_84' title="bbox 120 5340 1599 5426">
    <p class='ocr_par' dir='ltr' id='par_1_84' title="bbox 120 5340 1599 5426">
     <span class='ocr_line' id='line_1_84' title="bbox 120 5340 1599 5426; baseline 0.014 -25"><span class='ocrx_word' id='word_1_611' title='bbox 120 5340 219 5402; x_wconf 60' lang='lat' dir='ltr'><strong>mille</strong></span> <span class='ocrx_word' id='word_1_612' title='bbox 241 5356 264 5394; x_wconf 81' lang='lat' dir='ltr'><strong>a</strong></span> <span class='ocrx_word' id='word_1_613' title='bbox 296 5350 477 5406; x_wconf 87' lang='lat' dir='ltr'><strong>comite</strong></span> <span class='ocrx_word' id='word_1_614' title='bbox 511 5351 744 5426; x_wconf 69' lang='lat' dir='ltr'><strong>[togerio</strong></span> <span class='ocrx_word' id='word_1_615' title='bbox 793 5355 1141 5416; x_wconf 87' lang='lat' dir='ltr'><strong>Turritanam</strong></span> <span class='ocrx_word' id='word_1_616' title='bbox 1180 5361 1443 5420; x_wconf 83' lang='lat' dir='ltr'><strong>Calabriae</strong></span> <span class='ocrx_word' id='word_1_617' title='bbox 1479 5382 1599 5421; x_wconf 83' lang='lat' dir='ltr'><strong>ere-</strong></span> 
     </span>
    </p>
   </div>
   <div class='ocr_carea' id='block_1_85' title="bbox 121 5437 1597 5518">
    <p class='ocr_par' dir='ltr' id='par_1_85' title="bbox 121 5437 1597 5518">
     <span class='ocr_line' id='line_1_85' title="bbox 121 5437 1597 5518; baseline 0.018 -30"><span class='ocrx_word' id='word_1_618' title='bbox 121 5437 212 5518; x_wconf 63' lang='grc' dir='ltr'><strong>ξξὶειω</strong></span> <span class='ocrx_word' id='word_1_619' title='bbox 241 5437 517 5498; x_wconf 89' lang='lat' dir='ltr'><strong>obtinuerat</strong></span> <span class='ocrx_word' id='word_1_620' title='bbox 538 5447 590 5500; x_wconf 93' lang='lat' dir='ltr'><strong>in</strong></span> <span class='ocrx_word' id='word_1_621' title='bbox 638 5449 896 5505; x_wconf 88' lang='lat' dir='ltr'><strong>honorem</strong></span> <span class='ocrx_word' id='word_1_622' title='bbox 942 5451 1060 5518; x_wconf 90' lang='lat' dir='ltr'><strong>Dei,</strong></span> <span class='ocrx_word' id='word_1_623' title='bbox 1107 5455 1462 5512; x_wconf 63' lang='lat' dir='ltr'><strong>sanctissima:</strong></span> <span class='ocrx_word' id='word_1_624' title='bbox 1505 5459 1597 5514; x_wconf 92' lang='lat' dir='ltr'><strong>Dei</strong></span> 
     </span>
    </p>
   </div>
   <div class='ocr_carea' id='block_1_86' title="bbox 122 5510 1594 5609">
    <p class='ocr_par' dir='ltr' id='par_1_86' title="bbox 122 5510 1594 5609">
     <span class='ocr_line' id='line_1_86' title="bbox 122 5510 1594 5609; baseline 0.022 -38"><span class='ocrx_word' id='word_1_625' title='bbox 122 5510 327 5581; x_wconf 70' lang='lat' dir='ltr'><strong>Genitricis</strong></span> <span class='ocrx_word' id='word_1_626' title='bbox 369 5543 420 5586; x_wconf 89' lang='lat' dir='ltr'><strong>et</strong></span> <span class='ocrx_word' id='word_1_627' title='bbox 461 5532 520 5588; x_wconf 88' lang='lat' dir='ltr'><strong>S.</strong></span> <span class='ocrx_word' id='word_1_628' title='bbox 550 5533 772 5593; x_wconf 85' lang='lat' dir='ltr'><strong>Joannis</strong></span> <span class='ocrx_word' id='word_1_629' title='bbox 801 5510 1058 5609; x_wconf 52' lang='lat' dir='ltr'><strong>Baptista;</strong></span> <span class='ocrx_word' id='word_1_630' title='bbox 1097 5510 1594 5603; x_wconf 22' lang='lat' dir='ltr'><strong>aediﬁcari/ibidem</strong></span> 
     </span>
    </p>
   </div>
   <div class='ocr_carea' id='block_1_87' title="bbox 125 5613 1596 5707">
    <p class='ocr_par' dir='ltr' id='par_1_87' title="bbox 125 5613 1596 5707">
     <span class='ocr_line' id='line_1_87' title="bbox 125 5613 1596 5707; baseline 0.022 -45"><span class='ocrx_word' id='word_1_631' title='bbox 125 5613 280 5707; x_wconf 45' lang='lat' dir='ltr'><strong>stravit,</strong></span> <span class='ocrx_word' id='word_1_632' title='bbox 305 5623 363 5676; x_wconf 90' lang='lat' dir='ltr'><strong>ad</strong></span> <span class='ocrx_word' id='word_1_633' title='bbox 394 5627 698 5684; x_wconf 86' lang='lat' dir='ltr'><strong>umbilicum</strong></span> <span class='ocrx_word' id='word_1_634' title='bbox 741 5631 956 5686; x_wconf 83' lang='lat' dir='ltr'><strong>videbat</strong></span> <span class='ocrx_word' id='word_1_635' title='bbox 995 5634 1304 5703; x_wconf 89' lang='lat' dir='ltr'><strong>adductam,</strong></span> <span class='ocrx_word' id='word_1_636' title='bbox 1339 5639 1476 5707; x_wconf 86' lang='lat' dir='ltr'><strong>apud</strong></span> <span class='ocrx_word' id='word_1_637' title='bbox 1505 5656 1596 5695; x_wconf 91' lang='lat' dir='ltr'><strong>co-</strong></span> 
     </span>
    </p>
   </div>
   <div class='ocr_carea' id='block_1_88' title="bbox 126 5705 1590 5787">
    <p class='ocr_par' dir='ltr' id='par_1_88' title="bbox 126 5705 1590 5787">
     <span class='ocr_line' id='line_1_88' title="bbox 126 5705 1590 5787; baseline 0.014 -21"><span class='ocrx_word' id='word_1_638' title='bbox 126 5705 245 5758; x_wconf 67' lang='grc' dir='ltr'>Πιιιεω</span> <span class='ocrx_word' id='word_1_639' title='bbox 267 5705 549 5787; x_wconf 72' lang='lat' dir='ltr'><strong>Rogerium,</strong></span> <span class='ocrx_word' id='word_1_640' title='bbox 578 5729 638 5775; x_wconf 92' lang='lat' dir='ltr'><strong>ut</strong></span> <span class='ocrx_word' id='word_1_641' title='bbox 671 5733 788 5778; x_wconf 86' lang='lat' dir='ltr'><strong>eam</strong></span> <span class='ocrx_word' id='word_1_642' title='bbox 827 5722 1054 5780; x_wconf 79' lang='lat' dir='ltr'><strong>solemni</strong></span> <span class='ocrx_word' id='word_1_643' title='bbox 1107 5724 1214 5781; x_wconf 89' lang='lat' dir='ltr'><strong>ritu</strong></span> <span class='ocrx_word' id='word_1_644' title='bbox 1263 5705 1590 5786; x_wconf 80' lang='lat' dir='ltr'><strong>consecran-</strong></span> 
     </span>
    </p>
   </div>
   <div class='ocr_carea' id='block_1_89' title="bbox 1700 3239 3284 3311">
    <p class='ocr_par' dir='ltr' id='par_1_89' title="bbox 1700 3239 3284 3311">
     <span class='ocr_line' id='line_1_89' title="bbox 1700 3239 3284 3311; baseline -0.001 -17"><span class='ocrx_word' id='word_1_645' title='bbox 1700 3240 2070 3311; x_wconf 87' lang='lat' dir='ltr'><strong>Tropiensem,</strong></span> <span class='ocrx_word' id='word_1_646' title='bbox 2092 3240 2562 3304; x_wconf 88' lang='lat' dir='ltr'><strong>Neocastrcnsem,</strong></span> <span class='ocrx_word' id='word_1_647' title='bbox 2578 3241 2959 3295; x_wconf 89' lang='lat' dir='ltr'><strong>Catanieusem</strong></span> <span class='ocrx_word' id='word_1_648' title='bbox 2977 3250 3028 3295; x_wconf 91' lang='lat' dir='ltr'><strong>et</strong></span> <span class='ocrx_word' id='word_1_649' title='bbox 3047 3239 3284 3310; x_wconf 85' lang='lat' dir='ltr'><strong>Squilla-</strong></span> 
     </span>
    </p>
   </div>
   <div class='ocr_carea' id='block_1_90' title="bbox 1699 3333 3284 3402">
    <p class='ocr_par' dir='ltr' id='par_1_90' title="bbox 1699 3333 3284 3402">
     <span class='ocr_line' id='line_1_90' title="bbox 1699 3333 3284 3402; baseline -0.003 -14"><span class='ocrx_word' id='word_1_650' title='bbox 1699 3348 1915 3388; x_wconf 88' lang='lat' dir='ltr'><strong>censem</strong></span> <span class='ocrx_word' id='word_1_651' title='bbox 1959 3333 2270 3402; x_wconf 87' lang='lat' dir='ltr'><strong>episcopos,</strong></span> <span class='ocrx_word' id='word_1_652' title='bbox 2307 3333 2742 3386; x_wconf 83' lang='lat' dir='ltr'><strong>collaudantibus</strong></span> <span class='ocrx_word' id='word_1_653' title='bbox 2772 3333 2974 3387; x_wconf 89' lang='lat' dir='ltr'><strong>eisdem</strong></span> <span class='ocrx_word' id='word_1_654' title='bbox 3009 3334 3284 3387; x_wconf 85' lang='lat' dir='ltr'><strong>sanctissi-</strong></span> 
     </span>
    </p>
   </div>
   <div class='ocr_carea' id='block_1_91' title="bbox 1701 3424 3284 3495">
    <p class='ocr_par' dir='ltr' id='par_1_91' title="bbox 1701 3424 3284 3495">
     <span class='ocr_line' id='line_1_91' title="bbox 1701 3424 3284 3495; baseline 0 -16"><span class='ocrx_word' id='word_1_655' title='bbox 1701 3426 1804 3480; x_wconf 91' lang='lat' dir='ltr'><strong>mis</strong></span> <span class='ocrx_word' id='word_1_656' title='bbox 1836 3425 2107 3490; x_wconf 88' lang='lat' dir='ltr'><strong>Patribus,</strong></span> <span class='ocrx_word' id='word_1_657' title='bbox 2165 3425 2284 3478; x_wconf 88' lang='lat' dir='ltr'><strong>dedi</strong></span> <span class='ocrx_word' id='word_1_658' title='bbox 2339 3426 2496 3480; x_wconf 86' lang='lat' dir='ltr'><strong>beato</strong></span> <span class='ocrx_word' id='word_1_659' title='bbox 2542 3425 2682 3494; x_wconf 87' lang='lat' dir='ltr'><strong>patri</strong></span> <span class='ocrx_word' id='word_1_660' title='bbox 2733 3424 2990 3490; x_wconf 87' lang='lat' dir='ltr'><strong>Brunoni,</strong></span> <span class='ocrx_word' id='word_1_661' title='bbox 3025 3428 3284 3495; x_wconf 85' lang='lat' dir='ltr'><strong>magistro</strong></span> 
     </span>
    </p>
   </div>
   <div class='ocr_carea' id='block_1_92' title="bbox 1698 3517 3286 3586">
    <p class='ocr_par' dir='ltr' id='par_1_92' title="bbox 1698 3517 3286 3586">
     <span class='ocr_line' id='line_1_92' title="bbox 1698 3517 3286 3586; baseline 0 -15"><span class='ocrx_word' id='word_1_662' title='bbox 1698 3519 1936 3586; x_wconf 77' lang='lat' dir='ltr'><strong>ejusdem</strong></span> <span class='ocrx_word' id='word_1_663' title='bbox 1967 3518 2153 3581; x_wconf 86' lang='lat' dir='ltr'><strong>eremi,</strong></span> <span class='ocrx_word' id='word_1_664' title='bbox 2199 3517 2300 3570; x_wconf 89' lang='lat' dir='ltr'><strong>sibi</strong></span> <span class='ocrx_word' id='word_1_665' title='bbox 2330 3525 2384 3570; x_wconf 87' lang='lat' dir='ltr'><strong>et</strong></span> <span class='ocrx_word' id='word_1_666' title='bbox 2413 3517 2822 3572; x_wconf 82' lang='lat' dir='ltr'><strong>successoribus</strong></span> <span class='ocrx_word' id='word_1_667' title='bbox 2851 3519 2963 3572; x_wconf 88' lang='lat' dir='ltr'><strong>suis</strong></span> <span class='ocrx_word' id='word_1_668' title='bbox 3009 3526 3286 3572; x_wconf 87' lang='lat' dir='ltr'><strong>monaste-</strong></span> 
     </span>
    </p>
   </div>
   <div class='ocr_carea' id='block_1_93' title="bbox 1701 3608 3286 3680">
    <p class='ocr_par' dir='ltr' id='par_1_93' title="bbox 1701 3608 3286 3680">
     <span class='ocr_line' id='line_1_93' title="bbox 1701 3608 3286 3680; baseline 0 -18"><span class='ocrx_word' id='word_1_669' title='bbox 1701 3611 1840 3662; x_wconf 90' lang='lat' dir='ltr'><strong>rium</strong></span> <span class='ocrx_word' id='word_1_670' title='bbox 1875 3609 2088 3663; x_wconf 59' lang='lat' dir='ltr'><strong>Sanctae</strong></span> <span class='ocrx_word' id='word_1_671' title='bbox 2116 3609 2302 3662; x_wconf 62' lang='lat' dir='ltr'><strong>Maria;</strong></span> <span class='ocrx_word' id='word_1_672' title='bbox 2331 3609 2397 3663; x_wconf 90' lang='lat' dir='ltr'><strong>de</strong></span> <span class='ocrx_word' id='word_1_673' title='bbox 2432 3608 2654 3663; x_wconf 86' lang='lat' dir='ltr'><strong>Arsasia</strong></span> <span class='ocrx_word' id='word_1_674' title='bbox 2678 3623 2800 3664; x_wconf 90' lang='lat' dir='ltr'><strong>cum</strong></span> <span class='ocrx_word' id='word_1_675' title='bbox 2837 3610 3088 3664; x_wconf 86' lang='lat' dir='ltr'><strong>omnibus</strong></span> <span class='ocrx_word' id='word_1_676' title='bbox 3117 3610 3286 3680; x_wconf 82' lang='lat' dir='ltr'><strong>perti-</strong></span> 
     </span>
    </p>
   </div>
   <div class='ocr_carea' id='block_1_94' title="bbox 1701 3700 3293 3769">
    <p class='ocr_par' dir='ltr' id='par_1_94' title="bbox 1701 3700 3293 3769">
     <span class='ocr_line' id='line_1_94' title="bbox 1701 3700 3293 3769; baseline 0.002 -15"><span class='ocrx_word' id='word_1_677' title='bbox 1701 3701 1902 3754; x_wconf 89' lang='lat' dir='ltr'><strong>nentiis</strong></span> <span class='ocrx_word' id='word_1_678' title='bbox 1931 3702 2066 3763; x_wconf 88' lang='lat' dir='ltr'><strong>suis,</strong></span> <span class='ocrx_word' id='word_1_679' title='bbox 2097 3701 2404 3769; x_wconf 88' lang='lat' dir='ltr'><strong>ubicunque</strong></span> <span class='ocrx_word' id='word_1_680' title='bbox 2431 3701 2559 3768; x_wconf 87' lang='lat' dir='ltr'><strong>sint,</strong></span> <span class='ocrx_word' id='word_1_681' title='bbox 2610 3700 2896 3755; x_wconf 78' lang='lat' dir='ltr'><strong>eximendo</strong></span> <span class='ocrx_word' id='word_1_682' title='bbox 2922 3701 3168 3756; x_wconf 86' lang='lat' dir='ltr'><strong>eamdem</strong></span> <span class='ocrx_word' id='word_1_683' title='bbox 3196 3718 3293 3757; x_wconf 84' lang='lat' dir='ltr'><strong>ec-</strong></span> 
     </span>
    </p>
   </div>
   <div class='ocr_carea' id='block_1_95' title="bbox 1701 3793 3290 3850">
    <p class='ocr_par' dir='ltr' id='par_1_95' title="bbox 1701 3793 3290 3850">
     <span class='ocr_line' id='line_1_95' title="bbox 1701 3793 3290 3850; baseline 0.003 -4"><span class='ocrx_word' id='word_1_684' title='bbox 1701 3793 1922 3846; x_wconf 87' lang='lat' dir='ltr'><strong>clesiam</strong></span> <span class='ocrx_word' id='word_1_685' title='bbox 1952 3808 2044 3848; x_wconf 88' lang='lat' dir='ltr'><strong>seu</strong></span> <span class='ocrx_word' id='word_1_686' title='bbox 2073 3794 2461 3848; x_wconf 82' lang='lat' dir='ltr'><strong>monasterium</strong></span> <span class='ocrx_word' id='word_1_687' title='bbox 2483 3795 2550 3848; x_wconf 89' lang='lat' dir='ltr'><strong>de</strong></span> <span class='ocrx_word' id='word_1_688' title='bbox 2576 3794 2796 3850; x_wconf 84' lang='lat' dir='ltr'><strong>Arsasia</strong></span> <span class='ocrx_word' id='word_1_689' title='bbox 2827 3795 2894 3849; x_wconf 87' lang='lat' dir='ltr'><strong>ab</strong></span> <span class='ocrx_word' id='word_1_690' title='bbox 2923 3796 3182 3850; x_wconf 87' lang='lat' dir='ltr'><strong>hodierno</strong></span> <span class='ocrx_word' id='word_1_691' title='bbox 3204 3797 3290 3850; x_wconf 87' lang='lat' dir='ltr'><strong>die</strong></span> 
     </span>
    </p>
   </div>
   <div class='ocr_carea' id='block_1_96' title="bbox 1702 3886 3290 3960">
    <p class='ocr_par' dir='ltr' id='par_1_96' title="bbox 1702 3886 3290 3960">
     <span class='ocr_line' id='line_1_96' title="bbox 1702 3886 3290 3960; baseline 0.006 -22"><span class='ocrx_word' id='word_1_692' title='bbox 1702 3886 1754 3939; x_wconf 90' lang='lat' dir='ltr'><strong>iu</strong></span> <span class='ocrx_word' id='word_1_693' title='bbox 1783 3895 1940 3940; x_wconf 87' lang='lat' dir='ltr'><strong>antea</strong></span> <span class='ocrx_word' id='word_1_694' title='bbox 1972 3888 2024 3941; x_wconf 92' lang='lat' dir='ltr'><strong>in</strong></span> <span class='ocrx_word' id='word_1_695' title='bbox 2064 3900 2383 3959; x_wconf 89' lang='lat' dir='ltr'><strong>perpetuum</strong></span> <span class='ocrx_word' id='word_1_696' title='bbox 2415 3891 2482 3944; x_wconf 89' lang='lat' dir='ltr'><strong>de</strong></span> <span class='ocrx_word' id='word_1_697' title='bbox 2526 3890 2672 3944; x_wconf 80' lang='lat' dir='ltr'><strong>enini</strong></span> <span class='ocrx_word' id='word_1_698' title='bbox 2725 3892 3006 3960; x_wconf 87' lang='lat' dir='ltr'><strong>temporali</strong></span> <span class='ocrx_word' id='word_1_699' title='bbox 3046 3893 3290 3956; x_wconf 84' lang='lat' dir='ltr'><strong>servitio,</strong></span> 
     </span>
    </p>
   </div>
   <div class='ocr_carea' id='block_1_97' title="bbox 1702 3975 3286 4050">
    <p class='ocr_par' dir='ltr' id='par_1_97' title="bbox 1702 3975 3286 4050">
     <span class='ocr_line' id='line_1_97' title="bbox 1702 3975 3286 4050; baseline 0.005 -20"><span class='ocrx_word' id='word_1_700' title='bbox 1702 3985 1756 4030; x_wconf 91' lang='lat' dir='ltr'><strong>et</strong></span> <span class='ocrx_word' id='word_1_701' title='bbox 1797 3975 1955 4032; x_wconf 86' lang='lat' dir='ltr'><strong>Turri</strong></span> <span class='ocrx_word' id='word_1_702' title='bbox 1985 3978 2052 4032; x_wconf 88' lang='lat' dir='ltr'><strong>ad</strong></span> <span class='ocrx_word' id='word_1_703' title='bbox 2083 3995 2204 4049; x_wconf 70' lang='lat' dir='ltr'><strong>qua:</strong></span> <span class='ocrx_word' id='word_1_704' title='bbox 2233 3984 2536 4044; x_wconf 88' lang='lat' dir='ltr'><strong>tenebatur,</strong></span> <span class='ocrx_word' id='word_1_705' title='bbox 2565 3983 2760 4050; x_wconf 89' lang='lat' dir='ltr'><strong>oppido</strong></span> <span class='ocrx_word' id='word_1_706' title='bbox 2791 3998 2910 4037; x_wconf 87' lang='lat' dir='ltr'><strong>meo</strong></span> <span class='ocrx_word' id='word_1_707' title='bbox 2938 3984 3003 4036; x_wconf 87' lang='lat' dir='ltr'><strong>de</strong></span> <span class='ocrx_word' id='word_1_708' title='bbox 3033 3983 3192 4048; x_wconf 91' lang='lat' dir='ltr'><strong>Stilo,</strong></span> <span class='ocrx_word' id='word_1_709' title='bbox 3224 3993 3286 4038; x_wconf 88' lang='lat' dir='ltr'><strong>ut</strong></span> 
     </span>
    </p>
   </div>
   <div class='ocr_carea' id='block_1_98' title="bbox 1702 4068 3292 4143">
    <p class='ocr_par' dir='ltr' id='par_1_98' title="bbox 1702 4068 3292 4143">
     <span class='ocr_line' id='line_1_98' title="bbox 1702 4068 3292 4143; baseline 0.004 -21"><span class='ocrx_word' id='word_1_710' title='bbox 1702 4068 1929 4124; x_wconf 88' lang='lat' dir='ltr'><strong>ecclesia</strong></span> <span class='ocrx_word' id='word_1_711' title='bbox 1975 4070 2041 4125; x_wconf 91' lang='lat' dir='ltr'><strong>de</strong></span> <span class='ocrx_word' id='word_1_712' title='bbox 2087 4087 2274 4126; x_wconf 85' lang='lat' dir='ltr'><strong>eremo</strong></span> <span class='ocrx_word' id='word_1_713' title='bbox 2321 4082 2376 4128; x_wconf 91' lang='lat' dir='ltr'><strong>et</strong></span> <span class='ocrx_word' id='word_1_714' title='bbox 2425 4073 2623 4127; x_wconf 89' lang='lat' dir='ltr'><strong>fratres</strong></span> <span class='ocrx_word' id='word_1_715' title='bbox 2675 4074 2727 4127; x_wconf 93' lang='lat' dir='ltr'><strong>in</strong></span> <span class='ocrx_word' id='word_1_716' title='bbox 2775 4089 3091 4143; x_wconf 84' lang='lat' dir='ltr'><strong>perpetuum</strong></span> <span class='ocrx_word' id='word_1_717' title='bbox 3149 4073 3292 4128; x_wconf 91' lang='lat' dir='ltr'><strong>illam</strong></span> 
     </span>
    </p>
   </div>
   <div class='ocr_carea' id='block_1_99' title="bbox 1707 4161 3291 4237">
    <p class='ocr_par' dir='ltr' id='par_1_99' title="bbox 1707 4161 3291 4237">
     <span class='ocr_line' id='line_1_99' title="bbox 1707 4161 3291 4237; baseline 0.008 -27"><span class='ocrx_word' id='word_1_718' title='bbox 1707 4161 1889 4229; x_wconf 87' lang='lat' dir='ltr'><strong>quiete</strong></span> <span class='ocrx_word' id='word_1_719' title='bbox 1917 4162 2152 4218; x_wconf 84' lang='lat' dir='ltr'><strong>habeant</strong></span> <span class='ocrx_word' id='word_1_720' title='bbox 2177 4165 2293 4220; x_wconf 89' lang='lat' dir='ltr'><strong>sine</strong></span> <span class='ocrx_word' id='word_1_721' title='bbox 2319 4167 2464 4220; x_wconf 90' lang='lat' dir='ltr'><strong>omni</strong></span> <span class='ocrx_word' id='word_1_722' title='bbox 2490 4166 2757 4220; x_wconf 88' lang='lat' dir='ltr'><strong>calumnia</strong></span> <span class='ocrx_word' id='word_1_723' title='bbox 2785 4178 2840 4218; x_wconf 89' lang='lat' dir='ltr'><strong>et</strong></span> <span class='ocrx_word' id='word_1_724' title='bbox 2867 4166 2983 4220; x_wconf 87' lang='lat' dir='ltr'><strong>sine</strong></span> <span class='ocrx_word' id='word_1_725' title='bbox 3012 4169 3291 4237; x_wconf 82' lang='lat' dir='ltr'><strong>temporali</strong></span> 
     </span>
    </p>
   </div>
   <div class='ocr_carea' id='block_1_100' title="bbox 1705 4253 3292 4326">
    <p class='ocr_par' dir='ltr' id='par_1_100' title="bbox 1705 4253 3292 4326">
     <span class='ocr_line' id='line_1_100' title="bbox 1705 4253 3292 4326; baseline 0.004 -20"><span class='ocrx_word' id='word_1_726' title='bbox 1705 4253 1948 4318; x_wconf 84' lang='lat' dir='ltr'><strong>servitio,</strong></span> <span class='ocrx_word' id='word_1_727' title='bbox 1980 4256 2124 4310; x_wconf 90' lang='lat' dir='ltr'><strong>omni</strong></span> <span class='ocrx_word' id='word_1_728' title='bbox 2160 4266 2367 4310; x_wconf 89' lang='lat' dir='ltr'><strong>remoto</strong></span> <span class='ocrx_word' id='word_1_729' title='bbox 2398 4259 2616 4312; x_wconf 90' lang='lat' dir='ltr'><strong>tremari</strong></span> <span class='ocrx_word' id='word_1_730' title='bbox 2648 4269 2699 4312; x_wconf 89' lang='lat' dir='ltr'><strong>et</strong></span> <span class='ocrx_word' id='word_1_731' title='bbox 2732 4257 2991 4326; x_wconf 87' lang='lat' dir='ltr'><strong>placario,</strong></span> <span class='ocrx_word' id='word_1_732' title='bbox 3019 4269 3068 4312; x_wconf 87' lang='lat' dir='ltr'><strong>et</strong></span> <span class='ocrx_word' id='word_1_733' title='bbox 3103 4259 3292 4313; x_wconf 88' lang='lat' dir='ltr'><strong>horum</strong></span> 
     </span>
    </p>
   </div>
   <div class='ocr_carea' id='block_1_101' title="bbox 1703 4345 2722 4404">
    <p class='ocr_par' dir='ltr' id='par_1_101' title="bbox 1703 4345 2722 4404">
     <span class='ocr_line' id='line_1_101' title="bbox 1703 4345 2722 4404; baseline 0.003 -6"><span class='ocrx_word' id='word_1_734' title='bbox 1703 4345 1945 4398; x_wconf 90' lang='lat' dir='ltr'><strong>omnium</strong></span> <span class='ocrx_word' id='word_1_735' title='bbox 1995 4349 2216 4402; x_wconf 87' lang='lat' dir='ltr'><strong>remotis</strong></span> <span class='ocrx_word' id='word_1_736' title='bbox 2265 4348 2722 4404; x_wconf 86' lang='lat' dir='ltr'><strong>infestationibus.</strong></span> 
     </span>
    </p>
   </div>
   <div class='ocr_carea' id='block_1_102' title="bbox 1775 4433 3290 4508">
    <p class='ocr_par' dir='ltr' id='par_1_102' title="bbox 1775 4433 3290 4508">
     <span class='ocr_line' id='line_1_102' title="bbox 1775 4433 3290 4508; baseline 0.005 -21"><span class='ocrx_word' id='word_1_737' title='bbox 1775 4433 1900 4489; x_wconf 66' lang='grc'><strong>585.</strong></span> <span class='ocrx_word' id='word_1_738' title='bbox 1932 4455 1949 4487; x_wconf 80' lang='grc' dir='ltr'><strong>ι</strong></span> <span class='ocrx_word' id='word_1_739' title='bbox 1998 4435 2119 4490; x_wconf 60' lang='lat' dir='ltr'><strong>llatae</strong></span> <span class='ocrx_word' id='word_1_740' title='bbox 2161 4447 2340 4492; x_wconf 86' lang='lat' dir='ltr'><strong>autem</strong></span> <span class='ocrx_word' id='word_1_741' title='bbox 2380 4440 2604 4492; x_wconf 85' lang='lat' dir='ltr'><strong>donaria</strong></span> <span class='ocrx_word' id='word_1_742' title='bbox 2645 4439 2888 4492; x_wconf 73' lang='lat' dir='ltr'><strong>ecclesia:</strong></span> <span class='ocrx_word' id='word_1_743' title='bbox 2921 4439 3192 4508; x_wconf 53' lang='lat' dir='ltr'><strong>praedicta!</strong></span> <span class='ocrx_word' id='word_1_744' title='bbox 3224 4441 3290 4495; x_wconf 85' lang='lat' dir='ltr'><strong>de</strong></span> 
     </span>
    </p>
   </div>
   <div class='ocr_carea' id='block_1_103' title="bbox 1707 4525 3289 4594">
    <p class='ocr_par' dir='ltr' id='par_1_103' title="bbox 1707 4525 3289 4594">
     <span class='ocr_line' id='line_1_103' title="bbox 1707 4525 3289 4594; baseline 0.006 -17"><span class='ocrx_word' id='word_1_745' title='bbox 1707 4525 1898 4591; x_wconf 88' lang='lat' dir='ltr'><strong>Bosco,</strong></span> <span class='ocrx_word' id='word_1_746' title='bbox 1929 4537 1982 4581; x_wconf 91' lang='lat' dir='ltr'><strong>et</strong></span> <span class='ocrx_word' id='word_1_747' title='bbox 2023 4527 2282 4582; x_wconf 73' lang='lat' dir='ltr'><strong>fratribus</strong></span> <span class='ocrx_word' id='word_1_748' title='bbox 2310 4528 2381 4586; x_wconf 87' lang='lat' dir='ltr'><strong>ibi</strong></span> <span class='ocrx_word' id='word_1_749' title='bbox 2418 4530 2525 4583; x_wconf 84' lang='lat' dir='ltr'><strong>Deo</strong></span> <span class='ocrx_word' id='word_1_750' title='bbox 2549 4529 2930 4594; x_wconf 87' lang='lat' dir='ltr'><strong>servientibus,</strong></span> <span class='ocrx_word' id='word_1_751' title='bbox 2958 4531 3137 4584; x_wconf 89' lang='lat' dir='ltr'><strong>dotem</strong></span> <span class='ocrx_word' id='word_1_752' title='bbox 3168 4532 3289 4586; x_wconf 83' lang='lat' dir='ltr'><strong>dedi</strong></span> 
     </span>
    </p>
   </div>
   <div class='ocr_carea' id='block_1_104' title="bbox 1703 4616 3294 4687">
    <p class='ocr_par' dir='ltr' id='par_1_104' title="bbox 1703 4616 3294 4687">
     <span class='ocr_line' id='line_1_104' title="bbox 1703 4616 3294 4687; baseline 0.004 -19"><span class='ocrx_word' id='word_1_753' title='bbox 1703 4616 1976 4687; x_wconf 80' lang='lat' dir='ltr'><strong>Adeluyde</strong></span> <span class='ocrx_word' id='word_1_754' title='bbox 2025 4617 2252 4686; x_wconf 79' lang='lat' dir='ltr'><strong>conjuge</strong></span> <span class='ocrx_word' id='word_1_755' title='bbox 2301 4635 2422 4672; x_wconf 85' lang='lat' dir='ltr'><strong>mea</strong></span> <span class='ocrx_word' id='word_1_756' title='bbox 2473 4619 2792 4672; x_wconf 74' lang='lat' dir='ltr'><strong>consiliante</strong></span> <span class='ocrx_word' id='word_1_757' title='bbox 2841 4629 2895 4673; x_wconf 90' lang='lat' dir='ltr'><strong>et</strong></span> <span class='ocrx_word' id='word_1_758' title='bbox 2945 4620 3198 4676; x_wconf 85' lang='lat' dir='ltr'><strong>laudante</strong></span> <span class='ocrx_word' id='word_1_759' title='bbox 3243 4632 3294 4674; x_wconf 89' lang='lat' dir='ltr'><strong>ct</strong></span> 
     </span>
    </p>
   </div>
   <div class='ocr_carea' id='block_1_105' title="bbox 1705 4708 3292 4780">
    <p class='ocr_par' dir='ltr' id='par_1_105' title="bbox 1705 4708 3292 4780">
     <span class='ocr_line' id='line_1_105' title="bbox 1705 4708 3292 4780; baseline 0.002 -18"><span class='ocrx_word' id='word_1_760' title='bbox 1705 4711 2038 4763; x_wconf 86' lang='lat' dir='ltr'><strong>concedente</strong></span> <span class='ocrx_word' id='word_1_761' title='bbox 2085 4708 2323 4763; x_wconf 83' lang='lat' dir='ltr'><strong>Goﬂ&#39;rido</strong></span> <span class='ocrx_word' id='word_1_762' title='bbox 2356 4711 2466 4763; x_wconf 86' lang='lat' dir='ltr'><strong>lilio</strong></span> <span class='ocrx_word' id='word_1_763' title='bbox 2500 4725 2641 4777; x_wconf 84' lang='lat' dir='ltr'><strong>meo,</strong></span> <span class='ocrx_word' id='word_1_764' title='bbox 2681 4710 2936 4780; x_wconf 72' lang='lat' dir='ltr'><strong>Mailgerio</strong></span> <span class='ocrx_word' id='word_1_765' title='bbox 2985 4711 3096 4765; x_wconf 77' lang='lat' dir='ltr'><strong>filio</strong></span> <span class='ocrx_word' id='word_1_766' title='bbox 3149 4727 3292 4766; x_wconf 90' lang='lat' dir='ltr'><strong>meo.</strong></span> 
     </span>
    </p>
   </div>
   <div class='ocr_carea' id='block_1_106' title="bbox 1705 4801 3298 4874">
    <p class='ocr_par' dir='ltr' id='par_1_106' title="bbox 1705 4801 3298 4874">
     <span class='ocr_line' id='line_1_106' title="bbox 1705 4801 3298 4874; baseline 0.001 -19"><span class='ocrx_word' id='word_1_767' title='bbox 1705 4801 1857 4868; x_wconf 87' lang='lat' dir='ltr'><strong>Quod</strong></span> <span class='ocrx_word' id='word_1_768' title='bbox 1889 4803 2276 4856; x_wconf 86' lang='lat' dir='ltr'><strong>monasterium</strong></span> <span class='ocrx_word' id='word_1_769' title='bbox 2304 4803 2541 4857; x_wconf 72' lang='lat' dir='ltr'><strong>Arsasia:</strong></span> <span class='ocrx_word' id='word_1_770' title='bbox 2574 4804 2779 4874; x_wconf 87' lang='lat' dir='ltr'><strong>capella</strong></span> <span class='ocrx_word' id='word_1_771' title='bbox 2815 4819 2932 4858; x_wconf 88' lang='lat' dir='ltr'><strong>mea</strong></span> <span class='ocrx_word' id='word_1_772' title='bbox 2963 4813 3081 4858; x_wconf 84' lang='lat' dir='ltr'><strong>erat</strong></span> <span class='ocrx_word' id='word_1_773' title='bbox 3115 4818 3298 4857; x_wconf 85' lang='lat' dir='ltr'><strong>exem-</strong></span> 
     </span>
    </p>
   </div>
   <div class='ocr_carea' id='block_1_107' title="bbox 1707 4893 3286 4966">
    <p class='ocr_par' dir='ltr' id='par_1_107' title="bbox 1707 4893 3286 4966">
     <span class='ocr_line' id='line_1_107' title="bbox 1707 4893 3286 4966; baseline 0 -18"><span class='ocrx_word' id='word_1_774' title='bbox 1707 4906 1796 4966; x_wconf 86' lang='lat' dir='ltr'><strong>pta</strong></span> <span class='ocrx_word' id='word_1_775' title='bbox 1841 4895 1906 4948; x_wconf 89' lang='lat' dir='ltr'><strong>ab</strong></span> <span class='ocrx_word' id='word_1_776' title='bbox 1960 4893 2250 4962; x_wconf 78' lang='lat' dir='ltr'><strong>cpisc0pali</strong></span> <span class='ocrx_word' id='word_1_777' title='bbox 2293 4895 2672 4964; x_wconf 78' lang='lat' dir='ltr'><strong>juristlicliouc</strong></span> <span class='ocrx_word' id='word_1_778' title='bbox 2724 4911 2820 4964; x_wconf 89' lang='lat' dir='ltr'><strong>per</strong></span> <span class='ocrx_word' id='word_1_779' title='bbox 2867 4910 3024 4949; x_wconf 87' lang='lat' dir='ltr'><strong>sacro</strong></span> <span class='ocrx_word' id='word_1_780' title='bbox 3052 4903 3286 4948; x_wconf 72' lang='lat' dir='ltr'><strong>sanctae:</strong></span> 
     </span>
    </p>
   </div>
   <div class='ocr_carea' id='block_1_108' title="bbox 1705 4984 3298 5058">
    <p class='ocr_par' dir='ltr' id='par_1_108' title="bbox 1705 4984 3298 5058">
     <span class='ocr_line' id='line_1_108' title="bbox 1705 4984 3298 5058; baseline 0.003 -19"><span class='ocrx_word' id='word_1_781' title='bbox 1705 4985 2002 5039; x_wconf 77' lang='lat' dir='ltr'><strong>Romanam</strong></span> <span class='ocrx_word' id='word_1_782' title='bbox 2035 4984 2350 5050; x_wconf 74' lang='lat' dir='ltr'><strong>Ecclesium,</strong></span> <span class='ocrx_word' id='word_1_783' title='bbox 2407 4987 2547 5054; x_wconf 87' lang='lat' dir='ltr'><strong>quod</strong></span> <span class='ocrx_word' id='word_1_784' title='bbox 2585 4996 2836 5040; x_wconf 85' lang='lat' dir='ltr'><strong>constare</strong></span> <span class='ocrx_word' id='word_1_785' title='bbox 2877 4985 2976 5042; x_wconf 84' lang='lat' dir='ltr'><strong>feci</strong></span> <span class='ocrx_word' id='word_1_786' title='bbox 3025 4988 3298 5058; x_wconf 59' lang='lat' dir='ltr'><strong>praedictis</strong></span> 
     </span>
    </p>
   </div>
   <div class='ocr_carea' id='block_1_109' title="bbox 1703 5079 3296 5150">
    <p class='ocr_par' dir='ltr' id='par_1_109' title="bbox 1703 5079 3296 5150">
     <span class='ocr_line' id='line_1_109' title="bbox 1703 5079 3296 5150; baseline 0.001 -17"><span class='ocrx_word' id='word_1_787' title='bbox 1703 5082 2113 5150; x_wconf 85' lang='lat' dir='ltr'><strong>archiepiscopo</strong></span> <span class='ocrx_word' id='word_1_788' title='bbox 2140 5086 2192 5132; x_wconf 91' lang='lat' dir='ltr'><strong>et</strong></span> <span class='ocrx_word' id='word_1_789' title='bbox 2219 5079 2512 5148; x_wconf 56' lang='lat' dir='ltr'><strong>epistopis,</strong></span> <span class='ocrx_word' id='word_1_790' title='bbox 2540 5080 2629 5148; x_wconf 91' lang='lat' dir='ltr'><strong>qui</strong></span> <span class='ocrx_word' id='word_1_791' title='bbox 2662 5090 2827 5134; x_wconf 74' lang='lat' dir='ltr'><strong>teszes</strong></span> <span class='ocrx_word' id='word_1_792' title='bbox 2862 5090 2986 5133; x_wconf 91' lang='lat' dir='ltr'><strong>sunt</strong></span> <span class='ocrx_word' id='word_1_793' title='bbox 3017 5081 3172 5148; x_wconf 82' lang='lat' dir='ltr'><strong>hujus</strong></span> <span class='ocrx_word' id='word_1_794' title='bbox 3201 5081 3296 5134; x_wconf 88' lang='lat' dir='ltr'><strong>do-</strong></span> 
     </span>
    </p>
   </div>
   <div class='ocr_carea' id='block_1_110' title="bbox 1704 5170 3292 5237">
    <p class='ocr_par' dir='ltr' id='par_1_110' title="bbox 1704 5170 3292 5237">
     <span class='ocr_line' id='line_1_110' title="bbox 1704 5170 3292 5237; baseline -0.001 -11"><span class='ocrx_word' id='word_1_795' title='bbox 1704 5174 1958 5236; x_wconf 88' lang='lat' dir='ltr'><strong>nationis,</strong></span> <span class='ocrx_word' id='word_1_796' title='bbox 1986 5183 2040 5226; x_wconf 89' lang='lat' dir='ltr'><strong>et</strong></span> <span class='ocrx_word' id='word_1_797' title='bbox 2073 5181 2238 5226; x_wconf 89' lang='lat' dir='ltr'><strong>testes</strong></span> <span class='ocrx_word' id='word_1_798' title='bbox 2266 5180 2389 5224; x_wconf 88' lang='lat' dir='ltr'><strong>sunt</strong></span> <span class='ocrx_word' id='word_1_799' title='bbox 2439 5171 2738 5226; x_wconf 81' lang='lat' dir='ltr'><strong>Gosbertus</strong></span> <span class='ocrx_word' id='word_1_800' title='bbox 2783 5173 2848 5225; x_wconf 89' lang='lat' dir='ltr'><strong>de</strong></span> <span class='ocrx_word' id='word_1_801' title='bbox 2891 5171 3148 5237; x_wconf 84' lang='lat' dir='ltr'><strong>Luciaco,</strong></span> <span class='ocrx_word' id='word_1_802' title='bbox 3189 5170 3292 5225; x_wconf 85' lang='lat' dir='ltr'><strong>Pa-</strong></span> 
     </span>
    </p>
   </div>
   <div class='ocr_carea' id='block_1_111' title="bbox 1705 5255 3294 5335">
    <p class='ocr_par' dir='ltr' id='par_1_111' title="bbox 1705 5255 3294 5335">
     <span class='ocr_line' id='line_1_111' title="bbox 1705 5255 3294 5335; baseline 0.001 -20"><span class='ocrx_word' id='word_1_803' title='bbox 1705 5278 1874 5332; x_wconf 87' lang='lat' dir='ltr'><strong>ganus</strong></span> <span class='ocrx_word' id='word_1_804' title='bbox 1905 5264 1971 5317; x_wconf 90' lang='lat' dir='ltr'><strong>de</strong></span> <span class='ocrx_word' id='word_1_805' title='bbox 1997 5255 2211 5332; x_wconf 80' lang='lat' dir='ltr'><strong>Gorgis,</strong></span> <span class='ocrx_word' id='word_1_806' title='bbox 2259 5260 2521 5332; x_wconf 83' lang='lat' dir='ltr'><strong>Rogerius</strong></span> <span class='ocrx_word' id='word_1_807' title='bbox 2565 5263 2814 5317; x_wconf 83' lang='lat' dir='ltr'><strong>Bonellus</strong></span> <span class='ocrx_word' id='word_1_808' title='bbox 2837 5262 2958 5335; x_wconf 84' lang='lat' dir='ltr'><strong>[al.,</strong></span> <span class='ocrx_word' id='word_1_809' title='bbox 2989 5261 3294 5333; x_wconf 71' lang='lat' dir='ltr'><strong>Touellusi,</strong></span> 
     </span>
    </p>
   </div>
   <div class='ocr_carea' id='block_1_112' title="bbox 1708 5351 3294 5425">
    <p class='ocr_par' dir='ltr' id='par_1_112' title="bbox 1708 5351 3294 5425">
     <span class='ocr_line' id='line_1_112' title="bbox 1708 5351 3294 5425; baseline 0.001 -18"><span class='ocrx_word' id='word_1_810' title='bbox 1708 5351 1872 5408; x_wconf 86' lang='lat' dir='ltr'><strong>Fulco</strong></span> <span class='ocrx_word' id='word_1_811' title='bbox 1895 5353 2218 5424; x_wconf 86' lang='lat' dir='ltr'><strong>Capellanus</strong></span> <span class='ocrx_word' id='word_1_812' title='bbox 2243 5368 2416 5418; x_wconf 86' lang='lat' dir='ltr'><strong>meus,</strong></span> <span class='ocrx_word' id='word_1_813' title='bbox 2447 5355 2538 5423; x_wconf 91' lang='lat' dir='ltr'><strong>qui</strong></span> <span class='ocrx_word' id='word_1_814' title='bbox 2557 5356 2669 5409; x_wconf 75' lang='lat' dir='ltr'><strong>haec</strong></span> <span class='ocrx_word' id='word_1_815' title='bbox 2694 5355 2932 5425; x_wconf 86' lang='lat' dir='ltr'><strong>scripsit.</strong></span> <span class='ocrx_word' id='word_1_816' title='bbox 2961 5354 3084 5408; x_wconf 69' lang='lat' dir='ltr'><strong>llatc</strong></span> <span class='ocrx_word' id='word_1_817' title='bbox 3113 5366 3294 5408; x_wconf 87' lang='lat' dir='ltr'><strong>autem</strong></span> 
     </span>
    </p>
   </div>
   <div class='ocr_carea' id='block_1_113' title="bbox 1708 5446 3296 5515">
    <p class='ocr_par' dir='ltr' id='par_1_113' title="bbox 1708 5446 3296 5515">
     <span class='ocr_line' id='line_1_113' title="bbox 1708 5446 3296 5515; baseline 0 -15"><span class='ocrx_word' id='word_1_818' title='bbox 1708 5446 1826 5501; x_wconf 88' lang='lat' dir='ltr'><strong>dedi</strong></span> <span class='ocrx_word' id='word_1_819' title='bbox 1867 5446 2175 5501; x_wconf 87' lang='lat' dir='ltr'><strong>testimonio</strong></span> <span class='ocrx_word' id='word_1_820' title='bbox 2207 5447 2697 5515; x_wconf 79' lang='lat' dir='ltr'><strong>suprascriptorum</strong></span> <span class='ocrx_word' id='word_1_821' title='bbox 2729 5447 2944 5501; x_wconf 54' lang='lat' dir='ltr'><strong>testium</strong></span> <span class='ocrx_word' id='word_1_822' title='bbox 2985 5453 3040 5501; x_wconf 91' lang='lat' dir='ltr'><strong>et</strong></span> <span class='ocrx_word' id='word_1_823' title='bbox 3085 5446 3147 5511; x_wconf 81' lang='lat' dir='ltr'><strong>hi</strong></span> <span class='ocrx_word' id='word_1_824' title='bbox 3187 5455 3296 5500; x_wconf 82' lang='lat' dir='ltr'><strong>ter-</strong></span> 
     </span>
    </p>
   </div>
   <div class='ocr_carea' id='block_1_114' title="bbox 1678 5539 3298 5613">
    <p class='ocr_par' dir='ltr' id='par_1_114' title="bbox 1678 5539 3298 5613">
     <span class='ocr_line' id='line_1_114' title="bbox 1678 5539 3298 5613; baseline 0.002 -20"><span class='ocrx_word' id='word_1_825' title='bbox 1678 5610 1680 5612; x_wconf 91' lang='lat'><em>_</em></span> <span class='ocrx_word' id='word_1_826' title='bbox 1709 5539 1838 5593; x_wconf 90' lang='lat' dir='ltr'><strong>mini</strong></span> <span class='ocrx_word' id='word_1_827' title='bbox 1865 5548 1915 5592; x_wconf 87' lang='lat' dir='ltr'><strong>et</strong></span> <span class='ocrx_word' id='word_1_828' title='bbox 1961 5539 2159 5593; x_wconf 82' lang='lat' dir='ltr'><strong>limites</strong></span> <span class='ocrx_word' id='word_1_829' title='bbox 2189 5539 2402 5594; x_wconf 68' lang='lat' dir='ltr'><strong>Sanctzc</strong></span> <span class='ocrx_word' id='word_1_830' title='bbox 2433 5541 2614 5595; x_wconf 74' lang='lat' dir='ltr'><strong>Maria:</strong></span> <span class='ocrx_word' id='word_1_831' title='bbox 2646 5542 2710 5595; x_wconf 89' lang='lat' dir='ltr'><strong>de</strong></span> <span class='ocrx_word' id='word_1_832' title='bbox 2740 5543 3004 5613; x_wconf 84' lang='lat' dir='ltr'><strong>Arsasia,</strong></span> <span class='ocrx_word' id='word_1_833' title='bbox 3045 5540 3298 5596; x_wconf 70' lang='lat' dir='ltr'><strong>videlicet</strong></span> 
     </span>
    </p>
   </div>
   <div class='ocr_carea' id='block_1_115' title="bbox 1706 5628 3296 5706">
    <p class='ocr_par' dir='ltr' id='par_1_115' title="bbox 1706 5628 3296 5706">
     <span class='ocr_line' id='line_1_115' title="bbox 1706 5628 3296 5706; baseline 0.004 -24"><span class='ocrx_word' id='word_1_834' title='bbox 1706 5630 1775 5683; x_wconf 91' lang='lat' dir='ltr'><strong>ab</strong></span> <span class='ocrx_word' id='word_1_835' title='bbox 1814 5628 2010 5684; x_wconf 88' lang='lat' dir='ltr'><strong>arbore</strong></span> <span class='ocrx_word' id='word_1_836' title='bbox 2055 5645 2287 5699; x_wconf 86' lang='lat' dir='ltr'><strong>quercus</strong></span> <span class='ocrx_word' id='word_1_837' title='bbox 2322 5643 2426 5686; x_wconf 89' lang='lat' dir='ltr'><strong>etc.</strong></span> <span class='ocrx_word' id='word_1_838' title='bbox 2489 5652 2506 5682; x_wconf 79' lang='grc' dir='ltr'><strong>ι</strong></span> <span class='ocrx_word' id='word_1_839' title='bbox 2567 5633 2845 5702; x_wconf 90' lang='lat' dir='ltr'><strong>Sequitur,</strong></span> <span class='ocrx_word' id='word_1_840' title='bbox 2902 5653 2921 5686; x_wconf 74' lang='grc' dir='ltr'><strong>ι</strong></span> <span class='ocrx_word' id='word_1_841' title='bbox 2980 5634 3154 5706; x_wconf 84' lang='lat' dir='ltr'><strong>inquit</strong></span> <span class='ocrx_word' id='word_1_842' title='bbox 3210 5634 3296 5688; x_wconf 91' lang='lat' dir='ltr'><strong>hic</strong></span> 
     </span>
    </p>
   </div>
   <div class='ocr_carea' id='block_1_116' title="bbox 1707 5721 3290 5798">
    <p class='ocr_par' dir='ltr' id='par_1_116' title="bbox 1707 5721 3290 5798">
     <span class='ocr_line' id='line_1_116' title="bbox 1707 5721 3290 5798; baseline 0.003 -21"><span class='ocrx_word' id='word_1_843' title='bbox 1707 5721 2064 5789; x_wconf 73' lang='lat' dir='ltr'><strong>lilorkcnsius,</strong></span> <span class='ocrx_word' id='word_1_844' title='bbox 2129 5743 2146 5774; x_wconf 90' lang='grc'>‹</span> <span class='ocrx_word' id='word_1_845' title='bbox 2185 5725 2491 5781; x_wconf 84' lang='lat' dir='ltr'><strong>terminatio</strong></span> <span class='ocrx_word' id='word_1_846' title='bbox 2548 5725 2776 5780; x_wconf 89' lang='lat' dir='ltr'><strong>limitum</strong></span> <span class='ocrx_word' id='word_1_847' title='bbox 2808 5767 2822 5794; x_wconf 91' lang='lat'><strong>,</strong></span> <span class='ocrx_word' id='word_1_848' title='bbox 2869 5743 3028 5798; x_wconf 87' lang='lat' dir='ltr'><strong>quam</strong></span> <span class='ocrx_word' id='word_1_849' title='bbox 3081 5729 3290 5793; x_wconf 76' lang='lat' dir='ltr'><strong>omitte,</strong></span> 
     </span>
    </p>
   </div>
  </div>
