3846 6316
478 277 581 331 659

487 502 505 535 ι
552 482 660 538 lum
683 480 933 535 exscribo
956 480 1092 544 loca,
1117 481 1218 534 hac
1243 480 1748 550 circumscriptione
1776 479 2003 533 inclusa.
2034 499 2050 531 ι

480 578 615 632 Cum
643 575 851 631 duobus
879 574 1143 629 easalihns
1176 572 1507 637 interclusis,
1537 573 1741 627 scilicet
1766 574 1829 626 de
1860 572 2061 627 Sancto

480 667 719 730 Andrea,
752 673 808 720 et
835 664 1035 727 ltoseti,
1065 664 1251 718 liberis
1277 673 1333 719 et
1356 662 1622 731 exemptis
1649 662 1719 716 ob
1745 662 1890 715 omni
1913 676 2063 717 com»

482 758 749 813 munitate
776 755 1037 812 casalium
1061 770 1301 809 meorum
1326 754 1393 807 de
1419 752 1616 823 oppido
1638 750 1757 805 Stili
1783 768 1797 816 ;
1832 751 1959 805 item
1985 751 2066 805 lo-

484 858 643 916 cum,
688 850 778 919 qui
829 849 1025 903 dicitur
1073 862 1194 902 cum
1247 847 1455 902 duobus
1501 843 1772 899 casalibus
1817 842 1972 913 V'iugi
2011 851 2066 898 et

483 945 725 1015 Buaungi
760 942 1011 999 similiter
1037 941 1223 996 liberis
1250 950 1303 993 et
1346 937 1610 1007 exemptis
1645 936 1713 990 ab
1741 936 1886 990 omni
1917 950 2068 989 com-

484 1038 747 1091 munitate
791 1035 1047 1089 casalium
1101 1047 1340 1088 meorum
1392 1032 1458 1085 de
1506 1030 1651 1083 dicto
1676 1028 1872 1098 oppido
1903 1027 2062 1093 Stili;

486 1125 614 1179 item
646 1124 933 1179 ecclesiam
982 1121 1167 1176 Sancti
1216 1120 1433 1174 Fantini
1484 1129 1793 1188 exemptam
1841 1118 1909 1170 ab
1957 1118 2069 1186 epi-

484 1217 631 1285 scopi
656 1216 1032 1283 juiisdictione
1053 1212 1261 1268 Giracei
1280 1208 1666 1282 [al.,Giracii],
1691 1225 1810 1279 quae
1836 1210 1901 1263 ad
1925 1224 2071 1263 eam-

486 1308 606 1362 dem
639 1306 927 1361 ecclesiam
956 1304 1190 1358 Arsasia:
1216 1303 1472 1374 pertinet,
1508 1317 1628 1371 quae
1662 1301 1839 1370 posita
1887 1309 1971 1353 est
2017 1301 2071 1354 in

486 1398 1155 1470 pertinentiisAgrottcrize
1179 1397 1230 1450 in
1257 1396 1553 1457 lenimento
1576 1392 1755 1449 Giraci
1782 1392 1902 1465 [al.,
1919 1391 2075 1446 Gira-

486 1490 581 1563 cii]
607 1505 729 1544 cum
782 1490 1036 1545 onmibns
1088 1488 1390 1541 rationibus
1433 1496 1488 1539 et
1530 1484 1868 1554 pcrtineutiis
1920 1482 2071 1548 suis;

489 1584 617 1636 item
648 1579 827 1636 casale
859 1579 1099 1634 Arunelti
1132 1578 1184 1632 in
1215 1575 1556 1647 pertinentiis
1605 1573 1844 1630 civitatis
1894 1572 2075 1643 Squil-

488 1672 611 1727 lacii
650 1687 773 1728 cum
823 1670 1078 1727 omnibus
1130 1667 1433 1723 rationibus
1476 1676 1531 1723 et
1565 1665 1910 1736 pertinentiis
1961 1664 2074 1720 suis

491 1763 633 1817 sicut
663 1769 850 1815 tenere
892 1768 947 1814 et
971 1759 1172 1813 habere
1202 1758 1390 1813 eadem
1419 1756 1650 1812 ecclesia
1678 1755 1911 1810 Arsasize
1942 1769 2074 1809 con-
2106 1748 2149 1803 B

494 1853 696 1907 suevit.

561 1941 687 1996 584.
750 1959 769 1992 ι
814 1939 939 1994 Ηωο
994 1947 1174 1993 autem
1224 1946 1509 2008 pernotata
1553 1937 1684 2010 [αι.,
1742 1935 2074 2008 przenotata]

492 2036 611 2089 loca
651 2034 791 2088 dono
846 2041 902 2086 et
954 2032 1193 2087 concedo
1228 2047 1326 2101 pro
1358 2031 1545 2087 eadem
1578 2030 1822 2086 ecclesia
1875 2033 1927 2085 in
1977 2031 2076 2085 do-

496 2134 603 2179 tem
636 2123 855 2177 domino
884 2122 1032 2176 Patri
1081 2122 1354 2187 Brunoni,
1405 2131 1461 2177 et
1508 2123 1913 2177 successoribus
1962 2121 2080 2191 ejus

494 2231 616 2269 cum
647 2215 897 2270 omnibus
928 2215 1251 2279 rationibus,
1286 2229 1551 2285 aquarum
1595 2215 1934 2281 decursibus,
1964 2230 2079 2270 mo-

497 2307 750 2372 lendinis,
799 2307 1111 2361 nemoribus
1159 2316 1215 2360 et
1250 2307 1556 2372 arboribus,
1586 2307 1745 2362 cultis
1776 2317 1830 2362 et
1861 2307 2080 2362 incultis

496 2397 747 2452 mineriis
771 2397 897 2451 aeris
914 2405 967 2452 et
990 2397 1115 2452 ferri
1130 2406 1185 2452 et
1207 2397 1448 2452 omnium
1479 2397 1838 2463 metallorum,
1866 2399 2080 2468 pascuis

499 2496 554 2541 et
582 2486 834 2541 omnibus
858 2486 1073 2555 juribus
1100 2526 1115 2551 ,
1168 2501 1288 2554 quae
1316 2496 1502 2556 egoet
1547 2488 1694 2542 cnria
1728 2501 1846 2542 mea
1883 2488 2082 2542 habere

497 2578 760 2632 hactenus
790 2576 1090 2641 consuevit,
1121 2577 1192 2631 ita
1234 2585 1291 2631 ut
1320 2593 1477 2634 nemo
1506 2578 1708 2647 aliquid
1736 2579 1832 2646 ibi,
1875 2578 1976 2633 nisi
2004 2580 2084 2633 di-

499 2677 585 2721 cta
614 2666 842 2721 ecclesia
870 2668 1038 2720 eremi
1071 2668 1291 2733 habeat,
1319 2669 1459 2723 sicut
1494 2686 1559 2724 ex
1610 2678 1739 2725 tunc
1791 2686 1948 2725 nemo
1985 2671 2085 2724 ali-

498 2756 627 2826 quid
649 2755 789 2824 juris
815 2758 1023 2821 habuit,
1054 2758 1153 2813 nisi
1181 2774 1301 2829 ego.
1335 2759 1467 2815 ltem
1509 2762 1751 2817 concedo
1777 2761 1950 2816 eidem
1978 2762 2083 2816 Ec-

500 2850 677 2904 clesiae
711 2848 879 2904 eremi
917 2850 972 2903 in
1023 2850 1230 2921 reliqua
1280 2860 1422 2906 terra
1479 2868 1597 2907 mea
1648 2869 1804 2907 usum
1851 2854 2085 2909 liberum

504 2943 859 2999 mineriarum
899 2943 1024 2998 teris
1048 2951 1104 2998 et
1135 2942 1284 3011 ferri,
1331 2953 1387 2999 et
1419 2960 1619 3015 pascua
1672 2946 1842 3002 libera
1894 2947 1946 3000 in
1992 2961 2086 3001 ea-

501 3037 622 3091 dem
672 3045 815 3091 terra
859 3051 978 3089 mea
1018 3051 1116 3106 pro
1165 3037 1488 3092 animalibus
1527 3038 1768 3109 ejusdem
1796 3038 2083 3105 Ecclesia},

1279 270 1337 327 S.
1370 270 1716 327 BRUNONIS
1742 271 2386 329 CARTHUSIANORUM
2417 273 2911 332 INSTITUTORIS

484 408 505 442 ι
555 388 679 458 quia
714 386 777 439 ad
807 401 919 440 rem
947 393 1188 439 nostram
1219 400 1408 454 parum
1447 395 1541 439 aut
1572 384 1703 439 nihil
1737 384 1863 440 facit
1890 392 1945 439 et
1971 400 2059 438 so-
2089 391 2134 446 Α

3638 272 3743 327 360

2240 406 2257 437 ι
2307 394 2363 451 »Β
2401 388 2510 457 Ego
2549 388 2733 453 Fulco,
2762 387 2966 444 domini
3012 386 3230 443 comitis
3260 386 3475 459 Roget-ii
3508 386 3753 455 capellae

2484 500 2617 547 nus,
2669 485 2735 539 de
2785 486 3043 538 mandato
3093 481 3210 551 ejus
3257 484 3358 538 hoc
3408 480 3749 551 privilegium

2484 576 2677 645 scripsi
2710 585 2765 631 et
2795 591 2880 631 me
2912 574 3232 644 subscripsi.
3275 594 3293 626 ι

2238 667 2384 723 [labe
2411 668 2570 723 modo
2607 668 2795 733 etiam,
2826 683 2988 737 quam
3019 668 3226 722 chartze
3268 666 3394 721 huic
3438 681 3467 720 a
3498 680 3558 721 se
3601 674 3753 718 tran-

2167 759 2380 828 seriptze
2404 758 2809 813 annotationem
2837 756 3113 812 subnectit
3134 756 3487 811 Morkensius.
3522 774 3543 807 ι
3576 755 3751 814 Haec.

2170 849 2360 919 inquit,
2397 848 2652 904 Ecclesiae
2683 848 2849 903 eremi
2894 849 3340 903 constitutionem
3393 848 3558 900 etiam
3610 846 3756 901 inter

2167 940 2425 995 Analecta
2448 939 2762 996 Garnefeltii
2791 940 2965 996 nostri
2996 941 3172 1009 reperi
3200 939 3580 1010 interpolatam
3607 947 3664 993 et
3692 939 3755 991 al

2169 1034 2561 1104 autographum
2597 1034 2925 1104 recognitam
2969 1033 3262 1103 rescripsi,
3313 1031 3654 1100 ascripsique
3700 1031 3752 1083 in

2172 1125 2413 1195 margine
2426 1123 2889 1193 interpolationes,
2903 1123 3136 1178 asterico
3151 1132 3382 1177 notatas.
3401 1120 3651 1191 Sigillum
3676 1129 3757 1172 est

2171 1217 2596 1287 plumbeum,uti
2626 1215 3171 1287 superius,etpendet
3192 1229 3257 1269 ex
3282 1214 3444 1268 corda
3458 1212 3640 1266 crocei
3670 1225 3761 1264 co-

2175 1306 2326 1361 loris.
2375 1324 2393 1356 ι
2440 1305 2915 1375 lnterpolationes,
2968 1319 3104 1374 quas
3149 1303 3344 1358 iterum
3393 1302 3482 1357 hic
3523 1301 3760 1369 scriptor

2176 1406 2483 1460 memorat,
2539 1396 2801 1451 duntaxat
2848 1395 2965 1452 fere
3020 1403 3145 1450 sunt
3193 1394 3451 1450 lectiones
3507 1389 3762 1447 nonnihil

2176 1490 2478 1554 variantes;
2500 1503 2593 1543 eas
2609 1487 2826 1544 interim
2846 1490 2911 1544 ad
2929 1489 3226 1558 marginem
3243 1488 3447 1557 pariter
3458 1486 3547 1540 hic
3564 1483 3760 1553 adjeci.

2177 1577 2373 1634 Verum
2405 1587 2531 1633 sunt
2560 1587 2615 1633 et
2640 1578 2742 1633 alia
2776 1578 2830 1633 in
2878 1579 3019 1635 idem
3057 1579 3473 1633 instrumentum
3500 1575 3759 1630 notanda.

2176 1671 2252 1726 Ac
2272 1672 2448 1740 primo
2477 1671 2695 1741 quidem
2743 1681 2883 1726 nota:
2946 1671 3244 1737 chronicze,
3306 1684 3443 1739 quas
3483 1670 3537 1723 in
3580 1667 3764 1737 capite

2178 1763 2416 1835 praefert,
2454 1780 2548 1818 seu
2582 1778 2755 1819 annus
2786 1762 2923 1817 1094
2950 1770 3003 1816 et
3035 1761 3263 1817 indictio
3288 1760 3324 1814 2
3350 1775 3470 1814 sese
3504 1759 3649 1813 inter
3670 1772 3767 1825 apo

2179 1854 2350 1922 prime
2379 1853 2723 1909 conveniunt.
2762 1851 2872 1908 Nec
2902 1862 2986 1911 est
3028 1867 3127 1907 cur
3154 1851 3468 1920 scrupulum
3505 1850 3765 1917 cuiquam

2180 1946 2402 2015 injiciat,
2438 1948 2604 2017 quod,
2656 1962 2778 2002 cum
2810 1946 3075 2016 Rogerius
3105 1961 3286 2000 comes
3316 1944 3384 1998 ab
3420 1941 3768 2012 expeditione

2182 2039 2234 2091 in
2266 2037 2610 2092 Gullielmum
2642 2045 2913 2106 suscepta,
2944 2045 3108 2106 atque
3142 2051 3173 2089 a
3218 2032 3576 2089 Castri-Villre
3616 2031 3769 2086 obsi-

2180 2130 2338 2185 dione
2366 2143 2616 2184 reversus
2641 2136 2807 2193 esset,
2829 2127 3014 2181 datum
3038 2127 3090 2180 in
3118 2125 3222 2180 fine
3242 2125 3476 2180 dicatur.

2250 2220 2374 2275 586.
2418 2218 2652 2281 Etenim,
2711 2227 2852 2273 teste
2901 2216 3152 2272 Historia:
3182 2214 3376 2270 Siculae
3399 2212 3493 2267 lib.
3532 2226 3605 2265 iv.
3641 2226 3765 2279 cap.

2181 2309 2244 2362 2|
2278 2318 2333 2364 et
2352 2323 2466 2378 seq.
2508 2306 2780 2363 Gaufredo
2806 2306 3114 2370 Malaterra,
3141 2303 3468 2359 Gullielmus
3497 2302 3563 2356 de
3590 2300 3771 2355 Gran-

2185 2400 2332 2454 tavul
2361 2415 2475 2461 seu,
2506 2407 2565 2453 ut
2593 2398 2661 2453 ab
2683 2397 2805 2451 aliis
2839 2396 3117 2461 scribitur,
3150 2396 3215 2451 de
3253 2391 3642 2455 Grantemanil,
3674 2389 3771 2459 qui

2185 2487 2436 2554 Mabilizn,
2468 2488 2683 2558 Rogerii
2731 2488 2887 2542 ducis
2917 2486 3112 2551 sorori,
3172 2483 3520 2539 matrimonio
3548 2481 3774 2550 junctus

2183 2592 2321 2644 erat,
2355 2597 2496 2637 anno
2524 2580 2682 2644 1093,
2714 2596 2838 2635 cum
2864 2590 2919 2634 et
2945 2580 3057 2648 ipse
3082 2594 3185 2632 non
3219 2592 3377 2633 secus
3404 2592 3467 2630 ac
3491 2575 3769 2629 Boamun-

2184 2672 2303 2735 dus,
2330 2672 2397 2726 de
2445 2668 2684 2739 quojam
2739 2684 2923 2739 supra,
2982 2667 3273 2738 Regerittm
3327 2667 3517 2720 ducem
3557 2677 3588 2719 e
3634 2663 3777 2716 vi\is

2186 2746 2405 2826 abiisse,
2454 2761 2590 2816 falso
2659 2760 2726 2815 ad
2778 2775 2838 2814 se
2913 2758 3089 2814 delato
3151 2772 3369 2813 rumore
3425 2755 3776 2815 credidisset,

2189 2853 2337 2907 varia
2361 2852 2428 2906 ad
2451 2851 2747 2923 principem
2778 2850 2948 2915 illum,
2978 2848 3167 2903 uxoris
3204 2863 3314 2904 sua:
3342 2846 3590 2909 fratrem,
3641 2859 3777 2914 per-

2192 2943 2415 2998 tinentia
2443 2952 2554 2997 tum
2595 2952 2799 3004 castra,
2830 2950 2941 2995 tum
2962 2939 3182 3010 oppida,
3226 2939 3448 3006 hmcqne
3496 2936 3636 2989 inter
3663 2934 3777 2989 Ca-

2190 3032 2543 3099 stri-Villam,
2579 3032 2888 3102 occupavit,
2938 3044 3171 3100 cumque
3225 3031 3362 3095 haec,
3412 3027 3593 3083 audita
3648 3026 3782 3080 licet

502 3140 664 3197 atque
688 3127 996 3189 custodum.
1022 3141 1121 3182 nec
1146 3142 1251 3182 non
1276 3135 1331 3181 et
1359 3107 1567 3192 eorum,
1599 3128 1689 3197 qui
1722 3128 1776 3183 in
1808 3128 1970 3182 dictis
1993 3143 2086 3183 ca-
2113 3107 2156 3167 (ἶ
2194 3124 2481 3181 memo:ati
2523 3124 2757 3179 rumoris
2814 3122 3069 3191 falsitate,
3117 3122 3338 3177 domino
3389 3136 3487 3176 suo
3510 3119 3779 3188 legitimo,

503 3222 997 3277 salibnshabitant.
1032 3221 1283 3277 Concedo
1322 3223 1507 3287 etiam,
1555 3232 1614 3276 ut
1662 3222 1801 3277 dicta
1848 3222 2086 3278 Ecclesia

502 3312 671 3366 eremi
713 3313 1123 3368 commendatos
1171 3313 1372 3367 habere
1417 3313 1590 3382 possit
1623 3313 1674 3365 in
1727 3328 1887 3381 supra
1931 3312 2089 3367 dictis

506 3402 773 3458 casalibus
805 3412 860 3457 et
886 3403 1038 3467 locis,
1072 3419 1192 3472 qua:
1232 3405 1406 3458 eidem
1446 3404 1700 3459 Ecclesia:
1733 3405 1871 3459 dedi.
1922 3404 2090 3459 Nemo

507 3494 560 3546 in
594 3507 754 3561 supra
788 3494 946 3548 dictis
972 3494 1104 3549 locis
1139 3510 1238 3550 suo
1267 3496 1350 3549 vel
1385 3512 1504 3550 meo
1533 3496 1749 3551 nomine
1778 3505 1873 3550 aut
1915 3496 2089 3551 haere-

509 3584 634 3636 dum
668 3592 724 3637 et
746 3598 1118 3639 successorum
1152 3600 1393 3639 meorum
1438 3594 1731 3655 praesumat
1751 3584 1843 3653 jus
1873 3584 2089 3655 aliquod

508 3672 762 3741 prosequi
792 3672 874 3727 vel
898 3672 1119 3740 habere,
1147 3689 1247 3730 nec
1273 3690 1395 3746 ego,
1433 3675 1525 3731 sed
1554 3676 1735 3730 omnia
1760 3691 2084 3732 conserven-

510 3772 601 3818 tur
628 3765 802 3819 eidem
828 3766 1082 3821 Ecclesia:
1109 3766 1279 3823 solida
1306 3777 1362 3823 et
1387 3768 1610 3836 intacta,
1641 3769 1765 3840 quia
1793 3784 1983 3839 parum
2011 3778 2096 3825 est

510 3870 609 3924 pro
638 3855 729 3909 Dei
753 3870 938 3910 amore
971 3856 1085 3911 suis
1116 3857 1352 3914 tribucre
1374 3857 1614 3925 famulis,
1645 3860 1736 3930 qui
1770 3860 1899 3914 mihi
1926 3860 2094 3915 multa

446 3934 453 3943 ’
512 3944 765 4013 praestitit
795 3943 943 4012 larga
980 3960 1165 4001 manu.
1192 3946 1248 4001 Si
1281 3962 1409 4002 vero
1458 3964 1686 4017 persona
1720 3948 1919 4019 aliqua,
1952 3950 2095 4005 filius

513 4049 668 4088 incus
705 4042 799 4087 aut
844 4034 1041 4103 aliquis
1092 4035 1265 4091 lueres
1300 4046 1393 4092 aut
1438 4052 1719 4094 successor
1766 4040 1867 4095 hoc
1916 4053 2093 4094 meum

514 4128 853 4199 quassaverit
882 4128 1080 4181 donum
1110 4141 1205 4182 seu
1242 4128 1601 4200 privilegium,
1645 4128 1776 4183 mihi
1806 4129 1886 4185 vel
1916 4138 2097 4200 poste-

514 4224 591 4278 ris
618 4222 753 4278 meis
779 4229 874 4275 aut
906 4220 1164 4275 Ecclesia:
1212 4221 1469 4277 Romana:
1497 4230 1712 4275 centum
1759 4222 1925 4277 libras
1978 4222 2097 4276 auri

514 4310 802 4379 persolvat.
837 4309 938 4364 nisi
967 4309 1034 4364 ad
1070 4310 1391 4381 condignam
1422 4311 1630 4365 venerit
1649 4309 2094 4378 satisfactionem,

514 4403 741 4459 fratrum
776 4405 849 4459 ibi
892 4404 1003 4461 Deo
1035 4404 1386 4461 servientium
1427 4412 1483 4459 et
1512 4413 1784 4475 perpetua:
1820 4405 2099 4476 subjaceat

519 4495 872 4550 damnationi.

586 4586 708 4639 585.
746 4605 763 4637 ι
804 4586 929 4642 Hcce
958 4598 1135 4642 autem
1162 4596 1283 4643 acta
1314 4596 1441 4642 sunt
1488 4602 1673 4643 mense
1699 4586 1946 4659 Augusti,
1979 4602 2099 4642 cum

518 4690 801 4744 regressus
829 4693 1002 4733 essem
1028 4681 1097 4733 ire
1123 4680 1481 4749 expeditione,
1535 4694 1696 4749 quam
1749 4679 1980 4736 feceram
2013 4697 2103 4735 sn-

519 4780 617 4836 per
641 4764 982 4820 Guillelmum
1005 4780 1059 4821 et
1086 4769 1154 4822 ab
1184 4768 1463 4824 obsidione
1493 4768 1875 4835 Castri-Villaa,
1917 4781 1973 4826 et
2002 4772 2104 4826 hoc

523 4871 700 4910 metam
731 4856 1072 4927 privilegium
1103 4859 1168 4912 ad
1199 4869 1515 4928 perpetuam
1557 4861 1866 4917 firmitatem
1891 4863 2024 4932 jussi
2052 4872 2106 4918 et

523 4949 774 5005 mandavi
804 4957 856 5003 et
884 4948 986 5004 feci
1014 4966 1132 5004 mea
1160 4950 1428 5020 pendente
1456 4948 1599 5006 bulla
1626 4954 1970 5009 communiri.

601 5062 615 5090 ι
670 5046 726 5104 >39
762 5040 1022 5111 Rogerius
1051 5056 1255 5097 comes.

512 5168 517 5175 .
600 5150 619 5182 ‹
672 5139 729 5196 ὦ
762 5133 975 5188 Adelais
1002 5134 1301 5191 comitissa.

601 5244 619 5277 ι
671 5233 728 5290 >14
762 5224 1055 5291 Goﬂn’dus,
1081 5226 1222 5282 filius
1248 5227 1449 5283 domini
1477 5227 1710 5284 comitis.

598 5337 619 5368 ‹
670 5324 728 5382 r14
760 5318 1071 5389 Malgerius,
1103 5318 1242 5374 filius
1271 5320 1483 5376 comitis
1516 5320 1758 5391 Rogerii.

602 5428 621 5460 ι
672 5416 731 5474 νΒ
768 5410 1016 5481 l‘aganus
1044 5411 1109 5465 de
1138 5410 1354 5483 Gurgis.

602 5520 622 5554 ι
670 5509 729 5566 ›Ῑ‹
762 5501 1045 5559 Josbertus
1074 5503 1139 5559 de
1167 5502 1421 5561 aniaco.

602 5610 625 5643 ι
672 5600 730 5657 at
765 5592 1026 5665 Rogerius
1055 5593 1308 5651 Bonellns
1345 5593 1463 5667 [al.,
1490 5590 1788 5664 Tonellus].

2191 3219 2421 3275 Mabilia’.
2464 3218 2651 3275 uxoris
2688 3216 2754 3271 ad
2785 3217 2877 3271 illa
2911 3217 3000 3287 jus
3046 3216 3371 3285 praetexens,
3409 3212 3635 3267 reddere
3665 3225 3779 3263 nou

2192 3310 2369 3377 vellet,
2395 3309 2535 3365 bello
2563 3324 2687 3365 eum
2718 3308 2826 3363 dux
2850 3307 3117 3377 Rogerius
3139 3305 3383 3375 appetiit,
3403 3317 3617 3371 unaque
3643 3315 3781 3356 cum

2191 3402 2424 3472 Rogerio
2453 3402 2672 3468 comite,
2697 3412 2894 3470 patruo
2922 3413 3040 3466 suo,
3070 3398 3163 3467 qui
3194 3398 3242 3452 ei
3268 3412 3388 3453 sese
3419 3395 3777 3467 adjunxerat,

2190 3490 2595 3549 Castri-Villam
2643 3490 2878 3555 obsedit,
2933 3504 2998 3544 ac
3045 3488 3395 3559 expugnavit.
3440 3488 3508 3540 At
3539 3499 3667 3538 vero
3728 3484 3785 3536 in

2192 3583 2282 3639 illo
2315 3581 2530 3652 Rogerii
2555 3581 2770 3636 comitis
2792 3579 3084 3649 diplomate
3106 3578 3233 3643 alia,
3259 3592 3378 3647 qua:
3419 3575 3471 3629 id
3501 3574 3642 3627 forte
3669 3587 3785 3637 ιωιι

2192 3674 2395 3731 nemini
2424 3682 2734 3743 suspectum
2765 3672 2973 3736 reddat,
3002 3669 3288 3727 dilIicultas
3324 3667 3582 3723 occurrit.
3642 3662 3787 3718 Cum

2192 3769 2358 3834 enim,
2386 3776 2448 3822 ut
2482 3781 2644 3836 supra
2673 3764 2851 3831 docui,
2877 3763 3140 3835 Rogerius
3170 3776 3352 3816 comes
3374 3775 3404 3814 e
3437 3757 3602 3830 priori
3635 3773 3783 3810 uxo—

2196 3877 2252 3915 re
2281 3875 2376 3914 sna
2408 3857 2617 3924 Judith,
2651 3871 2767 3921 sen,
2800 3864 2859 3909 ut
2894 3854 3055 3909 aliter
3098 3855 3262 3909 etiam
3293 3861 3539 3916 vocatur,
3569 3848 3783 3902 Delicia

2196 3952 2373 4006 nullos
2424 3963 2647 4019 prorsus
2675 3946 2873 4002 liberos
2925 3944 3199 4010 habuerit,
3237 3953 3541 4014 prazterque
3598 3939 3794 4011 plures

2197 4044 2335 4099 ﬁlias
2358 4043 2577 4097 unicum
2622 4040 2886 4094 duntaxat
2913 4038 3081 4092 filium
3108 4052 3138 4093 e
3169 4036 3428 4099 secunda,
3457 4033 3793 4101 Elemburga

2198 4154 2293 4193 seu
2321 4136 2657 4203 Eremburga
2687 4133 3087 4201 cognominata,
3131 4147 3251 4202 qua:
3298 4145 3443 4184 anno
3490 4126 3629 4182 1089
3671 4126 3796 4195 jam

2196 4228 2427 4293 obierat,
2460 4232 2785 4295 procrearit,
2822 4223 2961 4277 unde
2991 4232 3085 4276 aut
3111 4221 3233 4292 quis
3264 4220 3373 4286 ille,
3428 4218 3522 4288 qui
3553 4216 3797 4271 recitato

2199 4319 2481 4390 diplomati
2508 4317 2890 4383 subscribitur,
2925 4316 3142 4386 ltogerii
3168 4313 3384 4369 comitis
3415 4312 3559 4365 filius
3587 4307 3800 4378 Mage-

2130 4449 2177 4507 υ
2204 4409 2358 4464 rius?
2394 4408 2547 4463 Hune
2582 4421 2714 4462 sane
2743 4421 2773 4461 e
2810 4405 2953 4460 nulla
2976 4418 3206 4460 uxorum
3248 4417 3468 4458 suarum
3519 4400 3800 4469 legitima-

2156 4492 2179 4592 ;
2206 4520 2324 4558 rum
2352 4501 2603 4573 genuisse
2646 4499 2909 4570 Roget-ius
2936 4499 3167 4553 videtur.
3194 4495 3333 4562 Quid
3371 4494 3533 4564 ergo?
3576 4492 3663 4546 An
3690 4507 3801 4546 no-

2207 4595 2355 4649 thum
2392 4591 2666 4648 dicemus?
2698 4589 2896 4645 V'erum
2935 4588 3115 4645 obstat
3141 4586 3447 4642 Gaufredus
3476 4584 3799 4645 Malaterra,

2208 4684 2459 4739 Historia:
2487 4681 2682 4737 Siculae
2706 4682 2798 4736 lib.
2828 4698 2903 4746 tv,
2932 4696 3052 4752 cap.
3082 4678 3149 4735 18
3174 4680 3239 4734 de
3266 4677 3527 4743 Jordano,
3560 4674 3654 4745 qui
3700 4690 3795 4729 co-

2209 4778 2356 4831 mitis
2384 4776 2620 4846 Rogerii,
2650 4775 2726 4829 uti
2756 4774 2897 4828 idem
2925 4784 3115 4827 auctor
3135 4772 3228 4827 lib.
3256 4788 3336 4840 ιιι,
3362 4786 3478 4840 cap.
3510 4769 3579 4824 36
3609 4768 3803 4833 docet,

2214 4869 2354 4925 filius
2383 4868 2580 4924 nothus
2612 4876 2752 4929 erat,
2776 4876 3088 4934 sequentem
3120 4866 3367 4919 scribens
3417 4865 3472 4917 in
3522 4861 3747 4916 modum
3786 4874 3801 4913 :

2221 4981 2239 5013 ί
2276 4959 2614 5016 Jordanus...
2686 4957 2828 5012 ﬁlius
2873 4957 3107 5022 comitis,
3149 4964 3371 5027 propter
3412 4953 3806 5009 strenuitatcm

2215 5068 2367 5106 suam
2407 5051 2660 5105 omnibus
2716 5048 2986 5111 amabilis,
3036 5062 3197 5115 quem
3255 5046 3456 5114 plures,
3501 5043 3627 5113 quia
3679 5040 3805 5111 jam

2214 5144 2566 5207 Gaufretium,
2598 5141 2739 5211 quod
2764 5140 2999 5195 dolorem
3041 5155 3146 5193 non
3176 5139 3388 5202 minuit,
3440 5137 3661 5191 morbus
3686 5135 3807 5187 cle—

2219 5234 2512 5304 phantinus
2563 5238 2895 5301 pervaserat,
2961 5229 3176 5284 comitis
3233 5228 3498 5284 haeredem
3553 5225 3806 5280 futurum

2216 5322 2628 5391 suSpicabantur
2672 5322 2819 5389 (nam
2846 5334 3020 5388 neque
3072 5318 3235 5372 alium
3278 5317 3577 5373 masculum
3632 5315 3803 5370 habe-

2218 5420 2331 5478 bat)
2364 5417 2507 5488 apud
2536 5415 2883 5486 Syracusatu,
2914 5414 3161 5483 suijnris
3214 5414 3402 5470 urbem
3450 5412 3623 5468 febris
3673 5423 3810 5482 typo

2217 5522 2505 5577 percussus
2535 5516 2636 5561 est.
2674 5526 2692 5557 ι

2288 5597 2413 5652 587.
2442 5598 2574 5652 Cum
2609 5614 2761 5667 ergo,
2788 5598 2863 5653 uti
2888 5613 2957 5653 ex
2987 5598 3071 5654 his
3100 5597 3360 5654 Gaufredi
3388 5597 3566 5654 verbis
3598 5595 3810 5653 intelli-
