3846 6316
56 314 117 370 551

1502 302 1698 357 ACTA...

3109 310 3222 366 362-

55 427 435 502 gitur,Rogerius
465 436 646 478 comes
711 421 838 476 dum
892 419 1181 482 Jordanus,
1237 417 1379 473 ﬁlius
1429 416 1546 486 ejus
1576 422 1701 477 Aet
1730 418 1790 472 Β.
1822 419 2000 474 Maria:
2056 418 2310 491 Virginis,
2359 427 2416 475 et
2475 419 2534 472 Β.
2589 417 2812 474 Joannis
2866 420 3120 492 Baptista:
3161 425 3218 478 in

57 521 189 574 nothus
207 531 291 571 seu
321 513 540 584 spurius
569 511 706 566 febri
734 510 874 581 apud
915 510 1236 580 Syracusas,
1275 507 1422 579 quod
1453 524 1550 562 an-

21 645 34 666 .
55 631 97 666 no
120 609 223 664 109i
247 606 558 676 contigisse,
599 604 846 658 laudatus
873 602 1159 658 Malaterra
1191 601 1284 656 lib.
1327 615 1404 664 tv,
1430 616 1548 670 cap.

55 703 227 771 proxime
250 699 344 754 cit.
373 698 552 764 docet,
581 705 862 766 correptus
883 696 1110 762 jaceret,
1157 694 1359 764 prolem
1391 693 1552 747 aliam

55 790 293 852 msculam,
353 803 516 858 quam
555 786 757 840 dictum
789 784 1084 840 Jordanum
1141 793 1196 838 et
1242 782 1552 838 Golfredum

56 898 123 934 non
150 878 399 944 habuerit,
445 891 784 944 consequens
823 884 928 941 est,
977 883 1033 928 ut
1082 889 1180 928 nec
1211 873 1408 928 nothus
1459 886 1555 926 seu

53 970 202 1038 spurius
224 967 439 1022 comitis
466 966 683 1036 ltogerii
733 964 874 1019 filius
920 963 1190 1018 exstiterit
1243 961 1554 1032 Malgerius,

54 1061 111 1126 qui
128 1059 295 1110 charte
335 1070 583 1125 proxime
618 1055 721 1108 huc
747 1055 1106 1121 transcriptze,
1131 1064 1383 1118 annoque
1416 1047 1554 1103 1094

53 1167 72 1200 a
89 1147 267 1216 Rogerin
287 1145 498 1199 comite
518 1145 656 1198 data:
683 1141 1059 1198 subscribitur.
1087 1140 1273 1194 Restat
1296 1151 1441 1208 ergo,
1497 1145 1556 1190 ut

53 1237 107 1289 rel
125 1235 326 1288 secunda
363 1231 581 1301 Rogerii
609 1229 826 1285 comitis
875 1244 1012 1282 uxor
1069 1227 1417 1296 Elemburga,
1465 1232 1558 1278 aut

57 1323 160 1376 tertia
185 1321 447 1384 Adclasia,
499 1320 624 1374 dum
674 1333 796 1374 cum
840 1333 906 1373 eo
958 1319 1362 1373 matrimonium
1415 1315 1556 1382 iniit,

55 1417 158 1468 udus
179 1414 353 1477 fuerit,
383 1412 662 1481 liliumque
708 1427 739 1466 e
798 1411 1071 1482 prioribus
1118 1411 1322 1480 nuptiis
1359 1409 1558 1478 Malge-

57 1506 152 1557 rium
171 1502 428 1569 habuerit,
457 1501 543 1555 vel
573 1510 630 1555 ut
661 1499 950 1572 Malgcrius
982 1501 1070 1556 ille
1093 1543 1107 1566 ,
1157 1502 1247 1570 qui
1301 1511 1557 1570 tanquam

35 1594 202 1647 comitis
224 1590 446 1661 Rogerii
494 1591 636 1646 ﬁlius
685 1606 880 1646 nomen
941 1607 1096 1645 suum
1148 1591 1459 1660 adscripsit,
1493 1591 1560 1644 de

52 1699 154 1736 sacra
183 1683 322 1737 fonte
371 1683 442 1737 ab
490 1698 554 1736 eo
586 1683 794 1738 levatus
826 1693 914 1737 aut
945 1683 1106 1738 etiam
1136 1683 1190 1737 in
1223 1682 1391 1738 filium
1424 1682 1558 1737 ado-

49 1783 170 1842 ptatus
194 1773 374 1840 fuerit,
401 1773 487 1827 vel
513 1775 762 1842 denique,
786 1783 845 1828 ut
871 1774 1130 1844 llogcrius
1151 1788 1332 1829 comes
1361 1786 1558 1845 prteter
1590 1755 1631 1814 Β

53 1867 158 1927 tiiias,
183 1882 304 1934 quas
333 1867 410 1932 ei,
439 1865 664 1936 singulis
695 1881 793 1920 suo
820 1866 1094 1934 assignato
1133 1869 1348 1932 marito,
1380 1866 1560 1920 Stem-

51 1972 104 2009 ma
127 1955 365 2024 Siculum,
396 1956 854 2011 Adnotationihus
890 1957 958 2010 ad
984 1958 1204 2010 Annam
1228 1957 1561 2012 Conmenam

54 2045 242 2114 atlangio
269 2047 563 2111 insertum,
595 2058 648 2100 et
674 2048 976 2118 principum
1000 2047 1429 2102 Normannorum
1455 2049 1560 2101 Ar-

53 2136 119 2188 bor
150 2137 487 2208 genealogiea
539 2136 840 2192 hlalateme
889 2138 1138 2192 Historia:
1189 2137 1380 2192 Siculae
1421 2138 1561 2207 apud

51 2228 339 2286 lluratorium
387 2229 571 2285 tomN
638 2230 838 2285 Rerum
864 2230 1171 2284 Italicarum
1227 2229 1562 2299 beriptorum

51 2322 573 2388 pncﬁxa,attribuunt,
601 2324 762 2381 aliam
811 2323 1004 2379 saltem
1059 2321 1233 2377 adhuc
1290 2323 1560 2392 habuerit,

55 2413 220 2482 huicque
265 2414 564 2484 Malgerius
603 2414 691 2468 ille
745 2413 1091 2468 matrimonio
1132 2412 1350 2480 junctus
1380 2412 1563 2468 fuerit.

55 2501 98 2556 [ι
117 2517 158 2557 ut
181 2507 260 2574 sit,
311 2521 444 2560 cum
489 2506 670 2575 aliquo
731 2506 947 2575 quidem
979 2521 1045 2559 ex
1098 2505 1247 2560 hisce
1302 2505 1565 2572 capitibus

55 2595 195 2650 factum
218 2611 338 2652 esse
365 2606 550 2668 queat,
578 2605 636 2650 ut
658 2595 942 2667 Malgerius
969 2595 1055 2649 ille
1091 2595 1306 2664 Rogerii
1350 2595 1566 2650 comitis

53 2686 147 2740 tilias
167 2689 456 2757 appellatus
485 2687 670 2754 fuerit,
706 2704 809 2742 non
837 2695 940 2752 est,
966 2703 1063 2741 cur
1085 2687 1189 2741 huc
1236 2686 1564 2756 transcripta

51 2779 240 2848 principis
265 2781 432 2850 hujus
455 2781 643 2834 charta
681 2796 778 2851 pro
799 2783 982 2850 spuria
1015 2793 1336 2850 suspectavc
1373 2784 1442 2837 ob
1473 2797 1562 2838 so-

53 2867 141 2934 luta,
169 2872 293 2940 quod
329 2873 380 2926 ei
412 2872 764 2938 adscribitur,
797 2873 1041 2944 Malgerii
1072 2875 1162 2929 ﬁlii
1209 2877 1421 2931 comitis
1471 2892 1567 2930 uo-

51 2975 130 3013 taea
151 2963 425 3018 habeatur.
456 2962 585 3017 Plus
614 2963 814 3031 aliquid
845 2975 1032 3020 contra
1065 2967 1210 3021 illam
1260 2969 1440 3022 facere
1490 2969 1568 3023 vi-

51 3055 305 3124 deripotest
340 3055 488 3110 Beati
543 3055 750 3123 titulus,
795 3073 952 3124 quem
1007 3057 1209 3113 Sancto
1253 3059 1362 3129 (adi
1418 3077 1564 3114 ntun.
1595 3093 1636 3149 ο

49 3145 132 3213 582)
160 3148 394 3218 adjungit
427 3165 442 3200 :
478 3155 740 3214 attamen,
769 3163 890 3203 cum
917 3149 981 3215 is,
1009 3150 1110 3204 etsi
1135 3165 1162 3202 a
1187 3151 1390 3205 charta:
1414 3161 1567 3206 auto-

51 3240 198 3308 ξηρὴο
223 3246 466 3307 abesset,
497 3243 770 3312 ecgrapho
806 3240 986 3296 forsan
1031 3258 1060 3295 a
1093 3243 1313 3299 librario
1354 3245 1568 3299 dumta—

48 3341 110 3380 ω
133 3334 400 3385 recentiori
427 3347 460 3386 e
485 3332 834 3386 veneratione
873 3331 926 3385 in
981 3331 1241 3388 Sanctum
1275 3334 1437 3388 fuerit
1469 3335 1567 3388 im-

53 3422 283 3484 prudenter
300 3423 576 3492 adjectus,
609 3423 841 3492 lmieque
865 3424 1039 3478 adhuc
1076 3424 1277 3480 viventi
1305 3426 1372 3478 ab
1427 3426 1568 3496 ipso—

51 3520 124 3563 Lact
141 3515 322 3568 comite
341 3515 600 3585 Rogerio,
635 3515 724 3583 qui
751 3514 1072 3578 Brunonem,
1104 3519 1180 3569 uti
1218 3532 1283 3571 ex
1331 3517 1569 3572 dicen-tis

53 3601 224 3667 amplius
251 3613 520 3672 pateseet,
543 3619 642 3673 pro
669 3604 868 3659 Sancto
899 3605 1152 3672 habebat,
1175 3607 1320 3661 beati
1353 3607 1567 3660 titulum

51 3687 170 3744 {esse
192 3695 531 3758 attributum,
562 3709 782 3763 prorsus
811 3695 1125 3752 incredibile
1174 3713 1279 3752 non
1327 3699 1417 3766 sit,
1471 3715 1570 3769 ego

53 3781 324 3837 teeidcirco
350 3784 776 3838 instrumentum
805 3783 957 3853 illud,
993 3786 1136 3854 quod
1185 3787 1319 3842 alias
1371 3803 1571 3857 suppo-

51 3870 206 3928 sitfanis
253 3884 409 3929 notas
463 3890 570 3929 non
595 3875 778 3939 habet,
831 3873 1052 3942 rejieere
1097 3877 1292 3942 ausim,
1337 3887 1394 3931 ut
1420 3889 1570 3933 certo

51 3963 262 4030 spatium,
290 3967 527 4019 maxime
549 3979 670 4020 cum
703 3964 920 4020 veritati
944 3976 1258 4032 consonent,
1300 3982 1572 4037 qurecum-

53 4064 123 4115 cpio
143 4053 184 4106 in
205 4071 268 4110 eo
295 4057 361 4111 de
384 4056 692 4110 Turritanze
716 4056 958 4111 ecclesiae
990 4059 1395 4114 consecratione
1433 4068 1569 4114 tem-

51 4153 253 4212 Pﬁﬁfque,
283 4162 391 4214 quo
415 4148 528 4202 lucc
553 4144 695 4200 facta
718 4154 800 4200 est
828 4147 1132 4202 traduntur.

225 4237 311 4302 L‘t,
344 4255 504 4306 quam
539 4237 672 4291 nihil
699 4238 786 4292 hic
823 4253 851 4291 a
880 4253 1007 4292 vero
1053 4238 1284 4292 alienum
1335 4255 1569 4308 pronun-

55 4321 161 4390 tiem,
189 4330 457 4384 studiosus
481 4330 655 4383 lector
677 4331 987 4398 perSpiciat,
1019 4331 1434 4386 instrumentum
1467 4349 1566 4403 pu-

1653 511 1941 580 praesentia
1979 510 2291 578 Melitensis,
2329 511 2661 581 Tropiensis,
2712 511 3137 581 Neocastrensis,
3165 523 3224 569 et

1655 599 2040 670 Squiliacensis
2068 602 2440 672 episcoporum
2465 618 2570 658 una
2590 617 2710 657 cum
2733 603 2950 656 domino
2981 603 3226 673 Rogeriol

1654 690 1852 744 cernite
1927 691 2213 757 Calabriae,
2283 691 2542 747 Adelaide
2599 693 2898 758 comitissa,
2961 694 3223 762 magistro

1654 777 1908 833 Brunone
1943 788 1998 832 et
2027 780 2284 844 Lanvino,
2309 788 2363 834 et
2385 782 2580 835 ceteris
2621 779 2876 836 Patribus
2915 780 3224 835 assistenti-

1653 870 1774 934 bus,
1807 881 1859 924 et
1887 870 1938 923 in
1963 871 2244 940 praesentia
2270 872 2529 925 bonorum
2563 873 2865 926 hominum.

1725 961 1838 1032 Ego
1863 961 2146 1016 Alcherius
2179 963 2617 1032 archiepiscopus
2641 963 3080 1018 l’anormitanus.

1730 1052 1839 1132 Ego
1869 1051 2185 1120 Tristerius,
2215 1053 2524 1123 Tropiensis
2552 1055 2837 1125 episcopus
2869 1053 3113 1110 interfui.

1727 1143 1839 1211 Ego
1869 1143 2153 1210 Angerius,
2178 1143 2496 1198 Catanensis
2523 1143 2822 1214 episcopus.

1726 1234 1838 1306 Ego
1876 1234 2192 1289 Theodorus
2218 1231 2501 1306 episeOpu's
2527 1235 2932 1305 Squillacensis.

1729 1327 1840 1397 Ego
1866 1326 1930 1379 N.
1958 1325 2364 1382 Neocastrensis
2385 1328 2666 1398 episcopus
2697 1328 2936 1383 interfui.
2985 1348 3004 1381 ι

1727 1417 1898 1473 Porro
1919 1434 2042 1474 cum
2075 1418 2320 1488 proxime
2347 1419 2450 1473 huc
2477 1420 2804 1493 transcripta
2862 1420 3079 1491 ltogerii
3131 1436 3226 1476 co-

1660 1509 1807 1563 mitis
1835 1509 2045 1575 charta,
2083 1509 2136 1562 in
2167 1524 2272 1578 qua
2323 1510 2388 1564 de
2427 1508 2731 1564 Turritame
2759 1510 3001 1566 ecclesiae
3031 1525 3226 1566 conse-

1661 1599 1920 1663 cratione,
1961 1599 2125 1653 veluti
2162 1600 2228 1652 de
2253 1614 2313 1652 re
2335 1613 2494 1667 quam
2525 1599 2754 1668 primum
2783 1598 2986 1667 futura,
3025 1602 3227 1655 mentio

1662 1688 1743 1755 fit,
1775 1703 1959 1744 mense
1998 1689 2238 1758 Augusto
2279 1687 2399 1756 (Adi
2456 1703 2604 1742 num.
2663 1687 2786 1756 583)
2821 1688 2944 1742 data
2980 1697 3220 1753 notetur,

1655 1778 1874 1848 jamque
1913 1780 2196 1834 recitatum
2247 1778 2506 1843 Aleherii,
2550 1777 2916 1833 Panormitani
2959 1780 3228 1848 archiepi‘

1661 1873 1832 1941 scopi,
1862 1872 2224 1940 testimonium
2271 1871 2659 1926 consecrationi
2717 1872 2800 1925 isti
2841 1871 3084 1941 quintam
3133 1873 3228 1926 de-

1661 1964 1855 2020 cimam
1886 1961 2112 2032 Augusti
2143 1961 2406 2033 assignet,
2433 1961 2694 2032 apprime,
2712 1960 2909 2030 quibus
2938 1971 3228 2029 utrumque

1662 2043 1764 2108 hoc
1815 2053 2237 2108 instrumentum
2285 2051 2552 2122 signatur,
2621 2059 2766 2106 notia
2804 2050 3072 2104 chronica:
3111 2063 3231 2105 sese

1663 2144 1804 2200 inter
1836 2142 2181 2198 conveniunt.

1733 2232 1856 2286 589.
1887 2231 1956 2286 At
1989 2245 2135 2296 vero,
2167 2246 2288 2284 cum
2321 2230 2496 2302 ipsum
2523 2246 2553 2285 a
2581 2230 2883 2286 illorltensio
2915 2229 3019 2284 huc
3050 2238 3230 2284 trans.

1664 2322 1894 2390 criptum
1926 2321 2162 2376 Alcherii
2192 2321 2582 2388 testimonium,
2622 2337 2727 2376 non
2764 2337 2922 2376 secus
2949 2329 3117 2389 atque
3148 2336 3234 2374 re-

1665 2415 1828 2468 citata
1859 2412 2076 2483 Rogerii
2119 2412 2335 2467 comitis
2365 2413 2575 2480 charta,
2626 2414 3017 2468 consecrationi
3051 2414 3234 2468 tradat

1663 2504 1901 2574 quinque
1949 2503 2224 2558 adstitisse
2270 2505 2571 2574 episcopos,
2624 2503 2954 2558 Melitenscm
3004 2503 3235 2569 scilicet,

1667 2595 2041 2664 Trepiensem,
2073 2593 2541 2662 Neocastrensem,
2572 2594 2933 2649 Catanensem
2971 2603 3026 2649 et
3053 2593 3234 2662 διιυὶῑιν

1667 2685 1963 2749 lacensem,
1988 2701 2088 2740 nec
2119 2694 2297 2739 tamen
2327 2685 2583 2754 quinque,
2616 2685 2710 2740 sed
2739 2695 2972 2754 quatuor
3001 2694 3232 2747 tantum,

1668 2775 2020 2846 Tropiensem
2051 2776 2328 2842 nimirum,
2353 2775 2737 2844 Catanensem,
2807 2775 3233 2844 Squillacensetn

1666 2880 1722 2922 et
1750 2864 2218 2933 Neocastrensem,
2267 2868 2356 2936 qui
2411 2867 2740 2922 solemnitati
2795 2867 2885 2920 isti
2944 2864 3232 2926 adfuerint,

1668 2961 1967 3030 episcopos,
2011 2945 2270 3015 Melitensi
2317 2961 2538 3026 omisso,
2579 2959 2912 3029 subscriptus
2957 2959 3230 3020 exhibeat,

1667 3059 1900 3122 oportet,
1927 3064 1984 3107 ut
2005 3053 2088 3108 vel
2111 3051 2424 3106 Testimonii
2448 3051 2590 3105 illius
2609 3050 2998 3120 apograplmm,
3039 3048 3091 3100 in
3119 3048 3234 3115 epi-

1669 3161 1954 3215 scoporum
1984 3144 2382 3212 subscriptione
2404 3151 2737 3213 corruptum,
2771 3139 3073 3194 Mor-hensio
3096 3154 3233 3208 pra:-

1667 3236 1885 3302 luterit,
1933 3236 2018 3290 vel
2060 3236 2365 3304 utipsemet
2413 3234 2466 3288 in
2511 3248 2576 3288 eo
2611 3231 2967 3288 deserihcndo
3016 3229 3229 3292 arra-it,

1671 3329 1904 3383 maxime
1933 3342 2058 3382 cum
2096 3328 2463 3383 testimonium
2487 3326 2617 3380 illud
2646 3335 2752 3379 tam
2782 3326 2923 3396 apud
2957 3324 3234 3379 Bocchum
3261 3357 3264 3359 -

1669 3425 1884 3480 Pirrum
1935 3421 1990 3475 in
2033 3419 2275 3474 ecclesiae
2321 3419 2643 3474 Catanensis
2688 3417 2886 3472 Notitia
2923 3418 2990 3472 ad
3036 3432 3235 3470 annum

1671 3513 1830 3576 “94,
1868 3527 2016 3567 num.
2045 3509 2131 3575 l0,
2163 3525 2323 3580 quam
2355 3509 2493 3580 apud
2521 3507 2800 3578 Ughellum
2831 3517 2960 3562 tom.
2985 3505 3236 3561 TtXltaliae

1671 3623 1861 3670 sacra),
1889 3606 1992 3661 col.
2023 3604 2127 3658 425
2165 3605 2446 3673 episcopos
2496 3619 2600 3657 non
2633 3612 2838 3658 tantmn
2867 3613 3100 3671 quatuor
3124 3602 3234 3670 jam

1671 3699 1938 3761 laudatos,
1982 3695 2081 3749 sed
2129 3695 2291 3749 etiam
2341 3693 2699 3761 Melitensem,
2747 3695 3079 3764 subscriptus
3133 3693 3236 3747 sibi

1672 3791 1870 3846 habeat
1907 3790 2006 3842 hoc
2034 3787 2190 3840 modo
2211 3804 2225 3852 ;

1746 3897 1764 3929 ι
1798 3885 1854 3942 ea
1895 3879 2004 3949 Ego
2036 3868 2335 3933 Ai'eherius
2363 3877 2547 3933 Mem.
2574 3877 3012 3948 archiepiscopus
3031 3876 3237 3932 Panor-

1672 3971 1928 4025 mitanus.

1745 4069 1802 4126 >14
1839 4063 1948 4132 Ego
1977 4057 2260 4116 Tristanus
2283 4059 2632 4130 Tropejensis
2657 4061 2826 4131 episc.
2857 4061 3092 4132 interfui.

1743 4158 1802 4214 Et
1841 4152 1950 4222 Ego
1981 4151 2084 4205 An.
2111 4151 2427 4206 Catanensis
2453 4152 2622 4220 episc.
2649 4150 2891 4204 interfui.

1745 4249 1802 4306 ᾖ
1838 4242 1950 4309 Ego
1983 4240 2301 4298 Theodorus
2371 4243 2539 4313 episc.
2625 4240 3010 4312 Squillaceusis
3093 4255 3234 4312 prae-

1672 4346 1796 4386 sens
1826 4331 1864 4385 Γ.

56 4407 224 4484 idicem,
275 4422 415 4489 apud
471 4421 750 4474 Bocchum
801 4421 1016 4476 Pirrum
1053 4422 1105 4475 in
1158 4421 1341 4476 Sicilia
1389 4439 1568 4488 saera,
1602 4433 1651 4490 ι)
1751 4427 1812 4485 >14
1848 4419 2249 4489 Ego‘Goﬂridus
2284 4417 2577 4473 Melitensis
2603 4417 2770 4488 episc.
2807 4417 2988 4472 interf.
3061 4474 3078 4492 ,

57 4499 288 4570 ὶεὺεὶιυπι
313 4521 442 4565 tom.
474 4510 548 4566 ιχ
573 4511 740 4566 Italiae
776 4527 946 4567 sacrm
995 4514 1098 4566 col.
1153 4511 1280 4577 425,
1333 4512 1571 4582 aliosque

57 4597 297 4663 scriptores
319 4613 560 4670 exstans,
617 4603 722 4656 hue
782 4618 848 4657 ex
918 4602 1206 4657 Murkensii
1256 4605 1572 4658 recensione

58 4678 158 4738 int-et
177 4690 498 4758 transferre;
527 4693 630 4748 hoc
659 4694 824 4761 enim,
867 4695 1152 4750 ecclesiam
1205 4692 1370 4760 illam,
1415 4697 1572 4764 (ptin-

59 4785 128 4835 ιῖῖλξ
143 4781 502 4839 assistentibus
535 4785 821 4855 episcopis,
855 4786 1116 4842 Melitensi
1143 4788 1413 4856 videlicet,
1438 4791 1572 4846 Tro-

59 4861 201 4934 picasi,
261 4869 662 4940 Neocaslrensi,
727 4875 1012 4931 Catanensi
1072 4887 1126 4932 et
1191 4879 1570 4950 Squillaeensi,

205 4975 594 5030 consecratam,
627 4967 850 5035 ipsemet
899 4966 1204 5037 Alcherius,
1235 4969 1573 5026 Panormita-

61 5056 129 5100 ωδε
157 5055 600 5126 archiepiscopus,
639 5058 727 5127 qui
758 5058 1158 5114 solemnitatem
1185 5061 1330 5116 illam
1381 5079 1574 5134 magno

67 5144 272 5201 tipatam
303 5158 368 5198 ac
395 5161 582 5217 pompa
637 5155 866 5217 peregit,
923 5158 1174 5217 testatur,
1232 5155 1574 5223 recitataeque

67 5225 157 5280 κω
181 5230 392 5303 Rogerii
418 5237 629 5292 comitis
659 5239 883 5304 chartae,
921 5240 973 5293 in
1000 5255 1105 5309 qua
1152 5241 1292 5297 idem
1325 5245 1570 5310 traditur,

69 5328 418 5379 monumentum
450 5329 577 5382 illud
621 5329 966 5400 suffragatur.
1029 5332 1390 5402 Sequenti'bus
1428 5336 1575 5389 hisce

71 5408 205 5464 tcrbis
223 5414 515 5484 concipitur
545 5437 556 5471 ε
595 5439 612 5470 ι
648 5419 802 5473 Anno
834 5421 1040 5474 Domini
1071 5425 1239 5478 nostri
1265 5422 1388 5478 Jesu
1419 5425 1574 5480 Chri-

69 5496 116 5546 sti
143 5500 264 5555 l09£
291 5520 467 5562 mense
492 5510 737 5578 Augusti,
769 5509 906 5564 festo
933 5512 1103 5566 beata:
1141 5513 1320 5570 Mariae
1370 5533 1576 5570 assum-

68 5599 143 5652 pta
163 5607 253 5662 ego
282 5595 550 5655 Alcherius
587 5600 776 5665 llic...,
809 5603 1245 5673 archiepiscopus
1301 5607 1575 5662 Panormi-

72 5685 212 5748 unus,
261 5693 556 5745 consecravi
592 5673 873 5748 ecclesiam
903 5697 1059 5750 istam
1111 5696 1162 5750 in
1195 5697 1448 5754 honorem
1485 5701 1575 5758 Dei

309 5775 567 5862 Βέτερι..
613 5783 797 5854 CLII.

1747 4518 1805 4575 ᾖ
1847 4512 1956 4582 Ego
1995 4511 2256 4566 Henricus
2286 4508 2629 4565 Neocastren.
2689 4510 2855 4588 episc.
2884 4509 3122 4564 interfui.
3154 4530 3172 4562 ι

1671 4607 1946 4669 Morotius,
1975 4606 2066 4674 qui
2092 4606 2144 4658 in
2179 4602 2565 4674 Chronologieo
2605 4605 2744 4659 sacri
2773 4605 2988 4660 Ordinis
3008 4606 3238 4660 Carthu-

1672 4697 1864 4751 siensis
1893 4696 2150 4759 Theatro,
2185 4703 2338 4763 parte
2367 4709 2447 4761 vt,
2477 4696 2544 4748 ad
2568 4695 2916 4750 annumll)90
2949 4695 3090 4750 idem
3119 4711 3237 4748 mo-

1672 4798 1989 4843 numentum
2041 4789 2258 4852 reeitat,
2293 4787 2435 4841 inter
2485 4788 2818 4858 subscriptus
2861 4788 2912 4842 ei
2956 4787 3240 4857 episco;.os

1667 4881 2007 4938 ,llelitensem
2035 4881 2198 4934 etiam
2248 4895 2356 4934 non
2403 4889 2668 4945 recenset,
2717 4891 2904 4935 contra
2945 4896 3008 4936 ac
3042 4882 3238 4937 nihilo—

1673 4971 1871 5032 minus,
1900 4985 1930 5023 e
1960 4983 2068 5038 quo
2103 4967 2230 5022 illud
2257 4983 2317 5022 se
2357 4969 2718 5038 desumpsisse
2763 4970 2960 5025 ibidem
3012 4972 3104 5034 ait,
3138 4972 3238 5026 Ca—

1674 5059 1852 5113 millus
1867 5058 2093 5114 Tutinus
2117 5059 2168 5112 in
2191 5057 2441 5112 Historia:
2463 5058 2677 5113 Ordinis
2698 5059 3164 5115 CartbusiensisPi
3179 5076 3239 5114 o-

1673 5161 1860 5219 speetu
1885 5149 2036 5204 facit.

1747 5246 1870 5301 590.
1897 5245 2032 5300 Hinc
2054 5244 2418 5301 Morkensium
2467 5260 2497 5300 e
2551 5246 2800 5311 Morotio,
2859 5247 2944 5302 cui
2991 5246 3234 5317 proinde,

1675 5337 1816 5407 quod
1857 5337 1952 5390 abs
1983 5351 2047 5390 eo
2091 5336 2378 5390 emissione
2427 5337 2702 5391 cxdictis
2737 5345 3036 5405 peceatum,
3087 5336 3240 5388 attri-

1674 5428 1948 5483 buendum
1980 5435 2082 5492 est,
2109 5427 2347 5481 Alcherii
2377 5428 2480 5481 huc
2514 5426 2624 5493 jam
2659 5427 3044 5496 transcriptum
3091 5425 3240 5479 testi-

1678 5519 1915 5573 monium
1955 5519 2349 5588 deprompsisse
2380 5518 2664 5582 existimo;
2697 5518 2752 5571 in
2783 5519 2886 5572 hac
2911 5528 3089 5572 autem
3123 5517 3238 5586 opi-

1677 5611 1838 5664 nione
1877 5611 2108 5663 maxime
2136 5611 2296 5664 etiam
2325 5609 2616 5664 confirmor
2638 5625 2704 5676 ex
2725 5625 2808 5676 eo,
2835 5610 2978 5679 quod
3008 5625 3238 5679 sequen-

1680 5703 1752 5758 tia
1782 5703 1894 5759 hare
1923 5705 2106 5771 verba,
2144 5720 2161 5752 ι
2198 5703 2297 5769 Qui
2327 5702 2575 5757 omnibus
2611 5717 2738 5758 vere
2775 5703 3164 5772 pmnitentihus
3189 5712 3242 5759 ct

2975 5799 3044 5856 l2
