3846 6316
646 340 751 400 365

1443 336 1501 395 S.
1546 335 1889 395 BRUNONIS
1922 327 2561 394 CAIiTllUSlANOllUM
2603 334 3085 396 lNS'l'lTUTORlS

3729 345 3805 401 304

645 455 976 515 confessis...
998 452 1353 524 quadraginta
1387 453 1502 509 dies
1531 455 1596 509 de
1631 471 1755 509 vera
1807 451 2203 522 indulgentia...
2241 463 2282 525 Α
2310 453 2556 509 similiter
2583 457 2670 520 sit,
2700 456 2953 512 lectorem
2977 459 3254 523 edoceam,
3307 456 3545 512 Rocchus
3590 458 3693 515 loco
3715 478 3805 532 pro-

648 546 979 619 pteuitcntia:
1009 545 1267 599 relaxavit
1289 545 1783 614 archiepiscopatus
1813 546 1892 599 sui
1926 559 2163 608 anno...,
2196 563 2213 593 ι

650 653 770 710 qua:
796 639 848 693 iu
876 643 1226 691 monumento
1280 648 1384 689 tsto
1424 634 1555 689 locis
1615 636 1857 705 proxime
1911 635 2025 689 citt.
2079 635 2218 705 apud

655 727 933 801 Ugbellum
965 736 1018 783 et
1058 722 1342 781 Bocchum
1380 725 1594 779 Pii-rum
1636 727 1857 780 vocibus
1902 726 2051 781 hisce
2100 743 2119 776 ι
2162 725 2220 779 ln

648 820 935 891 praesentia
968 820 1230 873 bonorum
1253 817 1529 871 hominum
1568 835 1587 868 ι
1622 817 1945 883 subduntur,
2003 825 2165 885 atque
2190 832 2220 871 a

653 910 901 976 Mor-otio,
947 918 1004 962 ut
1034 916 1093 963 ut
1122 907 1262 976 apud
1298 905 1590 961 Camillum
1634 906 1888 961 Tutinum
1916 908 2217 974 ,exstantia,

650 1002 854 1057 mnissa
881 1010 1029 1064 sunt,
1051 1000 1255 1069 pariter
1284 999 1483 1053 omissa
1518 1000 1626 1053 sint
1656 998 1797 1069 apud
1834 998 2218 1064 Morkensium,

591 1074 595 1088 ’
653 1089 767 1156 qui,
795 1089 958 1155 unde,
998 1089 1063 1142 de
1084 1102 1189 1157 quo
1216 1088 1303 1141 hic
1326 1088 1659 1152 disserimus,
1690 1089 2082 1157 deprompserit
2110 1105 2223 1142 uto—

556 1224 561 1228 .
657 1191 999 1246 nuntentum,
1026 1196 1131 1235 non
1159 1181 1340 1235 edicit.
1370 1181 1538 1235 Porro
1564 1182 1616 1235 in
1639 1182 1867 1237 diversis
1907 1182 2220 1248 testimonii,

657 1274 725 1329 ab
750 1273 1006 1328 Alcherio
1032 1272 1163 1338 dati,
1200 1272 1598 1342 exemplaribus
1627 1272 1737 1341 jam
1788 1274 2104 1329 memoratis
2150 1273 2225 1329 le-

656 1363 869 1418 ctiones
901 1363 1173 1417 variantes
1196 1371 1489 1417 occurrunt
1517 1377 1622 1416 non
1657 1369 1863 1416 tantum
1911 1364 2029 1416 dua:
2065 1363 2224 1417 modo

657 1455 937 1524 expositae,
968 1454 1161 1522 quibus
1193 1469 1222 1508 a
1249 1454 1483 1520 Boccho,
1527 1452 1752 1523 Ughello
1782 1464 1831 1509 et
1872 1452 2068 1507 Tutino
2113 1451 2225 1505 Mo-

656 1545 829 1600 rotius
853 1553 908 1599 et
927 1544 1263 1599 Murkensius
1287 1544 1585 1607 dissonant,
1638 1558 1823 1597 verum
1872 1545 2035 1598 etiam
2084 1541 2222 1607 alite,

657 1639 851 1707 quibus
872 1653 902 1691 a
931 1638 1174 1700 Morotio,
1236 1637 1433 1691 Tutino
1463 1646 1518 1691 et
1542 1636 1843 1692 Merkensio
1893 1636 2145 1707 Ughellus
2173 1645 2227 1690 et

657 1729 908 1785 Bocchus
947 1730 1111 1799 hique
1156 1729 1319 1782 etiam
1370 1729 1474 1782 duo
1521 1728 1753 1783 invicem
1808 1728 2118 1798 discrepant
2172 1728 2224 1782 in

2322 549 2464 601 xime
2494 548 2612 615 eit.,
2663 548 2752 601 ubi
2796 547 3107 601 Alchcrium
3156 548 3223 600 ab
3259 563 3397 601 anno
3426 546 3553 602 1083
3576 549 3634 602 ad
3657 566 3805 604 annuat

2322 648 2378 692 tit
2408 639 2687 692 minimum
2711 639 2846 693 1099
2868 638 3379 709 archiepiscopalem
3411 637 3630 694 ecclesia:
3654 638 3805 694 Panor-

2323 729 2537 782 mitana:
2565 729 2745 783 sedem
2775 744 3097 798 occupasse,
3121 728 3309 793 edixit,
3337 728 3575 783 Alcberio
3624 731 3806 784 fortassis

2328 840 2346 872 ι
2384 820 2655 876 Nicodemi
2679 822 3091 890 appellationem
3113 822 3226 876 sive
3247 822 3319 875 uti
3348 821 3621 876 secundum
3642 837 3806 885 nomen,

2323 914 2436 968 sive
2468 913 2545 966 uti
2573 926 2873 980 cognomen
2930 911 3241 965 attributam
3276 931 3295 963 ι
3345 910 3522 976 fuisse,
3571 911 3662 964 diei
3700 926 3805 979 posse

2325 1005 2636 1068 arbitratur,
2670 1003 2852 1074 idque,
2884 1016 3002 1073 qua:
3038 1001 3236 1055 ibidem
3268 999 3441 1067 affert,
3475 1011 3551 1055 sat
3579 1001 3805 1056 veros'tnilt

2324 1090 2579 1146 elliciunt.

2394 1182 2518 1237 592.
2574 1182 2720 1236 lnter
2764 1181 3066 1253 episcOpos,
3117 1180 3423 1235 testimonio
3476 1179 3540 1234 de
3582 1178 3805 1234 Territat:

2325 1274 2568 1330 ecclesia:
2620 1275 3028 1329 consecratione
3083 1273 3436 1342 subscriptos,
3475 1272 3688 1342 proxime
3730 1282 3806 1341 post

2324 1365 2655 1430 Alcherium,
2683 1364 2926 1419 ecclesia:
2971 1363 3368 1419 Panormitana:
3411 1361 3805 1431 archiepiscopum,

2326 1466 2605 1527 comparet
2667 1457 3002 1526 Trepiensis,
3067 1471 3184 1523 seu,
3240 1464 3300 1509 ut
3344 1455 3410 1508 ab
3447 1454 3558 1506 aliis
3603 1453 3805 1506 scribitur.

2328 1548 2673 1618 Tropeiensis
2712 1548 2764 1602 in
2796 1546 3049 1603 Ulteriori
3077 1546 3328 1601 Calabria
3357 1544 3591 1599 ecclesia:
3633 1543 3805 1595 antistes:

2327 1641 2418 1708 qui
2445 1640 2586 1709 apud
2631 1638 2914 1709 Ughellum
2972 1646 3027 1693 et
3074 1638 3349 1692 Bocchum
3398 1635 3521 1689 locis
3567 1648 3701 1702 supra
3736 1634 3802 1684 rétt

2329 1732 2641 1796 Tristanus;
2670 1745 2700 1783 a
2727 1729 2957 1784 Morotio
2996 1744 3124 1783 vero
3173 1737 3228 1783 et
3260 1726 3552 1781 Merkensio
3594 1723 3805 1777 'l‘ristcriuz

660 1821 994 1874 monumenti
1032 1819 1174 1872 illius
1207 1829 1317 1872 lum
1349 1828 1627 1883 contextu,
1669 1827 1781 1873 tum
1831 1821 2224 1889 episcoporum,
2257 1804 2304 1865 Β
2330 1832 2690 1894 nuncupatur,
2730 1822 2855 1877 licet
2883 1822 3164 1877 interim'a
3200 1820 3401 1874 Tutino
3430 1817 3682 1872 Trisleuus
3717 1815 3805 1866 voci

657 1913 750 1980 qui
773 1912 945 1966 eidem
962 1911 1419 1981 subscripserunt,
1446 1911 1773 1965 nominibus.
1809 1907 2226 1980 Ut’przeeipuas,

659 2001 885 2071 reliquis
915 2003 1313 2071 praetermissis,
1344 2016 1672 2068 recenseam,
1707 2016 1806 2072 pro
1839 2001 2092 2068 lectione,
2127 2018 2228 2072 qua

664 2097 924 2151 Morotius
946 2106 997 2150 et
1016 2094 1349 2149 Morkensins
1372 2095 1423 2148 in
1449 2094 1739 2149 testimonii
1754 2103 2008 2149 contextu
2027 2094 2231 2162 legunt,

661 2188 920 2257 Magistro
963 2186 1215 2241 Brunone
1253 2195 1308 2241 et
1362 2185 1603 2239 Lanvino
1639 2195 1693 2239 et
1740 2187 1937 2240 ceteris
1982 2184 2234 2240 Patribus

667 2276 923 2347 (Tutlnus
965 2275 1128 2329 habet
1175 2274 1475 2342 Fratribus)
1516 2274 1915 2339 assistentibus,
1983 2273 2235 2344 Ughellus

664 2368 904 2437 quidem,
936 2368 1135 2425 omissa
1170 2374 1291 2434 post
1317 2380 1505 2418 vocem
1551 2365 1801 2418 Brunone
1854 2364 2236 2433 conjunctione

668 2469 737 2522 et,
762 2468 1135 2527 commateque
1161 2457 1209 2511 ei
1234 2456 1547 2520 substituto,
1577 2455 1703 2526 legit
1738 2455 2019 2527 «Magistro
2032 2456 2239 2511 Bruno-

669 2566 759 2617 ne,
790 2549 1030 2604 Lanvino
1067 2548 1127 2602 Β.
1170 2558 1225 2603 et
1274 2548 1483 2602 caeteris
1520 2546 1779 2602 fratribus
1805 2549 2047 2603 eremitis
2075 2549 2239 2603 assis-

667 2642 966 2702 tentibusu
999 2639 1247 2694 Bocchus
1273 2653 1419 2705 vero,
1434 2639 1633 2693 omisso
1651 2642 1810 2693 etiam
1835 2651 2117 2702 commate,
2145 2642 2240 2695 ha-

669 2734 782 2797 bet,
822 2749 839 2783 ι
876 2731 1131 2801 Magistro
1162 2729 1409 2784 Brunone
1439 2728 1680 2782 Lanvino
1708 2739 1763 2783 et
1789 2730 2000 2783 caeteris
2053 2728 2240 2783 fratri-

666 2826 769 2881 bus
795 2824 1071 2880 heremitis
1095 2820 1508 2888 assistentibus;
1551 2839 1570 2873 ι
1623 2834 1807 2876 verum
1841 2822 2104 2891 posterior
2130 2823 2243 2878 hinc

673 2916 857 2982 lectio,
889 2924 946 2968 ttt
972 2928 1068 2985 per
1092 2929 1149 2969 se
1184 2920 1352 2984 patet,
1378 2912 1526 2967 omni
1547 2911 1714 2968 dubio
1764 2911 1950 2982 procul
1988 2914 2243 2969 mendosa

667 3017 770 3064 est.

745 3100 872 3156 591.
900 3099 979 3154 Ex
1005 3114 1069 3155 ea
1106 3098 1323 3155 interim
1354 3096 1631 3170 praecipue
1658 3107 1744 3153 est
1780 3096 2074 3163 factum,ut
2105 3097 2245 3153 Roc-

670 3194 817 3250 chus
850 3207 884 3248 e
908 3191 1157 3246 Brunone
1188 3201 1242 3246 et
1284 3190 1528 3244 Lanvino
1558 3205 1716 3243 unam
1744 3189 2095 3258 eamdemque
2119 3204 2244 3258 per-

675 3299 868 3339 sonam
898 3298 1179 3354 perperam
1213 3282 1421 3348 fecerit,
1477 3281 1593 3335 loco
1618 3297 1781 3351 supra
1808 3282 1906 3336 cit.
1942 3282 1994 3335 in
2049 3284 2243 3336 recita—

676 3387 788 3429 tum
818 3390 849 3428 a
874 3388 933 3428 se
959 3374 1198 3429 Alcherii
1232 3372 1597 3426 testimonium
1626 3372 1699 3426 ita
1730 3372 2027 3427 observans
2062 3390 2075 3428 :
2113 3391 2129 3425 t
2164 3374 2241 3427 Ex

674 3464 743 3519 iis
774 3464 951 3518 verbis
977 3478 1005 3517 e
1031 3461 1287 3531 Magistro
1311 3459 1563 3529 Brunone
1585 3459 1828 3515 Lanvino
1860 3479 1878 3511 ι
1910 3461 2065 3517 facile
2089 3463 2246 3518 intel-

673 3554 829 3626 liges,
864 3553 1096 3623 diploma
1133 3550 1281 3615 illud,
1318 3550 1460 3618 quod
1488 3551 1545 3604 in
1598 3549 1770 3605 Notit.
1797 3551 2033 3606 Messan.
2061 3554 2126 3607 ad
2150 3569 2247 3606 an-

675 3664 805 3703 num
839 3646 999 3714 1094,
1031 3660 1181 3700 num.
1219 3643 1321 3698 Vlll
1354 3643 1655 3710 retulimus,
1690 3660 1719 3698 a
1746 3643 1992 3700 Paschali
2021 3645 2062 3700 ll
2105 3645 2247 3701 Pon-

680 3738 828 3793 tifice
884 3736 1258 3793 transmissum
1288 3736 1452 3793 fuisse
1483 3737 1606 3792 huic
1632 3738 1901 3803 Brunoni;
1932 3738 1983 3793 iu
2011 3755 2076 3795 eo
2103 3740 2245 3794 enim

677 3830 847 3885 habes
878 3848 893 3884 :
929 3850 946 3882 ι
977 3829 1251 3884 Paschalis
1273 3829 1575 3900 episcopus,
1602 3845 1790 3885 servus
1820 3846 2099 3886 servorum
2132 3832 2245 3887 Dei.

675 3922 886 3977 Dilecto
939 3920 1048 3975 lilio
1084 3919 1327 3974 Lanvino
1376 3921 1605 3976 salutem
1653 3930 1708 3976 et
1749 3932 1925 3993 apost.
1977 3923 2246 3978 benedict.

676 4015 746 4069 de
797 4012 1157 4068 llleSsanensis
1202 4011 1435 4081 episcopi
1463 4026 1624 4065 causa
1653 4031 1671 4063 ›
1703 4020 1806 4066 etc.
1842 4012 1916 4065 Ex
1959 4013 2247 4083 episcopis,

678 4103 772 4175 qui
804 4100 1116 4158 testimonio
1139 4100 1571 4168 subscribunlur,
1603 4099 2020 4156 Pauormitanus
2067 4102 2249 4155 archi-

676 4197 986 4268 episcopus,
1017 4194 1106 4264 qui
1135 4193 1186 4249 id
1223 4192 1393 4257 dedit,
1423 4207 1452 4246 a
1491 4190 1705 4258 Tutino,
1736 4191 1966 4247 Morotio
2017 4201 2071 4247 et
2108 4192 2251 4247 Mur—

676 4288 869 4346 ltensio
898 4285 1200 4350 Alcherius,
1236 4284 1303 4339 ab
1342 4280 1566 4353 Ughello
1600 4290 1655 4336 et
1689 4281 1906 4338 Roccho
1934 4283 2247 4350 Archerius,

681 4382 826 4438 facta
859 4381 912 4436 in
942 4362 1159 4434 nomine
1190 4377 1380 4431 littera:
1407 4374 1564 4430 unius
1582 4374 1902 4440 mutatione,
1936 4374 2249 4445 additaque,

2332 1922 2494 1968 tetur.
2531 1912 2785 1982 Ughellus
2818 1920 2947 1965 tom.
3014 1906 3059 1964 X
3112 1909 3278 1963 Italia:
3314 1922 3477 1963 sacra:
3524 1907 3572 1961 in
3623 1902 3805 1974 epismpi

2333 2003 2718 2072 Tropiensibus
2745 2002 2849 2057 col.
2874 2001 2980 2055 450
3011 2001 3076 2055 de
3106 2001 3364 2071 episcopo
3411 1997 3497 2051 illo
3543 1997 3607 2050 ita
3660 1995 3797 2049 scribit

2336 2112 2357 2145 ι
2398 2092 2646 2162 lustegus
2669 2092 2751 2146 vel
2775 2092 3078 2163 Justeyrus,
3104 2102 3158 2146 et
3197 2089 3473 2154 Tusteius,
3500 2087 3581 2157 qtti
3606 2095 3654 2141 et
3674 2083 3805 2137 Trista

2336 2201 2436 2240 nus
2462 2195 2568 2249 est,
2599 2185 2801 2254 primus
2815 2184 3127 2239 Latinorum
3144 2181 3494 2253 Tropeicnsis
3519 2178 3723 2233 ecelseia:
3744 2190 3803 2228 mu

2336 2295 2437 2334 nus
2468 2277 2773 2349 epise0pale
2800 2278 3039 2347 suscepit
3087 2277 3234 2331 circa
3276 2289 3472 2328 annum
3504 2272 3638 2324 Dom.
3670 2268 3783 2325 1091,

2338 2370 2645 2440 subditque,
2692 2368 2964 2424 nonnullis
3018 2368 3374 2437 interpositis,
3425 2375 3805 2420 conccssumanm

2339 2464 2475 2519 1091
2508 2479 2536 2517 a
2567 2463 2819 2547 Rogerio,
2864 2460 3093 2532 Apuliae,
3123 2460 3394 2515 Calabria:
3434 2467 3486 2513 et
3524 2455 3695 2547 Sicilia:
3716 2451 3805 2547 duo

2339 2554 2586 2612 ecclesia:
2635 2542 2952 2624 Tropeiensi
3012 2552 3274 2623 diploma,
3327 2552 3379 2605 in
3440 2564 3560 2619 quo,
3601 2545 3678 2616 qui
3716 2542 3801 2609 liuju

2342 2656 2453 2701 tum
2477 2646 2701 2699 antistes
2727 2653 2870 2699 erat.
2896 2641 3151 2713 Justegus
3181 2641 3511 2696 nominatur.
3542 2635 3631 2703 Qui
3656 2648 3709 2687 ex
3748 2630 3804 2698 cpi

2343 2740 2543 2809 scopis,
2580 2736 2890 2793 testimonio
2921 2734 3261 2804 subscriptis,
3294 2742 3413 2805 post
3447 2729 3805 2799 Tropiensemse

2342 2830 2549 2899 quitur,
2622 2827 2946 2884 Catanensis
3006 2825 3281 2897 prioribus
3367 2825 3615 2876 duntaxat
3682 2812 3805 2868 duabu

2344 2921 2579 2977 nominis
2609 2921 2689 2976 sui
2722 2920 2917 2975 litteris
2943 2920 3009 2973 ab
3036 2917 3266 2987 Ughello
3293 2923 3347 2969 et
3391 2912 3596 2966 Boccho
3645 2904 3805 2973 design:

2348 3025 2466 3081 tur;
2506 3030 2535 3069 a
2562 3014 2759 3068 Tutino
2785 3028 2913 3068 vero
2944 3013 3192 3079 huncque
3243 3017 3430 3064 secuto
3460 3000 3663 3057 Munitio
3701 2998 3805 3063 Αυεε

2350 3108 2461 3162 rius
2495 3116 2550 3161 et
2588 3121 2616 3159 a
2666 3103 2974 3159 Morkensio
3012 3101 3284 3171 Angerius
3331 3105 3563 3151 vocatur.
3595 3088 3805 3146 Antistitei

2346 3201 2489 3255 hunc
2519 3198 2736 3268 proprie
2762 3202 3129 3264 ttuncupatum
3164 3191 3333 3246 fuisse
3363 3185 3683 3256 Ansgerium,
3706 3176 3803 3231 sedis

2345 3308 2509 3363 seque
2538 3294 2605 3346 ab
2625 3306 2789 3345 anno.
2824 3289 2952 3344 1091
3009 3286 3073 3341 atl
3107 3301 3305 3339 annum
3333 3296 3500 3349 usque
3540 3275 3675 3338 1m,
3710 3271 3803 3363 liqut

2345 3386 2527 3451 exiis,
2577 3399 2695 3453 qua:
2743 3385 2807 3437 de
2856 3381 2946 3435 illo
2985 3380 3036 3433 in
3068 3377 3313 3433 ecclesia:
3349 3368 3659 3429 Catanensis
3686 3358 3803 3453 Nothi

2346 3476 2414 3528 ah
2442 3449 2739 3528 anno-1091
2790 3470 3033 3524 Bocchus
3061 3467 3250 3521 Pirrus
3289 3466 3343 3518 in
3400 3460 3624 3517 medium
3658 3449 3797 3507 adduci

2347 3566 2499 3633 Quod
2543 3565 2609 3619 ad
2660 3563 3082 3632 Sqttillacensem
3135 3568 3192 3613 et
3237 3557 3564 3610 Meliteusetn
3606 3548 3801 3617 ορῖεεοβθ

2347 3673 2575 3728 quorum
2600 3654 2923 3723 subseriptio
2944 3649 3258 3705 Catanensis
3278 3644 3511 3717 episcopi
3536 3634 3801 3703 subscriptiot

2346 3749 2591 3820 proxime
2616 3747 2881 3807 subditm,
2906 3742 3016 3811 jam
3044 3747 3276 3810 spectat,
3308 3736 3501 3807 prioris
3543 3747 3600 3786 ex
3649 3728 3733 3787 his,
3758 3734 3802 3789 qv

2349 3839 2800 3910 quemadmodum
2838 3833 2974 3889 infra
3006 3841 3192 3887 contra
3226 3827 3507 3898 Ughellum
3529 3820 3720 3879 docebo,
3738 3826 3799 3910 ait!

2352 3904 2489 3986 1095
2529 3939 2620 3984 aut
2678 3925 2927 3997 sequenti
2983 3923 3373 3979 mortalitatem
3432 3913 3666 3986 explevit,
3705 3904 3799 3959 €0th

2351 4024 2549 4094 ubique
2587 4021 2743 4075 modo
2773 4033 2966 4073 nomen
2995 4015 3237 4079 effertur,
3264 4029 3369 4069 nec
3423 4011 3576 4065 ullam
3624 4002 3799 4062 etiamp

2352 4112 2615 4175 stcrioris,
2646 4109 2786 4180 quod
2816 4124 2879 4162 ex
2911 4106 3066 4160 dictis
3092 4121 3121 4158 a
3152 4104 3381 4157 Morotio
3434 4101 3664 4165 huncque
3706 4098 3797 4180 scf"

2354 4177 2977 4262 Morltensioomittitur,
3005 4195 3365 4249 variationem
3398 4193 3591 4265 patitur
3618 4179 3729 4254 apud
3749 4177 3797 4229 BG

2330 4282 2538 4358 ichum,
2566 4292 2848 4363 Ughellum
2874 4299 2929 4345 et
2954 4289 3229 4351 Tutiuum,
3260 4302 3290 4339 a
3321 4286 3515 4356 quibus
3542 4280 3797 4335 recenscttlr

2423 4385 2546 4441 595.
2586 4384 2888 4438 Notandum
2920 4396 3081 4453 porro
3115 4387 3215 4434 est.
3248 4378 3415 4443 hunc,
3476 4389 3575 4428 non
3624 4365 3795 4453 celeber!

679 4473 947 4544 quodrcr
976 4469 1078 4524 Ηίε
1106 4467 1440 4523 Μονοιίιιεοι
1482 4476 1602 4536 post
1632 4465 1772 4520 hunc
1820 4464 2153 4521 Morkensius
2199 4468 2249 4519 in
2284 4486 2327 4540 ι)
2356 4491 2455 4529 ma:
2513 4474 2804 4530 Melitensis
2856 4449 3063 4536 ίιιέιιιερ,
3116 4468 3211 4524 sed
3262 4464 3554 4521 Melitensis
3596 4473 3677 4514 seu
3718 4449 3795 4521 poti

682 4567 887 4621 chartae
909 4573 1056 4619 textu
1099 4561 1348 4631 supplent
1380 4559 1613 4614 nominis
1637 4557 1942 4628 fragmento
1965 4558 2104 4628 apud
2146 4557 2251 4629 Ug-

682 4654 883 4709 bellum
897 4654 1113 4731 quidem
1138 4652 1282 4705 Nic..
1317 4690 1333 4716 ,
1365 4650 1503 4720 apud
1518 4649 1794 4705 Rocehum
1818 4659 1995 4704 autem
2026 4647 2248 4712 Nico...,

684 4753 926 4800 vocatur.
962 4744 1080 4807 Ast,
1118 4758 1239 4797 cum
1269 4741 1704 4811 archiepiscopus
1740 4740 1830 4796 ille
1879 4740 2019 4811 apud
2049 4740 2251 4810 ipsum-

691 4844 804 4890 met
860 4834 1138 4890 Bocchum
1188 4832 1430 4887 ecclesia:
1476 4832 1872 4887 Panormitanae
1911 4831 2133 4897 Notitia,
2188 4831 2255 4886 ad

686 4939 886 4978 annum
920 4922 1077 4987 1094,
1112 4936 1257 4975 ηυιη.
1285 4921 1318 4973 6
1366 4922 1419 4975 in
1452 4920 1742 4989 diplomate
1794 4922 1937 4992 quod
1971 4921 2254 4991 Rogerius,

690 5014 891 5069 Sicilia:
932 5021 987 5067 et
1031 5010 1292 5065 Calabria:
1332 5026 1534 5076 comes,
1563 5013 1807 5067 ecclesiae
1855 5012 2256 5066 Panormitana:

688 5104 989 5162 ann01095
1018 5103 1182 5169 dedit,
1210 5102 1493 5156 Alcherius
1521 5103 1835 5171 appelletur,
1895 5117 2088 5158 nomen
2118 5102 2256 5169 ejus,

690 5201 767 5256 uti
798 5215 827 5254 a
855 5197 1081 5261 Mutino,
1116 5195 1365 5263 liuncque
1407 5196 1609 5250 secutis
1642 5195 1869 5250 Morotio
1908 5206 1961 5250 et
2014 5195 2259 5250 Morken-

689 5292 775 5345 sio
803 5288 884 5356 fit,
908 5286 1190 5343 Alcherius
1211 5285 1407 5355 potius,
1432 5301 1593 5353 quam
1614 5285 1908 5340 Archerius
1929 5285 2260 5341 ell‘erendum

692 5392 844 5451 puto.
874 5376 1026 5445 Quod
1046 5384 1225 5430 autem
1268 5376 1500 5445 pertinet
1542 5376 1610 5429 ad
1640 5377 1873 5432 nominis
1903 5377 2261 5448 fragmentum

694 5469 821 5525 Nic.
870 5477 964 5523 aut
1002 5467 1158 5533 Nico,
1193 5466 1335 5536 quod
1386 5466 1527 5535 apud
1558 5465 1832 5521 Bocchum
1877 5476 1932 5522 et
1978 5466 2262 5534 Ugliellum

695 5564 957 5618 duntaxat
999 5560 1053 5614 in
1097 5560 1299 5615 charta:
1324 5558 1718 5627 subscriptione
1748 5557 1962 5629 legitur,
2011 5558 2063 5612 id
2100 5556 2259 5625 forte,

695 5653 841 5723 quod
893 5653 1100 5721 integra
1153 5666 1254 5706 vox
1297 5666 1401 5705 non
1445 5661 1607 5715 esset,
1657 5650 2011 5705 omittendum
2051 5650 2263 5706 duxerit

698 5745 961 5812 Tutiuus;
991 5760 1196 5812 verum,
1226 5753 1282 5799 ut
1306 5745 1460 5815 cujus
1507 5742 1740 5801 nominis
1772 5743 1899 5800 illud
1948 5758 2075 5813 pars
2105 5758 2260 5799 vero-

2356 4568 2651 4633 ililitensis,
2677 4565 2937 4621 Calabria:
2957 4560 3243 4619 Ulterioris
3273 4559 3526 4619 civitatis,
3543 4548 3796 4633 exstitisse:

2357 4658 2600 4722 tistitem,
2619 4656 2696 4711 uti
2719 4664 2863 4725 patet
2884 4669 2949 4709 ex
2978 4654 3062 4718 iis,
3100 4667 3218 4721 qua:
3234 4649 3482 4705 Rocchus
3505 4647 3671 4702 Pirrus
3688 4640 3728 4692 in
3742 4632 3796 4725 ile

2358 4750 2523 4806 tensis
2538 4724 2777 4804 ecclesia:
2799 4746 2994 4800 Notitia
3026 4744 3269 4815 proxime
3297 4750 3422 4796 ante
3469 4750 3649 4793 annum
3678 4724 3793 4815 1089Ρ

2360 4840 2614 4910 Ughellus
2633 4848 2761 4893 tom.
2781 4838 2799 4893 l
2823 4836 2988 4891 Italia:
3014 4812 3182 4889 sacra:
3207 4833 3257 4887 in
3272 4831 3541 4902 episcopis
3559 4812 3793 4881 Melitensil

2358 4929 2577 4985 col.9~12
2606 4937 2659 4982 et
2688 4943 2803 4997 seq.
2832 4928 2881 4980 in
2901 4926 3083 4979 literas
3125 4925 3360 4977 mittant.
3388 4916 3794 4997 AdNeocztslI‘tjnSi

2360 5035 2501 5074 nunc
2521 5018 2756 5082 tandem,
2770 4995 2863 5085 qui
2891 5015 3131 5068 omnium
3161 5012 3379 5066 ultimus
3392 5006 3619 5065 Alcherii
3639 5006 3693 5055 de
3707 4995 3791 5049 Τιιτ

2362 5121 2501 5165 tante
2538 5108 2779 5163 ecclesia:
2810 5106 3220 5161 consecratione
3246 5101 3555 5157 testimonio
3575 5087 3792 5153 subscripti

2361 5200 2674 5268 episcopum
2702 5196 2877 5251 venio.
2905 5195 3026 5260 Hic,
3050 5209 3207 5264 quem
3240 5194 3307 5248 ab
3332 5208 3473 5247 anno
3504 5186 3630 5245 1094
3651 5189 3783 5249 usque

2363 5260 2564 5343 annum
2588 5287 2774 5343 saltem
2806 5286 2943 5341 1112
2972 5260 3173 5341 sedisse
3199 5285 3425 5339 adducta
3446 5281 3511 5337 ab
3540 5273 3731 5347 Ughello
3756 5260 3791 5318 id

2362 5380 2432 5436 1X
2482 5380 2645 5434 Italiae
2694 5394 2860 5433 sacra:
2902 5377 3133 5433 colJOS
3184 5386 3237 5430 et
3290 5376 3429 5430 binis
3473 5386 3616 5442 seqq.
3659 5357 3789 5419 suadﬂ

2364 5470 2627 5524 Henricus
2665 5483 2695 5521 a
2743 5468 2959 5523 Roccho
3010 5475 3066 5521 et
3109 5465 3332 5535 Ughello
3384 5466 3724 5529 nuncupatur;

2367 5572 2546 5616 autem
2580 5577 2609 5615 a
2646 5560 2864 5627 Tutino,
2896 5561 3144 5629 huneque
3194 5556 3392 5612 secutis
3434 5550 3646 5609 Morotio
3686 5552 3730 5595 et

2364 5653 2556 5708 hensio
2583 5654 2722 5708 inter
2758 5654 3035 5722 episcopos
3081 5648 3385 5716 testimonio
3429 5659 3550 5701 mox
3590 5624 3787 5694 iterumI

2366 5745 2490 5802 dato
2532 5745 2883 5815 subscriptos,
2939 5753 3301 5812 rectnseatur,
3355 5738 3567 5796 nomine
3615 5738 3761 5786 tamen
