  <div class='ocr_page' id='page_1' title='image "/cluster/home/n/w/nwhite01/storage/ocr_20150623/152/hvd.32044015473804/188.png"; bbox 0 0 3846 6316; ppageno 0'>
   <div class='ocr_carea' id='block_1_1' title="bbox 106 280 1809 351">
    <p class='ocr_par' dir='ltr' id='par_1_1' title="bbox 106 280 1809 351">
     <span class='ocr_line' id='line_1_1' title="bbox 106 280 1809 351; baseline 0.017 -42"><span class='ocrx_word' id='word_1_1' title='bbox 106 291 190 351; x_wconf 62' lang='grc'><strong>³65</strong></span> <span class='ocrx_word' id='word_1_2' title='bbox 1606 280 1809 338; x_wconf 77' lang='lat' dir='ltr'><strong>ACTA.</strong></span> 
     </span>
    </p>
   </div>
   <div class='ocr_carea' id='block_1_2' title="bbox 3230 297 3339 355">
    <p class='ocr_par' dir='ltr' id='par_1_2' title="bbox 3230 297 3339 355">
     <span class='ocr_line' id='line_1_2' title="bbox 3230 297 3339 355; baseline -0.009 -1"><span class='ocrx_word' id='word_1_3' title='bbox 3230 297 3339 355; x_wconf 80' lang='grc'><strong>566</strong></span> 
     </span>
    </p>
   </div>
   <div class='ocr_carea' id='block_1_3' title="bbox 101 400 3345 481">
    <p class='ocr_par' dir='ltr' id='par_1_3' title="bbox 101 400 3345 481">
     <span class='ocr_line' id='line_1_3' title="bbox 101 400 3345 481; baseline 0.002 -20"><span class='ocrx_word' id='word_1_4' title='bbox 101 404 290 462; x_wconf 80' lang='lat' dir='ltr'><strong>Henrici</strong></span> <span class='ocrx_word' id='word_1_5' title='bbox 317 402 397 459; x_wconf 86' lang='lat' dir='ltr'><strong>vel</strong></span> <span class='ocrx_word' id='word_1_6' title='bbox 428 402 634 468; x_wconf 86' lang='lat' dir='ltr'><strong>altero,</strong></span> <span class='ocrx_word' id='word_1_7' title='bbox 661 401 786 472; x_wconf 84' lang='lat' dir='ltr'><strong>quia</strong></span> <span class='ocrx_word' id='word_1_8' title='bbox 817 401 955 458; x_wconf 88' lang='lat' dir='ltr'><strong>forte</strong></span> <span class='ocrx_word' id='word_1_9' title='bbox 1004 401 1210 458; x_wconf 88' lang='lat' dir='ltr'><strong>nullum</strong></span> <span class='ocrx_word' id='word_1_10' title='bbox 1257 400 1310 457; x_wconf 92' lang='lat' dir='ltr'><strong>in</strong></span> <span class='ocrx_word' id='word_1_11' title='bbox 1363 402 1654 459; x_wconf 91' lang='lat' dir='ltr'><strong>testimonii</strong></span> <span class='ocrx_word' id='word_1_12' title='bbox 1685 414 1733 470; x_wconf 74' lang='grc' dir='ltr'><strong>Α</strong></span> <span class='ocrx_word' id='word_1_13' title='bbox 1762 402 2272 469; x_wconf 87' lang='lat' dir='ltr'><strong>rum,eelebratum,</strong></span> <span class='ocrx_word' id='word_1_14' title='bbox 2302 401 2581 474; x_wconf 89' lang='lat' dir='ltr'><strong>aliudque,</strong></span> <span class='ocrx_word' id='word_1_15' title='bbox 2608 403 2750 473; x_wconf 91' lang='lat' dir='ltr'><strong>quod</strong></span> <span class='ocrx_word' id='word_1_16' title='bbox 2771 403 2898 461; x_wconf 90' lang='lat' dir='ltr'><strong>huic</strong></span> <span class='ocrx_word' id='word_1_17' title='bbox 2917 407 3149 477; x_wconf 68' lang='lat' dir='ltr'><strong>prmivit,</strong></span> <span class='ocrx_word' id='word_1_18' title='bbox 3174 413 3345 481; x_wconf 87' lang='lat' dir='ltr'><strong>quod-</strong></span> 
     </span>
    </p>
   </div>
   <div class='ocr_carea' id='block_1_4' title="bbox 100 493 1658 571">
    <p class='ocr_par' dir='ltr' id='par_1_4' title="bbox 100 493 1658 571">
     <span class='ocr_line' id='line_1_4' title="bbox 100 493 1658 571; baseline 0 -20"><span class='ocrx_word' id='word_1_19' title='bbox 100 497 221 551; x_wconf 84' lang='lat' dir='ltr'><strong>illius</strong></span> <span class='ocrx_word' id='word_1_20' title='bbox 241 493 564 564; x_wconf 74' lang='lat' dir='ltr'><strong>exemplari,</strong></span> <span class='ocrx_word' id='word_1_21' title='bbox 590 495 728 563; x_wconf 90' lang='lat' dir='ltr'><strong>quod</strong></span> <span class='ocrx_word' id='word_1_22' title='bbox 759 496 862 549; x_wconf 85' lang='lat' dir='ltr'><strong>sibi</strong></span> <span class='ocrx_word' id='word_1_23' title='bbox 891 495 1162 566; x_wconf 75' lang='lat' dir='ltr'><strong>przeluxit,</strong></span> <span class='ocrx_word' id='word_1_24' title='bbox 1187 496 1658 571; x_wconf 38' lang='lat' dir='ltr'><strong>Tutinus’invenit,</strong></span> 
     </span>
    </p>
   </div>
   <div class='ocr_carea' id='block_1_5' title="bbox 99 585 1665 658">
    <p class='ocr_par' dir='ltr' id='par_1_5' title="bbox 99 585 1665 658">
     <span class='ocr_line' id='line_1_5' title="bbox 99 585 1665 658; baseline 0.001 -16"><span class='ocrx_word' id='word_1_25' title='bbox 99 587 217 642; x_wconf 86' lang='lat' dir='ltr'><strong>haud</strong></span> <span class='ocrx_word' id='word_1_26' title='bbox 240 585 509 650; x_wconf 84' lang='lat' dir='ltr'><strong>afﬁcitur;</strong></span> <span class='ocrx_word' id='word_1_27' title='bbox 545 594 604 639; x_wconf 89' lang='lat' dir='ltr'><strong>ut</strong></span> <span class='ocrx_word' id='word_1_28' title='bbox 637 587 863 655; x_wconf 80' lang='lat' dir='ltr'><strong>proinde</strong></span> <span class='ocrx_word' id='word_1_29' title='bbox 909 597 962 642; x_wconf 91' lang='lat' dir='ltr'><strong>et</strong></span> <span class='ocrx_word' id='word_1_30' title='bbox 995 589 1080 642; x_wconf 91' lang='lat' dir='ltr'><strong>bic</strong></span> <span class='ocrx_word' id='word_1_31' title='bbox 1110 604 1138 641; x_wconf 89' lang='lat' dir='ltr'><strong>a</strong></span> <span class='ocrx_word' id='word_1_32' title='bbox 1171 589 1369 642; x_wconf 91' lang='lat' dir='ltr'><strong>Tutino</strong></span> <span class='ocrx_word' id='word_1_33' title='bbox 1399 587 1665 658; x_wconf 90' lang='lat' dir='ltr'><strong>hujusque</strong></span> 
     </span>
    </p>
   </div>
   <div class='ocr_carea' id='block_1_6' title="bbox 97 674 1664 747">
    <p class='ocr_par' dir='ltr' id='par_1_6' title="bbox 97 674 1664 747">
     <span class='ocr_line' id='line_1_6' title="bbox 97 674 1664 747; baseline 0.001 -17"><span class='ocrx_word' id='word_1_34' title='bbox 97 677 396 746; x_wconf 76' lang='lat' dir='ltr'><strong>sequacibus</strong></span> <span class='ocrx_word' id='word_1_35' title='bbox 448 675 702 731; x_wconf 81' lang='lat' dir='ltr'><strong>Rocchus</strong></span> <span class='ocrx_word' id='word_1_36' title='bbox 754 676 938 731; x_wconf 89' lang='lat' dir='ltr'><strong>Pirrus</strong></span> <span class='ocrx_word' id='word_1_37' title='bbox 992 686 1047 731; x_wconf 88' lang='lat' dir='ltr'><strong>et</strong></span> <span class='ocrx_word' id='word_1_38' title='bbox 1106 674 1363 747; x_wconf 86' lang='lat' dir='ltr'><strong>Ughellus</strong></span> <span class='ocrx_word' id='word_1_39' title='bbox 1416 677 1664 732; x_wconf 92' lang='lat' dir='ltr'><strong>lectionis</strong></span> 
     </span>
    </p>
   </div>
   <div class='ocr_carea' id='block_1_7' title="bbox 96 766 1661 835">
    <p class='ocr_par' dir='ltr' id='par_1_7' title="bbox 96 766 1661 835">
     <span class='ocr_line' id='line_1_7' title="bbox 96 766 1661 835; baseline 0.001 -11"><span class='ocrx_word' id='word_1_40' title='bbox 96 768 387 824; x_wconf 79' lang='lat' dir='ltr'><strong>diversitate</strong></span> <span class='ocrx_word' id='word_1_41' title='bbox 432 776 519 822; x_wconf 90' lang='lat' dir='ltr'><strong>sat</strong></span> <span class='ocrx_word' id='word_1_42' title='bbox 546 768 769 822; x_wconf 82' lang='lat' dir='ltr'><strong>notabili</strong></span> <span class='ocrx_word' id='word_1_43' title='bbox 800 768 1075 824; x_wconf 76' lang='lat' dir='ltr'><strong>differant.</strong></span> <span class='ocrx_word' id='word_1_44' title='bbox 1105 766 1330 835; x_wconf 89' lang='lat' dir='ltr'><strong>Verum,</strong></span> <span class='ocrx_word' id='word_1_45' title='bbox 1359 770 1462 826; x_wconf 85' lang='lat' dir='ltr'><strong>etsi</strong></span> <span class='ocrx_word' id='word_1_46' title='bbox 1507 771 1561 825; x_wconf 87' lang='lat' dir='ltr'><strong>id</strong></span> <span class='ocrx_word' id='word_1_47' title='bbox 1589 770 1661 825; x_wconf 92' lang='lat' dir='ltr'><strong>ita</strong></span> 
     </span>
    </p>
   </div>
   <div class='ocr_carea' id='block_1_8' title="bbox 96 860 1662 933">
    <p class='ocr_par' dir='ltr' id='par_1_8' title="bbox 96 860 1662 933">
     <span class='ocr_line' id='line_1_8' title="bbox 96 860 1662 933; baseline 0.003 -19"><span class='ocrx_word' id='word_1_48' title='bbox 96 860 285 924; x_wconf 84' lang='lat' dir='ltr'><strong>habeat,</strong></span> <span class='ocrx_word' id='word_1_49' title='bbox 312 876 440 914; x_wconf 88' lang='lat' dir='ltr'><strong>cum</strong></span> <span class='ocrx_word' id='word_1_50' title='bbox 468 862 718 930; x_wconf 86' lang='lat' dir='ltr'><strong>equidem</strong></span> <span class='ocrx_word' id='word_1_51' title='bbox 772 862 915 916; x_wconf 90' lang='lat' dir='ltr'><strong>inter</strong></span> <span class='ocrx_word' id='word_1_52' title='bbox 952 861 1118 918; x_wconf 88' lang='lat' dir='ltr'><strong>hosce</strong></span> <span class='ocrx_word' id='word_1_53' title='bbox 1162 878 1375 929; x_wconf 89' lang='lat' dir='ltr'><strong>omnes,</strong></span> <span class='ocrx_word' id='word_1_54' title='bbox 1402 872 1662 933; x_wconf 89' lang='lat' dir='ltr'><strong>quantum</strong></span> 
     </span>
    </p>
   </div>
   <div class='ocr_carea' id='block_1_9' title="bbox 97 952 1663 1019">
    <p class='ocr_par' dir='ltr' id='par_1_9' title="bbox 97 952 1663 1019">
     <span class='ocr_line' id='line_1_9' title="bbox 97 952 1663 1019; baseline 0.001 -13"><span class='ocrx_word' id='word_1_55' title='bbox 97 953 148 1006; x_wconf 86' lang='lat' dir='ltr'><strong>ad</strong></span> <span class='ocrx_word' id='word_1_56' title='bbox 180 953 468 1007; x_wconf 86' lang='lat' dir='ltr'><strong>lectionem</strong></span> <span class='ocrx_word' id='word_1_57' title='bbox 499 962 613 1006; x_wconf 88' lang='lat' dir='ltr'><strong>tum</strong></span> <span class='ocrx_word' id='word_1_58' title='bbox 645 954 771 1006; x_wconf 85' lang='lat' dir='ltr'><strong>anni</strong></span> <span class='ocrx_word' id='word_1_59' title='bbox 817 953 978 1019; x_wconf 66' lang='grc'><strong>1094,</strong></span> <span class='ocrx_word' id='word_1_60' title='bbox 1007 962 1116 1007; x_wconf 91' lang='lat' dir='ltr'><strong>tum</strong></span> <span class='ocrx_word' id='word_1_61' title='bbox 1148 954 1514 1009; x_wconf 67' lang='lat' dir='ltr'><strong>sanctissimae</strong></span> <span class='ocrx_word' id='word_1_62' title='bbox 1569 952 1663 1008; x_wconf 86' lang='lat' dir='ltr'><strong>Dei</strong></span> 
     </span>
    </p>
   </div>
   <div class='ocr_carea' id='block_1_10' title="bbox 95 1041 1665 1115">
    <p class='ocr_par' dir='ltr' id='par_1_10' title="bbox 95 1041 1665 1115">
     <span class='ocr_line' id='line_1_10' title="bbox 95 1041 1665 1115; baseline 0.001 -19"><span class='ocrx_word' id='word_1_63' title='bbox 95 1041 367 1097; x_wconf 83' lang='lat' dir='ltr'><strong>Genitricis</strong></span> <span class='ocrx_word' id='word_1_64' title='bbox 393 1083 407 1106; x_wconf 91' lang='lat'><strong>,</strong></span> <span class='ocrx_word' id='word_1_65' title='bbox 459 1043 512 1097; x_wconf 93' lang='lat' dir='ltr'><strong>in</strong></span> <span class='ocrx_word' id='word_1_66' title='bbox 543 1043 713 1098; x_wconf 64' lang='lat' dir='ltr'><strong>caelos</strong></span> <span class='ocrx_word' id='word_1_67' title='bbox 744 1055 1055 1112; x_wconf 70' lang='lat' dir='ltr'><strong>assumptm,</strong></span> <span class='ocrx_word' id='word_1_68' title='bbox 1086 1045 1211 1099; x_wconf 88' lang='lat' dir='ltr'><strong>testi</strong></span> <span class='ocrx_word' id='word_1_69' title='bbox 1236 1085 1250 1109; x_wconf 94' lang='lat'><strong>,</strong></span> <span class='ocrx_word' id='word_1_70' title='bbox 1280 1059 1388 1115; x_wconf 91' lang='lat' dir='ltr'><strong>quo</strong></span> <span class='ocrx_word' id='word_1_71' title='bbox 1422 1043 1665 1099; x_wconf 76' lang='lat' dir='ltr'><strong>ecclesia:</strong></span> 
     </span>
    </p>
   </div>
   <div class='ocr_carea' id='block_1_11' title="bbox 97 1129 1664 1204">
    <p class='ocr_par' dir='ltr' id='par_1_11' title="bbox 97 1129 1664 1204">
     <span class='ocr_line' id='line_1_11' title="bbox 97 1129 1664 1204; baseline 0.003 -21"><span class='ocrx_word' id='word_1_72' title='bbox 97 1129 381 1185; x_wconf 71' lang='lat' dir='ltr'><strong>Turritanaa</strong></span> <span class='ocrx_word' id='word_1_73' title='bbox 408 1132 749 1185; x_wconf 87' lang='lat' dir='ltr'><strong>consecratio</strong></span> <span class='ocrx_word' id='word_1_74' title='bbox 778 1131 941 1186; x_wconf 90' lang='lat' dir='ltr'><strong>fuerit</strong></span> <span class='ocrx_word' id='word_1_75' title='bbox 979 1141 1222 1202; x_wconf 85' lang='lat' dir='ltr'><strong>peracta,</strong></span> <span class='ocrx_word' id='word_1_76' title='bbox 1267 1133 1511 1204; x_wconf 85' lang='lat' dir='ltr'><strong>apprime</strong></span> <span class='ocrx_word' id='word_1_77' title='bbox 1538 1148 1664 1187; x_wconf 90' lang='lat' dir='ltr'><strong>con-</strong></span> 
     </span>
    </p>
   </div>
   <div class='ocr_carea' id='block_1_12' title="bbox 95 1221 1664 1294">
    <p class='ocr_par' dir='ltr' id='par_1_12' title="bbox 95 1221 1664 1294">
     <span class='ocr_line' id='line_1_12' title="bbox 95 1221 1664 1294; baseline 0.004 -22"><span class='ocrx_word' id='word_1_78' title='bbox 95 1221 270 1285; x_wconf 89' lang='lat' dir='ltr'><strong>veniat,</strong></span> <span class='ocrx_word' id='word_1_79' title='bbox 321 1235 425 1275; x_wconf 88' lang='lat' dir='ltr'><strong>nec</strong></span> <span class='ocrx_word' id='word_1_80' title='bbox 459 1221 705 1285; x_wconf 90' lang='lat' dir='ltr'><strong>aliunde,</strong></span> <span class='ocrx_word' id='word_1_81' title='bbox 737 1237 834 1276; x_wconf 91' lang='lat' dir='ltr'><strong>cur</strong></span> <span class='ocrx_word' id='word_1_82' title='bbox 865 1233 1274 1278; x_wconf 86' lang='lat' dir='ltr'><strong>monumentum</strong></span> <span class='ocrx_word' id='word_1_83' title='bbox 1324 1224 1489 1290; x_wconf 86' lang='lat' dir='ltr'><strong>illud,</strong></span> <span class='ocrx_word' id='word_1_84' title='bbox 1522 1225 1664 1294; x_wconf 90' lang='lat' dir='ltr'><strong>quod</strong></span> 
     </span>
    </p>
   </div>
   <div class='ocr_carea' id='block_1_13' title="bbox 96 1313 1665 1386">
    <p class='ocr_par' dir='ltr' id='par_1_13' title="bbox 96 1313 1665 1386">
     <span class='ocr_line' id='line_1_13' title="bbox 96 1313 1665 1386; baseline 0.003 -19"><span class='ocrx_word' id='word_1_85' title='bbox 96 1322 180 1367; x_wconf 83' lang='lat' dir='ltr'><strong>tam</strong></span> <span class='ocrx_word' id='word_1_86' title='bbox 202 1314 358 1367; x_wconf 90' lang='lat' dir='ltr'><strong>varie</strong></span> <span class='ocrx_word' id='word_1_87' title='bbox 388 1329 455 1368; x_wconf 80' lang='lat' dir='ltr'><strong>ex</strong></span> <span class='ocrx_word' id='word_1_88' title='bbox 484 1314 643 1368; x_wconf 88' lang='lat' dir='ltr'><strong>dictis</strong></span> <span class='ocrx_word' id='word_1_89' title='bbox 672 1313 811 1383; x_wconf 90' lang='lat' dir='ltr'><strong>apud</strong></span> <span class='ocrx_word' id='word_1_90' title='bbox 854 1316 1033 1369; x_wconf 89' lang='lat' dir='ltr'><strong>varios</strong></span> <span class='ocrx_word' id='word_1_91' title='bbox 1079 1315 1300 1386; x_wconf 80' lang='lat' dir='ltr'><strong>legitur,</strong></span> <span class='ocrx_word' id='word_1_92' title='bbox 1348 1332 1449 1386; x_wconf 90' lang='lat' dir='ltr'><strong>pro</strong></span> <span class='ocrx_word' id='word_1_93' title='bbox 1479 1316 1665 1385; x_wconf 81' lang='lat' dir='ltr'><strong>Spurio</strong></span> 
     </span>
    </p>
   </div>
   <div class='ocr_carea' id='block_1_14' title="bbox 92 1406 1664 1478">
    <p class='ocr_par' dir='ltr' id='par_1_14' title="bbox 92 1406 1664 1478">
     <span class='ocr_line' id='line_1_14' title="bbox 92 1406 1664 1478; baseline 0.001 -18"><span class='ocrx_word' id='word_1_94' title='bbox 92 1417 389 1476; x_wconf 82' lang='lat' dir='ltr'><strong>suspectove</strong></span> <span class='ocrx_word' id='word_1_95' title='bbox 418 1406 701 1470; x_wconf 80' lang='lat' dir='ltr'><strong>habeatur,</strong></span> <span class='ocrx_word' id='word_1_96' title='bbox 718 1406 1013 1477; x_wconf 85' lang='lat' dir='ltr'><strong>quidquam</strong></span> <span class='ocrx_word' id='word_1_97' title='bbox 1036 1418 1321 1472; x_wconf 87' lang='lat' dir='ltr'><strong>occurrat;</strong></span> <span class='ocrx_word' id='word_1_98' title='bbox 1348 1409 1664 1478; x_wconf 90' lang='lat' dir='ltr'><strong>neutiquam</strong></span> 
     </span>
    </p>
   </div>
   <div class='ocr_carea' id='block_1_15' title="bbox 96 1499 1665 1570">
    <p class='ocr_par' dir='ltr' id='par_1_15' title="bbox 96 1499 1665 1570">
     <span class='ocr_line' id='line_1_15' title="bbox 96 1499 1665 1570; baseline 0.002 -18"><span class='ocrx_word' id='word_1_99' title='bbox 96 1500 134 1552; x_wconf 88' lang='lat' dir='ltr'><strong>id</strong></span> <span class='ocrx_word' id='word_1_100' title='bbox 154 1512 201 1553; x_wconf 92' lang='lat' dir='ltr'><strong>ut</strong></span> <span class='ocrx_word' id='word_1_101' title='bbox 232 1500 345 1553; x_wconf 87' lang='lat' dir='ltr'><strong>tale</strong></span> <span class='ocrx_word' id='word_1_102' title='bbox 372 1499 443 1553; x_wconf 92' lang='lat' dir='ltr'><strong>ob</strong></span> <span class='ocrx_word' id='word_1_103' title='bbox 468 1500 647 1554; x_wconf 84' lang='lat' dir='ltr'><strong>varias</strong></span> <span class='ocrx_word' id='word_1_104' title='bbox 669 1500 948 1554; x_wconf 87' lang='lat' dir='ltr'><strong>variorum</strong></span> <span class='ocrx_word' id='word_1_105' title='bbox 974 1501 1368 1570; x_wconf 77' lang='lat' dir='ltr'><strong>exemplarium</strong></span> <span class='ocrx_word' id='word_1_106' title='bbox 1394 1501 1665 1555; x_wconf 78' lang='lat' dir='ltr'><strong>variantes</strong></span> 
     </span>
    </p>
   </div>
   <div class='ocr_carea' id='block_1_16' title="bbox 94 1589 1666 1660">
    <p class='ocr_par' dir='ltr' id='par_1_16' title="bbox 94 1589 1666 1660">
     <span class='ocr_line' id='line_1_16' title="bbox 94 1589 1666 1660; baseline 0.004 -19"><span class='ocrx_word' id='word_1_107' title='bbox 94 1589 355 1653; x_wconf 78' lang='lat' dir='ltr'><strong>lectiones,</strong></span> <span class='ocrx_word' id='word_1_108' title='bbox 379 1606 502 1660; x_wconf 68' lang='lat' dir='ltr'><strong>qua:</strong></span> <span class='ocrx_word' id='word_1_109' title='bbox 545 1591 958 1646; x_wconf 89' lang='lat' dir='ltr'><strong>amanuensium</strong></span> <span class='ocrx_word' id='word_1_110' title='bbox 991 1592 1408 1647; x_wconf 77' lang='lat' dir='ltr'><strong>librarioruuwe</strong></span> <span class='ocrx_word' id='word_1_111' title='bbox 1452 1606 1666 1647; x_wconf 75' lang='lat' dir='ltr'><strong>enrores</strong></span> 
     </span>
    </p>
   </div>
   <div class='ocr_carea' id='block_1_17' title="bbox 94 1683 1665 1755">
    <p class='ocr_par' dir='ltr' id='par_1_17' title="bbox 94 1683 1665 1755">
     <span class='ocr_line' id='line_1_17' title="bbox 94 1683 1665 1755; baseline 0.005 -22"><span class='ocrx_word' id='word_1_112' title='bbox 94 1684 334 1736; x_wconf 74' lang='lat' dir='ltr'><strong>duntaxat</strong></span> <span class='ocrx_word' id='word_1_113' title='bbox 378 1683 698 1753; x_wconf 77' lang='lat' dir='ltr'><strong>plermnque</strong></span> <span class='ocrx_word' id='word_1_114' title='bbox 747 1694 893 1750; x_wconf 89' lang='lat' dir='ltr'><strong>sunt,</strong></span> <span class='ocrx_word' id='word_1_115' title='bbox 942 1685 1295 1753; x_wconf 88' lang='lat' dir='ltr'><strong>rejicicndum</strong></span> <span class='ocrx_word' id='word_1_116' title='bbox 1348 1697 1451 1742; x_wconf 90' lang='lat' dir='ltr'><strong>est.</strong></span> <span class='ocrx_word' id='word_1_117' title='bbox 1489 1686 1665 1755; x_wconf 85' lang='lat' dir='ltr'><strong>Atque</strong></span> 
     </span>
    </p>
   </div>
   <div class='ocr_carea' id='block_1_18' title="bbox 1764 494 3346 567">
    <p class='ocr_par' dir='ltr' id='par_1_18' title="bbox 1764 494 3346 567">
     <span class='ocr_line' id='line_1_18' title="bbox 1764 494 3346 567; baseline 0.007 -21"><span class='ocrx_word' id='word_1_118' title='bbox 1764 510 1870 564; x_wconf 88' lang='lat' dir='ltr'><strong>que</strong></span> <span class='ocrx_word' id='word_1_119' title='bbox 1912 494 2109 565; x_wconf 89' lang='lat' dir='ltr'><strong>(neque</strong></span> <span class='ocrx_word' id='word_1_120' title='bbox 2140 494 2285 550; x_wconf 89' lang='lat' dir='ltr'><strong>enim</strong></span> <span class='ocrx_word' id='word_1_121' title='bbox 2339 495 2394 549; x_wconf 91' lang='lat' dir='ltr'><strong>in</strong></span> <span class='ocrx_word' id='word_1_122' title='bbox 2431 511 2496 551; x_wconf 92' lang='lat' dir='ltr'><strong>eo</strong></span> <span class='ocrx_word' id='word_1_123' title='bbox 2525 495 2820 567; x_wconf 85' lang='lat' dir='ltr'><strong>quidquam</strong></span> <span class='ocrx_word' id='word_1_124' title='bbox 2865 506 3127 555; x_wconf 88' lang='lat' dir='ltr'><strong>statutum</strong></span> <span class='ocrx_word' id='word_1_125' title='bbox 3174 501 3346 559; x_wconf 79' lang='lat' dir='ltr'><strong>fuisse.</strong></span> 
     </span>
    </p>
   </div>
   <div class='ocr_carea' id='block_1_19' title="bbox 1765 585 3344 661">
    <p class='ocr_par' dir='ltr' id='par_1_19' title="bbox 1765 585 3344 661">
     <span class='ocr_line' id='line_1_19' title="bbox 1765 585 3344 661; baseline 0.005 -22"><span class='ocrx_word' id='word_1_126' title='bbox 1765 585 1979 657; x_wconf 83' lang='lat' dir='ltr'><strong>legitur)</strong></span> <span class='ocrx_word' id='word_1_127' title='bbox 2020 602 2123 641; x_wconf 93' lang='lat' dir='ltr'><strong>non</strong></span> <span class='ocrx_word' id='word_1_128' title='bbox 2160 596 2269 641; x_wconf 87' lang='lat' dir='ltr'><strong>tam</strong></span> <span class='ocrx_word' id='word_1_129' title='bbox 2323 588 2633 652; x_wconf 88' lang='lat' dir='ltr'><strong>concilium,</strong></span> <span class='ocrx_word' id='word_1_130' title='bbox 2684 604 2845 659; x_wconf 83' lang='lat' dir='ltr'><strong>quam</strong></span> <span class='ocrx_word' id='word_1_131' title='bbox 2896 591 3221 661; x_wconf 61' lang='lat' dir='ltr'><strong>praeparatio</strong></span> <span class='ocrx_word' id='word_1_132' title='bbox 3276 594 3344 647; x_wconf 91' lang='lat' dir='ltr'><strong>ad</strong></span> 
     </span>
    </p>
   </div>
   <div class='ocr_carea' id='block_1_20' title="bbox 1763 676 3343 749">
    <p class='ocr_par' dir='ltr' id='par_1_20' title="bbox 1763 676 3343 749">
     <span class='ocr_line' id='line_1_20' title="bbox 1763 676 3343 749; baseline 0 -18"><span class='ocrx_word' id='word_1_133' title='bbox 1763 676 2133 733; x_wconf 82' lang='lat' dir='ltr'><strong>Placentinum</strong></span> <span class='ocrx_word' id='word_1_134' title='bbox 2162 677 2447 733; x_wconf 86' lang='lat' dir='ltr'><strong>concilium</strong></span> <span class='ocrx_word' id='word_1_135' title='bbox 2475 679 2750 734; x_wconf 73' lang='lat' dir='ltr'><strong>exstitisse</strong></span> <span class='ocrx_word' id='word_1_136' title='bbox 2770 680 3002 745; x_wconf 88' lang='lat' dir='ltr'><strong>videtur,</strong></span> <span class='ocrx_word' id='word_1_137' title='bbox 3036 681 3343 749; x_wconf 63' lang='lat' dir='ltr'><strong>Guastallae,</strong></span> 
     </span>
    </p>
   </div>
   <div class='ocr_carea' id='block_1_21' title="bbox 1764 768 3342 835">
    <p class='ocr_par' dir='ltr' id='par_1_21' title="bbox 1764 768 3342 835">
     <span class='ocr_line' id='line_1_21' title="bbox 1764 768 3342 835; baseline 0.001 -10"><span class='ocrx_word' id='word_1_138' title='bbox 1764 785 1880 835; x_wconf 90' lang='lat' dir='ltr'><strong>seu,</strong></span> <span class='ocrx_word' id='word_1_139' title='bbox 1913 776 1971 823; x_wconf 88' lang='lat' dir='ltr'><strong>ut</strong></span> <span class='ocrx_word' id='word_1_140' title='bbox 1996 769 2062 823; x_wconf 89' lang='lat' dir='ltr'><strong>ab</strong></span> <span class='ocrx_word' id='word_1_141' title='bbox 2099 768 2220 823; x_wconf 89' lang='lat' dir='ltr'><strong>aliis</strong></span> <span class='ocrx_word' id='word_1_142' title='bbox 2263 768 2542 835; x_wconf 82' lang='lat' dir='ltr'><strong>scribitur,</strong></span> <span class='ocrx_word' id='word_1_143' title='bbox 2583 768 2965 825; x_wconf 74' lang='lat' dir='ltr'><strong>Guardistallze</strong></span> <span class='ocrx_word' id='word_1_144' title='bbox 3012 779 3107 826; x_wconf 89' lang='lat' dir='ltr'><strong>aut</strong></span> <span class='ocrx_word' id='word_1_145' title='bbox 3156 772 3342 826; x_wconf 84' lang='lat' dir='ltr'><strong>Ewar-</strong></span> 
     </span>
    </p>
   </div>
   <div class='ocr_carea' id='block_1_22' title="bbox 1764 859 3346 931">
    <p class='ocr_par' dir='ltr' id='par_1_22' title="bbox 1764 859 3346 931">
     <span class='ocr_line' id='line_1_22' title="bbox 1764 859 3346 931; baseline 0.002 -17"><span class='ocrx_word' id='word_1_146' title='bbox 1764 859 2008 915; x_wconf 65' lang='lat' dir='ltr'><strong>dastallm</strong></span> <span class='ocrx_word' id='word_1_147' title='bbox 2057 874 2200 913; x_wconf 90' lang='lat' dir='ltr'><strong>anno</strong></span> <span class='ocrx_word' id='word_1_148' title='bbox 2255 859 2394 915; x_wconf 70' lang='grc'><strong>1094</strong></span> <span class='ocrx_word' id='word_1_149' title='bbox 2447 870 2682 917; x_wconf 79' lang='lat' dir='ltr'><strong>exeunte</strong></span> <span class='ocrx_word' id='word_1_150' title='bbox 2714 861 2979 931; x_wconf 87' lang='lat' dir='ltr'><strong>habitum,</strong></span> <span class='ocrx_word' id='word_1_151' title='bbox 3012 864 3080 919; x_wconf 86' lang='lat' dir='ltr'><strong>ab</strong></span> <span class='ocrx_word' id='word_1_152' title='bbox 3126 863 3346 919; x_wconf 86' lang='lat' dir='ltr'><strong>Urbano</strong></span> 
     </span>
    </p>
   </div>
   <div class='ocr_carea' id='block_1_23' title="bbox 1765 950 3347 1024">
    <p class='ocr_par' dir='ltr' id='par_1_23' title="bbox 1765 950 3347 1024">
     <span class='ocr_line' id='line_1_23' title="bbox 1765 950 3347 1024; baseline 0.005 -21"><span class='ocrx_word' id='word_1_153' title='bbox 1765 966 1901 1023; x_wconf 89' lang='lat' dir='ltr'><strong>papa</strong></span> <span class='ocrx_word' id='word_1_154' title='bbox 1930 950 2091 1005; x_wconf 89' lang='lat' dir='ltr'><strong>fuerit</strong></span> <span class='ocrx_word' id='word_1_155' title='bbox 2118 951 2409 1005; x_wconf 80' lang='lat' dir='ltr'><strong>evocatus?</strong></span> <span class='ocrx_word' id='word_1_156' title='bbox 2434 952 2737 1008; x_wconf 85' lang='lat' dir='ltr'><strong>Bruuonem</strong></span> <span class='ocrx_word' id='word_1_157' title='bbox 2774 969 2906 1010; x_wconf 88' lang='lat' dir='ltr'><strong>sane</strong></span> <span class='ocrx_word' id='word_1_158' title='bbox 2927 953 3042 1024; x_wconf 90' lang='lat' dir='ltr'><strong>jam</strong></span> <span class='ocrx_word' id='word_1_159' title='bbox 3091 958 3255 1024; x_wconf 87' lang='lat' dir='ltr'><strong>dicto,</strong></span> <span class='ocrx_word' id='word_1_160' title='bbox 3289 957 3347 1012; x_wconf 89' lang='lat' dir='ltr'><strong>in</strong></span> 
     </span>
    </p>
   </div>
   <div class='ocr_carea' id='block_1_24' title="bbox 1766 1040 3351 1115">
    <p class='ocr_par' dir='ltr' id='par_1_24' title="bbox 1766 1040 3351 1115">
     <span class='ocr_line' id='line_1_24' title="bbox 1766 1040 3351 1115; baseline 0.008 -24"><span class='ocrx_word' id='word_1_161' title='bbox 1766 1052 1871 1107; x_wconf 90' lang='lat' dir='ltr'><strong>quo</strong></span> <span class='ocrx_word' id='word_1_162' title='bbox 1903 1040 2098 1094; x_wconf 85' lang='lat' dir='ltr'><strong>iterum</strong></span> <span class='ocrx_word' id='word_1_163' title='bbox 2135 1040 2430 1096; x_wconf 89' lang='lat' dir='ltr'><strong>Guibertus</strong></span> <span class='ocrx_word' id='word_1_164' title='bbox 2479 1041 2733 1113; x_wconf 84' lang='lat' dir='ltr'><strong>autipapa</strong></span> <span class='ocrx_word' id='word_1_165' title='bbox 2779 1053 2833 1099; x_wconf 91' lang='lat' dir='ltr'><strong>et</strong></span> <span class='ocrx_word' id='word_1_166' title='bbox 2870 1043 3134 1101; x_wconf 88' lang='lat' dir='ltr'><strong>lfenricus</strong></span> <span class='ocrx_word' id='word_1_167' title='bbox 3181 1048 3351 1115; x_wconf 80' lang='lat' dir='ltr'><strong>impe-</strong></span> 
     </span>
    </p>
   </div>
   <div class='ocr_carea' id='block_1_25' title="bbox 1766 1129 3348 1205">
    <p class='ocr_par' dir='ltr' id='par_1_25' title="bbox 1766 1129 3348 1205">
     <span class='ocr_line' id='line_1_25' title="bbox 1766 1129 3348 1205; baseline 0.005 -22"><span class='ocrx_word' id='word_1_168' title='bbox 1766 1137 1917 1183; x_wconf 86' lang='lat' dir='ltr'><strong>rator</strong></span> <span class='ocrx_word' id='word_1_169' title='bbox 1953 1130 2330 1185; x_wconf 90' lang='lat' dir='ltr'><strong>communione</strong></span> <span class='ocrx_word' id='word_1_170' title='bbox 2372 1129 2740 1187; x_wconf 88' lang='lat' dir='ltr'><strong>ecclesiastica</strong></span> <span class='ocrx_word' id='word_1_171' title='bbox 2783 1131 2933 1190; x_wconf 90' lang='lat' dir='ltr'><strong>fuere</strong></span> <span class='ocrx_word' id='word_1_172' title='bbox 2962 1135 3195 1205; x_wconf 89' lang='lat' dir='ltr'><strong>privati,</strong></span> <span class='ocrx_word' id='word_1_173' title='bbox 3224 1151 3348 1191; x_wconf 86' lang='lat' dir='ltr'><strong>con-</strong></span> 
     </span>
    </p>
   </div>
   <div class='ocr_carea' id='block_1_26' title="bbox 1765 1217 3351 1297">
    <p class='ocr_par' dir='ltr' id='par_1_26' title="bbox 1765 1217 3351 1297">
     <span class='ocr_line' id='line_1_26' title="bbox 1765 1217 3351 1297; baseline 0.006 -25"><span class='ocrx_word' id='word_1_174' title='bbox 1765 1217 1888 1273; x_wconf 90' lang='lat' dir='ltr'><strong>cilio</strong></span> <span class='ocrx_word' id='word_1_175' title='bbox 1913 1217 2226 1275; x_wconf 88' lang='lat' dir='ltr'><strong>Placentino</strong></span> <span class='ocrx_word' id='word_1_176' title='bbox 2251 1220 2586 1288; x_wconf 82' lang='lat' dir='ltr'><strong>interfuisse,</strong></span> <span class='ocrx_word' id='word_1_177' title='bbox 2610 1220 3031 1293; x_wconf 85' lang='lat' dir='ltr'><strong>Blomenvenna,</strong></span> <span class='ocrx_word' id='word_1_178' title='bbox 3058 1228 3351 1297; x_wconf 67' lang='lat' dir='ltr'><strong>caeterique</strong></span> 
     </span>
    </p>
   </div>
   <div class='ocr_carea' id='block_1_27' title="bbox 1765 1310 3348 1387">
    <p class='ocr_par' dir='ltr' id='par_1_27' title="bbox 1765 1310 3348 1387">
     <span class='ocr_line' id='line_1_27' title="bbox 1765 1310 3348 1387; baseline 0.007 -24"><span class='ocrx_word' id='word_1_179' title='bbox 1765 1310 1882 1379; x_wconf 82' lang='lat' dir='ltr'><strong>ejus</strong></span> <span class='ocrx_word' id='word_1_180' title='bbox 1930 1311 2213 1382; x_wconf 83' lang='lat' dir='ltr'><strong>biographi</strong></span> <span class='ocrx_word' id='word_1_181' title='bbox 2238 1353 2253 1378; x_wconf 93' lang='lat'><strong>,</strong></span> <span class='ocrx_word' id='word_1_182' title='bbox 2294 1311 2493 1367; x_wconf 71' lang='lat' dir='ltr'><strong>smculo</strong></span> <span class='ocrx_word' id='word_1_183' title='bbox 2520 1313 2708 1383; x_wconf 90' lang='lat' dir='ltr'><strong>quinto</strong></span> <span class='ocrx_word' id='word_1_184' title='bbox 2746 1315 2955 1371; x_wconf 88' lang='lat' dir='ltr'><strong>decimo</strong></span> <span class='ocrx_word' id='word_1_185' title='bbox 2997 1318 3348 1387; x_wconf 83' lang='lat' dir='ltr'><strong>posteriores,</strong></span> 
     </span>
    </p>
   </div>
   <div class='ocr_carea' id='block_1_28' title="bbox 1766 1403 3351 1471">
    <p class='ocr_par' dir='ltr' id='par_1_28' title="bbox 1766 1403 3351 1471">
     <span class='ocr_line' id='line_1_28' title="bbox 1766 1403 3351 1471; baseline 0.008 -18"><span class='ocrx_word' id='word_1_186' title='bbox 1766 1403 1856 1471; x_wconf 89' lang='lat' dir='ltr'><strong>qui</strong></span> <span class='ocrx_word' id='word_1_187' title='bbox 1885 1412 2134 1459; x_wconf 88' lang='lat' dir='ltr'><strong>sanctum</strong></span> <span class='ocrx_word' id='word_1_188' title='bbox 2165 1404 2340 1458; x_wconf 89' lang='lat' dir='ltr'><strong>virum</strong></span> <span class='ocrx_word' id='word_1_189' title='bbox 2371 1419 2402 1458; x_wconf 89' lang='lat' dir='ltr'><strong>a</strong></span> <span class='ocrx_word' id='word_1_190' title='bbox 2452 1420 2549 1460; x_wconf 91' lang='lat' dir='ltr'><strong>suo</strong></span> <span class='ocrx_word' id='word_1_191' title='bbox 2593 1419 2624 1460; x_wconf 90' lang='lat' dir='ltr'><strong>e</strong></span> <span class='ocrx_word' id='word_1_192' title='bbox 2654 1405 2943 1462; x_wconf 79' lang='lat' dir='ltr'><strong>Cartltusia</strong></span> <span class='ocrx_word' id='word_1_193' title='bbox 2995 1408 3234 1465; x_wconf 89' lang='lat' dir='ltr'><strong>discessu</strong></span> <span class='ocrx_word' id='word_1_194' title='bbox 3282 1413 3351 1466; x_wconf 89' lang='lat' dir='ltr'><strong>ad</strong></span> 
     </span>
    </p>
   </div>
   <div class='ocr_carea' id='block_1_29' title="bbox 1766 1494 3351 1569">
    <p class='ocr_par' dir='ltr' id='par_1_29' title="bbox 1766 1494 3351 1569">
     <span class='ocr_line' id='line_1_29' title="bbox 1766 1494 3351 1569; baseline 0.007 -24"><span class='ocrx_word' id='word_1_195' title='bbox 1766 1509 1966 1547; x_wconf 91' lang='lat' dir='ltr'><strong>annum</strong></span> <span class='ocrx_word' id='word_1_196' title='bbox 1997 1507 2168 1563; x_wconf 90' lang='lat' dir='ltr'><strong>usque</strong></span> <span class='ocrx_word' id='word_1_197' title='bbox 2220 1494 2362 1550; x_wconf 85' lang='grc'><strong>1095</strong></span> <span class='ocrx_word' id='word_1_198' title='bbox 2401 1494 2621 1551; x_wconf 86' lang='lat' dir='ltr'><strong>Urbano</strong></span> <span class='ocrx_word' id='word_1_199' title='bbox 2672 1496 2939 1566; x_wconf 78' lang='lat' dir='ltr'><strong>adfuisse,</strong></span> <span class='ocrx_word' id='word_1_200' title='bbox 2992 1508 3223 1569; x_wconf 88' lang='lat' dir='ltr'><strong>tuncque</strong></span> <span class='ocrx_word' id='word_1_201' title='bbox 3253 1503 3351 1556; x_wconf 83' lang='lat' dir='ltr'><strong>de-</strong></span> 
     </span>
    </p>
   </div>
   <div class='ocr_carea' id='block_1_30' title="bbox 1767 1585 3349 1663">
    <p class='ocr_par' dir='ltr' id='par_1_30' title="bbox 1767 1585 3349 1663">
     <span class='ocr_line' id='line_1_30' title="bbox 1767 1585 3349 1663; baseline 0.004 -22"><span class='ocrx_word' id='word_1_202' title='bbox 1767 1601 1935 1653; x_wconf 84' lang='lat' dir='ltr'><strong>mum,</strong></span> <span class='ocrx_word' id='word_1_203' title='bbox 1965 1585 2277 1658; x_wconf 83' lang='lat' dir='ltr'><strong>Rhegiensi,</strong></span> <span class='ocrx_word' id='word_1_204' title='bbox 2314 1586 2382 1642; x_wconf 88' lang='lat' dir='ltr'><strong>ad</strong></span> <span class='ocrx_word' id='word_1_205' title='bbox 2426 1604 2589 1657; x_wconf 89' lang='lat' dir='ltr'><strong>quem</strong></span> <span class='ocrx_word' id='word_1_206' title='bbox 2628 1589 2854 1658; x_wconf 83' lang='lat' dir='ltr'><strong>electus,</strong></span> <span class='ocrx_word' id='word_1_207' title='bbox 2880 1592 3194 1661; x_wconf 69' lang='lat' dir='ltr'><strong>archiepisc.</strong></span> <span class='ocrx_word' id='word_1_208' title='bbox 3218 1604 3349 1663; x_wconf 89' lang='lat' dir='ltr'><strong>patu</strong></span> 
     </span>
    </p>
   </div>
   <div class='ocr_carea' id='block_1_31' title="bbox 1769 1679 3339 1751">
    <p class='ocr_par' dir='ltr' id='par_1_31' title="bbox 1769 1679 3339 1751">
     <span class='ocr_line' id='line_1_31' title="bbox 1769 1679 3339 1751; baseline 0.004 -19"><span class='ocrx_word' id='word_1_209' title='bbox 1769 1687 2040 1746; x_wconf 89' lang='lat' dir='ltr'><strong>recusato,</strong></span> <span class='ocrx_word' id='word_1_210' title='bbox 2071 1679 2460 1750; x_wconf 84' lang='lat' dir='ltr'><strong>pontiiiciaque</strong></span> <span class='ocrx_word' id='word_1_211' title='bbox 2489 1680 2641 1736; x_wconf 89' lang='lat' dir='ltr'><strong>curia</strong></span> <span class='ocrx_word' id='word_1_212' title='bbox 2669 1682 2887 1751; x_wconf 85' lang='lat' dir='ltr'><strong>relicta,</strong></span> <span class='ocrx_word' id='word_1_213' title='bbox 2914 1683 2968 1739; x_wconf 92' lang='lat' dir='ltr'><strong>in</strong></span> <span class='ocrx_word' id='word_1_214' title='bbox 2994 1683 3339 1739; x_wconf 88' lang='lat' dir='ltr'><strong>Turritanam</strong></span> 
     </span>
    </p>
   </div>
   <div class='ocr_carea' id='block_1_32' title="bbox 95 1762 3350 1849">
    <p class='ocr_par' dir='ltr' id='par_1_32' title="bbox 95 1762 3350 1849">
     <span class='ocr_line' id='line_1_32' title="bbox 95 1762 3350 1849; baseline 0.002 -22"><span class='ocrx_word' id='word_1_215' title='bbox 95 1773 199 1828; x_wconf 81' lang='lat' dir='ltr'><strong>hinc</strong></span> <span class='ocrx_word' id='word_1_216' title='bbox 238 1774 395 1841; x_wconf 83' lang='lat' dir='ltr'><strong>jam,</strong></span> <span class='ocrx_word' id='word_1_217' title='bbox 445 1775 753 1845; x_wconf 86' lang='lat' dir='ltr'><strong>partimque</strong></span> <span class='ocrx_word' id='word_1_218' title='bbox 789 1792 819 1831; x_wconf 88' lang='lat' dir='ltr'><strong>e</strong></span> <span class='ocrx_word' id='word_1_219' title='bbox 874 1778 1121 1846; x_wconf 79' lang='lat' dir='ltr'><strong>proxime</strong></span> <span class='ocrx_word' id='word_1_220' title='bbox 1167 1778 1392 1833; x_wconf 81' lang='lat' dir='ltr'><strong>recitato</strong></span> <span class='ocrx_word' id='word_1_221' title='bbox 1444 1777 1663 1849; x_wconf 80' lang='lat' dir='ltr'><strong>Rogerii</strong></span> <span class='ocrx_word' id='word_1_222' title='bbox 1698 1762 1738 1817; x_wconf 82' lang='grc' dir='ltr'><strong><em>Β</em></strong></span> <span class='ocrx_word' id='word_1_223' title='bbox 1765 1768 2027 1824; x_wconf 82' lang='lat' dir='ltr'><strong>Calabria:</strong></span> <span class='ocrx_word' id='word_1_224' title='bbox 2069 1786 2311 1826; x_wconf 87' lang='lat' dir='ltr'><strong>cremum</strong></span> <span class='ocrx_word' id='word_1_225' title='bbox 2358 1787 2478 1829; x_wconf 90' lang='lat' dir='ltr'><strong>sese</strong></span> <span class='ocrx_word' id='word_1_226' title='bbox 2521 1773 2792 1844; x_wconf 84' lang='lat' dir='ltr'><strong>recepisse</strong></span> <span class='ocrx_word' id='word_1_227' title='bbox 2846 1776 3049 1843; x_wconf 90' lang='lat' dir='ltr'><strong>volunt,</strong></span> <span class='ocrx_word' id='word_1_228' title='bbox 3104 1778 3350 1834; x_wconf 77' lang='lat' dir='ltr'><strong>unanimi</strong></span> 
     </span>
    </p>
   </div>
   <div class='ocr_carea' id='block_1_33' title="bbox 96 1864 1717 1939">
    <p class='ocr_par' dir='ltr' id='par_1_33' title="bbox 96 1864 1717 1939">
     <span class='ocr_line' id='line_1_33' title="bbox 96 1864 1717 1939; baseline 0.003 -23"><span class='ocrx_word' id='word_1_229' title='bbox 96 1866 289 1918; x_wconf 88' lang='lat' dir='ltr'><strong>comitis</strong></span> <span class='ocrx_word' id='word_1_230' title='bbox 313 1864 609 1935; x_wconf 80' lang='lat' dir='ltr'><strong>diplomate</strong></span> <span class='ocrx_word' id='word_1_231' title='bbox 639 1866 718 1931; x_wconf 83' lang='lat' dir='ltr'><strong>fit,</strong></span> <span class='ocrx_word' id='word_1_232' title='bbox 752 1877 812 1921; x_wconf 88' lang='lat' dir='ltr'><strong>ut</strong></span> <span class='ocrx_word' id='word_1_233' title='bbox 838 1868 1221 1939; x_wconf 80' lang='lat' dir='ltr'><strong>ambigendum</strong></span> <span class='ocrx_word' id='word_1_234' title='bbox 1266 1885 1370 1923; x_wconf 92' lang='lat' dir='ltr'><strong>non</strong></span> <span class='ocrx_word' id='word_1_235' title='bbox 1402 1869 1494 1932; x_wconf 89' lang='lat' dir='ltr'><strong>sit,</strong></span> <span class='ocrx_word' id='word_1_236' title='bbox 1531 1869 1663 1938; x_wconf 87' lang='lat' dir='ltr'><strong>quin</strong></span> <span class='ocrx_word' id='word_1_237' title='bbox 1712 1914 1717 1915; x_wconf 36' lang='grc' dir='ltr'><em>κ</em></span> 
     </span>
    </p>
   </div>
   <div class='ocr_carea' id='block_1_34' title="bbox 95 1953 1662 2027">
    <p class='ocr_par' dir='ltr' id='par_1_34' title="bbox 95 1953 1662 2027">
     <span class='ocr_line' id='line_1_34' title="bbox 95 1953 1662 2027; baseline 0.004 -21"><span class='ocrx_word' id='word_1_238' title='bbox 95 1953 161 2006; x_wconf 84' lang='lat' dir='ltr'><strong>illa</strong></span> <span class='ocrx_word' id='word_1_239' title='bbox 193 1955 357 2009; x_wconf 73' lang='lat' dir='ltr'><strong>dicta:</strong></span> <span class='ocrx_word' id='word_1_240' title='bbox 409 1955 690 2022; x_wconf 62' lang='lat' dir='ltr'><strong>ecclesiae,</strong></span> <span class='ocrx_word' id='word_1_241' title='bbox 730 1973 895 2026; x_wconf 89' lang='lat' dir='ltr'><strong>quam</strong></span> <span class='ocrx_word' id='word_1_242' title='bbox 948 1964 1234 2027; x_wconf 83' lang='lat' dir='ltr'><strong>perperam</strong></span> <span class='ocrx_word' id='word_1_243' title='bbox 1271 1958 1503 2013; x_wconf 82' lang='lat' dir='ltr'><strong>&#39;l‘utinus</strong></span> <span class='ocrx_word' id='word_1_244' title='bbox 1531 1998 1545 2023; x_wconf 96' lang='lat'><strong>,</strong></span> <span class='ocrx_word' id='word_1_245' title='bbox 1585 1959 1662 2013; x_wconf 90' lang='lat' dir='ltr'><strong>uti</strong></span> 
     </span>
    </p>
   </div>
   <div class='ocr_carea' id='block_1_35' title="bbox 94 2048 1662 2120">
    <p class='ocr_par' dir='ltr' id='par_1_35' title="bbox 94 2048 1662 2120">
     <span class='ocr_line' id='line_1_35' title="bbox 94 2048 1662 2120; baseline 0.003 -22"><span class='ocrx_word' id='word_1_246' title='bbox 94 2062 141 2099; x_wconf 80' lang='lat' dir='ltr'><strong>ex</strong></span> <span class='ocrx_word' id='word_1_247' title='bbox 184 2048 289 2103; x_wconf 86' lang='lat' dir='ltr'><strong>hoc</strong></span> <span class='ocrx_word' id='word_1_248' title='bbox 349 2050 514 2101; x_wconf 89' lang='lat' dir='ltr'><strong>etiam</strong></span> <span class='ocrx_word' id='word_1_249' title='bbox 571 2049 937 2105; x_wconf 90' lang='lat' dir='ltr'><strong>instrumento</strong></span> <span class='ocrx_word' id='word_1_250' title='bbox 993 2050 1198 2120; x_wconf 84' lang='lat' dir='ltr'><strong>liquet,</strong></span> <span class='ocrx_word' id='word_1_251' title='bbox 1254 2065 1377 2104; x_wconf 92' lang='lat' dir='ltr'><strong>cum</strong></span> <span class='ocrx_word' id='word_1_252' title='bbox 1432 2048 1662 2104; x_wconf 81' lang='lat' dir='ltr'><strong>ecclesia</strong></span> 
     </span>
    </p>
   </div>
   <div class='ocr_carea' id='block_1_36' title="bbox 92 2136 1661 2210">
    <p class='ocr_par' dir='ltr' id='par_1_36' title="bbox 92 2136 1661 2210">
     <span class='ocr_line' id='line_1_36' title="bbox 92 2136 1661 2210; baseline 0.002 -21"><span class='ocrx_word' id='word_1_253' title='bbox 92 2136 137 2189; x_wconf 86' lang='lat' dir='ltr'><strong>S.</strong></span> <span class='ocrx_word' id='word_1_254' title='bbox 172 2136 353 2190; x_wconf 63' lang='lat' dir='ltr'><strong>iturus</strong></span> <span class='ocrx_word' id='word_1_255' title='bbox 395 2138 463 2192; x_wconf 88' lang='lat' dir='ltr'><strong>de</strong></span> <span class='ocrx_word' id='word_1_256' title='bbox 498 2139 710 2193; x_wconf 84' lang='lat' dir='ltr'><strong>Arsatia</strong></span> <span class='ocrx_word' id='word_1_257' title='bbox 754 2154 875 2210; x_wconf 82' lang='lat' dir='ltr'><strong>pag.</strong></span> <span class='ocrx_word' id='word_1_258' title='bbox 910 2140 941 2191; x_wconf 87' lang='lat'><strong>7</strong></span> <span class='ocrx_word' id='word_1_259' title='bbox 991 2138 1315 2209; x_wconf 86' lang='lat' dir='ltr'><strong>Prospectus</strong></span> <span class='ocrx_word' id='word_1_260' title='bbox 1358 2140 1661 2205; x_wconf 80' lang='lat' dir='ltr'><strong>confundit,</strong></span> 
     </span>
    </p>
   </div>
   <div class='ocr_carea' id='block_1_37' title="bbox 94 2228 1660 2303">
    <p class='ocr_par' dir='ltr' id='par_1_37' title="bbox 94 2228 1660 2303">
     <span class='ocr_line' id='line_1_37' title="bbox 94 2228 1660 2303; baseline 0.001 -21"><span class='ocrx_word' id='word_1_261' title='bbox 94 2228 340 2284; x_wconf 73' lang='lat' dir='ltr'><strong>dedicatio</strong></span> <span class='ocrx_word' id='word_1_262' title='bbox 362 2240 418 2285; x_wconf 92' lang='lat' dir='ltr'><strong>et</strong></span> <span class='ocrx_word' id='word_1_263' title='bbox 441 2246 585 2285; x_wconf 88' lang='lat' dir='ltr'><strong>anno</strong></span> <span class='ocrx_word' id='word_1_264' title='bbox 611 2232 770 2296; x_wconf 72' lang='grc'><strong>1094,</strong></span> <span class='ocrx_word' id='word_1_265' title='bbox 800 2243 858 2287; x_wconf 91' lang='lat' dir='ltr'><strong>ut</strong></span> <span class='ocrx_word' id='word_1_266' title='bbox 880 2231 993 2303; x_wconf 91' lang='lat' dir='ltr'><strong>jam</strong></span> <span class='ocrx_word' id='word_1_267' title='bbox 1039 2232 1265 2298; x_wconf 90' lang='lat' dir='ltr'><strong>dictum,</strong></span> <span class='ocrx_word' id='word_1_268' title='bbox 1303 2244 1359 2287; x_wconf 89' lang='lat' dir='ltr'><strong>et</strong></span> <span class='ocrx_word' id='word_1_269' title='bbox 1391 2234 1505 2301; x_wconf 90' lang='lat' dir='ltr'><strong>ipso</strong></span> <span class='ocrx_word' id='word_1_270' title='bbox 1534 2247 1660 2285; x_wconf 79' lang='lat' dir='ltr'><strong>san-</strong></span> 
     </span>
    </p>
   </div>
   <div class='ocr_carea' id='block_1_38' title="bbox 94 2322 1663 2396">
    <p class='ocr_par' dir='ltr' id='par_1_38' title="bbox 94 2322 1663 2396">
     <span class='ocr_line' id='line_1_38' title="bbox 94 2322 1663 2396; baseline 0.004 -21"><span class='ocrx_word' id='word_1_271' title='bbox 94 2323 327 2377; x_wconf 66' lang='lat' dir='ltr'><strong>ctissima:</strong></span> <span class='ocrx_word' id='word_1_272' title='bbox 382 2324 477 2377; x_wconf 89' lang='lat' dir='ltr'><strong>Dei</strong></span> <span class='ocrx_word' id='word_1_273' title='bbox 527 2322 824 2381; x_wconf 87' lang='lat' dir='ltr'><strong>Genitricis</strong></span> <span class='ocrx_word' id='word_1_274' title='bbox 869 2324 924 2380; x_wconf 91' lang='lat' dir='ltr'><strong>in</strong></span> <span class='ocrx_word' id='word_1_275' title='bbox 975 2324 1145 2381; x_wconf 81' lang='lat' dir='ltr'><strong>caelos</strong></span> <span class='ocrx_word' id='word_1_276' title='bbox 1188 2336 1480 2396; x_wconf 68' lang='lat' dir='ltr'><strong>assumpta:</strong></span> <span class='ocrx_word' id='word_1_277' title='bbox 1524 2325 1663 2381; x_wconf 82' lang='lat' dir='ltr'><strong>festo</strong></span> 
     </span>
    </p>
   </div>
   <div class='ocr_carea' id='block_1_39' title="bbox 94 2412 514 2485">
    <p class='ocr_par' dir='ltr' id='par_1_39' title="bbox 94 2412 514 2485">
     <span class='ocr_line' id='line_1_39' title="bbox 94 2412 514 2485; baseline 0.005 -20"><span class='ocrx_word' id='word_1_278' title='bbox 94 2412 229 2469; x_wconf 85' lang='lat' dir='ltr'><strong>fuerit</strong></span> <span class='ocrx_word' id='word_1_279' title='bbox 263 2424 514 2485; x_wconf 87' lang='lat' dir='ltr'><strong>peracta.</strong></span> 
     </span>
    </p>
   </div>
   <div class='ocr_carea' id='block_1_40' title="bbox 96 2549 1662 2622">
    <p class='ocr_par' dir='ltr' id='par_1_40' title="bbox 96 2549 1662 2622">
     <span class='ocr_line' id='line_1_40' title="bbox 96 2549 1662 2622; baseline -0.001 -18"><span class='ocrx_word' id='word_1_280' title='bbox 96 2549 117 2619; x_wconf 80' lang='lat'><strong>§</strong></span> <span class='ocrx_word' id='word_1_281' title='bbox 150 2550 381 2604; x_wconf 72' lang='lat' dir='ltr'><strong>XXXVI.</strong></span> <span class='ocrx_word' id='word_1_282' title='bbox 416 2551 497 2605; x_wconf 80' lang='lat' dir='ltr'><strong>An</strong></span> <span class='ocrx_word' id='word_1_283' title='bbox 537 2551 758 2607; x_wconf 85' lang='lat' dir='ltr'><strong>concilio</strong></span> <span class='ocrx_word' id='word_1_284' title='bbox 791 2551 1118 2615; x_wconf 84' lang='lat' dir='ltr'><strong>Placentino,</strong></span> <span class='ocrx_word' id='word_1_285' title='bbox 1148 2553 1202 2606; x_wconf 83' lang='lat' dir='ltr'><strong>in</strong></span> <span class='ocrx_word' id='word_1_286' title='bbox 1237 2567 1339 2622; x_wconf 85' lang='lat' dir='ltr'><strong>quo</strong></span> <span class='ocrx_word' id='word_1_287' title='bbox 1383 2550 1662 2622; x_wconf 63' lang='lat' dir='ltr'><strong>Pru’fatio-</strong></span> 
     </span>
    </p>
   </div>
   <div class='ocr_carea' id='block_1_41' title="bbox 149 2621 1661 2688">
    <p class='ocr_par' dir='ltr' id='par_1_41' title="bbox 149 2621 1661 2688">
     <span class='ocr_line' id='line_1_41' title="bbox 149 2621 1661 2688; baseline -0.001 -14"><span class='ocrx_word' id='word_1_288' title='bbox 149 2639 254 2674; x_wconf 67' lang='lat' dir='ltr'><strong>nam</strong></span> <span class='ocrx_word' id='word_1_289' title='bbox 295 2627 362 2674; x_wconf 82' lang='lat' dir='ltr'><strong>de</strong></span> <span class='ocrx_word' id='word_1_290' title='bbox 390 2624 545 2675; x_wconf 84' lang='lat' dir='ltr'><strong>beata</strong></span> <span class='ocrx_word' id='word_1_291' title='bbox 590 2625 935 2687; x_wconf 73' lang='lat' dir='ltr'><strong>composuerit</strong></span> <span class='ocrx_word' id='word_1_292' title='bbox 954 2664 969 2686; x_wconf 96' lang='lat'><strong>,</strong></span> <span class='ocrx_word' id='word_1_293' title='bbox 1010 2634 1224 2676; x_wconf 80' lang='lat' dir='ltr'><strong>sanctus</strong></span> <span class='ocrx_word' id='word_1_294' title='bbox 1251 2621 1583 2688; x_wconf 71' lang='lat' dir='ltr'><strong>interfuerit.</strong></span> <span class='ocrx_word' id='word_1_295' title='bbox 1612 2630 1661 2675; x_wconf 83' lang='lat' dir='ltr'><strong>cl</strong></span> 
     </span>
    </p>
   </div>
   <div class='ocr_carea' id='block_1_42' title="bbox 148 2692 1661 2762">
    <p class='ocr_par' dir='ltr' id='par_1_42' title="bbox 148 2692 1661 2762">
     <span class='ocr_line' id='line_1_42' title="bbox 148 2692 1661 2762; baseline 0 -18"><span class='ocrx_word' id='word_1_296' title='bbox 148 2710 252 2753; x_wconf 81' lang='lat' dir='ltr'><strong>cur,</strong></span> <span class='ocrx_word' id='word_1_297' title='bbox 282 2694 331 2746; x_wconf 74' lang='lat' dir='ltr'><strong>si</strong></span> <span class='ocrx_word' id='word_1_298' title='bbox 361 2695 437 2745; x_wconf 82' lang='lat' dir='ltr'><strong>ita</strong></span> <span class='ocrx_word' id='word_1_299' title='bbox 462 2694 548 2758; x_wconf 83' lang='lat' dir='ltr'><strong>sit,</strong></span> <span class='ocrx_word' id='word_1_300' title='bbox 573 2709 633 2746; x_wconf 87' lang='lat' dir='ltr'><strong>eo</strong></span> <span class='ocrx_word' id='word_1_301' title='bbox 655 2692 930 2757; x_wconf 77' lang='lat' dir='ltr'><strong>celebrato,</strong></span> <span class='ocrx_word' id='word_1_302' title='bbox 955 2696 1023 2747; x_wconf 83' lang='lat' dir='ltr'><strong>ad</strong></span> <span class='ocrx_word' id='word_1_303' title='bbox 1046 2694 1298 2762; x_wconf 79' lang='lat' dir='ltr'><strong>majorem</strong></span> <span class='ocrx_word' id='word_1_304' title='bbox 1325 2692 1661 2746; x_wconf 68' lang='lat' dir='ltr'><strong>Cunhusiam</strong></span> 
     </span>
    </p>
   </div>
   <div class='ocr_carea' id='block_1_43' title="bbox 155 2763 527 2816">
    <p class='ocr_par' dir='ltr' id='par_1_43' title="bbox 155 2763 527 2816">
     <span class='ocr_line' id='line_1_43' title="bbox 155 2763 527 2816; baseline 0 -1"><span class='ocrx_word' id='word_1_305' title='bbox 155 2780 246 2816; x_wconf 84' lang='lat' dir='ltr'><strong>non</strong></span> <span class='ocrx_word' id='word_1_306' title='bbox 291 2763 527 2816; x_wconf 77' lang='lat' dir='ltr'><strong>redierit.</strong></span> 
     </span>
    </p>
   </div>
   <div class='ocr_carea' id='block_1_44' title="bbox 150 2872 1660 2946">
    <p class='ocr_par' dir='ltr' id='par_1_44' title="bbox 150 2872 1660 2946">
     <span class='ocr_line' id='line_1_44' title="bbox 150 2872 1660 2946; baseline -0.001 -19"><span class='ocrx_word' id='word_1_307' title='bbox 150 2874 265 2929; x_wconf 64' lang='lat'><strong>591.</strong></span> <span class='ocrx_word' id='word_1_308' title='bbox 306 2874 438 2930; x_wconf 82' lang='lat' dir='ltr'><strong>Post</strong></span> <span class='ocrx_word' id='word_1_309' title='bbox 463 2876 636 2930; x_wconf 83' lang='lat' dir='ltr'><strong>sancti</strong></span> <span class='ocrx_word' id='word_1_310' title='bbox 666 2891 696 2931; x_wconf 91' lang='lat' dir='ltr'><strong>e</strong></span> <span class='ocrx_word' id='word_1_311' title='bbox 728 2876 877 2931; x_wconf 90' lang='lat' dir='ltr'><strong>curia</strong></span> <span class='ocrx_word' id='word_1_312' title='bbox 910 2875 1185 2946; x_wconf 87' lang='lat' dir='ltr'><strong>pontificia</strong></span> <span class='ocrx_word' id='word_1_313' title='bbox 1233 2875 1287 2929; x_wconf 92' lang='lat' dir='ltr'><strong>in</strong></span> <span class='ocrx_word' id='word_1_314' title='bbox 1317 2872 1660 2928; x_wconf 87' lang='lat' dir='ltr'><strong>Turritauam</strong></span> 
     </span>
    </p>
   </div>
   <div class='ocr_carea' id='block_1_45' title="bbox 94 2965 1660 3027">
    <p class='ocr_par' dir='ltr' id='par_1_45' title="bbox 94 2965 1660 3027">
     <span class='ocr_line' id='line_1_45' title="bbox 94 2965 1660 3027; baseline 0.001 -6"><span class='ocrx_word' id='word_1_315' title='bbox 94 2965 335 3023; x_wconf 68' lang='lat' dir='ltr'><strong>Calabria:</strong></span> <span class='ocrx_word' id='word_1_316' title='bbox 366 2984 615 3023; x_wconf 89' lang='lat' dir='ltr'><strong>eremum</strong></span> <span class='ocrx_word' id='word_1_317' title='bbox 647 2985 920 3027; x_wconf 87' lang='lat' dir='ltr'><strong>recessum</strong></span> <span class='ocrx_word' id='word_1_318' title='bbox 945 2971 1049 3024; x_wconf 92' lang='lat' dir='ltr'><strong>duo</strong></span> <span class='ocrx_word' id='word_1_319' title='bbox 1075 2969 1243 3024; x_wconf 86' lang='lat' dir='ltr'><strong>fuisse</strong></span> <span class='ocrx_word' id='word_1_320' title='bbox 1274 2970 1343 3024; x_wconf 88' lang='lat' dir='ltr'><strong>ab</strong></span> <span class='ocrx_word' id='word_1_321' title='bbox 1375 2968 1590 3023; x_wconf 87' lang='lat' dir='ltr'><strong>Urbano</strong></span> <span class='ocrx_word' id='word_1_322' title='bbox 1623 2969 1660 3022; x_wconf 92' lang='lat' dir='ltr'><strong>ll</strong></span> 
     </span>
    </p>
   </div>
   <div class='ocr_carea' id='block_1_46' title="bbox 96 3062 1658 3130">
    <p class='ocr_par' dir='ltr' id='par_1_46' title="bbox 96 3062 1658 3130">
     <span class='ocr_line' id='line_1_46' title="bbox 96 3062 1658 3130; baseline 0.003 -19"><span class='ocrx_word' id='word_1_323' title='bbox 96 3075 205 3129; x_wconf 72' lang='lat' dir='ltr'><strong>papa</strong></span> <span class='ocrx_word' id='word_1_324' title='bbox 235 3064 382 3115; x_wconf 85' lang='lat' dir='ltr'><strong>haud</strong></span> <span class='ocrx_word' id='word_1_325' title='bbox 429 3062 620 3130; x_wconf 87' lang='lat' dir='ltr'><strong>procul</strong></span> <span class='ocrx_word' id='word_1_326' title='bbox 654 3062 778 3117; x_wconf 87' lang='lat' dir='ltr'><strong>inde</strong></span> <span class='ocrx_word' id='word_1_327' title='bbox 802 3072 927 3117; x_wconf 80' lang='lat' dir='ltr'><strong>ante</strong></span> <span class='ocrx_word' id='word_1_328' title='bbox 972 3080 1172 3117; x_wconf 87' lang='lat' dir='ltr'><strong>annum</strong></span> <span class='ocrx_word' id='word_1_329' title='bbox 1208 3063 1344 3117; x_wconf 79' lang='grc'><strong>1095</strong></span> <span class='ocrx_word' id='word_1_330' title='bbox 1386 3063 1658 3118; x_wconf 84' lang='lat' dir='ltr'><strong>celebrata</strong></span> 
     </span>
    </p>
   </div>
   <div class='ocr_carea' id='block_1_47' title="bbox 96 3138 1665 3223">
    <p class='ocr_par' dir='ltr' id='par_1_47' title="bbox 96 3138 1665 3223">
     <span class='ocr_line' id='line_1_47' title="bbox 96 3138 1665 3223; baseline 0.003 -18"><span class='ocrx_word' id='word_1_331' title='bbox 96 3154 318 3218; x_wconf 75' lang='lat' dir='ltr'><strong>cotieilia,</strong></span> <span class='ocrx_word' id='word_1_332' title='bbox 335 3153 636 3208; x_wconf 80' lang='lat' dir='ltr'><strong>Beneventi</strong></span> <span class='ocrx_word' id='word_1_333' title='bbox 662 3138 871 3209; x_wconf 79' lang='lat' dir='ltr'><strong>scilicet</strong></span> <span class='ocrx_word' id='word_1_334' title='bbox 898 3156 949 3209; x_wconf 90' lang='lat' dir='ltr'><strong>in</strong></span> <span class='ocrx_word' id='word_1_335' title='bbox 975 3154 1267 3223; x_wconf 81' lang='lat' dir='ltr'><strong>Campania</strong></span> <span class='ocrx_word' id='word_1_336' title='bbox 1292 3153 1665 3223; x_wconf 72' lang='lat' dir='ltr'><strong>unutn,’l‘r0j:c</strong></span> 
     </span>
    </p>
   </div>
   <div class='ocr_carea' id='block_1_48' title="bbox 98 3240 1665 3313">
    <p class='ocr_par' dir='ltr' id='par_1_48' title="bbox 98 3240 1665 3313">
     <span class='ocr_line' id='line_1_48' title="bbox 98 3240 1665 3313; baseline 0.002 -19"><span class='ocrx_word' id='word_1_337' title='bbox 98 3240 138 3294; x_wconf 87' lang='lat' dir='ltr'><strong>in</strong></span> <span class='ocrx_word' id='word_1_338' title='bbox 159 3242 345 3311; x_wconf 79' lang='lat' dir='ltr'><strong>Apulia</strong></span> <span class='ocrx_word' id='word_1_339' title='bbox 370 3242 543 3305; x_wconf 86' lang='lat' dir='ltr'><strong>aliud,</strong></span> <span class='ocrx_word' id='word_1_340' title='bbox 583 3257 649 3296; x_wconf 81' lang='lat' dir='ltr'><strong>ex</strong></span> <span class='ocrx_word' id='word_1_341' title='bbox 674 3243 806 3312; x_wconf 84' lang='lat' dir='ltr'><strong>ipsis</strong></span> <span class='ocrx_word' id='word_1_342' title='bbox 837 3244 1096 3313; x_wconf 87' lang='lat' dir='ltr'><strong>temporis</strong></span> <span class='ocrx_word' id='word_1_343' title='bbox 1120 3242 1278 3311; x_wconf 82' lang='lat' dir='ltr'><strong>hujus</strong></span> <span class='ocrx_word' id='word_1_344' title='bbox 1308 3243 1665 3312; x_wconf 84' lang='lat' dir='ltr'><strong>scriptoribus</strong></span> 
     </span>
    </p>
   </div>
   <div class='ocr_carea' id='block_1_49' title="bbox 98 3333 1661 3404">
    <p class='ocr_par' dir='ltr' id='par_1_49' title="bbox 98 3333 1661 3404">
     <span class='ocr_line' id='line_1_49' title="bbox 98 3333 1661 3404; baseline 0.001 -19"><span class='ocrx_word' id='word_1_345' title='bbox 98 3335 551 3403; x_wconf 72' lang='lat' dir='ltr'><strong>morrumentisque</strong></span> <span class='ocrx_word' id='word_1_346' title='bbox 592 3334 823 3389; x_wconf 89' lang='lat' dir='ltr'><strong>habetur</strong></span> <span class='ocrx_word' id='word_1_347' title='bbox 870 3342 1229 3404; x_wconf 81' lang='lat' dir='ltr'><strong>compertum.</strong></span> <span class='ocrx_word' id='word_1_348' title='bbox 1275 3333 1357 3387; x_wconf 83' lang='lat' dir='ltr'><strong>Ad</strong></span> <span class='ocrx_word' id='word_1_349' title='bbox 1409 3333 1661 3403; x_wconf 88' lang='lat' dir='ltr'><strong>primum,</strong></span> 
     </span>
    </p>
   </div>
   <div class='ocr_carea' id='block_1_50' title="bbox 99 3421 1665 3489">
    <p class='ocr_par' dir='ltr' id='par_1_50' title="bbox 99 3421 1665 3489">
     <span class='ocr_line' id='line_1_50' title="bbox 99 3421 1665 3489; baseline 0.003 -17"><span class='ocrx_word' id='word_1_350' title='bbox 99 3423 217 3488; x_wconf 84' lang='lat' dir='ltr'><strong>quod</strong></span> <span class='ocrx_word' id='word_1_351' title='bbox 258 3438 410 3477; x_wconf 86' lang='lat' dir='ltr'><strong>anno</strong></span> <span class='ocrx_word' id='word_1_352' title='bbox 461 3423 640 3487; x_wconf 85' lang='grc'><strong>1091,</strong></span> <span class='ocrx_word' id='word_1_353' title='bbox 694 3432 753 3477; x_wconf 88' lang='lat' dir='ltr'><strong>ut</strong></span> <span class='ocrx_word' id='word_1_354' title='bbox 801 3422 1172 3489; x_wconf 82' lang='lat' dir='ltr'><strong>Berthuldus,</strong></span> <span class='ocrx_word' id='word_1_355' title='bbox 1231 3421 1665 3477; x_wconf 83' lang='lat' dir='ltr'><strong>Constantieusis</strong></span> 
     </span>
    </p>
   </div>
   <div class='ocr_carea' id='block_1_51' title="bbox 101 3511 1665 3583">
    <p class='ocr_par' dir='ltr' id='par_1_51' title="bbox 101 3511 1665 3583">
     <span class='ocr_line' id='line_1_51' title="bbox 101 3511 1665 3583; baseline -0.001 -17"><span class='ocrx_word' id='word_1_356' title='bbox 101 3514 359 3583; x_wconf 81' lang='lat' dir='ltr'><strong>presbyter</strong></span> <span class='ocrx_word' id='word_1_357' title='bbox 398 3512 745 3583; x_wconf 87' lang='lat' dir='ltr'><strong>scriptorque</strong></span> <span class='ocrx_word' id='word_1_358' title='bbox 777 3513 1151 3583; x_wconf 82' lang='lat' dir='ltr'><strong>syncbronus,</strong></span> <span class='ocrx_word' id='word_1_359' title='bbox 1184 3512 1236 3566; x_wconf 92' lang='lat' dir='ltr'><strong>in</strong></span> <span class='ocrx_word' id='word_1_360' title='bbox 1270 3527 1367 3567; x_wconf 89' lang='lat' dir='ltr'><strong>sua</strong></span> <span class='ocrx_word' id='word_1_361' title='bbox 1412 3512 1478 3565; x_wconf 85' lang='lat' dir='ltr'><strong>ad</strong></span> <span class='ocrx_word' id='word_1_362' title='bbox 1532 3511 1665 3566; x_wconf 81' lang='lat' dir='ltr'><strong>lier-</strong></span> 
     </span>
    </p>
   </div>
   <div class='ocr_carea' id='block_1_52' title="bbox 99 3602 1666 3675">
    <p class='ocr_par' dir='ltr' id='par_1_52' title="bbox 99 3602 1666 3675">
     <span class='ocr_line' id='line_1_52' title="bbox 99 3602 1666 3675; baseline 0.003 -21"><span class='ocrx_word' id='word_1_363' title='bbox 99 3619 330 3658; x_wconf 85' lang='lat' dir='ltr'><strong>manuum</strong></span> <span class='ocrx_word' id='word_1_364' title='bbox 376 3605 732 3659; x_wconf 75' lang='lat' dir='ltr'><strong>Coritractum</strong></span> <span class='ocrx_word' id='word_1_365' title='bbox 780 3602 1092 3675; x_wconf 87' lang='lat' dir='ltr'><strong>Appendice</strong></span> <span class='ocrx_word' id='word_1_366' title='bbox 1124 3613 1374 3667; x_wconf 88' lang='lat' dir='ltr'><strong>testatur,</strong></span> <span class='ocrx_word' id='word_1_367' title='bbox 1406 3604 1666 3659; x_wconf 88' lang='lat' dir='ltr'><strong>adversus</strong></span> 
     </span>
    </p>
   </div>
   <div class='ocr_carea' id='block_1_53' title="bbox 99 3693 1666 3766">
    <p class='ocr_par' dir='ltr' id='par_1_53' title="bbox 99 3693 1666 3766">
     <span class='ocr_line' id='line_1_53' title="bbox 99 3693 1666 3766; baseline 0 -19"><span class='ocrx_word' id='word_1_368' title='bbox 99 3694 396 3750; x_wconf 76' lang='lat' dir='ltr'><strong>Guibertum</strong></span> <span class='ocrx_word' id='word_1_369' title='bbox 429 3695 742 3766; x_wconf 88' lang='lat' dir='ltr'><strong>antipapam</strong></span> <span class='ocrx_word' id='word_1_370' title='bbox 773 3693 999 3764; x_wconf 86' lang='lat' dir='ltr'><strong>ejusque</strong></span> <span class='ocrx_word' id='word_1_371' title='bbox 1033 3709 1296 3763; x_wconf 85' lang='lat' dir='ltr'><strong>sequaces</strong></span> <span class='ocrx_word' id='word_1_372' title='bbox 1331 3693 1666 3748; x_wconf 90' lang='lat' dir='ltr'><strong>celebratum</strong></span> 
     </span>
    </p>
   </div>
   <div class='ocr_carea' id='block_1_54' title="bbox 100 3782 1666 3856">
    <p class='ocr_par' dir='ltr' id='par_1_54' title="bbox 100 3782 1666 3856">
     <span class='ocr_line' id='line_1_54' title="bbox 100 3782 1666 3856; baseline 0.004 -23"><span class='ocrx_word' id='word_1_373' title='bbox 100 3782 198 3847; x_wconf 84' lang='lat' dir='ltr'><strong>fuit,</strong></span> <span class='ocrx_word' id='word_1_374' title='bbox 227 3796 302 3840; x_wconf 91' lang='lat' dir='ltr'><strong>tot</strong></span> <span class='ocrx_word' id='word_1_375' title='bbox 347 3786 594 3856; x_wconf 81' lang='lat' dir='ltr'><strong>episcopi</strong></span> <span class='ocrx_word' id='word_1_376' title='bbox 625 3797 680 3840; x_wconf 90' lang='lat' dir='ltr'><strong>et</strong></span> <span class='ocrx_word' id='word_1_377' title='bbox 720 3786 965 3850; x_wconf 85' lang='lat' dir='ltr'><strong>abbates,</strong></span> <span class='ocrx_word' id='word_1_378' title='bbox 994 3786 1450 3854; x_wconf 85' lang='lat' dir='ltr'><strong>quemadmodum</strong></span> <span class='ocrx_word' id='word_1_379' title='bbox 1483 3784 1536 3838; x_wconf 90' lang='lat' dir='ltr'><strong>in</strong></span> <span class='ocrx_word' id='word_1_380' title='bbox 1571 3800 1666 3839; x_wconf 87' lang='lat' dir='ltr'><strong>ve-</strong></span> 
     </span>
    </p>
   </div>
   <div class='ocr_carea' id='block_1_55' title="bbox 100 3874 1667 3946">
    <p class='ocr_par' dir='ltr' id='par_1_55' title="bbox 100 3874 1667 3946">
     <span class='ocr_line' id='line_1_55' title="bbox 100 3874 1667 3946; baseline 0.002 -22"><span class='ocrx_word' id='word_1_381' title='bbox 100 3875 214 3939; x_wconf 78' lang='lat' dir='ltr'><strong>teri,</strong></span> <span class='ocrx_word' id='word_1_382' title='bbox 242 3894 273 3932; x_wconf 88' lang='lat' dir='ltr'><strong>e</strong></span> <span class='ocrx_word' id='word_1_383' title='bbox 302 3892 415 3946; x_wconf 87' lang='lat' dir='ltr'><strong>quo</strong></span> <span class='ocrx_word' id='word_1_384' title='bbox 464 3876 715 3930; x_wconf 86' lang='lat' dir='ltr'><strong>Labbeus</strong></span> <span class='ocrx_word' id='word_1_385' title='bbox 766 3875 912 3930; x_wconf 87' lang='lat' dir='ltr'><strong>illius</strong></span> <span class='ocrx_word' id='word_1_386' title='bbox 966 3890 1203 3930; x_wconf 87' lang='lat' dir='ltr'><strong>canones</strong></span> <span class='ocrx_word' id='word_1_387' title='bbox 1251 3875 1436 3939; x_wconf 88' lang='lat' dir='ltr'><strong>edidit,</strong></span> <span class='ocrx_word' id='word_1_388' title='bbox 1482 3874 1667 3928; x_wconf 86' lang='lat' dir='ltr'><strong>codice</strong></span> 
     </span>
    </p>
   </div>
   <div class='ocr_carea' id='block_1_56' title="bbox 100 3962 1667 4036">
    <p class='ocr_par' dir='ltr' id='par_1_56' title="bbox 100 3962 1667 4036">
     <span class='ocr_line' id='line_1_56' title="bbox 100 3962 1667 4036; baseline 0.001 -21"><span class='ocrx_word' id='word_1_389' title='bbox 100 3962 318 4021; x_wconf 73' lang='lat' dir='ltr'><strong>Romano</strong></span> <span class='ocrx_word' id='word_1_390' title='bbox 345 3966 549 4036; x_wconf 77' lang='lat' dir='ltr'><strong>legitur</strong></span> <span class='ocrx_word' id='word_1_391' title='bbox 577 3969 970 4032; x_wconf 77' lang='lat' dir='ltr'><strong>convenerunt,</strong></span> <span class='ocrx_word' id='word_1_392' title='bbox 1022 3983 1039 4015; x_wconf 84' lang='lat' dir='ltr'><strong>l</strong></span> <span class='ocrx_word' id='word_1_393' title='bbox 1082 3963 1152 4019; x_wconf 87' lang='lat' dir='ltr'><strong>Ut</strong></span> <span class='ocrx_word' id='word_1_394' title='bbox 1190 3980 1376 4019; x_wconf 90' lang='lat' dir='ltr'><strong>eorum</strong></span> <span class='ocrx_word' id='word_1_395' title='bbox 1412 3978 1667 4017; x_wconf 87' lang='lat' dir='ltr'><strong>numerus</strong></span> 
     </span>
    </p>
   </div>
   <div class='ocr_carea' id='block_1_57' title="bbox 101 4054 1667 4127">
    <p class='ocr_par' dir='ltr' id='par_1_57' title="bbox 101 4054 1667 4127">
     <span class='ocr_line' id='line_1_57' title="bbox 101 4054 1667 4127; baseline 0.001 -20"><span class='ocrx_word' id='word_1_396' title='bbox 101 4054 234 4112; x_wconf 75' lang='lat' dir='ltr'><strong>facile</strong></span> <span class='ocrx_word' id='word_1_397' title='bbox 261 4057 517 4112; x_wconf 86' lang='lat' dir='ltr'><strong>adnotari</strong></span> <span class='ocrx_word' id='word_1_398' title='bbox 559 4073 663 4112; x_wconf 90' lang='lat' dir='ltr'><strong>non</strong></span> <span class='ocrx_word' id='word_1_399' title='bbox 711 4059 968 4127; x_wconf 88' lang='lat' dir='ltr'><strong>potuerit.</strong></span> <span class='ocrx_word' id='word_1_400' title='bbox 1013 4075 1031 4109; x_wconf 72' lang='grc' dir='ltr'><strong><em>ι</em></strong></span> <span class='ocrx_word' id='word_1_401' title='bbox 1067 4056 1180 4111; x_wconf 85' lang='lat' dir='ltr'><strong>Nec</strong></span> <span class='ocrx_word' id='word_1_402' title='bbox 1210 4065 1443 4127; x_wconf 81' lang='lat' dir='ltr'><strong>patrum,</strong></span> <span class='ocrx_word' id='word_1_403' title='bbox 1477 4055 1566 4124; x_wconf 92' lang='lat' dir='ltr'><strong>qui</strong></span> <span class='ocrx_word' id='word_1_404' title='bbox 1600 4055 1667 4109; x_wconf 87' lang='lat' dir='ltr'><strong>ad</strong></span> 
     </span>
    </p>
   </div>
   <div class='ocr_carea' id='block_1_58' title="bbox 100 4147 1665 4216">
    <p class='ocr_par' dir='ltr' id='par_1_58' title="bbox 100 4147 1665 4216">
     <span class='ocr_line' id='line_1_58' title="bbox 100 4147 1665 4216; baseline -0.001 -16"><span class='ocrx_word' id='word_1_405' title='bbox 100 4150 375 4204; x_wconf 64' lang='lat' dir='ltr'><strong>seundum</strong></span> <span class='ocrx_word' id='word_1_406' title='bbox 406 4164 712 4204; x_wconf 81' lang='lat' dir='ltr'><strong>convenere</strong></span> <span class='ocrx_word' id='word_1_407' title='bbox 732 4190 745 4215; x_wconf 93' lang='lat'><strong>,</strong></span> <span class='ocrx_word' id='word_1_408' title='bbox 776 4149 1002 4216; x_wconf 79' lang='lat' dir='ltr'><strong>exiguus</strong></span> <span class='ocrx_word' id='word_1_409' title='bbox 1042 4149 1251 4205; x_wconf 76' lang='lat' dir='ltr'><strong>exstitit</strong></span> <span class='ocrx_word' id='word_1_410' title='bbox 1282 4162 1560 4212; x_wconf 84' lang='lat' dir='ltr'><strong>numerus,</strong></span> <span class='ocrx_word' id='word_1_411' title='bbox 1591 4147 1665 4200; x_wconf 90' lang='lat' dir='ltr'><strong>uti</strong></span> 
     </span>
    </p>
   </div>
   <div class='ocr_carea' id='block_1_59' title="bbox 103 4236 1669 4297">
    <p class='ocr_par' dir='ltr' id='par_1_59' title="bbox 103 4236 1669 4297">
     <span class='ocr_line' id='line_1_59' title="bbox 103 4236 1669 4297; baseline 0 -6"><span class='ocrx_word' id='word_1_412' title='bbox 103 4240 236 4296; x_wconf 77' lang='lat' dir='ltr'><strong>fidem</strong></span> <span class='ocrx_word' id='word_1_413' title='bbox 266 4242 396 4297; x_wconf 85' lang='lat' dir='ltr'><strong>facit</strong></span> <span class='ocrx_word' id='word_1_414' title='bbox 427 4242 646 4297; x_wconf 86' lang='lat' dir='ltr'><strong>concilii</strong></span> <span class='ocrx_word' id='word_1_415' title='bbox 678 4241 822 4297; x_wconf 87' lang='lat' dir='ltr'><strong>illius</strong></span> <span class='ocrx_word' id='word_1_416' title='bbox 853 4240 1037 4296; x_wconf 87' lang='lat' dir='ltr'><strong>titulus</strong></span> <span class='ocrx_word' id='word_1_417' title='bbox 1074 4258 1102 4296; x_wconf 85' lang='lat' dir='ltr'><strong>a</strong></span> <span class='ocrx_word' id='word_1_418' title='bbox 1134 4240 1350 4295; x_wconf 88' lang='lat' dir='ltr'><strong>Labbeo</strong></span> <span class='ocrx_word' id='word_1_419' title='bbox 1382 4241 1434 4294; x_wconf 93' lang='lat' dir='ltr'><strong>in</strong></span> <span class='ocrx_word' id='word_1_420' title='bbox 1466 4249 1595 4293; x_wconf 90' lang='lat' dir='ltr'><strong>tom.</strong></span> <span class='ocrx_word' id='word_1_421' title='bbox 1621 4236 1669 4291; x_wconf 83' lang='lat' dir='ltr'><strong>X</strong></span> 
     </span>
    </p>
   </div>
   <div class='ocr_carea' id='block_1_60' title="bbox 100 4329 1669 4403">
    <p class='ocr_par' dir='ltr' id='par_1_60' title="bbox 100 4329 1669 4403">
     <span class='ocr_line' id='line_1_60' title="bbox 100 4329 1669 4403; baseline 0 -19"><span class='ocrx_word' id='word_1_422' title='bbox 100 4330 443 4388; x_wconf 62' lang='lat' dir='ltr'><strong>(bucinorum</strong></span> <span class='ocrx_word' id='word_1_423' title='bbox 463 4347 534 4387; x_wconf 77' lang='lat' dir='ltr'><strong>ex</strong></span> <span class='ocrx_word' id='word_1_424' title='bbox 551 4332 787 4403; x_wconf 88' lang='lat' dir='ltr'><strong>antiquis</strong></span> <span class='ocrx_word' id='word_1_425' title='bbox 808 4330 1083 4387; x_wconf 84' lang='lat' dir='ltr'><strong>codicibus</strong></span> <span class='ocrx_word' id='word_1_426' title='bbox 1106 4347 1235 4387; x_wconf 89' lang='lat' dir='ltr'><strong>mss.</strong></span> <span class='ocrx_word' id='word_1_427' title='bbox 1260 4329 1462 4395; x_wconf 87' lang='lat' dir='ltr'><strong>illatus,</strong></span> <span class='ocrx_word' id='word_1_428' title='bbox 1478 4330 1669 4399; x_wconf 89' lang='lat' dir='ltr'><strong>hisque</strong></span> 
     </span>
    </p>
   </div>
   <div class='ocr_carea' id='block_1_61' title="bbox 102 4421 1669 4494">
    <p class='ocr_par' dir='ltr' id='par_1_61' title="bbox 102 4421 1669 4494">
     <span class='ocr_line' id='line_1_61' title="bbox 102 4421 1669 4494; baseline 0 -19"><span class='ocrx_word' id='word_1_429' title='bbox 102 4425 260 4479; x_wconf 80' lang='lat' dir='ltr'><strong>verbis</strong></span> <span class='ocrx_word' id='word_1_430' title='bbox 297 4434 637 4494; x_wconf 90' lang='lat' dir='ltr'><strong>conceptus:</strong></span> <span class='ocrx_word' id='word_1_431' title='bbox 679 4442 698 4475; x_wconf 86' lang='grc'>‹</span> <span class='ocrx_word' id='word_1_432' title='bbox 749 4424 904 4478; x_wconf 84' lang='lat' dir='ltr'><strong>Anno</strong></span> <span class='ocrx_word' id='word_1_433' title='bbox 949 4423 1244 4478; x_wconf 84' lang='lat' dir='ltr'><strong>Dominicae</strong></span> <span class='ocrx_word' id='word_1_434' title='bbox 1278 4421 1669 4477; x_wconf 88' lang='lat' dir='ltr'><strong>lncarnationis</strong></span> 
     </span>
    </p>
   </div>
   <div class='ocr_carea' id='block_1_62' title="bbox 104 4513 1669 4585">
    <p class='ocr_par' dir='ltr' id='par_1_62' title="bbox 104 4513 1669 4585">
     <span class='ocr_line' id='line_1_62' title="bbox 104 4513 1669 4585; baseline -0.001 -15"><span class='ocrx_word' id='word_1_435' title='bbox 104 4515 238 4582; x_wconf 77' lang='lat'><strong>1093,</strong></span> <span class='ocrx_word' id='word_1_436' title='bbox 267 4534 301 4571; x_wconf 86' lang='lat' dir='ltr'><strong>v</strong></span> <span class='ocrx_word' id='word_1_437' title='bbox 330 4518 456 4572; x_wconf 88' lang='lat' dir='ltr'><strong>ldus</strong></span> <span class='ocrx_word' id='word_1_438' title='bbox 503 4516 681 4570; x_wconf 79' lang='lat' dir='ltr'><strong>Martii</strong></span> <span class='ocrx_word' id='word_1_439' title='bbox 720 4517 970 4571; x_wconf 86' lang='lat' dir='ltr'><strong>convenit</strong></span> <span class='ocrx_word' id='word_1_440' title='bbox 1000 4514 1175 4585; x_wconf 82' lang='lat' dir='ltr'><strong>Trojae</strong></span> <span class='ocrx_word' id='word_1_441' title='bbox 1222 4515 1274 4569; x_wconf 90' lang='lat' dir='ltr'><strong>in</strong></span> <span class='ocrx_word' id='word_1_442' title='bbox 1311 4513 1502 4583; x_wconf 89' lang='lat' dir='ltr'><strong>Apulia</strong></span> <span class='ocrx_word' id='word_1_443' title='bbox 1538 4529 1669 4569; x_wconf 88' lang='lat' dir='ltr'><strong>con-</strong></span> 
     </span>
    </p>
   </div>
   <div class='ocr_carea' id='block_1_63' title="bbox 104 4603 1669 4679">
    <p class='ocr_par' dir='ltr' id='par_1_63' title="bbox 104 4603 1669 4679">
     <span class='ocr_line' id='line_1_63' title="bbox 104 4603 1669 4679; baseline 0.001 -24"><span class='ocrx_word' id='word_1_444' title='bbox 104 4607 262 4661; x_wconf 66' lang='lat' dir='ltr'><strong>cilium</strong></span> <span class='ocrx_word' id='word_1_445' title='bbox 307 4608 689 4679; x_wconf 86' lang='lat' dir='ltr'><strong>episcoporum</strong></span> <span class='ocrx_word' id='word_1_446' title='bbox 738 4606 854 4661; x_wconf 87' lang='lat' dir='ltr'><strong>fere</strong></span> <span class='ocrx_word' id='word_1_447' title='bbox 900 4606 1005 4671; x_wconf 81' lang='lat'><strong>75,</strong></span> <span class='ocrx_word' id='word_1_448' title='bbox 1036 4608 1289 4661; x_wconf 78' lang='lat' dir='ltr'><strong>abbatum</strong></span> <span class='ocrx_word' id='word_1_449' title='bbox 1324 4605 1411 4658; x_wconf 77' lang='grc'><strong>12.</strong></span> <span class='ocrx_word' id='word_1_450' title='bbox 1465 4624 1484 4656; x_wconf 72' lang='grc' dir='ltr'><strong><em>ι</em></strong></span> <span class='ocrx_word' id='word_1_451' title='bbox 1531 4603 1669 4657; x_wconf 87' lang='lat' dir='ltr'><strong>Bru-</strong></span> 
     </span>
    </p>
   </div>
   <div class='ocr_carea' id='block_1_64' title="bbox 107 4699 1667 4775">
    <p class='ocr_par' dir='ltr' id='par_1_64' title="bbox 107 4699 1667 4775">
     <span class='ocr_line' id='line_1_64' title="bbox 107 4699 1667 4775; baseline -0.001 -20"><span class='ocrx_word' id='word_1_452' title='bbox 107 4720 275 4759; x_wconf 79' lang='lat' dir='ltr'><strong>nouem</strong></span> <span class='ocrx_word' id='word_1_453' title='bbox 309 4706 531 4775; x_wconf 87' lang='lat' dir='ltr'><strong>quidem</strong></span> <span class='ocrx_word' id='word_1_454' title='bbox 565 4703 635 4757; x_wconf 91' lang='lat' dir='ltr'><strong>ad</strong></span> <span class='ocrx_word' id='word_1_455' title='bbox 667 4704 770 4758; x_wconf 89' lang='lat' dir='ltr'><strong>duo</strong></span> <span class='ocrx_word' id='word_1_456' title='bbox 819 4704 932 4759; x_wconf 75' lang='lat' dir='ltr'><strong>hanc</strong></span> <span class='ocrx_word' id='word_1_457' title='bbox 987 4703 1213 4759; x_wconf 86' lang='lat' dir='ltr'><strong>concilia</strong></span> <span class='ocrx_word' id='word_1_458' title='bbox 1245 4744 1259 4769; x_wconf 90' lang='lat'><strong>,</strong></span> <span class='ocrx_word' id='word_1_459' title='bbox 1290 4701 1434 4755; x_wconf 89' lang='lat' dir='ltr'><strong>haud</strong></span> <span class='ocrx_word' id='word_1_460' title='bbox 1479 4699 1667 4771; x_wconf 84' lang='lat' dir='ltr'><strong>procul</strong></span> 
     </span>
    </p>
   </div>
   <div class='ocr_carea' id='block_1_65' title="bbox 108 4792 1665 4863">
    <p class='ocr_par' dir='ltr' id='par_1_65' title="bbox 108 4792 1665 4863">
     <span class='ocr_line' id='line_1_65' title="bbox 108 4792 1665 4863; baseline 0.001 -20"><span class='ocrx_word' id='word_1_461' title='bbox 108 4795 371 4850; x_wconf 70' lang='lat' dir='ltr'><strong>admodum</strong></span> <span class='ocrx_word' id='word_1_462' title='bbox 405 4811 436 4849; x_wconf 89' lang='lat' dir='ltr'><strong>a</strong></span> <span class='ocrx_word' id='word_1_463' title='bbox 469 4794 740 4859; x_wconf 87' lang='lat' dir='ltr'><strong>Calabria,</strong></span> <span class='ocrx_word' id='word_1_464' title='bbox 770 4808 1085 4863; x_wconf 89' lang='lat' dir='ltr'><strong>eremoque,</strong></span> <span class='ocrx_word' id='word_1_465' title='bbox 1108 4792 1161 4846; x_wconf 92' lang='lat' dir='ltr'><strong>in</strong></span> <span class='ocrx_word' id='word_1_466' title='bbox 1192 4808 1297 4863; x_wconf 88' lang='lat' dir='ltr'><strong>qua</strong></span> <span class='ocrx_word' id='word_1_467' title='bbox 1324 4793 1665 4854; x_wconf 87' lang='lat' dir='ltr'><strong>versabatur,</strong></span> 
     </span>
    </p>
   </div>
   <div class='ocr_carea' id='block_1_66' title="bbox 109 4884 1667 4951">
    <p class='ocr_par' dir='ltr' id='par_1_66' title="bbox 109 4884 1667 4951">
     <span class='ocr_line' id='line_1_66' title="bbox 109 4884 1667 4951; baseline -0.001 -13"><span class='ocrx_word' id='word_1_468' title='bbox 109 4888 387 4951; x_wconf 75' lang='lat' dir='ltr'><strong>celebrata,</strong></span> <span class='ocrx_word' id='word_1_469' title='bbox 424 4886 493 4941; x_wconf 89' lang='lat' dir='ltr'><strong>ab</strong></span> <span class='ocrx_word' id='word_1_470' title='bbox 547 4884 762 4941; x_wconf 88' lang='lat' dir='ltr'><strong>Urbano</strong></span> <span class='ocrx_word' id='word_1_471' title='bbox 813 4901 844 4941; x_wconf 90' lang='lat' dir='ltr'><strong>e</strong></span> <span class='ocrx_word' id='word_1_472' title='bbox 895 4885 1184 4940; x_wconf 88' lang='lat' dir='ltr'><strong>solitudine</strong></span> <span class='ocrx_word' id='word_1_473' title='bbox 1234 4900 1330 4941; x_wconf 86' lang='lat' dir='ltr'><strong>sua</strong></span> <span class='ocrx_word' id='word_1_474' title='bbox 1386 4894 1667 4939; x_wconf 81' lang='lat' dir='ltr'><strong>evocatum</strong></span> 
     </span>
    </p>
   </div>
   <div class='ocr_carea' id='block_1_67' title="bbox 111 4964 1665 5047">
    <p class='ocr_par' dir='ltr' id='par_1_67' title="bbox 111 4964 1665 5047">
     <span class='ocr_line' id='line_1_67' title="bbox 111 4964 1665 5047; baseline -0.001 -18"><span class='ocrx_word' id='word_1_475' title='bbox 111 4978 282 5045; x_wconf 73' lang='lat' dir='ltr'><strong>fuisse,</strong></span> <span class='ocrx_word' id='word_1_476' title='bbox 336 4978 646 5035; x_wconf 86' lang='lat' dir='ltr'><strong>verosimile</strong></span> <span class='ocrx_word' id='word_1_477' title='bbox 695 4978 778 5033; x_wconf 90' lang='lat' dir='ltr'><strong>vel</strong></span> <span class='ocrx_word' id='word_1_478' title='bbox 811 4979 1014 5033; x_wconf 91' lang='lat' dir='ltr'><strong>idcirco</strong></span> <span class='ocrx_word' id='word_1_479' title='bbox 1057 4986 1315 5047; x_wconf 85' lang='lat' dir='ltr'><strong>apparet,</strong></span> <span class='ocrx_word' id='word_1_480' title='bbox 1349 4977 1514 5047; x_wconf 89' lang='lat' dir='ltr'><strong>quod,</strong></span> <span class='ocrx_word' id='word_1_481' title='bbox 1545 4964 1665 5030; x_wconf 86' lang='lat' dir='ltr'><strong>cum</strong></span> 
     </span>
    </p>
   </div>
   <div class='ocr_carea' id='block_1_68' title="bbox 112 5068 1670 5139">
    <p class='ocr_par' dir='ltr' id='par_1_68' title="bbox 112 5068 1670 5139">
     <span class='ocr_line' id='line_1_68' title="bbox 112 5068 1670 5139; baseline -0.003 -14"><span class='ocrx_word' id='word_1_482' title='bbox 112 5072 153 5121; x_wconf 74' lang='lat' dir='ltr'><strong>in</strong></span> <span class='ocrx_word' id='word_1_483' title='bbox 197 5088 379 5127; x_wconf 87' lang='lat' dir='ltr'><strong>eremo</strong></span> <span class='ocrx_word' id='word_1_484' title='bbox 420 5071 707 5127; x_wconf 84' lang='lat' dir='ltr'><strong>Calabrina</strong></span> <span class='ocrx_word' id='word_1_485' title='bbox 748 5068 862 5139; x_wconf 81' lang='lat' dir='ltr'><strong>jam</strong></span> <span class='ocrx_word' id='word_1_486' title='bbox 921 5080 1383 5135; x_wconf 89' lang='lat' dir='ltr'><strong>commoraretur,</strong></span> <span class='ocrx_word' id='word_1_487' title='bbox 1443 5068 1670 5123; x_wconf 87' lang='lat' dir='ltr'><strong>subinde</strong></span> 
     </span>
    </p>
   </div>
   <div class='ocr_carea' id='block_1_69' title="bbox 114 5156 1670 5233">
    <p class='ocr_par' dir='ltr' id='par_1_69' title="bbox 114 5156 1670 5233">
     <span class='ocr_line' id='line_1_69' title="bbox 114 5156 1670 5233; baseline 0 -21"><span class='ocrx_word' id='word_1_488' title='bbox 114 5176 163 5213; x_wconf 73' lang='lat' dir='ltr'><strong>ex</strong></span> <span class='ocrx_word' id='word_1_489' title='bbox 190 5163 289 5217; x_wconf 82' lang='lat' dir='ltr'><strong>hac</strong></span> <span class='ocrx_word' id='word_1_490' title='bbox 319 5179 351 5216; x_wconf 89' lang='lat' dir='ltr'><strong>a</strong></span> <span class='ocrx_word' id='word_1_491' title='bbox 379 5164 633 5233; x_wconf 75' lang='lat' dir='ltr'><strong>pontifice</strong></span> <span class='ocrx_word' id='word_1_492' title='bbox 671 5162 782 5229; x_wconf 91' lang='lat' dir='ltr'><strong>illo,</strong></span> <span class='ocrx_word' id='word_1_493' title='bbox 826 5161 1236 5233; x_wconf 86' lang='lat' dir='ltr'><strong>prudentissimi</strong></span> <span class='ocrx_word' id='word_1_494' title='bbox 1274 5159 1376 5213; x_wconf 89' lang='lat' dir='ltr'><strong>viri</strong></span> <span class='ocrx_word' id='word_1_495' title='bbox 1426 5156 1670 5214; x_wconf 88' lang='lat' dir='ltr'><strong>conciliis</strong></span> 
     </span>
    </p>
   </div>
   <div class='ocr_carea' id='block_1_70' title="bbox 118 5249 1667 5327">
    <p class='ocr_par' dir='ltr' id='par_1_70' title="bbox 118 5249 1667 5327">
     <span class='ocr_line' id='line_1_70' title="bbox 118 5249 1667 5327; baseline -0.002 -21"><span class='ocrx_word' id='word_1_496' title='bbox 118 5255 157 5304; x_wconf 77' lang='lat' dir='ltr'><strong>in</strong></span> <span class='ocrx_word' id='word_1_497' title='bbox 191 5256 409 5325; x_wconf 87' lang='lat' dir='ltr'><strong>majoris</strong></span> <span class='ocrx_word' id='word_1_498' title='bbox 453 5256 711 5311; x_wconf 88' lang='lat' dir='ltr'><strong>momenti</strong></span> <span class='ocrx_word' id='word_1_499' title='bbox 741 5256 972 5327; x_wconf 87' lang='lat' dir='ltr'><strong>negotiis</strong></span> <span class='ocrx_word' id='word_1_500' title='bbox 1002 5254 1078 5308; x_wconf 91' lang='lat' dir='ltr'><strong>uti</strong></span> <span class='ocrx_word' id='word_1_501' title='bbox 1112 5254 1346 5319; x_wconf 87' lang='lat' dir='ltr'><strong>volente,</strong></span> <span class='ocrx_word' id='word_1_502' title='bbox 1370 5249 1667 5307; x_wconf 86' lang='lat' dir='ltr'><strong>verosimil-</strong></span> 
     </span>
    </p>
   </div>
   <div class='ocr_carea' id='block_1_71' title="bbox 118 5344 1365 5416">
    <p class='ocr_par' dir='ltr' id='par_1_71' title="bbox 118 5344 1365 5416">
     <span class='ocr_line' id='line_1_71' title="bbox 118 5344 1365 5416; baseline 0.002 -22"><span class='ocrx_word' id='word_1_503' title='bbox 118 5344 220 5399; x_wconf 77' lang='lat' dir='ltr'><strong>little</strong></span> <span class='ocrx_word' id='word_1_504' title='bbox 248 5347 539 5401; x_wconf 89' lang='lat' dir='ltr'><strong>arcessitus</strong></span> <span class='ocrx_word' id='word_1_505' title='bbox 567 5347 749 5409; x_wconf 90' lang='lat' dir='ltr'><strong>fuerit,</strong></span> <span class='ocrx_word' id='word_1_506' title='bbox 781 5357 837 5401; x_wconf 91' lang='lat' dir='ltr'><strong>ut</strong></span> <span class='ocrx_word' id='word_1_507' title='bbox 856 5346 968 5416; x_wconf 84' lang='lat' dir='ltr'><strong>jam</strong></span> <span class='ocrx_word' id='word_1_508' title='bbox 994 5361 1159 5416; x_wconf 87' lang='lat' dir='ltr'><strong>supra</strong></span> <span class='ocrx_word' id='word_1_509' title='bbox 1190 5345 1365 5399; x_wconf 87' lang='lat' dir='ltr'><strong>docui.</strong></span> 
     </span>
    </p>
   </div>
   <div class='ocr_carea' id='block_1_72' title="bbox 175 5435 1669 5493">
    <p class='ocr_par' dir='ltr' id='par_1_72' title="bbox 175 5435 1669 5493">
     <span class='ocr_line' id='line_1_72' title="bbox 175 5435 1669 5493; baseline 0.001 -5"><span class='ocrx_word' id='word_1_510' title='bbox 175 5435 289 5491; x_wconf 77' lang='lat'><strong>595.</strong></span> <span class='ocrx_word' id='word_1_511' title='bbox 320 5437 514 5491; x_wconf 85' lang='lat' dir='ltr'><strong>Verum</strong></span> <span class='ocrx_word' id='word_1_512' title='bbox 542 5454 682 5493; x_wconf 88' lang='lat' dir='ltr'><strong>anne</strong></span> <span class='ocrx_word' id='word_1_513' title='bbox 709 5440 870 5493; x_wconf 90' lang='lat' dir='ltr'><strong>etiam</strong></span> <span class='ocrx_word' id='word_1_514' title='bbox 898 5448 1121 5493; x_wconf 89' lang='lat' dir='ltr'><strong>sanctus</strong></span> <span class='ocrx_word' id='word_1_515' title='bbox 1167 5437 1234 5493; x_wconf 90' lang='lat' dir='ltr'><strong>ad</strong></span> <span class='ocrx_word' id='word_1_516' title='bbox 1258 5435 1669 5491; x_wconf 88' lang='lat' dir='ltr'><strong>celeberrimum</strong></span> 
     </span>
    </p>
   </div>
   <div class='ocr_carea' id='block_1_73' title="bbox 124 5527 1672 5601">
    <p class='ocr_par' dir='ltr' id='par_1_73' title="bbox 124 5527 1672 5601">
     <span class='ocr_line' id='line_1_73' title="bbox 124 5527 1672 5601; baseline 0.002 -24"><span class='ocrx_word' id='word_1_517' title='bbox 124 5528 708 5601; x_wconf 84' lang='lat' dir='ltr'><strong>numerosissinunnque</strong></span> <span class='ocrx_word' id='word_1_518' title='bbox 734 5530 1048 5595; x_wconf 86' lang='lat' dir='ltr'><strong>concilium,</strong></span> <span class='ocrx_word' id='word_1_519' title='bbox 1097 5544 1237 5583; x_wconf 90' lang='lat' dir='ltr'><strong>anno</strong></span> <span class='ocrx_word' id='word_1_520' title='bbox 1268 5527 1427 5591; x_wconf 79' lang='grc'><strong>1095,</strong></span> <span class='ocrx_word' id='word_1_521' title='bbox 1460 5538 1515 5580; x_wconf 90' lang='lat' dir='ltr'><strong>ut</strong></span> <span class='ocrx_word' id='word_1_522' title='bbox 1542 5527 1672 5581; x_wconf 83' lang='lat' dir='ltr'><strong>Ber-</strong></span> 
     </span>
    </p>
   </div>
   <div class='ocr_carea' id='block_1_74' title="bbox 128 5616 1668 5693">
    <p class='ocr_par' dir='ltr' id='par_1_74' title="bbox 128 5616 1668 5693">
     <span class='ocr_line' id='line_1_74' title="bbox 128 5616 1668 5693; baseline 0.001 -24"><span class='ocrx_word' id='word_1_523' title='bbox 128 5616 319 5673; x_wconf 74' lang='lat' dir='ltr'><strong>tholdus</strong></span> <span class='ocrx_word' id='word_1_524' title='bbox 372 5623 641 5693; x_wconf 75' lang='lat' dir='ltr'><strong>presbyter</strong></span> <span class='ocrx_word' id='word_1_525' title='bbox 690 5622 888 5675; x_wconf 88' lang='lat' dir='ltr'><strong>iterum</strong></span> <span class='ocrx_word' id='word_1_526' title='bbox 939 5636 1062 5675; x_wconf 76' lang='lat' dir='ltr'><strong>mox</strong></span> <span class='ocrx_word' id='word_1_527' title='bbox 1116 5620 1366 5675; x_wconf 89' lang='lat' dir='ltr'><strong>laudatus</strong></span> <span class='ocrx_word' id='word_1_528' title='bbox 1419 5626 1668 5685; x_wconf 88' lang='lat' dir='ltr'><strong>testatur,</strong></span> 
     </span>
    </p>
   </div>
   <div class='ocr_carea' id='block_1_75' title="bbox 118 5706 1672 5782">
    <p class='ocr_par' dir='ltr' id='par_1_75' title="bbox 118 5706 1672 5782">
     <span class='ocr_line' id='line_1_75' title="bbox 118 5706 1672 5782; baseline 0.001 -17"><span class='ocrx_word' id='word_1_529' title='bbox 118 5706 228 5766; x_wconf 68' lang='lat' dir='ltr'><strong>loco</strong></span> <span class='ocrx_word' id='word_1_530' title='bbox 250 5728 280 5765; x_wconf 88' lang='lat' dir='ltr'><strong>a</strong></span> <span class='ocrx_word' id='word_1_531' title='bbox 307 5713 547 5768; x_wconf 69' lang='lat' dir='ltr'><strong>Calabria</strong></span> <span class='ocrx_word' id='word_1_532' title='bbox 582 5712 823 5771; x_wconf 75' lang='lat' dir='ltr'><strong>nonnﬁiil</strong></span> <span class='ocrx_word' id='word_1_533' title='bbox 851 5713 1152 5782; x_wconf 86' lang='lat' dir='ltr'><strong>remotiori,</strong></span> <span class='ocrx_word' id='word_1_534' title='bbox 1186 5712 1473 5769; x_wconf 75' lang='lat' dir='ltr'><strong>Placentia:</strong></span> <span class='ocrx_word' id='word_1_535' title='bbox 1513 5711 1672 5767; x_wconf 82' lang='lat' dir='ltr'><strong>nimi-</strong></span> 
     </span>
    </p>
   </div>
   <div class='ocr_carea' id='block_1_76' title="bbox 1764 1859 3353 1928">
    <p class='ocr_par' dir='ltr' id='par_1_76' title="bbox 1764 1859 3353 1928">
     <span class='ocr_line' id='line_1_76' title="bbox 1764 1859 3353 1928; baseline 0.008 -15"><span class='ocrx_word' id='word_1_536' title='bbox 1764 1873 2030 1914; x_wconf 86' lang='lat' dir='ltr'><strong>consensu</strong></span> <span class='ocrx_word' id='word_1_537' title='bbox 2064 1859 2354 1915; x_wconf 76' lang='lat' dir='ltr'><strong>afﬁrmant.</strong></span> <span class='ocrx_word' id='word_1_538' title='bbox 2384 1862 2449 1916; x_wconf 86' lang='lat' dir='ltr'><strong>Et</strong></span> <span class='ocrx_word' id='word_1_539' title='bbox 2474 1878 2622 1928; x_wconf 90' lang='lat' dir='ltr'><strong>vero,</strong></span> <span class='ocrx_word' id='word_1_540' title='bbox 2646 1864 2749 1919; x_wconf 91' lang='lat' dir='ltr'><strong>etsi</strong></span> <span class='ocrx_word' id='word_1_541' title='bbox 2777 1866 2916 1920; x_wconf 90' lang='lat' dir='ltr'><strong>hanc</strong></span> <span class='ocrx_word' id='word_1_542' title='bbox 2956 1874 3143 1921; x_wconf 79' lang='lat' dir='ltr'><strong>coram</strong></span> <span class='ocrx_word' id='word_1_543' title='bbox 3173 1883 3353 1924; x_wconf 80' lang='lat' dir='ltr'><strong>asser-</strong></span> 
     </span>
    </p>
   </div>
   <div class='ocr_carea' id='block_1_77' title="bbox 1768 1947 3349 2025">
    <p class='ocr_par' dir='ltr' id='par_1_77' title="bbox 1768 1947 3349 2025">
     <span class='ocr_line' id='line_1_77' title="bbox 1768 1947 3349 2025; baseline 0.006 -24"><span class='ocrx_word' id='word_1_544' title='bbox 1768 1947 1965 2002; x_wconf 86' lang='lat' dir='ltr'><strong>tionem</strong></span> <span class='ocrx_word' id='word_1_545' title='bbox 1990 1949 2134 2004; x_wconf 89' lang='lat' dir='ltr'><strong>nullo</strong></span> <span class='ocrx_word' id='word_1_546' title='bbox 2153 1950 2461 2005; x_wconf 90' lang='lat' dir='ltr'><strong>testimonio</strong></span> <span class='ocrx_word' id='word_1_547' title='bbox 2488 1953 2623 2007; x_wconf 83' lang='lat' dir='ltr'><strong>satis</strong></span> <span class='ocrx_word' id='word_1_548' title='bbox 2646 1954 2869 2023; x_wconf 89' lang='lat' dir='ltr'><strong>antiquo</strong></span> <span class='ocrx_word' id='word_1_549' title='bbox 2892 1954 3105 2011; x_wconf 84' lang='lat' dir='ltr'><strong>firmare</strong></span> <span class='ocrx_word' id='word_1_550' title='bbox 3133 1971 3349 2025; x_wconf 84' lang='lat' dir='ltr'><strong>queam,</strong></span> 
     </span>
    </p>
   </div>
   <div class='ocr_carea' id='block_1_78' title="bbox 1765 2043 3351 2114">
    <p class='ocr_par' dir='ltr' id='par_1_78' title="bbox 1765 2043 3351 2114">
     <span class='ocr_line' id='line_1_78' title="bbox 1765 2043 3351 2114; baseline 0.006 -21"><span class='ocrx_word' id='word_1_551' title='bbox 1765 2054 1895 2094; x_wconf 87' lang='lat' dir='ltr'><strong>vero</strong></span> <span class='ocrx_word' id='word_1_552' title='bbox 1922 2050 2099 2095; x_wconf 89' lang='lat' dir='ltr'><strong>tamen</strong></span> <span class='ocrx_word' id='word_1_553' title='bbox 2130 2043 2441 2112; x_wconf 90' lang='lat' dir='ltr'><strong>neutiquam</strong></span> <span class='ocrx_word' id='word_1_554' title='bbox 2474 2053 2603 2113; x_wconf 91' lang='lat' dir='ltr'><strong>puto</strong></span> <span class='ocrx_word' id='word_1_555' title='bbox 2634 2045 2965 2114; x_wconf 89' lang='lat' dir='ltr'><strong>absimilem,</strong></span> <span class='ocrx_word' id='word_1_556' title='bbox 2999 2063 3120 2102; x_wconf 91' lang='lat' dir='ltr'><strong>cum</strong></span> <span class='ocrx_word' id='word_1_557' title='bbox 3147 2050 3351 2103; x_wconf 84' lang='lat' dir='ltr'><strong>factum</strong></span> 
     </span>
    </p>
   </div>
   <div class='ocr_carea' id='block_1_79' title="bbox 1766 2130 3357 2207">
    <p class='ocr_par' dir='ltr' id='par_1_79' title="bbox 1766 2130 3357 2207">
     <span class='ocr_line' id='line_1_79' title="bbox 1766 2130 3357 2207; baseline 0.009 -24"><span class='ocrx_word' id='word_1_558' title='bbox 1766 2130 1925 2187; x_wconf 78' lang='lat' dir='ltr'><strong>facile</strong></span> <span class='ocrx_word' id='word_1_559' title='bbox 1959 2147 2080 2187; x_wconf 85' lang='lat' dir='ltr'><strong>esse</strong></span> <span class='ocrx_word' id='word_1_560' title='bbox 2108 2143 2292 2203; x_wconf 91' lang='lat' dir='ltr'><strong>queat,</strong></span> <span class='ocrx_word' id='word_1_561' title='bbox 2316 2142 2374 2188; x_wconf 95' lang='lat' dir='ltr'><strong>ut</strong></span> <span class='ocrx_word' id='word_1_562' title='bbox 2404 2134 2775 2207; x_wconf 82' lang='lat' dir='ltr'><strong>pontifex,qui</strong></span> <span class='ocrx_word' id='word_1_563' title='bbox 2798 2147 3044 2193; x_wconf 88' lang='lat' dir='ltr'><strong>sanctum</strong></span> <span class='ocrx_word' id='word_1_564' title='bbox 3067 2140 3357 2197; x_wconf 77' lang='lat' dir='ltr'><strong>celebratis</strong></span> 
     </span>
    </p>
   </div>
   <div class='ocr_carea' id='block_1_80' title="bbox 1766 2223 3356 2298">
    <p class='ocr_par' dir='ltr' id='par_1_80' title="bbox 1766 2223 3356 2298">
     <span class='ocr_line' id='line_1_80' title="bbox 1766 2223 3356 2298; baseline 0.008 -21"><span class='ocrx_word' id='word_1_565' title='bbox 1766 2223 1946 2295; x_wconf 67' lang='lat' dir='ltr'><strong>Trojze</strong></span> <span class='ocrx_word' id='word_1_566' title='bbox 1977 2235 2031 2280; x_wconf 88' lang='lat' dir='ltr'><strong>et</strong></span> <span class='ocrx_word' id='word_1_567' title='bbox 2056 2225 2349 2283; x_wconf 84' lang='lat' dir='ltr'><strong>Beneventi</strong></span> <span class='ocrx_word' id='word_1_568' title='bbox 2380 2227 2624 2283; x_wconf 89' lang='lat' dir='ltr'><strong>conciliis</strong></span> <span class='ocrx_word' id='word_1_569' title='bbox 2654 2230 2937 2298; x_wconf 86' lang='lat' dir='ltr'><strong>interesse,</strong></span> <span class='ocrx_word' id='word_1_570' title='bbox 2973 2234 3356 2289; x_wconf 87' lang='lat' dir='ltr'><strong>verosimiliter</strong></span> 
     </span>
    </p>
   </div>
   <div class='ocr_carea' id='block_1_81' title="bbox 1765 2316 3354 2394">
    <p class='ocr_par' dir='ltr' id='par_1_81' title="bbox 1765 2316 3354 2394">
     <span class='ocr_line' id='line_1_81' title="bbox 1765 2316 3354 2394; baseline 0.004 -22"><span class='ocrx_word' id='word_1_571' title='bbox 1765 2332 1828 2372; x_wconf 76' lang='lat' dir='ltr'><strong>ex</strong></span> <span class='ocrx_word' id='word_1_572' title='bbox 1847 2316 1962 2386; x_wconf 88' lang='lat' dir='ltr'><strong>jam</strong></span> <span class='ocrx_word' id='word_1_573' title='bbox 1984 2319 2144 2373; x_wconf 85' lang='lat' dir='ltr'><strong>dictis</strong></span> <span class='ocrx_word' id='word_1_574' title='bbox 2167 2319 2431 2387; x_wconf 87' lang='lat' dir='ltr'><strong>voluerat,</strong></span> <span class='ocrx_word' id='word_1_575' title='bbox 2461 2335 2583 2376; x_wconf 90' lang='lat' dir='ltr'><strong>eum</strong></span> <span class='ocrx_word' id='word_1_576' title='bbox 2613 2336 2827 2391; x_wconf 86' lang='lat' dir='ltr'><strong>quoque</strong></span> <span class='ocrx_word' id='word_1_577' title='bbox 2856 2325 2923 2377; x_wconf 89' lang='lat' dir='ltr'><strong>ad</strong></span> <span class='ocrx_word' id='word_1_578' title='bbox 2954 2322 3354 2394; x_wconf 84' lang='lat' dir='ltr'><strong>Placentinum,</strong></span> 
     </span>
    </p>
   </div>
   <div class='ocr_carea' id='block_1_82' title="bbox 1767 2410 3354 2485">
    <p class='ocr_par' dir='ltr' id='par_1_82' title="bbox 1767 2410 3354 2485">
     <span class='ocr_line' id='line_1_82' title="bbox 1767 2410 3354 2485; baseline 0.003 -20"><span class='ocrx_word' id='word_1_579' title='bbox 1767 2410 1819 2465; x_wconf 90' lang='lat' dir='ltr'><strong>in</strong></span> <span class='ocrx_word' id='word_1_580' title='bbox 1861 2426 1969 2481; x_wconf 89' lang='lat' dir='ltr'><strong>quo</strong></span> <span class='ocrx_word' id='word_1_581' title='bbox 1999 2413 2308 2482; x_wconf 81' lang='lat' dir='ltr'><strong>gravissimi</strong></span> <span class='ocrx_word' id='word_1_582' title='bbox 2340 2414 2594 2483; x_wconf 87' lang='lat' dir='ltr'><strong>ponderis</strong></span> <span class='ocrx_word' id='word_1_583' title='bbox 2619 2415 2831 2485; x_wconf 86' lang='lat' dir='ltr'><strong>negotia</strong></span> <span class='ocrx_word' id='word_1_584' title='bbox 2866 2418 3145 2471; x_wconf 89' lang='lat' dir='ltr'><strong>tractanda</strong></span> <span class='ocrx_word' id='word_1_585' title='bbox 3176 2427 3354 2484; x_wconf 83' lang='lat' dir='ltr'><strong>erant,</strong></span> 
     </span>
    </p>
   </div>
   <div class='ocr_carea' id='block_1_83' title="bbox 1764 2503 3355 2575">
    <p class='ocr_par' dir='ltr' id='par_1_83' title="bbox 1764 2503 3355 2575">
     <span class='ocr_line' id='line_1_83' title="bbox 1764 2503 3355 2575; baseline 0.003 -18"><span class='ocrx_word' id='word_1_586' title='bbox 1764 2517 1795 2557; x_wconf 89' lang='lat' dir='ltr'><strong>e</strong></span> <span class='ocrx_word' id='word_1_587' title='bbox 1826 2503 2114 2559; x_wconf 84' lang='lat' dir='ltr'><strong>Calabrina</strong></span> <span class='ocrx_word' id='word_1_588' title='bbox 2152 2504 2440 2559; x_wconf 83' lang='lat' dir='ltr'><strong>solitudine</strong></span> <span class='ocrx_word' id='word_1_589' title='bbox 2466 2506 2796 2560; x_wconf 88' lang='lat' dir='ltr'><strong>arcessierit.</strong></span> <span class='ocrx_word' id='word_1_590' title='bbox 2834 2525 2851 2557; x_wconf 76' lang='grc' dir='ltr'>ι</span> <span class='ocrx_word' id='word_1_591' title='bbox 2889 2506 3137 2562; x_wconf 86' lang='lat' dir='ltr'><strong>Pontilici</strong></span> <span class='ocrx_word' id='word_1_592' title='bbox 3163 2550 3177 2575; x_wconf 95' lang='lat'><strong>,</strong></span> <span class='ocrx_word' id='word_1_593' title='bbox 3216 2528 3233 2561; x_wconf 73' lang='grc' dir='ltr'><strong><em>ι</em></strong></span> <span class='ocrx_word' id='word_1_594' title='bbox 3268 2508 3355 2562; x_wconf 92' lang='lat' dir='ltr'><strong>in-</strong></span> 
     </span>
    </p>
   </div>
   <div class='ocr_carea' id='block_1_84' title="bbox 1765 2596 3357 2670">
    <p class='ocr_par' dir='ltr' id='par_1_84' title="bbox 1765 2596 3357 2670">
     <span class='ocr_line' id='line_1_84' title="bbox 1765 2596 3357 2670; baseline 0.005 -23"><span class='ocrx_word' id='word_1_595' title='bbox 1765 2596 1898 2665; x_wconf 89' lang='lat' dir='ltr'><strong>quit,</strong></span> <span class='ocrx_word' id='word_1_596' title='bbox 1933 2597 1988 2650; x_wconf 91' lang='lat' dir='ltr'><strong>in</strong></span> <span class='ocrx_word' id='word_1_597' title='bbox 2034 2597 2147 2666; x_wconf 90' lang='lat' dir='ltr'><strong>jam</strong></span> <span class='ocrx_word' id='word_1_598' title='bbox 2184 2598 2382 2668; x_wconf 85' lang='lat' dir='ltr'><strong>saepius</strong></span> <span class='ocrx_word' id='word_1_599' title='bbox 2433 2597 2650 2652; x_wconf 89' lang='lat' dir='ltr'><strong>laudata</strong></span> <span class='ocrx_word' id='word_1_600' title='bbox 2700 2596 2908 2654; x_wconf 88' lang='lat' dir='ltr'><strong>Urbani</strong></span> <span class='ocrx_word' id='word_1_601' title='bbox 2950 2615 3101 2670; x_wconf 67' lang='lat' dir='ltr'><strong>papae</strong></span> <span class='ocrx_word' id='word_1_602' title='bbox 3143 2601 3184 2654; x_wconf 94' lang='lat' dir='ltr'><strong>ll</strong></span> <span class='ocrx_word' id='word_1_603' title='bbox 3232 2600 3357 2656; x_wconf 82' lang='lat' dir='ltr'><strong>Vita</strong></span> 
     </span>
    </p>
   </div>
   <div class='ocr_carea' id='block_1_85' title="bbox 1766 2678 3359 2762">
    <p class='ocr_par' dir='ltr' id='par_1_85' title="bbox 1766 2678 3359 2762">
     <span class='ocr_line' id='line_1_85' title="bbox 1766 2678 3359 2762; baseline 0.004 -23"><span class='ocrx_word' id='word_1_604' title='bbox 1766 2701 1917 2739; x_wconf 90' lang='lat' dir='ltr'><strong>num.</strong></span> <span class='ocrx_word' id='word_1_605' title='bbox 1952 2686 2049 2741; x_wconf 84' lang='grc'><strong>171</strong></span> <span class='ocrx_word' id='word_1_606' title='bbox 2094 2687 2432 2754; x_wconf 83' lang='lat' dir='ltr'><strong>Ruinartius,</strong></span> <span class='ocrx_word' id='word_1_607' title='bbox 2464 2678 2482 2740; x_wconf 63' lang='grc' dir='ltr'><strong>ἰ</strong></span> <span class='ocrx_word' id='word_1_608' title='bbox 2520 2688 2575 2741; x_wconf 90' lang='lat' dir='ltr'><strong>in</strong></span> <span class='ocrx_word' id='word_1_609' title='bbox 2605 2688 2791 2743; x_wconf 87' lang='lat' dir='ltr'><strong>eadem</strong></span> <span class='ocrx_word' id='word_1_610' title='bbox 2821 2692 3027 2760; x_wconf 86' lang='lat' dir='ltr'><strong>synodo</strong></span> <span class='ocrx_word' id='word_1_611' title='bbox 3059 2709 3078 2743; x_wconf 74' lang='grc' dir='ltr'><strong><em>ι</em></strong></span> <span class='ocrx_word' id='word_1_612' title='bbox 3110 2688 3359 2762; x_wconf 81' lang='lat' dir='ltr'><strong>(Placen-</strong></span> 
     </span>
    </p>
   </div>
   <div class='ocr_carea' id='block_1_86' title="bbox 1769 2778 3355 2848">
    <p class='ocr_par' dir='ltr' id='par_1_86' title="bbox 1769 2778 3355 2848">
     <span class='ocr_line' id='line_1_86' title="bbox 1769 2778 3355 2848; baseline 0.003 -17"><span class='ocrx_word' id='word_1_613' title='bbox 1769 2778 1879 2831; x_wconf 88' lang='lat' dir='ltr'><strong>tina</strong></span> <span class='ocrx_word' id='word_1_614' title='bbox 1934 2778 2161 2848; x_wconf 86' lang='lat' dir='ltr'><strong>scilicet)</strong></span> <span class='ocrx_word' id='word_1_615' title='bbox 2191 2798 2209 2830; x_wconf 74' lang='grc' dir='ltr'>ι</span> <span class='ocrx_word' id='word_1_616' title='bbox 2253 2779 2620 2835; x_wconf 86' lang='lat' dir='ltr'><strong>cunsiliaritnn</strong></span> <span class='ocrx_word' id='word_1_617' title='bbox 2658 2778 2899 2836; x_wconf 76' lang='lat' dir='ltr'><strong>adfuisse</strong></span> <span class='ocrx_word' id='word_1_618' title='bbox 2939 2790 3183 2836; x_wconf 88' lang='lat' dir='ltr'><strong>sanctum</strong></span> <span class='ocrx_word' id='word_1_619' title='bbox 3216 2779 3355 2835; x_wconf 78' lang='lat' dir='ltr'><strong>Bru-</strong></span> 
     </span>
    </p>
   </div>
   <div class='ocr_carea' id='block_1_87' title="bbox 1765 2869 3352 2938">
    <p class='ocr_par' dir='ltr' id='par_1_87' title="bbox 1765 2869 3352 2938">
     <span class='ocr_line' id='line_1_87' title="bbox 1765 2869 3352 2938; baseline 0.004 -17"><span class='ocrx_word' id='word_1_620' title='bbox 1765 2882 2002 2933; x_wconf 91' lang='lat' dir='ltr'><strong>nonem,</strong></span> <span class='ocrx_word' id='word_1_621' title='bbox 2053 2878 2332 2938; x_wconf 87' lang='lat' dir='ltr'><strong>parentem</strong></span> <span class='ocrx_word' id='word_1_622' title='bbox 2371 2869 2890 2938; x_wconf 79' lang='lat' dir='ltr'><strong>Cartbusianorutn,</strong></span> <span class='ocrx_word' id='word_1_623' title='bbox 2942 2884 3130 2926; x_wconf 88' lang='lat' dir='ltr'><strong>omnes</strong></span> <span class='ocrx_word' id='word_1_624' title='bbox 3181 2870 3352 2928; x_wconf 87' lang='lat' dir='ltr'><strong>ferme</strong></span> 
     </span>
    </p>
   </div>
   <div class='ocr_carea' id='block_1_88' title="bbox 1764 2958 3357 3029">
    <p class='ocr_par' dir='ltr' id='par_1_88' title="bbox 1764 2958 3357 3029">
     <span class='ocr_line' id='line_1_88' title="bbox 1764 2958 3357 3029; baseline 0.004 -17"><span class='ocrx_word' id='word_1_625' title='bbox 1764 2958 1963 3029; x_wconf 84' lang='lat' dir='ltr'><strong>vulgati</strong></span> <span class='ocrx_word' id='word_1_626' title='bbox 2009 2969 2258 3014; x_wconf 87' lang='lat' dir='ltr'><strong>auctores</strong></span> <span class='ocrx_word' id='word_1_627' title='bbox 2311 2961 2668 3027; x_wconf 77' lang='lat' dir='ltr'><strong>tradiderunt,</strong></span> <span class='ocrx_word' id='word_1_628' title='bbox 2698 2975 2797 3016; x_wconf 92' lang='lat' dir='ltr'><strong>nec</strong></span> <span class='ocrx_word' id='word_1_629' title='bbox 2848 2962 3059 3017; x_wconf 89' lang='lat' dir='ltr'><strong>animus</strong></span> <span class='ocrx_word' id='word_1_630' title='bbox 3087 2970 3171 3017; x_wconf 91' lang='lat' dir='ltr'><strong>est</strong></span> <span class='ocrx_word' id='word_1_631' title='bbox 3215 2962 3357 3019; x_wconf 88' lang='lat' dir='ltr'><strong>hanc</strong></span> 
     </span>
    </p>
   </div>
   <div class='ocr_carea' id='block_1_89' title="bbox 1768 3046 3354 3122">
    <p class='ocr_par' dir='ltr' id='par_1_89' title="bbox 1768 3046 3354 3122">
     <span class='ocr_line' id='line_1_89' title="bbox 1768 3046 3354 3122; baseline 0 -17"><span class='ocrx_word' id='word_1_632' title='bbox 1768 3046 2074 3121; x_wconf 81' lang='lat' dir='ltr'><strong>Opinionem</strong></span> <span class='ocrx_word' id='word_1_633' title='bbox 2093 3050 2472 3122; x_wconf 84' lang='lat' dir='ltr'><strong>impugnandi:</strong></span> <span class='ocrx_word' id='word_1_634' title='bbox 2502 3060 2557 3105; x_wconf 87' lang='lat' dir='ltr'><strong>at</strong></span> <span class='ocrx_word' id='word_1_635' title='bbox 2576 3051 2679 3105; x_wconf 87' lang='lat' dir='ltr'><strong>illis</strong></span> <span class='ocrx_word' id='word_1_636' title='bbox 2702 3052 2955 3106; x_wconf 84' lang='lat' dir='ltr'><strong>assentiri</strong></span> <span class='ocrx_word' id='word_1_637' title='bbox 2979 3067 3085 3106; x_wconf 87' lang='lat' dir='ltr'><strong>non</strong></span> <span class='ocrx_word' id='word_1_638' title='bbox 3110 3067 3354 3121; x_wconf 90' lang='lat' dir='ltr'><strong>possum,</strong></span> 
     </span>
    </p>
   </div>
   <div class='ocr_carea' id='block_1_90' title="bbox 1771 3139 3354 3211">
    <p class='ocr_par' dir='ltr' id='par_1_90' title="bbox 1771 3139 3354 3211">
     <span class='ocr_line' id='line_1_90' title="bbox 1771 3139 3354 3211; baseline 0.002 -19"><span class='ocrx_word' id='word_1_639' title='bbox 1771 3140 1862 3209; x_wconf 90' lang='lat' dir='ltr'><strong>qui</strong></span> <span class='ocrx_word' id='word_1_640' title='bbox 1893 3148 2164 3206; x_wconf 89' lang='lat' dir='ltr'><strong>asserunt,</strong></span> <span class='ocrx_word' id='word_1_641' title='bbox 2199 3141 2323 3195; x_wconf 87' lang='lat' dir='ltr'><strong>huic</strong></span> <span class='ocrx_word' id='word_1_642' title='bbox 2369 3148 2557 3195; x_wconf 88' lang='lat' dir='ltr'><strong>sancto</strong></span> <span class='ocrx_word' id='word_1_643' title='bbox 2587 3139 2712 3195; x_wconf 91' lang='lat' dir='ltr'><strong>Viro</strong></span> <span class='ocrx_word' id='word_1_644' title='bbox 2739 3150 2868 3195; x_wconf 91' lang='lat' dir='ltr'><strong>tunc</strong></span> <span class='ocrx_word' id='word_1_645' title='bbox 2911 3141 3168 3211; x_wconf 91' lang='lat' dir='ltr'><strong>temporis</strong></span> <span class='ocrx_word' id='word_1_646' title='bbox 3200 3140 3354 3196; x_wconf 86' lang='lat' dir='ltr'><strong>obla-</strong></span> 
     </span>
    </p>
   </div>
   <div class='ocr_carea' id='block_1_91' title="bbox 1768 3230 3353 3305">
    <p class='ocr_par' dir='ltr' id='par_1_91' title="bbox 1768 3230 3353 3305">
     <span class='ocr_line' id='line_1_91' title="bbox 1768 3230 3353 3305; baseline 0.003 -21"><span class='ocrx_word' id='word_1_647' title='bbox 1768 3243 1879 3286; x_wconf 89' lang='lat' dir='ltr'><strong>tum</strong></span> <span class='ocrx_word' id='word_1_648' title='bbox 1906 3232 2072 3286; x_wconf 88' lang='lat' dir='ltr'><strong>fuisse</strong></span> <span class='ocrx_word' id='word_1_649' title='bbox 2094 3250 2122 3285; x_wconf 90' lang='lat' dir='ltr'><strong>a</strong></span> <span class='ocrx_word' id='word_1_650' title='bbox 2155 3230 2410 3301; x_wconf 85' lang='lat' dir='ltr'><strong>pontifice</strong></span> <span class='ocrx_word' id='word_1_651' title='bbox 2436 3232 2963 3303; x_wconf 85' lang='lat' dir='ltr'><strong>archiepiscopatum</strong></span> <span class='ocrx_word' id='word_1_652' title='bbox 2992 3232 3353 3305; x_wconf 83' lang='lat' dir='ltr'><strong>Rhegiensem</strong></span> 
     </span>
    </p>
   </div>
   <div class='ocr_carea' id='block_1_92' title="bbox 1770 3323 3352 3397">
    <p class='ocr_par' dir='ltr' id='par_1_92' title="bbox 1770 3323 3352 3397">
     <span class='ocr_line' id='line_1_92' title="bbox 1770 3323 3352 3397; baseline 0.004 -20"><span class='ocrx_word' id='word_1_653' title='bbox 1770 3323 1821 3378; x_wconf 94' lang='lat' dir='ltr'><strong>in</strong></span> <span class='ocrx_word' id='word_1_654' title='bbox 1858 3323 2131 3378; x_wconf 79' lang='lat' dir='ltr'><strong>Calabria.</strong></span> <span class='ocrx_word' id='word_1_655' title='bbox 2168 3344 2186 3375; x_wconf 77' lang='grc' dir='ltr'><strong><em>ι</em></strong></span> <span class='ocrx_word' id='word_1_656' title='bbox 2234 3323 2310 3377; x_wconf 90' lang='lat' dir='ltr'><strong>Ita</strong></span> <span class='ocrx_word' id='word_1_657' title='bbox 2346 3324 2463 3388; x_wconf 88' lang='lat' dir='ltr'><strong>ille,</strong></span> <span class='ocrx_word' id='word_1_658' title='bbox 2513 3340 2616 3379; x_wconf 93' lang='lat' dir='ltr'><strong>non</strong></span> <span class='ocrx_word' id='word_1_659' title='bbox 2668 3325 2893 3380; x_wconf 86' lang='lat' dir='ltr'><strong>multum</strong></span> <span class='ocrx_word' id='word_1_660' title='bbox 2921 3368 2935 3391; x_wconf 92' lang='lat'><strong>,</strong></span> <span class='ocrx_word' id='word_1_661' title='bbox 2984 3336 3044 3381; x_wconf 90' lang='lat' dir='ltr'><strong>ut</strong></span> <span class='ocrx_word' id='word_1_662' title='bbox 3090 3335 3352 3397; x_wconf 80' lang='lat' dir='ltr'><strong>apparet,</strong></span> 
     </span>
    </p>
   </div>
   <div class='ocr_carea' id='block_1_93' title="bbox 1768 3415 3354 3485">
    <p class='ocr_par' dir='ltr' id='par_1_93' title="bbox 1768 3415 3354 3485">
     <span class='ocr_line' id='line_1_93' title="bbox 1768 3415 3354 3485; baseline 0.004 -17"><span class='ocrx_word' id='word_1_663' title='bbox 1768 3415 2030 3470; x_wconf 90' lang='lat' dir='ltr'><strong>abludens</strong></span> <span class='ocrx_word' id='word_1_664' title='bbox 2052 3417 2117 3471; x_wconf 91' lang='lat' dir='ltr'><strong>ab</strong></span> <span class='ocrx_word' id='word_1_665' title='bbox 2146 3416 2421 3485; x_wconf 89' lang='lat' dir='ltr'><strong>opinione,</strong></span> <span class='ocrx_word' id='word_1_666' title='bbox 2455 3431 2559 3485; x_wconf 90' lang='lat' dir='ltr'><strong>qua</strong></span> <span class='ocrx_word' id='word_1_667' title='bbox 2589 3425 2835 3471; x_wconf 85' lang='lat' dir='ltr'><strong>sanctum</strong></span> <span class='ocrx_word' id='word_1_668' title='bbox 2862 3417 3175 3473; x_wconf 88' lang='lat' dir='ltr'><strong>Placentino</strong></span> <span class='ocrx_word' id='word_1_669' title='bbox 3217 3433 3354 3475; x_wconf 89' lang='lat' dir='ltr'><strong>con-</strong></span> 
     </span>
    </p>
   </div>
   <div class='ocr_carea' id='block_1_94' title="bbox 1768 3507 3357 3575">
    <p class='ocr_par' dir='ltr' id='par_1_94' title="bbox 1768 3507 3357 3575">
     <span class='ocr_line' id='line_1_94' title="bbox 1768 3507 3357 3575; baseline 0.003 -13"><span class='ocrx_word' id='word_1_670' title='bbox 1768 3507 1891 3563; x_wconf 93' lang='lat' dir='ltr'><strong>cilio</strong></span> <span class='ocrx_word' id='word_1_671' title='bbox 1923 3508 2306 3563; x_wconf 85' lang='lat' dir='ltr'><strong>verosimiliter</strong></span> <span class='ocrx_word' id='word_1_672' title='bbox 2341 3507 2649 3562; x_wconf 86' lang='lat' dir='ltr'><strong>interfuisse</strong></span> <span class='ocrx_word' id='word_1_673' title='bbox 2674 3549 2688 3574; x_wconf 89' lang='lat'><strong>,</strong></span> <span class='ocrx_word' id='word_1_674' title='bbox 2741 3522 2842 3562; x_wconf 91' lang='lat' dir='ltr'><strong>nec</strong></span> <span class='ocrx_word' id='word_1_675' title='bbox 2891 3519 3111 3575; x_wconf 89' lang='lat' dir='ltr'><strong>tamen,</strong></span> <span class='ocrx_word' id='word_1_676' title='bbox 3158 3508 3211 3563; x_wconf 92' lang='lat' dir='ltr'><strong>in</strong></span> <span class='ocrx_word' id='word_1_677' title='bbox 3248 3510 3357 3566; x_wconf 76' lang='lat' dir='ltr'><strong>hoc</strong></span> 
     </span>
    </p>
   </div>
   <div class='ocr_carea' id='block_1_95' title="bbox 1770 3599 3353 3671">
    <p class='ocr_par' dir='ltr' id='par_1_95' title="bbox 1770 3599 3353 3671">
     <span class='ocr_line' id='line_1_95' title="bbox 1770 3599 3353 3671; baseline 0.002 -17"><span class='ocrx_word' id='word_1_678' title='bbox 1770 3600 1844 3654; x_wconf 91' lang='lat' dir='ltr'><strong>illi</strong></span> <span class='ocrx_word' id='word_1_679' title='bbox 1889 3600 2416 3671; x_wconf 67' lang='lat' dir='ltr'><strong>archicpiscoliatum</strong></span> <span class='ocrx_word' id='word_1_680' title='bbox 2463 3599 2825 3671; x_wconf 80' lang='lat' dir='ltr'><strong>Rhegiensem</strong></span> <span class='ocrx_word' id='word_1_681' title='bbox 2866 3599 3036 3656; x_wconf 89' lang='lat' dir='ltr'><strong>fuisse</strong></span> <span class='ocrx_word' id='word_1_682' title='bbox 3073 3600 3353 3671; x_wconf 82' lang='lat' dir='ltr'><strong>oblatum,</strong></span> 
     </span>
    </p>
   </div>
   <div class='ocr_carea' id='block_1_96' title="bbox 1768 3690 2044 3747">
    <p class='ocr_par' dir='ltr' id='par_1_96' title="bbox 1768 3690 2044 3747">
     <span class='ocr_line' id='line_1_96' title="bbox 1768 3690 2044 3747; baseline -0.004 -1"><span class='ocrx_word' id='word_1_683' title='bbox 1768 3690 2044 3747; x_wconf 86' lang='lat' dir='ltr'><strong>existimo.</strong></span> 
     </span>
    </p>
   </div>
   <div class='ocr_carea' id='block_1_97' title="bbox 1839 3784 3361 3855">
    <p class='ocr_par' dir='ltr' id='par_1_97' title="bbox 1839 3784 3361 3855">
     <span class='ocr_line' id='line_1_97' title="bbox 1839 3784 3361 3855; baseline 0.005 -17"><span class='ocrx_word' id='word_1_684' title='bbox 1839 3784 1963 3839; x_wconf 85' lang='lat'><strong>596.</strong></span> <span class='ocrx_word' id='word_1_685' title='bbox 1998 3785 2064 3839; x_wconf 85' lang='lat' dir='ltr'><strong>At</strong></span> <span class='ocrx_word' id='word_1_686' title='bbox 2099 3798 2230 3838; x_wconf 90' lang='lat' dir='ltr'><strong>vero</strong></span> <span class='ocrx_word' id='word_1_687' title='bbox 2282 3794 2408 3838; x_wconf 90' lang='lat' dir='ltr'><strong>sunt</strong></span> <span class='ocrx_word' id='word_1_688' title='bbox 2438 3784 2626 3851; x_wconf 89' lang='lat' dir='ltr'><strong>etiam,</strong></span> <span class='ocrx_word' id='word_1_689' title='bbox 2658 3784 2751 3855; x_wconf 88' lang='lat' dir='ltr'><strong>qui</strong></span> <span class='ocrx_word' id='word_1_690' title='bbox 2793 3785 3097 3842; x_wconf 85' lang='lat' dir='ltr'><strong>Brunoncm</strong></span> <span class='ocrx_word' id='word_1_691' title='bbox 3128 3787 3361 3845; x_wconf 62' lang='lat' dir='ltr'><strong>concilim</strong></span> 
     </span>
    </p>
   </div>
   <div class='ocr_carea' id='block_1_98' title="bbox 1770 3873 3360 3942">
    <p class='ocr_par' dir='ltr' id='par_1_98' title="bbox 1770 3873 3360 3942">
     <span class='ocr_line' id='line_1_98' title="bbox 1770 3873 3360 3942; baseline 0.004 -14"><span class='ocrx_word' id='word_1_692' title='bbox 1770 3874 1857 3929; x_wconf 88' lang='lat' dir='ltr'><strong>isti</strong></span> <span class='ocrx_word' id='word_1_693' title='bbox 1904 3890 2007 3930; x_wconf 89' lang='lat' dir='ltr'><strong>non</strong></span> <span class='ocrx_word' id='word_1_694' title='bbox 2059 3884 2263 3931; x_wconf 88' lang='lat' dir='ltr'><strong>tantum</strong></span> <span class='ocrx_word' id='word_1_695' title='bbox 2293 3873 2629 3942; x_wconf 83' lang='lat' dir='ltr'><strong>interfuisse,</strong></span> <span class='ocrx_word' id='word_1_696' title='bbox 2662 3893 2845 3932; x_wconf 90' lang='lat' dir='ltr'><strong>verum</strong></span> <span class='ocrx_word' id='word_1_697' title='bbox 2873 3879 3037 3933; x_wconf 89' lang='lat' dir='ltr'><strong>etiam</strong></span> <span class='ocrx_word' id='word_1_698' title='bbox 3086 3895 3116 3935; x_wconf 88' lang='lat' dir='ltr'><strong>e</strong></span> <span class='ocrx_word' id='word_1_699' title='bbox 3156 3879 3360 3935; x_wconf 67' lang='lat' dir='ltr'><strong>Prmfa-</strong></span> 
     </span>
    </p>
   </div>
   <div class='ocr_carea' id='block_1_99' title="bbox 1771 3966 3360 4043">
    <p class='ocr_par' dir='ltr' id='par_1_99' title="bbox 1771 3966 3360 4043">
     <span class='ocr_line' id='line_1_99' title="bbox 1771 3966 3360 4043; baseline 0.007 -24"><span class='ocrx_word' id='word_1_700' title='bbox 1771 3966 2027 4033; x_wconf 88' lang='lat' dir='ltr'><strong>tionibus,</strong></span> <span class='ocrx_word' id='word_1_701' title='bbox 2070 3968 2124 4023; x_wconf 93' lang='lat' dir='ltr'><strong>in</strong></span> <span class='ocrx_word' id='word_1_702' title='bbox 2153 3967 2315 4023; x_wconf 86' lang='lat' dir='ltr'><strong>Missa</strong></span> <span class='ocrx_word' id='word_1_703' title='bbox 2344 3968 2561 4023; x_wconf 90' lang='lat' dir='ltr'><strong>recitari</strong></span> <span class='ocrx_word' id='word_1_704' title='bbox 2607 3968 2802 4033; x_wconf 87' lang='lat' dir='ltr'><strong>solitis,</strong></span> <span class='ocrx_word' id='word_1_705' title='bbox 2831 3971 3096 4027; x_wconf 85' lang='lat' dir='ltr'><strong>decimam</strong></span> <span class='ocrx_word' id='word_1_706' title='bbox 3123 3988 3243 4043; x_wconf 66' lang='lat' dir='ltr'><strong>qua;</strong></span> <span class='ocrx_word' id='word_1_707' title='bbox 3272 3980 3360 4030; x_wconf 64' lang='lat' dir='ltr'><strong>ess</strong></span> 
     </span>
    </p>
   </div>
   <div class='ocr_carea' id='block_1_100' title="bbox 1771 4059 3357 4141">
    <p class='ocr_par' dir='ltr' id='par_1_100' title="bbox 1771 4059 3357 4141">
     <span class='ocr_line' id='line_1_100' title="bbox 1771 4059 3357 4141; baseline 0.004 -27"><span class='ocrx_word' id='word_1_708' title='bbox 1771 4059 1835 4114; x_wconf 91' lang='lat' dir='ltr'><strong>de</strong></span> <span class='ocrx_word' id='word_1_709' title='bbox 1864 4059 2023 4115; x_wconf 89' lang='lat' dir='ltr'><strong>beata</strong></span> <span class='ocrx_word' id='word_1_710' title='bbox 2065 4060 2264 4128; x_wconf 82' lang='lat' dir='ltr'><strong>Maria,</strong></span> <span class='ocrx_word' id='word_1_711' title='bbox 2298 4075 2525 4131; x_wconf 67' lang='lat' dir='ltr'><strong>qumque</strong></span> <span class='ocrx_word' id='word_1_712' title='bbox 2556 4060 2609 4115; x_wconf 92' lang='lat' dir='ltr'><strong>in</strong></span> <span class='ocrx_word' id='word_1_713' title='bbox 2638 4062 2864 4118; x_wconf 91' lang='lat' dir='ltr'><strong>concilio</strong></span> <span class='ocrx_word' id='word_1_714' title='bbox 2889 4064 2991 4119; x_wconf 89' lang='lat' dir='ltr'><strong>isto</strong></span> <span class='ocrx_word' id='word_1_715' title='bbox 3021 4065 3357 4141; x_wconf 82' lang='lat' dir='ltr'><strong>promulgata</strong></span> 
     </span>
    </p>
   </div>
   <div class='ocr_carea' id='block_1_101' title="bbox 1770 4148 3356 4227">
    <p class='ocr_par' dir='ltr' id='par_1_101' title="bbox 1770 4148 3356 4227">
     <span class='ocr_line' id='line_1_101' title="bbox 1770 4148 3356 4227; baseline 0.006 -26"><span class='ocrx_word' id='word_1_716' title='bbox 1770 4148 1953 4218; x_wconf 88' lang='lat' dir='ltr'><strong>fuerit,</strong></span> <span class='ocrx_word' id='word_1_717' title='bbox 1986 4153 2340 4208; x_wconf 87' lang='lat' dir='ltr'><strong>concinnasse</strong></span> <span class='ocrx_word' id='word_1_718' title='bbox 2372 4151 2726 4208; x_wconf 90' lang='lat' dir='ltr'><strong>contendunt.</strong></span> <span class='ocrx_word' id='word_1_719' title='bbox 2744 4155 2821 4210; x_wconf 83' lang='lat' dir='ltr'><strong>Ac</strong></span> <span class='ocrx_word' id='word_1_720' title='bbox 2848 4156 2899 4211; x_wconf 91' lang='lat' dir='ltr'><strong>in</strong></span> <span class='ocrx_word' id='word_1_721' title='bbox 2923 4158 3113 4226; x_wconf 90' lang='lat' dir='ltr'><strong>primis</strong></span> <span class='ocrx_word' id='word_1_722' title='bbox 3137 4157 3356 4227; x_wconf 88' lang='lat' dir='ltr'><strong>quidem</strong></span> 
     </span>
    </p>
   </div>
   <div class='ocr_carea' id='block_1_102' title="bbox 1771 4241 3355 4314">
    <p class='ocr_par' dir='ltr' id='par_1_102' title="bbox 1771 4241 3355 4314">
     <span class='ocr_line' id='line_1_102' title="bbox 1771 4241 3355 4314; baseline 0.004 -18"><span class='ocrx_word' id='word_1_723' title='bbox 1771 4241 1845 4296; x_wconf 90' lang='lat' dir='ltr'><strong>ita</strong></span> <span class='ocrx_word' id='word_1_724' title='bbox 1885 4244 2140 4314; x_wconf 91' lang='lat' dir='ltr'><strong>opinatur</strong></span> <span class='ocrx_word' id='word_1_725' title='bbox 2168 4246 2452 4309; x_wconf 90' lang='lat' dir='ltr'><strong>Surianus,</strong></span> <span class='ocrx_word' id='word_1_726' title='bbox 2487 4247 2539 4300; x_wconf 93' lang='lat' dir='ltr'><strong>in</strong></span> <span class='ocrx_word' id='word_1_727' title='bbox 2571 4246 2683 4301; x_wconf 89' lang='lat' dir='ltr'><strong>suis</strong></span> <span class='ocrx_word' id='word_1_728' title='bbox 2705 4248 2774 4302; x_wconf 89' lang='lat' dir='ltr'><strong>ad</strong></span> <span class='ocrx_word' id='word_1_729' title='bbox 2798 4258 3106 4304; x_wconf 84' lang='lat' dir='ltr'><strong>contextam</strong></span> <span class='ocrx_word' id='word_1_730' title='bbox 3133 4264 3162 4302; x_wconf 89' lang='lat' dir='ltr'><strong>a</strong></span> <span class='ocrx_word' id='word_1_731' title='bbox 3192 4249 3355 4303; x_wconf 89' lang='lat' dir='ltr'><strong>Surio</strong></span> 
     </span>
    </p>
   </div>
   <div class='ocr_carea' id='block_1_103' title="bbox 1774 4333 3349 4411">
    <p class='ocr_par' dir='ltr' id='par_1_103' title="bbox 1774 4333 3349 4411">
     <span class='ocr_line' id='line_1_103' title="bbox 1774 4333 3349 4411; baseline 0.001 -21"><span class='ocrx_word' id='word_1_732' title='bbox 1774 4333 1830 4390; x_wconf 89' lang='lat' dir='ltr'><strong>S.</strong></span> <span class='ocrx_word' id='word_1_733' title='bbox 1859 4335 2129 4393; x_wconf 83' lang='lat' dir='ltr'><strong>Brunonis</strong></span> <span class='ocrx_word' id='word_1_734' title='bbox 2156 4338 2330 4394; x_wconf 83' lang='lat' dir='ltr'><strong>Vitam</strong></span> <span class='ocrx_word' id='word_1_735' title='bbox 2358 4340 2809 4395; x_wconf 91' lang='lat' dir='ltr'><strong>Aduotationibus</strong></span> <span class='ocrx_word' id='word_1_736' title='bbox 2842 4356 2965 4411; x_wconf 84' lang='lat' dir='ltr'><strong>pag.</strong></span> <span class='ocrx_word' id='word_1_737' title='bbox 2998 4339 3099 4395; x_wconf 75' lang='grc'><strong>192</strong></span> <span class='ocrx_word' id='word_1_738' title='bbox 3122 4349 3177 4395; x_wconf 91' lang='lat' dir='ltr'><strong>et</strong></span> <span class='ocrx_word' id='word_1_739' title='bbox 3208 4355 3349 4408; x_wconf 90' lang='lat' dir='ltr'><strong>seq.,</strong></span> 
     </span>
    </p>
   </div>
   <div class='ocr_carea' id='block_1_104' title="bbox 1702 4425 3350 4512">
    <p class='ocr_par' dir='ltr' id='par_1_104' title="bbox 1702 4425 3350 4512">
     <span class='ocr_line' id='line_1_104' title="bbox 1702 4425 3350 4512; baseline 0.004 -35"><span class='ocrx_word' id='word_1_740' title='bbox 1702 4458 1746 4512; x_wconf 70' lang='grc' dir='ltr'><strong>Β</strong></span> <span class='ocrx_word' id='word_1_741' title='bbox 1772 4438 1835 4479; x_wconf 89' lang='lat' dir='ltr'><strong>ac</strong></span> <span class='ocrx_word' id='word_1_742' title='bbox 1864 4425 2055 4482; x_wconf 91' lang='lat' dir='ltr'><strong>deinde</strong></span> <span class='ocrx_word' id='word_1_743' title='bbox 2084 4428 2137 4481; x_wconf 89' lang='lat' dir='ltr'><strong>in</strong></span> <span class='ocrx_word' id='word_1_744' title='bbox 2168 4444 2262 4483; x_wconf 91' lang='lat' dir='ltr'><strong>sua</strong></span> <span class='ocrx_word' id='word_1_745' title='bbox 2290 4429 2355 4483; x_wconf 89' lang='lat' dir='ltr'><strong>ad</strong></span> <span class='ocrx_word' id='word_1_746' title='bbox 2379 4428 2624 4484; x_wconf 86' lang='lat' dir='ltr'><strong>eamdem</strong></span> <span class='ocrx_word' id='word_1_747' title='bbox 2656 4428 2835 4484; x_wconf 85' lang='lat' dir='ltr'><strong>Vitam</strong></span> <span class='ocrx_word' id='word_1_748' title='bbox 2868 4429 3199 4485; x_wconf 82' lang='lat' dir='ltr'><strong>Chronotaxi</strong></span> <span class='ocrx_word' id='word_1_749' title='bbox 3228 4446 3350 4501; x_wconf 89' lang='lat' dir='ltr'><strong>pag.</strong></span> 
     </span>
    </p>
   </div>
   <div class='ocr_carea' id='block_1_105' title="bbox 1772 4509 3354 4589">
    <p class='ocr_par' dir='ltr' id='par_1_105' title="bbox 1772 4509 3354 4589">
     <span class='ocr_line' id='line_1_105' title="bbox 1772 4509 3354 4589; baseline 0.006 -24"><span class='ocrx_word' id='word_1_750' title='bbox 1772 4509 1897 4567; x_wconf 80' lang='grc'>596.</span> <span class='ocrx_word' id='word_1_751' title='bbox 1934 4513 2107 4569; x_wconf 87' lang='lat' dir='ltr'><strong>Verba</strong></span> <span class='ocrx_word' id='word_1_752' title='bbox 2159 4516 2276 4586; x_wconf 86' lang='lat' dir='ltr'><strong>ejus</strong></span> <span class='ocrx_word' id='word_1_753' title='bbox 2330 4517 2512 4571; x_wconf 87' lang='lat' dir='ltr'><strong>omnia</strong></span> <span class='ocrx_word' id='word_1_754' title='bbox 2537 4558 2553 4585; x_wconf 92' lang='lat'><strong>,</strong></span> <span class='ocrx_word' id='word_1_755' title='bbox 2595 4532 2824 4587; x_wconf 84' lang='lat' dir='ltr'><strong>quorum</strong></span> <span class='ocrx_word' id='word_1_756' title='bbox 2880 4519 3091 4589; x_wconf 90' lang='lat' dir='ltr'><strong>primis,</strong></span> <span class='ocrx_word' id='word_1_757' title='bbox 3123 4520 3354 4576; x_wconf 91' lang='lat' dir='ltr'><strong>concilio</strong></span> 
     </span>
    </p>
   </div>
   <div class='ocr_carea' id='block_1_106' title="bbox 1770 4604 3351 4683">
    <p class='ocr_par' dir='ltr' id='par_1_106' title="bbox 1770 4604 3351 4683">
     <span class='ocr_line' id='line_1_106' title="bbox 1770 4604 3351 4683; baseline 0.006 -24"><span class='ocrx_word' id='word_1_758' title='bbox 1770 4604 2084 4662; x_wconf 91' lang='lat' dir='ltr'><strong>Placentino</strong></span> <span class='ocrx_word' id='word_1_759' title='bbox 2113 4608 2422 4664; x_wconf 89' lang='lat' dir='ltr'><strong>interfuisse</strong></span> <span class='ocrx_word' id='word_1_760' title='bbox 2452 4620 2721 4677; x_wconf 91' lang='lat' dir='ltr'><strong>sanctum,</strong></span> <span class='ocrx_word' id='word_1_761' title='bbox 2759 4613 2991 4681; x_wconf 91' lang='lat' dir='ltr'><strong>probare</strong></span> <span class='ocrx_word' id='word_1_762' title='bbox 3015 4613 3351 4683; x_wconf 86' lang='lat' dir='ltr'><strong>potissimum</strong></span> 
     </span>
    </p>
   </div>
   <div class='ocr_carea' id='block_1_107' title="bbox 1771 4695 3353 4771">
    <p class='ocr_par' dir='ltr' id='par_1_107' title="bbox 1771 4695 3353 4771">
     <span class='ocr_line' id='line_1_107' title="bbox 1771 4695 3353 4771; baseline 0.006 -22"><span class='ocrx_word' id='word_1_763' title='bbox 1771 4695 1982 4763; x_wconf 90' lang='lat' dir='ltr'><strong>nititur,</strong></span> <span class='ocrx_word' id='word_1_764' title='bbox 2011 4698 2115 4752; x_wconf 91' lang='lat' dir='ltr'><strong>huc</strong></span> <span class='ocrx_word' id='word_1_765' title='bbox 2140 4699 2464 4753; x_wconf 89' lang='lat' dir='ltr'><strong>transcribo.</strong></span> <span class='ocrx_word' id='word_1_766' title='bbox 2492 4699 2671 4754; x_wconf 88' lang='lat' dir='ltr'><strong>Priori</strong></span> <span class='ocrx_word' id='word_1_767' title='bbox 2694 4700 2811 4755; x_wconf 93' lang='lat' dir='ltr'><strong>loco</strong></span> <span class='ocrx_word' id='word_1_768' title='bbox 2840 4700 2987 4756; x_wconf 89' lang='lat' dir='ltr'><strong>hisce</strong></span> <span class='ocrx_word' id='word_1_769' title='bbox 3006 4702 3353 4771; x_wconf 84' lang='lat' dir='ltr'><strong>sequentibus</strong></span> 
     </span>
    </p>
   </div>
   <div class='ocr_carea' id='block_1_108' title="bbox 1770 4789 3355 4865">
    <p class='ocr_par' dir='ltr' id='par_1_108' title="bbox 1770 4789 3355 4865">
     <span class='ocr_line' id='line_1_108' title="bbox 1770 4789 3355 4865; baseline 0.004 -22"><span class='ocrx_word' id='word_1_770' title='bbox 1770 4789 1943 4843; x_wconf 88' lang='lat' dir='ltr'><strong>utitur</strong></span> <span class='ocrx_word' id='word_1_771' title='bbox 1971 4807 1985 4844; x_wconf 91' lang='lat'><strong>:</strong></span> <span class='ocrx_word' id='word_1_772' title='bbox 2022 4809 2038 4841; x_wconf 75' lang='grc' dir='ltr'>ι</span> <span class='ocrx_word' id='word_1_773' title='bbox 2069 4789 2223 4845; x_wconf 90' lang='lat' dir='ltr'><strong>Paris</strong></span> <span class='ocrx_word' id='word_1_774' title='bbox 2250 4790 2579 4847; x_wconf 74' lang='lat' dir='ltr'><strong>difﬁcultatis</strong></span> <span class='ocrx_word' id='word_1_775' title='bbox 2601 4806 2720 4847; x_wconf 90' lang='lat' dir='ltr'><strong>esse</strong></span> <span class='ocrx_word' id='word_1_776' title='bbox 2746 4802 3024 4861; x_wconf 88' lang='lat' dir='ltr'><strong>censetur,</strong></span> <span class='ocrx_word' id='word_1_777' title='bbox 3054 4794 3196 4865; x_wconf 87' lang='lat' dir='ltr'><strong>quod</strong></span> <span class='ocrx_word' id='word_1_778' title='bbox 3224 4810 3324 4850; x_wconf 86' lang='lat' dir='ltr'><strong>con</strong></span> <span class='ocrx_word' id='word_1_779' title='bbox 3352 4831 3355 4834; x_wconf 53' lang='grc' dir='ltr'>ν</span> 
     </span>
    </p>
   </div>
   <div class='ocr_carea' id='block_1_109' title="bbox 1771 4880 3355 4954">
    <p class='ocr_par' dir='ltr' id='par_1_109' title="bbox 1771 4880 3355 4954">
     <span class='ocr_line' id='line_1_109' title="bbox 1771 4880 3355 4954; baseline 0.003 -18"><span class='ocrx_word' id='word_1_780' title='bbox 1771 4881 1894 4936; x_wconf 86' lang='lat' dir='ltr'><strong>cilio</strong></span> <span class='ocrx_word' id='word_1_781' title='bbox 1935 4881 2130 4935; x_wconf 85' lang='lat' dir='ltr'><strong>dicitur</strong></span> <span class='ocrx_word' id='word_1_782' title='bbox 2174 4880 2255 4953; x_wconf 88' lang='lat' dir='ltr'><strong>(S.</strong></span> <span class='ocrx_word' id='word_1_783' title='bbox 2288 4881 2469 4937; x_wconf 91' lang='lat' dir='ltr'><strong>Bruno</strong></span> <span class='ocrx_word' id='word_1_784' title='bbox 2517 4886 2732 4954; x_wconf 90' lang='lat' dir='ltr'><strong>nempe)</strong></span> <span class='ocrx_word' id='word_1_785' title='bbox 2774 4883 3082 4939; x_wconf 87' lang='lat' dir='ltr'><strong>interfuisse</strong></span> <span class='ocrx_word' id='word_1_786' title='bbox 3132 4883 3355 4940; x_wconf 87' lang='lat' dir='ltr'><strong>Placen-</strong></span> 
     </span>
    </p>
   </div>
   <div class='ocr_carea' id='block_1_110' title="bbox 1772 4973 3355 5044">
    <p class='ocr_par' dir='ltr' id='par_1_110' title="bbox 1772 4973 3355 5044">
     <span class='ocr_line' id='line_1_110' title="bbox 1772 4973 3355 5044; baseline 0.001 -16"><span class='ocrx_word' id='word_1_787' title='bbox 1772 4975 1906 5040; x_wconf 89' lang='lat' dir='ltr'><strong>tino,</strong></span> <span class='ocrx_word' id='word_1_788' title='bbox 1941 4974 2082 5043; x_wconf 90' lang='lat' dir='ltr'><strong>quod</strong></span> <span class='ocrx_word' id='word_1_789' title='bbox 2113 4989 2253 5029; x_wconf 91' lang='lat' dir='ltr'><strong>anno</strong></span> <span class='ocrx_word' id='word_1_790' title='bbox 2283 4974 2420 5029; x_wconf 81' lang='grc'><strong>1095</strong></span> <span class='ocrx_word' id='word_1_791' title='bbox 2448 4974 2777 5030; x_wconf 88' lang='lat' dir='ltr'><strong>celebratum</strong></span> <span class='ocrx_word' id='word_1_792' title='bbox 2799 4982 3039 5039; x_wconf 91' lang='lat' dir='ltr'><strong>est,cum</strong></span> <span class='ocrx_word' id='word_1_793' title='bbox 3062 4973 3355 5044; x_wconf 87' lang='lat' dir='ltr'><strong>diplomata</strong></span> 
     </span>
    </p>
   </div>
   <div class='ocr_carea' id='block_1_111' title="bbox 1773 5067 3354 5139">
    <p class='ocr_par' dir='ltr' id='par_1_111' title="bbox 1773 5067 3354 5139">
     <span class='ocr_line' id='line_1_111' title="bbox 1773 5067 3354 5139; baseline -0.001 -18"><span class='ocrx_word' id='word_1_794' title='bbox 1773 5068 2077 5121; x_wconf 89' lang='lat' dir='ltr'><strong>donationis</strong></span> <span class='ocrx_word' id='word_1_795' title='bbox 2106 5088 2124 5119; x_wconf 74' lang='grc' dir='ltr'><strong><em>ι</em></strong></span> <span class='ocrx_word' id='word_1_796' title='bbox 2163 5068 2490 5139; x_wconf 79' lang='lat' dir='ltr'><strong>(Turritanze</strong></span> <span class='ocrx_word' id='word_1_797' title='bbox 2519 5069 2687 5124; x_wconf 89' lang='lat' dir='ltr'><strong>eremi</strong></span> <span class='ocrx_word' id='word_1_798' title='bbox 2734 5084 2831 5139; x_wconf 92' lang='lat' dir='ltr'><strong>per</strong></span> <span class='ocrx_word' id='word_1_799' title='bbox 2862 5067 3151 5137; x_wconf 75' lang='lat' dir='ltr'><strong>Rogerium</strong></span> <span class='ocrx_word' id='word_1_800' title='bbox 3182 5067 3354 5122; x_wconf 67' lang='lat' dir='ltr'><strong>comi»</strong></span> 
     </span>
    </p>
   </div>
   <div class='ocr_carea' id='block_1_112' title="bbox 1772 5153 3349 5229">
    <p class='ocr_par' dir='ltr' id='par_1_112' title="bbox 1772 5153 3349 5229">
     <span class='ocr_line' id='line_1_112' title="bbox 1772 5153 3349 5229; baseline -0.001 -19"><span class='ocrx_word' id='word_1_801' title='bbox 1772 5157 1905 5222; x_wconf 88' lang='lat' dir='ltr'><strong>tem)</strong></span> <span class='ocrx_word' id='word_1_802' title='bbox 1938 5174 1955 5207; x_wconf 75' lang='grc' dir='ltr'>ι</span> <span class='ocrx_word' id='word_1_803' title='bbox 1996 5156 2149 5211; x_wconf 67' lang='lat' dir='ltr'><strong>factae</strong></span> <span class='ocrx_word' id='word_1_804' title='bbox 2181 5172 2322 5211; x_wconf 89' lang='lat' dir='ltr'><strong>anno</strong></span> <span class='ocrx_word' id='word_1_805' title='bbox 2346 5157 2484 5213; x_wconf 88' lang='grc'><strong>1090</strong></span> <span class='ocrx_word' id='word_1_806' title='bbox 2511 5166 2564 5211; x_wconf 92' lang='lat' dir='ltr'><strong>et</strong></span> <span class='ocrx_word' id='word_1_807' title='bbox 2586 5156 2921 5229; x_wconf 68' lang='lat' dir='ltr'><strong>conﬁrmatae</strong></span> <span class='ocrx_word' id='word_1_808' title='bbox 2955 5157 3022 5211; x_wconf 92' lang='lat' dir='ltr'><strong>ab</strong></span> <span class='ocrx_word' id='word_1_809' title='bbox 3064 5155 3282 5211; x_wconf 74' lang='lat' dir='ltr'><strong>Urbano</strong></span> <span class='ocrx_word' id='word_1_810' title='bbox 3308 5153 3349 5208; x_wconf 89' lang='lat' dir='ltr'><strong>ll</strong></span> 
     </span>
    </p>
   </div>
   <div class='ocr_carea' id='block_1_113' title="bbox 1770 5246 3355 5324">
    <p class='ocr_par' dir='ltr' id='par_1_113' title="bbox 1770 5246 3355 5324">
     <span class='ocr_line' id='line_1_113' title="bbox 1770 5246 3355 5324; baseline -0.005 -17"><span class='ocrx_word' id='word_1_811' title='bbox 1770 5251 1987 5307; x_wconf 88' lang='lat' dir='ltr'><strong>biennio</strong></span> <span class='ocrx_word' id='word_1_812' title='bbox 2016 5260 2155 5322; x_wconf 86' lang='lat' dir='ltr'><strong>post,</strong></span> <span class='ocrx_word' id='word_1_813' title='bbox 2189 5261 2503 5324; x_wconf 81' lang='lat' dir='ltr'><strong>repugnent.</strong></span> <span class='ocrx_word' id='word_1_814' title='bbox 2536 5252 2642 5307; x_wconf 89' lang='lat' dir='ltr'><strong>Sed</strong></span> <span class='ocrx_word' id='word_1_815' title='bbox 2664 5268 2763 5307; x_wconf 87' lang='lat' dir='ltr'><strong>nec</strong></span> <span class='ocrx_word' id='word_1_816' title='bbox 2788 5253 2888 5308; x_wconf 86' lang='lat' dir='ltr'><strong>hoc</strong></span> <span class='ocrx_word' id='word_1_817' title='bbox 2913 5265 3011 5307; x_wconf 87' lang='lat' dir='ltr'><strong>suo</strong></span> <span class='ocrx_word' id='word_1_818' title='bbox 3040 5246 3355 5304; x_wconf 88' lang='lat' dir='ltr'><strong>destituitur</strong></span> 
     </span>
    </p>
   </div>
   <div class='ocr_carea' id='block_1_114' title="bbox 1775 5336 3429 5413">
    <p class='ocr_par' dir='ltr' id='par_1_114' title="bbox 1775 5336 3429 5413">
     <span class='ocr_line' id='line_1_114' title="bbox 1775 5336 3429 5413; baseline -0.007 -16"><span class='ocrx_word' id='word_1_819' title='bbox 1775 5343 2148 5413; x_wconf 89' lang='lat' dir='ltr'><strong>fundamento,</strong></span> <span class='ocrx_word' id='word_1_820' title='bbox 2196 5360 2317 5399; x_wconf 91' lang='lat' dir='ltr'><strong>cum</strong></span> <span class='ocrx_word' id='word_1_821' title='bbox 2348 5344 2617 5400; x_wconf 84' lang='lat' dir='ltr'><strong>Antonius</strong></span> <span class='ocrx_word' id='word_1_822' title='bbox 2658 5342 2878 5409; x_wconf 88' lang='lat' dir='ltr'><strong>Beuter,</strong></span> <span class='ocrx_word' id='word_1_823' title='bbox 2907 5336 3352 5409; x_wconf 89' lang='lat' dir='ltr'><strong>chronograpbus</strong></span> <span class='ocrx_word' id='word_1_824' title='bbox 3416 5367 3429 5385; x_wconf 70' lang='grc' dir='ltr'><em>ι</em></span> 
     </span>
    </p>
   </div>
   <div class='ocr_carea' id='block_1_115' title="bbox 1773 5429 3348 5505">
    <p class='ocr_par' dir='ltr' id='par_1_115' title="bbox 1773 5429 3348 5505">
     <span class='ocr_line' id='line_1_115' title="bbox 1773 5429 3348 5505; baseline -0.006 -14"><span class='ocrx_word' id='word_1_825' title='bbox 1773 5434 2115 5499; x_wconf 81' lang='lat' dir='ltr'><strong>Valentinus,</strong></span> <span class='ocrx_word' id='word_1_826' title='bbox 2139 5434 2519 5504; x_wconf 90' lang='lat' dir='ltr'><strong>antiquitatum</strong></span> <span class='ocrx_word' id='word_1_827' title='bbox 2548 5435 2833 5505; x_wconf 85' lang='lat' dir='ltr'><strong>indagator</strong></span> <span class='ocrx_word' id='word_1_828' title='bbox 2861 5431 3127 5501; x_wconf 85' lang='lat' dir='ltr'><strong>egregius,</strong></span> <span class='ocrx_word' id='word_1_829' title='bbox 3152 5429 3204 5483; x_wconf 93' lang='lat' dir='ltr'><strong>in</strong></span> <span class='ocrx_word' id='word_1_830' title='bbox 3227 5441 3348 5494; x_wconf 89' lang='lat' dir='ltr'><strong>suo,</strong></span> 
     </span>
    </p>
   </div>
   <div class='ocr_carea' id='block_1_116' title="bbox 1774 5520 3350 5598">
    <p class='ocr_par' dir='ltr' id='par_1_116' title="bbox 1774 5520 3350 5598">
     <span class='ocr_line' id='line_1_116' title="bbox 1774 5520 3350 5598; baseline -0.004 -18"><span class='ocrx_word' id='word_1_831' title='bbox 1774 5543 1935 5598; x_wconf 88' lang='lat' dir='ltr'><strong>quem</strong></span> <span class='ocrx_word' id='word_1_832' title='bbox 1960 5522 2234 5596; x_wconf 76' lang='lat' dir='ltr'><strong>inscripsi’t</strong></span> <span class='ocrx_word' id='word_1_833' title='bbox 2275 5527 2339 5581; x_wconf 90' lang='lat' dir='ltr'><strong>de</strong></span> <span class='ocrx_word' id='word_1_834' title='bbox 2370 5527 2543 5583; x_wconf 70' lang='lat' dir='ltr'><strong>Missa:</strong></span> <span class='ocrx_word' id='word_1_835' title='bbox 2566 5524 2923 5591; x_wconf 63' lang='lat' dir='ltr'><strong>caeremoniis,</strong></span> <span class='ocrx_word' id='word_1_836' title='bbox 2952 5520 3133 5577; x_wconf 87' lang='lat' dir='ltr'><strong>libello</strong></span> <span class='ocrx_word' id='word_1_837' title='bbox 3160 5520 3212 5575; x_wconf 91' lang='lat' dir='ltr'><strong>id</strong></span> <span class='ocrx_word' id='word_1_838' title='bbox 3240 5534 3350 5575; x_wconf 92' lang='lat' dir='ltr'><strong>non</strong></span> 
     </span>
    </p>
   </div>
   <div class='ocr_carea' id='block_1_117' title="bbox 1773 5612 3350 5685">
    <p class='ocr_par' dir='ltr' id='par_1_117' title="bbox 1773 5612 3350 5685">
     <span class='ocr_line' id='line_1_117' title="bbox 1773 5612 3350 5685; baseline -0.003 -12"><span class='ocrx_word' id='word_1_839' title='bbox 1773 5618 2005 5674; x_wconf 88' lang='lat' dir='ltr'><strong>obscure</strong></span> <span class='ocrx_word' id='word_1_840' title='bbox 2029 5627 2257 5685; x_wconf 89' lang='lat' dir='ltr'><strong>asserat,</strong></span> <span class='ocrx_word' id='word_1_841' title='bbox 2307 5617 2435 5674; x_wconf 92' lang='lat' dir='ltr'><strong>dum</strong></span> <span class='ocrx_word' id='word_1_842' title='bbox 2471 5619 2545 5672; x_wconf 92' lang='lat' dir='ltr'><strong>ait</strong></span> <span class='ocrx_word' id='word_1_843' title='bbox 2572 5616 2971 5680; x_wconf 67' lang='lat' dir='ltr'><strong>Praefationem,</strong></span> <span class='ocrx_word' id='word_1_844' title='bbox 2999 5629 3117 5685; x_wconf 78' lang='lat' dir='ltr'><strong>quae</strong></span> <span class='ocrx_word' id='word_1_845' title='bbox 3141 5612 3350 5669; x_wconf 86' lang='lat' dir='ltr'><strong>decima</strong></span> 
     </span>
    </p>
   </div>
   <div class='ocr_carea' id='block_1_118' title="bbox 1776 5705 3374 5794">
    <p class='ocr_par' dir='ltr' id='par_1_118' title="bbox 1776 5705 3374 5794">
     <span class='ocr_line' id='line_1_118' title="bbox 1776 5705 3374 5794; baseline -0.003 -25"><span class='ocrx_word' id='word_1_846' title='bbox 1776 5722 1881 5784; x_wconf 90' lang='lat' dir='ltr'><strong>est,</strong></span> <span class='ocrx_word' id='word_1_847' title='bbox 1910 5712 1973 5769; x_wconf 89' lang='lat' dir='ltr'><strong>dc</strong></span> <span class='ocrx_word' id='word_1_848' title='bbox 2001 5711 2064 5793; x_wconf 89' lang='lat' dir='ltr'><strong>B.</strong></span> <span class='ocrx_word' id='word_1_849' title='bbox 2096 5711 2263 5791; x_wconf 74' lang='lat' dir='ltr'><strong>Maria</strong></span> <span class='ocrx_word' id='word_1_850' title='bbox 2288 5710 2523 5794; x_wconf 65' lang='lat' dir='ltr'><strong>Virgine</strong></span> <span class='ocrx_word' id='word_1_851' title='bbox 2545 5720 2669 5794; x_wconf 84' lang='lat' dir='ltr'><strong>tunc</strong></span> <span class='ocrx_word' id='word_1_852' title='bbox 2699 5710 2765 5769; x_wconf 84' lang='lat' dir='ltr'><strong>ab</strong></span> <span class='ocrx_word' id='word_1_853' title='bbox 2814 5723 2881 5769; x_wconf 84' lang='lat' dir='ltr'><strong>eo</strong></span> <span class='ocrx_word' id='word_1_854' title='bbox 2917 5705 3085 5767; x_wconf 84' lang='lat' dir='ltr'><strong>fuisse</strong></span> <span class='ocrx_word' id='word_1_855' title='bbox 3132 5719 3374 5789; x_wconf 59' lang='lat' dir='ltr'><strong>compo-~</strong></span> 
     </span>
    </p>
   </div>
  </div>
