3860 6320
463 363 593 420 ’ῈΘἸ

1303 343 1360 398 S.
1403 335 1758 395 BRUNONIS
1793 324 2438 388 CARTIIUSUNORUM
2485 319 2967 378 lNS'l‘l'fUTORlS
3647 323 3731 378 5:33

491 479 672 534 sitam.
707 467 890 524 Potuit
921 462 1084 535 igitur
1111 457 1289 513 adhuc
1318 455 1463 510 circa
1490 447 1790 505 Placentini
1831 454 2074 511 tempora
2107 443 2153 503 Α
2185 441 2310 494 hinc
2353 437 2752 494 consectarium
2803 435 2997 498 fuerit,
3045 450 3073 488 a
3114 435 3171 488 S.
3207 433 3456 489 Brunone
3491 434 3694 492 Pra:fati.
3718 469 3736 482 .

491 563 705 622 concilii
729 556 1023 614 adluesisse
1053 545 1319 622 pontifici,
1350 552 1402 598 et
1431 557 1529 596 suo
1561 536 1914 593 nihilominus
1945 545 2080 601 pra:—

492 656 658 710 fuisse
672 645 931 704 Turrensi
952 635 1310 698 monasterio;
1327 647 1451 686 nam
1471 631 1519 684 id
1537 628 1778 683 solemne
1797 634 1847 678 et
1865 623 2080 675 solitum

493 762 620 804 tunc
651 744 838 808 fuisse,
871 739 1106 810 probant
1144 739 1263 786 acta
1294 726 1438 780 varia
1460 767 1476 790 ,
1521 720 1822 793 praesertim
1855 715 1913 770 S.
1958 715 2084 767 Rer-

495 839 649 896 uardi
673 825 1178 892 Clarm-Vallensis;
1212 822 1264 875 in
1293 818 1489 889 quibus
1520 814 1714 884 legitur
1738 825 1858 864 eum
1894 823 2083 862 sexen-

495 933 586 987 nio
624 938 680 984 et
725 923 959 994 amplius
1005 935 1034 972 a
1097 930 1192 970 sua
1235 909 1472 966 abfuisse
1503 900 1876 964 Clara-Valle,
1919 895 2085 951 variis

493 1035 595 1092 pro
637 1017 764 1072 sede
801 989 1095 1082 apostolica
1137 999 1412 1057 laboribus
1453 989 2086 1067 peregrinationibusque

499 1083 792 1180 susceptis,
823 1112 883 1158 ut
915 1101 980 1156 dc
1019 1098 1139 1152 aliis
1192 1103 1467 1148 taceamus
1493 1130 1509 1155 ,
1561 1085 1651 1154 qui
1687 1083 1750 1137 ad
1800 1091 2086 1136 commune

500 1170 943 1274 restinguendum
973 1186 1283 1247 schismatis
1329 1179 1638 1237 incendium
1689 1192 1755 1230 ex
1791 1170 2088 1228 remotissi-

506 1296 612 1351 mis
655 1263 803 1348 o‘rbis
847 1284 1090 1357 partibus
1135 1275 1296 1335 acciti
1346 1272 1528 1335 fuere;
1568 1289 1585 1322 ›
1618 1263 1906 1337 posteriori
1961 1275 2088 1315 vero

503 1373 622 1444 istis
655 1404 668 1440 :
707 1404 724 1436 Ι
760 1379 1025 1436 Antonius
1055 1369 1338 1428 Bcuterius
1369 1358 1816 1432 chronografhus
1847 1352 2088 1408 Valenti-

503 1494 627 1542 nus,
657 1470 1036 1540 antiquitatum
1062 1463 1234 1516 mirus
1258 1458 1599 1518 observator,
1624 1451 1676 1504 iu
1699 1445 1899 1509 libello,
1929 1457 2088 1513 quem

501 1569 672 1624 edidit
715 1536 804 1619 de
834 1558 1081 1630 partibus
1127 1561 1182 1607 et
1222 1545 1564 1605 czercmoniis
1616 1542 1786 1596 Missa:
1812 1579 1827 1604 ,
1883 1536 2088 1596 refert,

503 1657 880 1714 Prchationem
926 1649 993 1703 de
1025 1647 1085 1700 Β.
1120 1642 1290 1698 Maria
1343 1636 1563 1704 Virgine
1593 1633 1645 1686 in
1693 1632 1794 1685 hoc
1837 1624 2088 1689 concilio,

2186 552 2308 590 nem
2351 534 2616 588 decimam
2636 572 2652 596 ,
2676 548 2796 600 quae
2826 534 2890 585 de
2923 528 2981 584 Β.
3020 529 3188 582 Manta
3229 527 3448 597 Virgine
3474 539 3571 594 est,
3601 530 3740 587 fuisse

2183 628 2583 682 concinnatam.
2639 627 2789 680 llanc
2833 627 2977 679 enim
3030 624 3148 685 ille,
3187 639 3293 678 nou
3342 637 3373 676 a
3401 621 3458 676 S.
3495 623 3738 688 lli-uncae,

2186 719 2278 774 scd
2324 734 2353 771 a
2387 718 2764 776 Cartlmsiano.
2825 731 2932 770 non
2981 715 3322 778 delin'enIo,
3379 723 3658 769 sanctusae
3684 718 3741 780 is,

2187 823 2253 861 an
2285 807 2423 860 alius
2463 806 2645 873 fuerit,
2685 806 3043 875 compositam
3094 804 3290 868 fuisse,
3331 819 3360 856 e
3393 818 3642 858 rroauute.
3665 806 3740 872 tis,

2187 914 2306 968 qua:
2344 897 2544 962 laudat,
2573 897 2837 949 duntaxat
2863 896 3046 949 tradit.
3087 894 3289 964 Reponi
3317 893 3533 962 quidem
3572 906 3740 961 potest,

2189 1005 2294 1042 non
2331 989 2495 1042 alium
2524 987 2969 1052 Carthusianum,
3008 1001 3174 1054 quam
3217 984 3523 1038 Brunonem
3545 1024 3558 1048 ,
3588 986 3746 1040 cane}.

2190 1080 2259 1133 lio
2316 1079 2631 1133 Placentino
2681 1076 3025 1140 interfuisse;
3063 1092 3247 1130 verum
3307 1074 3352 1128 si
3403 1083 3634 1139 sanctus,
3683 1077 3747 1131 uti

2191 1171 2485 1228 verisimile
2511 1189 2573 1226 ex
2609 1171 2768 1226 dictis
2789 1178 2894 1229 est.
2921 1168 3153 1225 concilio
3176 1169 3264 1224 isti
3299 1167 3476 1236 reipsa
3511 1165 3747 1233 interfuit,

2190 1262 2394 1317 socium
2424 1261 2523 1315 sibi
2556 1260 2809 1315 habuisse
2836 1259 3169 1326 adjunctum,
3201 1257 3750 1322 veresimillimum,ne

2192 1356 2366 1409 dicam
2393 1353 2781 1416 indubitatum,
2811 1361 3057 1421 apparet.
3084 1349 3192 1404 Nec
3226 1359 3310 1406 est
3340 1365 3460 1411 cur,
3501 1351 3597 1404 hoc
3623 1352 3748 1416 dato,

2191 1446 2436 1500 Brunoni
2475 1445 2726 1515 equidem
2762 1445 2960 1513 potius,
2986 1460 3146 1514 quam
3177 1443 3330 1496 alteri
3360 1441 3530 1496 cuivis
3554 1442 3753 1496 Cartim-

2193 1537 2388 1603 siano,
2451 1537 2542 1606 qui
2597 1537 2662 1592 ad
2716 1536 3005 1590 concilium
3063 1535 3438 1589 Placentinum
3501 1533 3754 1588 comitatus

2195 1645 2317 1684 eum
2373 1627 2579 1693 fuerit,
2632 1643 2768 1697 Opus
2820 1627 2946 1680 illud
2985 1627 3390 1680 attribuendum
3431 1634 3611 1694 putes,
3637 1627 3756 1692 quod

502 1751 646 1821 quod
679 1747 928 1803 Urbanus
958 1736 1246 1794 Placentia:
1267 1721 1898 1792 habuit,aCaI‘thllsiunO
1929 1717 2093 1770 “lisse
2129 1789 2169 1821 η
2196 1723 2325 1776 huic
2359 1719 2447 1775 ille
2474 1720 2824 1783 adornaudo,
2873 1728 3056 1787 utpote
3087 1733 3296 1772 summa
3344 1717 3637 1770 eruditioc
3671 1715 3754 1778 vir,

508 1789 646 1821 qm...
683 1789 927 1803 υ..,......-
958 1789 978 1794 -
1465 1789 1472 1792 γ

508 1839 883 1910 compositam.
917 1833 1053 1900 Quis
1084 1829 1193 1892 ille,
1224 1825 1328 1879 nisi
1373 1822 1431 1876 S.
1463 1820 1664 1880 Brimo,
1695 1813 1850 1882 cujus
1878 1809 2096 1878 sapicu-
2129 1789 2171 1842 Β
2202 1811 2366 1866 fuerit
2407 1811 2750 1881 aptissimus;
2810 1819 3171 1880 prmtcrquam
3222 1809 3390 1874 enim,
3441 1809 3581 1876 quod
3618 1807 3676 1860 ad
3718 1809 3757 1859 id

512 1905 647 1991 tiam
676 1935 728 1988 in
775 1927 1010 2002 quodam
1041 1921 1335 1993 diplomate
1365 1913 1576 1970 extollit
1615 1905 1892 1962 Paschalis
1937 1915 2090 1971 papa,

509 2027 750 2096 dicitque
795 1999 1032 2075 inultum
1072 2007 1414 2068 auctoritatis
1466 2003 1609 2073 apud
1649 1999 1832 2054 sedem
1878 2001 2098 2064 aposto-

505 2121 670 2176 licam
707 2113 1033 2170 obtinuisse.
1078 2128 1096 2160 ι

579 2210 704 2264 597.
738 2206 1012 2260 llactenus
1059 2199 1178 2263 ille,
1204 2209 1304 2266 pro
1350 2190 1605 2262 opinione
1625 2230 1639 2254 ,
1669 2199 1788 2254 qua:
1816 2177 2100 2235 Prrefatio-

511 2317 635 2358 nem
666 2303 731 2353 de
761 2298 821 2350 Β.
855 2294 1018 2348 Maria
1052 2291 1268 2358 Virgine
1295 2301 1322 2338 a
1353 2284 1412 2337 S.
1460 2282 1710 2334 Brunone
1733 2271 1944 2328 concilii
1981 2269 2100 2322 Pla-

511 2392 714 2450 centini
739 2402 978 2458 tempore
1003 2380 1357 2450 compositam
1391 2375 1560 2428 fuisse
1585 2369 1792 2434 statuil,
1810 2363 2099 2419 Antonium

515 2487 808 2540 Beuterum
845 2480 1108 2532 duntaxat
1143 2471 1409 2541 allegatis;
1445 2478 1653 2526 verum,
1699 2474 1820 2513 cum
1849 2456 1935 2512 hic
1966 2451 2102 2506 scri-

517 2590 661 2654 ptor,
693 2584 881 2645 utpote
908 2567 1219 2640 longissimo
1251 2559 1512 2628 temporis
1543 2551 1828 2609 intervallo
1858 2565 1886 2602 a
1929 2543 2099 2600 sancti

519 2638 692 2726 nostri
715 2663 1036 2731 conciliique
1064 2653 1358 2713 Placentini
1391 2659 1549 2705 (etate
1575 2653 1836 2708 remotus,
1867 2638 1979 2694 sola
2006 2651 2101 2690 sua

518 2759 848 2816 auctoritate
900 2727 1059 2807 fidem
1095 2747 1456 2803 indubitatam
1511 2738 1586 2794 rei
1632 2735 1718 2790 iSti
1747 2733 1924 2786 facere
1959 2727 2102 2782 haud

522 2854 728 2925 possit,
774 2847 1115 2920 potissimum
1161 2837 1345 2899 modo,
1395 2832 1535 2886 unde
1585 2829 1724 2882 hanc
1759 2824 1803 2878 is
1841 2819 2100 2883 hauserit,

519 2920 938 3016 dispiciendum.
965 2937 1100 2992 Cum
1132 2929 1411 2986 laudatum
1441 2940 1470 2977 a
1513 2920 1773 2978 Suriano.
1821 2928 1928 2983 quo
1957 2925 2105 3016 corn-

523 3001 737 3093 mollius
769 3009 1092 3096 certiusque
1127 3022 1308 3076 facere
1339 3017 1390 3071 id
1445 3025 1677 3085 possem,
1714 3003 1926 3061 Beuteri
1959 3001 2105 3070 Opus

520 3105 888 3186 necessarium
924 3121 1082 3186 foret,
1112 3130 1213 3170 nec
1243 3113 1295 3168 id
1327 3109 1393 3164 ad
1435 3120 1651 3162 manum
1679 3102 1773 3167 sit,
1801 3104 2104 3168 opportune

2137 1901 2146 1904 ’
2199 1918 2393 1974 magna
2444 1903 2747 1957 eruditione
2801 1917 2936 1970 opus
2982 1901 3126 1955 haud
3163 1900 3368 1965 fuerit,
3421 1909 3656 1963 sanctus,
3694 1904 3757 1954 uti

2201 1996 2432 2068 ipsemet
2463 1995 2517 2049 in
2566 2011 2663 2049 sua
2708 1992 2846 2048 infra
2878 1993 2984 2046 huc
3030 1992 3439 2046 transcribenda
3490 1992 3552 2044 ad
3591 1991 3760 2043 lladul-

2200 2091 2367 2160 phum
2401 2089 2640 2142 Viridetn
2673 2087 2919 2142 ecclesia:
2962 2085 3248 2140 Remensis
3295 2083 3636 2154 przrpositum
3666 2083 3761 2151 cpi-

2201 2181 2336 2238 stola
2385 2180 2564 2242 docet.
2597 2180 2776 2234 socius
2813 2177 3130 2239 nonnullos,
3173 2186 3286 2240 aut,
3318 2177 3360 2230 si
3413 2175 3600 2235 atavis,
3627 2175 3762 2227 disci-

2202 2271 2357 2341 pulos
2406 2270 2573 2340 probe
2608 2270 2851 2322 eruditos
2889 2269 2939 2321 in
2973 2268 3264 2322 Turritana
3303 2267 3566 2321 Calabria:
3606 2281 3761 2319 eremo

2202 2362 2302 2416 sibi
2337 2361 2524 2416 habuit
2571 2361 2886 2428 adjunctos;
2921 2369 2976 2413 ut
3022 2360 3249 2430 proinde
3293 2360 3389 2413 abs
3424 2359 3611 2412 borum
3657 2375 3762 2422 uno,

2202 2469 2363 2522 quem
2396 2455 2460 2508 ad
2485 2454 2688 2507 dictmn
2721 2453 3010 2507 concilium
3045 2468 3228 2507 secum
3267 2460 3494 2506 sanctus
3524 2452 3760 2514 duxisset.

2191 2544 2456 2626 .Prmfatio
2486 2544 2572 2597 illa
2607 2544 2904 2611 composita
2945 2558 3066 2597 esse
3092 2543 3352 2613 potueri'.
3387 2543 3458 2596 At
3505 2557 3631 2598 vero
3664 2551 3768 2598 sunt

2205 2632 2316 2710 qui'
2348 2641 2487 2692 hanc.
2517 2651 2618 2692 nec
2664 2638 2952 2698 Brunonis,
3005 2653 3103 2692 nec
3155 2637 3382 2691 alterius
3430 2638 3770 2707 cujuscunque

2205 2730 2552 2787 Carthusiani
2581 2771 2595 2793 ,
2636 2731 2729 2784 sed
2791 2731 3077 2798 ipsiusmet
3124 2729 3329 2784 Urbani
3370 2729 3412 2782 ll
3463 2744 3612 2799 papa:
3657 2745 3771 2798 oprs

2205 2839 2326 2879 esse
2374 2821 2746 2886 contendunt;
2787 2837 2851 2875 ac
2900 2822 2950 2873 in
3004 2821 3192 2890 primis
3234 2819 3453 2888 quidem
3509 2818 3773 2872 cardinalis

2206 2915 2352 2968 Bona
2401 2913 2490 2967 lib.
2548 2929 2581 2966 ll
2623 2912 2822 2966 Rerum
2865 2911 3264 2981 Litargicarum
3294 2925 3414 2978 cap.
3451 2908 3537 2974 10,
3569 2924 3704 2962 num.
3728 2905 3770 2970 5,

2205 3015 2259 3060 et
2299 3003 2613 3058 Ruinartius
2646 3005 2696 3054 in
2729 3009 2978 3055 contexta
3014 3017 3042 3054 a
3069 3015 3130 3054 se
3167 3000 3302 3054 Pont
3331 2999 3450 3054 ﬁcis
3493 2999 3648 3070 hujus
3674 2998 3773 3053 Vita

2209 3113 2359 3150 num.
2393 3096 2511 3150 Πῦ.
2539 3094 2728 3149 Omnia
2759 3092 3076 3162 posterioris
3108 3091 3264 3161 hujus
3297 3091 3582 3160 scriptoris
3613 3090 3773 3154 verba,

523 3221 614 3276 hic
643 3215 914 3274 succurrit
937 3207 1274 3264 Morkensius
1323 3205 1375 3257 in
1411 3193 1809 3263 Chronologico
1846 3189 2108 3258 diploma-
2137 3171 2178 3231 C
2213 3189 2294 3242 vel
2347 3189 2550 3242 idcirco
2580 3188 2722 3255 quod
2771 3186 3014 3254 antiqua,
3053 3201 3082 3238 e
3113 3185 3332 3257 quibus,
3361 3199 3484 3252 qua:
3533 3184 3637 3238 huc
3674 3197 3776 3251 spc-

521 3313 628 3368 tica
661 3324 756 3365 sua
782 3307 846 3362 de
871 3304 930 3358 S.
963 3303 1209 3356 Brunone
1234 3293 1473 3350 Diatriba
1502 3304 1602 3343 ms.
1637 3287 1709 3340 ita
1763 3293 2105 3336 memorans:

527 3421 549 3457 ι
583 3398 841 3471 Sequenti
867 3408 1011 3450 anno
1043 3388 1200 3452 1094,
1228 3400 1350 3441 eum
1375 3376 1678 3436 Guibertini
1699 3414 1714 3440 ,
1749 3380 1885 3426 teste
1919 3369 2107 3422 eodem

521 3466 836 3556 Bertlioldo,
871 3485 1086 3540 Turrim
1119 3474 1417 3535 Ct‘esccntii
1458 3471 1635 3525 adlmc
1685 3466 2030 3526 obtinerent,
2058 3469 2113 3513 ct

529 3585 778 3642 Urbanus
819 3577 1042 3632 tuinime
1075 3578 1222 3625 tutus
1263 3566 1404 3620 foret
1440 3563 1508 3615 ab
1538 3559 1786 3614 hostibus
1814 3595 1828 3618 ,
1879 3551 2112 3608 excessit

529 3675 671 3730 Urbe
703 3675 754 3728 in
789 3661 1240 3736 Longobardiam,
1270 3671 1333 3709 ac
1366 3651 1656 3708 GllflSltllliB
1685 3647 1749 3700 ad
1783 3645 1982 3730 Padmn
2014 3641 2112 3694 llu-

526 3781 673 3832 meu,
701 3763 938 3817 adunato
979 3764 1261 3808 sacrorum
1311 3743 1616 3800 antistitum
1649 3751 1813 3803 cwtu,
1859 3734 2114 3790 Ecclesia:

529 3823 946 3912 necessitatibus
986 3840 1290 3904 consuluit,
1319 3837 1370 3890 in
1405 3849 1510 3904 quo
1548 3830 1926 3885 Praefationem
1960 3825 2018 3877 ll.
2049 3823 2110 3877 γ.

530 3943 715 3998 Mariae
765 3935 1024 4006 vulgavit.
1077 3928 1372 3996 Catalogus
1425 3939 1525 3978 Ius.
1578 3921 1734 3974 Rom.
1791 3916 2111 3972 Pontificum

532 4035 672 4105 apud
701 4025 1126 4100 Papcbrochium
1154 4024 1204 4075 in
1232 4020 1447 4075 Urbano
1471 4035 1486 4083 ;
1515 4015 1768 4085 Sigonius
1795 4021 1849 4066 et
1872 4009 2115 4064 Leander

530 4099 859 4183 Albertusiu
890 4114 1254 4186 Descriptione
1282 4109 1617 4166 Lombardia:
1640 4109 1705 4160 de
1733 4099 2112 4159 Guardistallo.

531 4217 914 4276 Prmfationcm
948 4210 1116 4272 illam,
1157 4222 1276 4276 qua:
1311 4203 1518 4258 decima
1541 4207 1646 4265 est,
1689 4213 1718 4251 a
1750 4194 2117 4252 Carthusiano

530 4303 915 4376 compositam,
947 4295 1146 4366 repetit
1195 4297 1334 4346 inter
1368 4290 1590 4358 antiqua
1615 4292 1960 4340 monumenta
2008 4284 2119 4336 An-

534 4399 716 4452 tonius
765 4393 1026 4448 Beutcrus
1076 4387 1127 4440 in
1177 4401 1274 4440 suo
1314 4383 1454 4438 libro
1486 4385 1552 4436 dc
1604 4379 1853 4456 partibus
1908 4376 2114 4440 Missa:;

533 4488 652 4542 vult
699 4496 878 4540 tamen
935 4482 987 4535 iu
1027 4478 1254 4533 concilio
1311 4473 1628 4529 Placentino
1678 4468 2072 4540 promulgatam
2101 4507 2114 4530 ,

534 4561 680 4638 forte
726 4581 776 4634 in
814 4577 915 4632 hoc
957 4571 1264 4645 posteriori,
1307 4577 1493 4638 utpote
1541 4563 1862 4628 celebriori,
1890 4561 2116 4616 reitera-

537 4685 672 4732 tam.
707 4691 726 4723 ι
753 4670 1020 4725 Beuterus
1049 4680 1196 4736 ergo,
1227 4662 1368 4732 quod
1397 4660 1460 4712 de
1503 4654 1798 4724 composita
1835 4670 1862 4706 a
1888 4651 2119 4706 Cartbu-

540 4769 725 4832 siano,
765 4778 884 4834 qua:
929 4760 994 4815 de
1045 4759 1102 4812 Β.
1156 4754 1322 4808 Maria
1359 4749 1582 4818 Virgine
1636 4757 1716 4801 est
1743 4790 1758 4814 ,
1797 4743 2122 4799 Prcefatione

541 4865 838 4923 asseverat,
889 4871 955 4910 ex
1001 4851 1238 4920 antiquis
1292 4842 1652 4899 monumentis
1693 4839 1891 4894 hausit.
1924 4835 2120 4890 V'erniu

542 4967 665 5005 cum
703 4948 886 5014 simul,
923 4953 1138 5015 quanta:
1182 4941 1298 4993 luce
1345 4933 1682 5003 antiquitatis
1732 4930 1952 4994 fuerint,
1983 4925 2123 4978 Mor-

543 5041 786 5106 kensius,
819 5039 961 5108 quod
994 5034 1044 5088 id
1082 5048 1110 5084 a
1152 5031 1381 5083 Beutero
1429 5031 1669 5078 notatmn
1722 5017 2124 5075 verosimillime

542 5151 651 5190 non
695 5130 980 5194 invenerit,
1013 5123 1154 5179 haud
1183 5121 1358 5175 edicat
1382 5157 1396 5183 ,
1441 5131 1638 5170 verene
1682 5133 1708 5167 a
1743 5111 2120 5174 Carthusiano,

543 5227 624 5282 uti
651 5242 681 5281 e
711 5219 1077 5280 monumentis
1120 5209 1224 5270 illis
1267 5213 1532 5267 Beuterus
1560 5209 1743 5262 didicit
1773 5249 1793 5275 ,,
1829 5203 2125 5272 composita

546 5317 714 5374 fuerit
742 5315 888 5370 dicta
917 5310 1189 5371 Prrefatio,
1217 5306 1437 5360 dubium
1481 5301 1767 5356 admodum
1799 5298 1925 5352 mihi
1953 5297 2128 5349 adhuc

547 5415 796 5480 apparet,
821 5418 950 5458 cum
984 5407 1332 5455 monumenta
1385 5396 1513 5462 illa,
1554 5410 1674 5464 quae
1717 5393 1946 5448 Beutero
1990 5402 2129 5460 prte-

549 5499 756 5562 lusere,
787 5491 1040 5548 sublesta:
1063 5491 1324 5545 duntaxat
1348 5489 1468 5543 fidei
1503 5487 1680 5542 forsan
1711 5486 1934 5541 fuerint.

625 5588 750 5643 598.
780 5586 860 5640 Ad
884 5585 1017 5645 lucc,
1049 5583 1150 5638 etsi
1189 5583 1351 5637 etiam
1385 5583 1647 5654 tantisper
1682 5581 1966 5646 daremus,
2017 5593 2131 5633 mo-

557 5689 810 5738 numenta
865 5678 1122 5748 antiqua,
1178 5693 1208 5732 e
1253 5677 1447 5740 quibus
1493 5676 1545 5731 id
1599 5676 1864 5731 Beuterus
1901 5674 2129 5738 didicit,

558 5774 798 5846 probatae
823 5771 1040 5827 omnino
1069 5779 1207 5826 nota:
1232 5786 1296 5825 ac
1324 5769 1446 5825 fidei
1477 5768 1663 5837 fuisse,
1689 5769 1926 5825 nomium
1955 5777 2131 5822 tamen

2212 3281 2414 3334 ctantia
2468 3279 2663 3330 ibidem
2713 3276 2910 3329 l'tteris
2945 3276 3191 3340 mandat,
3227 3276 3658 3344 deprompserit,
3699 3289 3775 3328 seu

2215 3370 2522 3423 testimonia
2581 3382 2679 3422 seu
2741 3377 3092 3420 monumenta
3141 3363 3643 3434 comprehendant,
3692 3364 3779 3418 huc

2217 3460 2541 3515 transcribo.

2285 3550 2406 3604 599.
2433 3550 2525 3603 Sic
2552 3547 2781 3602 habent:
2810 3565 2828 3598 ι
2865 3547 3098 3615 Recepta
3131 3555 3212 3599 est
3241 3543 3381 3616 apud
3411 3553 3663 3600 auctores
3687 3541 3780 3596 vul—

2215 3652 2369 3713 gatos
2419 3641 2660 3704 traditio,
2712 3639 2992 3695 Urbanum
3039 3653 3233 3707 papam
3285 3638 3336 3690 in
3386 3637 3492 3690 hoc
3523 3636 3776 3692 concilio»

2217 3735 2566 3806 (Placentino
2600 3733 2825 3801 nempe)
2860 3749 2878 3782 ‹
2919 3731 3183 3784 decimam
3235 3728 3617 3782 Praefationem
3643 3769 3659 3792 ,
3686 3743 3783 3797 qua:

2217 3836 2301 3880 est.
2343 3827 2409 3880 de
2459 3825 2614 3879 beata
2669 3824 3081 3889 Maria,novem
3135 3820 3376 3890 antiquis
3423 3821 3713 3876 addidisse.
3738 3818 3786 3873 ll

2217 3922 2420 3974 diserte
2451 3920 2682 3973 habetur
2724 3919 2775 3970 in
2805 3917 2973 3970 veteri
3026 3915 3211 3970 codice
3243 3930 3347 3968 ms.
3387 3913 3785 3968 archimonaste-

2218 4013 2283 4066 rii
2315 4011 2613 4080 Remigiaui
2653 4011 2791 4078 apud
2827 4009 3056 4074 Remos,
3091 4007 3156 4059 ab
3202 4006 3361 4060 annis
3399 4006 3622 4060 circiter
3647 4006 3785 4075 quin-

2219 4103 2392 4174 gentis
2422 4101 2624 4169 scripto
2649 4141 2665 4164 ,
2698 4099 2784 4153 ubi
2828 4106 2948 4166 post
2989 4097 3220 4150 relatum
3257 4095 3360 4150 sub
3416 4094 3620 4165 Pelagii
3662 4107 3786 4163 papae

2220 4193 2437 4248 nomine
2485 4192 2552 4246 de
2590 4205 2782 4244 novem
2828 4186 3244 4241 Pra'fatiouibus
3273 4187 3580 4249 decretum,
3617 4184 3786 4239 eadem

2219 4304 2380 4344 manu
2411 4288 2682 4342 adduntur
2715 4285 2826 4338 haec
2865 4284 3023 4337 verba
3058 4299 3072 4334 :
3110 4301 3126 4330 ι
3162 4280 3378 4334 Decima
3409 4279 3592 4333 addita
3630 4277 3722 4330 fuit
3746 4275 3786 4327 in

2224 4400 2244 4433 ι
2284 4380 2512 4436 concilio
2549 4378 2861 4432 Placentino
2887 4375 2986 4430 sub
3031 4374 3249 4430 Urbano
3296 4388 3432 4444 papa
3467 4370 3744 4426 celebrato.
3769 4386 3786 4418 ›

2221 4475 2354 4530 Rem
2424 4487 2554 4527 vero
2609 4472 2688 4526 sic
2745 4469 3039 4542 contigisse
3096 4467 3300 4521 ferunt.
3363 4464 3502 4518 Cum
3560 4460 3789 4534 fpontifes

2220 4569 2374 4640 Apud
2425 4573 2670 4621 sanctam
2709 4561 2932 4616 Mariam
2964 4561 3029 4614 de
3066 4558 3393 4629 Campania,
3431 4556 3790 4612 vetustissima:

2221 4661 2438 4732 pietatis
2493 4657 2748 4727 templum
2777 4696 2792 4722 ,
2832 4655 3005 4710 sacris
3053 4663 3404 4723 cperaretur,
3446 4661 3508 4704 ut
3545 4649 3686 4704 Deus
3726 4648 3789 4700 iu-

2223 4764 2377 4824 ccpta
2421 4752 2635 4808 concilii
2673 4751 2810 4804 bene
2855 4756 3122 4812 verteret,
3161 4743 3386 4813 jamque
3434 4742 3790 4796 Praefationem

2224 4846 2476 4910 offerret;
2506 4851 2730 4913 repente
2773 4857 2841 4896 ex
2873 4839 3128 4894 instinctu
3173 4837 3356 4892 divino
3389 4836 3441 4888 in
3489 4835 3578 4889 illa
3615 4832 3793 4888 dulcis-

2225 4940 2359 4993 sima
2393 4937 2578 5000 verba,
2613 4937 2808 5006 populo
2851 4933 3154 4987 demirante
3189 4929 3476 5000 prorupit:
3517 4946 3534 4977 ι
3573 4927 3642 4980 Ει
3681 4937 3726 4979 te
3752 4925 3794 4976 iu

2232 5052 2249 5084 ι
2287 5029 2638 5084 veneratione
2661 5029 2829 5080 beata:
2858 5024 3038 5078 Mariae
3057 5023 3282 5092 virginis
3299 5021 3628 5081 collaudare,
3656 5018 3796 5072 bene-

2235 5143 2252 5174 σ
2291 5125 2472 5177 dicere
2515 5129 2571 5176 et
2615 5120 2950 5190 praedicare;
2998 5131 3117 5186 qua:
3163 5125 3216 5170 et
3269 5113 3617 5183 Uuigenitum
3669 5121 3796 5165 tuum

2236 5238 2254 5268 ιι
2291 5217 2462 5272 sancti
2499 5217 2736 5285 Spiritus
2769 5210 3187 5268 obumbrationc
3218 5209 3471 5278 concepit
3498 5218 3554 5262 et
3596 5204 3798 5276 virgini-

2235 5328 2254 5359 ο
2292 5309 2418 5362 tatis
2441 5306 2608 5374 gloria
2641 5311 3012 5374 permanente,
3039 5301 3165 5354 huic
3219 5299 3419 5350 llllllttll)
3452 5296 3636 5351 lumen
3663 5304 3798 5348 aucr-

2237 5419 2255 5452 (
2295 5416 2421 5455 num
2461 5397 2647 5452 effudit
2688 5395 2871 5451 Iesum
2899 5393 3176 5449 Christum
3225 5391 3516 5445 Dominum
3553 5398 3796 5448 nostrum,

2240 5511 2257 5544 ι
2295 5508 2392 5563 per
2424 5505 2616 5560 quem,
2658 5508 2675 5541 ι
2715 5497 2820 5542 etc.
2858 5486 3028 5553 Quam
3070 5482 3453 5540 Praefationem
3504 5478 3800 5537 universalis

2233 5584 2574 5654 postmodum
2615 5579 2853 5636 Ecclesia
2906 5577 3214 5644 adoptando
3243 5575 3527 5644 probavit,
3573 5585 3628 5628 et
3659 5572 3800 5627 etiam

2237 5692 2382 5732 nunc
2402 5675 2620 5730 retinet.
2653 5672 2803 5727 llane
2829 5669 3068 5726 nonnulli
3093 5669 3311 5722 abeato
3335 5665 3596 5721 Brunone
3624 5665 3802 5720 editam

2240 5770 2407 5825 fuisse
2437 5767 2661 5837 volunt;
2687 5774 2738 5819 at
2761 5780 2878 5819 eam
2911 5764 2978 5820 ab
3005 5763 3119 5832 ipso
3153 5759 3371 5816 Urbano
3407 5759 3610 5815 factam
3638 5757 3806 5814 fuisse.
