  <div class='ocr_page' id='page_1' title='image "/cluster/home/n/w/nwhite01/storage/ocr_20150623/152/hvd.32044015473804/190.png"; bbox 0 0 3846 6316; ppageno 0'>
   <div class='ocr_carea' id='block_1_1' title="bbox 125 396 3316 481">
    <p class='ocr_par' dir='ltr' id='par_1_1' title="bbox 125 396 3316 481">
     <span class='ocr_line' id='line_1_1' title="bbox 125 396 3316 481; baseline 0.009 -31"><span class='ocrx_word' id='word_1_1' title='bbox 125 396 197 452; x_wconf 72' lang='lat'><strong>369</strong></span> <span class='ocrx_word' id='word_1_2' title='bbox 1581 412 1780 469; x_wconf 74' lang='lat' dir='ltr'><strong>ACTA.</strong></span> <span class='ocrx_word' id='word_1_3' title='bbox 3209 424 3316 481; x_wconf 75' lang='lat'><strong>570</strong></span> 
     </span>
    </p>
   </div>
   <div class='ocr_carea' id='block_1_2' title="bbox 121 512 3321 612">
    <p class='ocr_par' dir='ltr' id='par_1_2' title="bbox 121 512 3321 612">
     <span class='ocr_line' id='line_1_2' title="bbox 121 512 3321 612; baseline 0.012 -48"><span class='ocrx_word' id='word_1_4' title='bbox 121 512 270 567; x_wconf 83' lang='lat' dir='ltr'><strong>diserte</strong></span> <span class='ocrx_word' id='word_1_5' title='bbox 295 513 440 568; x_wconf 89' lang='lat' dir='ltr'><strong>tradit</strong></span> <span class='ocrx_word' id='word_1_6' title='bbox 477 513 824 588; x_wconf 86' lang='lat' dir='ltr'><strong>Pandulphus</strong></span> <span class='ocrx_word' id='word_1_7' title='bbox 855 520 904 575; x_wconf 89' lang='lat' dir='ltr'><strong>in</strong></span> <span class='ocrx_word' id='word_1_8' title='bbox 939 520 1057 593; x_wconf 86' lang='lat' dir='ltr'><strong>ejus</strong></span> <span class='ocrx_word' id='word_1_9' title='bbox 1084 523 1233 591; x_wconf 74' lang='lat' dir='ltr'><strong>Vita,</strong></span> <span class='ocrx_word' id='word_1_10' title='bbox 1264 542 1371 581; x_wconf 83' lang='lat' dir='ltr'><strong>non</strong></span> <span class='ocrx_word' id='word_1_11' title='bbox 1413 529 1628 597; x_wconf 86' lang='lat' dir='ltr'><strong>quidem</strong></span> <span class='ocrx_word' id='word_1_12' title='bbox 1657 534 1703 590; x_wconf 74' lang='grc' dir='ltr'><strong>Α</strong></span> <span class='ocrx_word' id='word_1_13' title='bbox 1737 539 1982 599; x_wconf 87' lang='lat' dir='ltr'><strong>apparet.</strong></span> <span class='ocrx_word' id='word_1_14' title='bbox 2014 531 2376 604; x_wconf 82' lang='lat' dir='ltr'><strong>Dispiciamus</strong></span> <span class='ocrx_word' id='word_1_15' title='bbox 2422 534 2586 591; x_wconf 86' lang='lat' dir='ltr'><strong>modo</strong></span> <span class='ocrx_word' id='word_1_16' title='bbox 2631 552 2697 590; x_wconf 87' lang='lat' dir='ltr'><strong>an</strong></span> <span class='ocrx_word' id='word_1_17' title='bbox 2755 537 3152 609; x_wconf 67' lang='lat' dir='ltr'><strong>Prmfa‘tionem,</strong></span> <span class='ocrx_word' id='word_1_18' title='bbox 3192 558 3321 612; x_wconf 64' lang='lat' dir='ltr'><strong>qua:</strong></span> 
     </span>
    </p>
   </div>
   <div class='ocr_carea' id='block_1_3' title="bbox 118 606 3337 703">
    <p class='ocr_par' dir='ltr' id='par_1_3' title="bbox 118 606 3337 703">
     <span class='ocr_line' id='line_1_3' title="bbox 118 606 3337 703; baseline 0.01 -45"><span class='ocrx_word' id='word_1_19' title='bbox 118 606 154 703; x_wconf 72' lang='lat' dir='ltr'><strong>ia</strong></span> <span class='ocrx_word' id='word_1_20' title='bbox 167 606 456 703; x_wconf 64' lang='lat' dir='ltr'><strong>Placentina,</strong></span> <span class='ocrx_word' id='word_1_21' title='bbox 480 610 571 664; x_wconf 83' lang='lat' dir='ltr'><strong>sed</strong></span> <span class='ocrx_word' id='word_1_22' title='bbox 596 610 648 664; x_wconf 88' lang='lat' dir='ltr'><strong>in</strong></span> <span class='ocrx_word' id='word_1_23' title='bbox 677 613 1172 682; x_wconf 84' lang='lat' dir='ltr'><strong>Ewardestalleusi,</strong></span> <span class='ocrx_word' id='word_1_24' title='bbox 1221 630 1273 671; x_wconf 95' lang='grc' dir='ltr'><strong>ιιι</strong></span> <span class='ocrx_word' id='word_1_25' title='bbox 1305 622 1417 690; x_wconf 87' lang='lat' dir='ltr'><strong>jam</strong></span> <span class='ocrx_word' id='word_1_26' title='bbox 1450 625 1623 691; x_wconf 83' lang='grc' dir='ltr'>(ιιιιιιι.</span> <span class='ocrx_word' id='word_1_27' title='bbox 1733 620 1798 674; x_wconf 91' lang='lat' dir='ltr'><strong>de</strong></span> <span class='ocrx_word' id='word_1_28' title='bbox 1822 620 1883 675; x_wconf 88' lang='grc' dir='ltr'><strong>Β.</strong></span> <span class='ocrx_word' id='word_1_29' title='bbox 1913 621 2082 677; x_wconf 85' lang='lat' dir='ltr'><strong>Maria</strong></span> <span class='ocrx_word' id='word_1_30' title='bbox 2114 624 2334 696; x_wconf 69' lang='lat' dir='ltr'><strong>Virgine</strong></span> <span class='ocrx_word' id='word_1_31' title='bbox 2371 636 2472 689; x_wconf 86' lang='lat' dir='ltr'><strong>est,</strong></span> <span class='ocrx_word' id='word_1_32' title='bbox 2506 643 2535 682; x_wconf 83' lang='lat' dir='ltr'><strong>a</strong></span> <span class='ocrx_word' id='word_1_33' title='bbox 2564 629 2818 697; x_wconf 87' lang='lat' dir='ltr'><strong>pontilice</strong></span> <span class='ocrx_word' id='word_1_34' title='bbox 2844 632 2937 687; x_wconf 90' lang='lat' dir='ltr'><strong>illo</strong></span> <span class='ocrx_word' id='word_1_35' title='bbox 2958 606 3337 703; x_wconf 49' lang='lat' dir='ltr'><strong>composit-aur</strong></span> 
     </span>
    </p>
   </div>
   <div class='ocr_carea' id='block_1_4' title="bbox 116 695 3311 792">
    <p class='ocr_par' dir='ltr' id='par_1_4' title="bbox 116 695 3311 792">
     <span class='ocr_line' id='line_1_4' title="bbox 116 695 3311 792; baseline 0.011 -45"><span class='ocrx_word' id='word_1_36' title='bbox 116 695 302 792; x_wconf 67' lang='lat' dir='ltr'><strong>videlicet</strong></span> <span class='ocrx_word' id='word_1_37' title='bbox 350 696 465 792; x_wconf 64' lang='grc'><strong>169)</strong></span> <span class='ocrx_word' id='word_1_38' title='bbox 518 703 824 756; x_wconf 87' lang='lat' dir='ltr'><strong>monuimus</strong></span> <span class='ocrx_word' id='word_1_39' title='bbox 852 743 866 764; x_wconf 92' lang='lat'><strong>,</strong></span> <span class='ocrx_word' id='word_1_40' title='bbox 922 706 1146 775; x_wconf 85' lang='lat' dir='ltr'><strong>synodo.</strong></span> <span class='ocrx_word' id='word_1_41' title='bbox 1196 706 1356 763; x_wconf 83' lang='lat' dir='ltr'><strong>Plura</strong></span> <span class='ocrx_word' id='word_1_42' title='bbox 1424 711 1488 762; x_wconf 90' lang='lat' dir='ltr'><strong>de</strong></span> <span class='ocrx_word' id='word_1_43' title='bbox 1525 710 1629 764; x_wconf 87' lang='lat' dir='ltr'><strong>bac</strong></span> <span class='ocrx_word' id='word_1_44' title='bbox 1731 711 1918 777; x_wconf 85' lang='lat' dir='ltr'><strong>fuisse,</strong></span> <span class='ocrx_word' id='word_1_45' title='bbox 1969 723 2075 768; x_wconf 88' lang='lat' dir='ltr'><strong>tam</strong></span> <span class='ocrx_word' id='word_1_46' title='bbox 2122 695 2326 772; x_wconf 86' lang='lat' dir='ltr'><strong>diserte</strong></span> <span class='ocrx_word' id='word_1_47' title='bbox 2359 695 2579 788; x_wconf 75' lang='lat' dir='ltr'><strong>tamque</strong></span> <span class='ocrx_word' id='word_1_48' title='bbox 2602 735 2868 790; x_wconf 80' lang='lat' dir='ltr'><strong>expresse</strong></span> <span class='ocrx_word' id='word_1_49' title='bbox 2910 695 3218 792; x_wconf 45' lang='grc' dir='ltr'><strong>ωηιξη-,πω</strong></span> <span class='ocrx_word' id='word_1_50' title='bbox 3257 729 3311 783; x_wconf 97' lang='lat' dir='ltr'><strong>id</strong></span> 
     </span>
    </p>
   </div>
   <div class='ocr_carea' id='block_1_5' title="bbox 116 783 3306 883">
    <p class='ocr_par' dir='ltr' id='par_1_5' title="bbox 116 783 3306 883">
     <span class='ocr_line' id='line_1_5' title="bbox 116 783 3306 883; baseline 0.012 -47"><span class='ocrx_word' id='word_1_51' title='bbox 116 783 367 883; x_wconf 58' lang='lat' dir='ltr'><strong>Palatione</strong></span> <span class='ocrx_word' id='word_1_52' title='bbox 402 786 568 883; x_wconf 81' lang='lat' dir='ltr'><strong>habet</strong></span> <span class='ocrx_word' id='word_1_53' title='bbox 595 789 788 845; x_wconf 89' lang='lat' dir='ltr'><strong>Petrus</strong></span> <span class='ocrx_word' id='word_1_54' title='bbox 817 792 985 847; x_wconf 87' lang='lat' dir='ltr'><strong>Maria</strong></span> <span class='ocrx_word' id='word_1_55' title='bbox 1021 796 1256 866; x_wconf 78' lang='lat' dir='ltr'><strong>Campus</strong></span> <span class='ocrx_word' id='word_1_56' title='bbox 1303 799 1353 852; x_wconf 91' lang='lat' dir='ltr'><strong>in</strong></span> <span class='ocrx_word' id='word_1_57' title='bbox 1389 799 1625 855; x_wconf 85' lang='lat' dir='ltr'><strong>llistoria</strong></span> <span class='ocrx_word' id='word_1_58' title='bbox 1731 802 1876 856; x_wconf 89' lang='lat' dir='ltr'><strong>illum</strong></span> <span class='ocrx_word' id='word_1_59' title='bbox 1907 805 2124 874; x_wconf 83' lang='lat' dir='ltr'><strong>proprio</strong></span> <span class='ocrx_word' id='word_1_60' title='bbox 2156 817 2329 863; x_wconf 87' lang='lat' dir='ltr'><strong>marte</strong></span> <span class='ocrx_word' id='word_1_61' title='bbox 2351 783 2578 875; x_wconf 78' lang='lat' dir='ltr'><strong>fecisse,</strong></span> <span class='ocrx_word' id='word_1_62' title='bbox 2613 783 2824 866; x_wconf 79' lang='lat' dir='ltr'><strong>innuat.</strong></span> <span class='ocrx_word' id='word_1_63' title='bbox 2854 812 3027 870; x_wconf 79' lang='lat' dir='ltr'><strong>Verba</strong></span> <span class='ocrx_word' id='word_1_64' title='bbox 3057 783 3173 883; x_wconf 74' lang='lat' dir='ltr'><strong>ejus</strong></span> <span class='ocrx_word' id='word_1_65' title='bbox 3199 819 3306 874; x_wconf 85' lang='lat' dir='ltr'><strong>huc</strong></span> 
     </span>
    </p>
   </div>
   <div class='ocr_carea' id='block_1_6' title="bbox 116 874 3333 974">
    <p class='ocr_par' dir='ltr' id='par_1_6' title="bbox 116 874 3333 974">
     <span class='ocr_line' id='line_1_6' title="bbox 116 874 3333 974; baseline 0.012 -50"><span class='ocrx_word' id='word_1_66' title='bbox 116 874 372 974; x_wconf 55' lang='lat' dir='ltr'><strong>Pbczntina,</strong></span> <span class='ocrx_word' id='word_1_67' title='bbox 524 882 702 974; x_wconf 76' lang='lat' dir='ltr'><strong>xu’ad</strong></span> <span class='ocrx_word' id='word_1_68' title='bbox 728 898 819 935; x_wconf 87' lang='lat' dir='ltr'><strong>an.</strong></span> <span class='ocrx_word' id='word_1_69' title='bbox 849 884 1008 951; x_wconf 83' lang='grc'><strong>1095,</strong></span> <span class='ocrx_word' id='word_1_70' title='bbox 1042 902 1163 955; x_wconf 76' lang='lat' dir='ltr'><strong>qua:</strong></span> <span class='ocrx_word' id='word_1_71' title='bbox 1192 905 1314 943; x_wconf 90' lang='lat' dir='ltr'><strong>cum</strong></span> <span class='ocrx_word' id='word_1_72' title='bbox 1348 906 1454 945; x_wconf 83' lang='lat' dir='ltr'><strong>non</strong></span> <span class='ocrx_word' id='word_1_73' title='bbox 1488 894 1623 947; x_wconf 87' lang='lat' dir='ltr'><strong>satis</strong></span> <span class='ocrx_word' id='word_1_74' title='bbox 1727 895 2025 963; x_wconf 85' lang='lat' dir='ltr'><strong>spectantia</strong></span> <span class='ocrx_word' id='word_1_75' title='bbox 2059 898 2202 966; x_wconf 89' lang='lat' dir='ltr'><strong>apud</strong></span> <span class='ocrx_word' id='word_1_76' title='bbox 2228 896 2660 966; x_wconf 86' lang='lat' dir='ltr'><strong>Papebrochium</strong></span> <span class='ocrx_word' id='word_1_77' title='bbox 2702 902 2752 956; x_wconf 92' lang='lat' dir='ltr'><strong>in</strong></span> <span class='ocrx_word' id='word_1_78' title='bbox 2794 874 3225 974; x_wconf 43' lang='lat' dir='ltr'><strong>l’ropylaeo&#39;Maii</strong></span> <span class='ocrx_word' id='word_1_79' title='bbox 3253 907 3333 962; x_wconf 59' lang='lat' dir='ltr'><strong>in»</strong></span> 
     </span>
    </p>
   </div>
   <div class='ocr_carea' id='block_1_7' title="bbox 112 964 1330 1033">
    <p class='ocr_par' dir='ltr' id='par_1_7' title="bbox 112 964 1330 1033">
     <span class='ocr_line' id='line_1_7' title="bbox 112 964 1330 1033; baseline 0.011 -16"><span class='ocrx_word' id='word_1_80' title='bbox 112 964 183 1017; x_wconf 80' lang='lat' dir='ltr'><strong>sibi</strong></span> <span class='ocrx_word' id='word_1_81' title='bbox 205 975 438 1033; x_wconf 79' lang='lat' dir='ltr'><strong>constent,</strong></span> <span class='ocrx_word' id='word_1_82' title='bbox 463 967 566 1022; x_wconf 87' lang='lat' dir='ltr'><strong>huc</strong></span> <span class='ocrx_word' id='word_1_83' title='bbox 599 970 809 1026; x_wconf 72' lang='lat' dir='ltr'><strong>referre</strong></span> <span class='ocrx_word' id='word_1_84' title='bbox 841 974 1015 1028; x_wconf 89' lang='lat' dir='ltr'><strong>visum</strong></span> <span class='ocrx_word' id='word_1_85' title='bbox 1043 993 1147 1031; x_wconf 90' lang='lat' dir='ltr'><strong>non</strong></span> <span class='ocrx_word' id='word_1_86' title='bbox 1184 988 1287 1033; x_wconf 89' lang='lat' dir='ltr'><strong>est.</strong></span> <span class='ocrx_word' id='word_1_87' title='bbox 1313 999 1330 1031; x_wconf 88' lang='grc' dir='ltr'><strong>ι</strong></span> 
     </span>
    </p>
   </div>
   <div class='ocr_carea' id='block_1_8' title="bbox 156 1055 1619 1139">
    <p class='ocr_par' dir='ltr' id='par_1_8' title="bbox 156 1055 1619 1139">
     <span class='ocr_line' id='line_1_8' title="bbox 156 1055 1619 1139; baseline 0.012 -32"><span class='ocrx_word' id='word_1_88' title='bbox 156 1055 521 1111; x_wconf 70' lang='lat' dir='ltr'><strong>GOJJlacteuus</strong></span> <span class='ocrx_word' id='word_1_89' title='bbox 569 1059 909 1118; x_wconf 81' lang='lat' dir='ltr'><strong>Rninartius.</strong></span> <span class='ocrx_word' id='word_1_90' title='bbox 954 1065 1132 1136; x_wconf 85' lang='lat' dir='ltr'><strong>Atque</strong></span> <span class='ocrx_word' id='word_1_91' title='bbox 1173 1084 1238 1123; x_wconf 80' lang='lat' dir='ltr'><strong>ex</strong></span> <span class='ocrx_word' id='word_1_92' title='bbox 1289 1070 1372 1125; x_wconf 90' lang='lat' dir='ltr'><strong>bis</strong></span> <span class='ocrx_word' id='word_1_93' title='bbox 1402 1071 1619 1139; x_wconf 91' lang='lat' dir='ltr'><strong>quidem</strong></span> 
     </span>
    </p>
   </div>
   <div class='ocr_carea' id='block_1_9' title="bbox 111 1145 1619 1229">
    <p class='ocr_par' dir='ltr' id='par_1_9' title="bbox 111 1145 1619 1229">
     <span class='ocr_line' id='line_1_9' title="bbox 111 1145 1619 1229; baseline 0.014 -32"><span class='ocrx_word' id='word_1_94' title='bbox 111 1145 189 1213; x_wconf 75' lang='lat' dir='ltr'><strong>ejus</strong></span> <span class='ocrx_word' id='word_1_95' title='bbox 212 1147 362 1202; x_wconf 75' lang='lat' dir='ltr'><strong>verbis</strong></span> <span class='ocrx_word' id='word_1_96' title='bbox 384 1149 725 1221; x_wconf 79' lang='lat' dir='ltr'><strong>in&#39;clligitur,</strong></span> <span class='ocrx_word' id='word_1_97' title='bbox 756 1153 1156 1224; x_wconf 63' lang='lat' dir='ltr'><strong>l&#39;rietationcm,</strong></span> <span class='ocrx_word' id='word_1_98' title='bbox 1192 1176 1311 1229; x_wconf 87' lang='lat' dir='ltr'><strong>quae</strong></span> <span class='ocrx_word' id='word_1_99' title='bbox 1337 1162 1400 1215; x_wconf 90' lang='lat' dir='ltr'><strong>de</strong></span> <span class='ocrx_word' id='word_1_100' title='bbox 1427 1164 1483 1216; x_wconf 83' lang='grc' dir='ltr'><strong>Β.</strong></span> <span class='ocrx_word' id='word_1_101' title='bbox 1511 1163 1619 1217; x_wconf 83' lang='lat' dir='ltr'><strong>Ma-</strong></span> 
     </span>
    </p>
   </div>
   <div class='ocr_carea' id='block_1_10' title="bbox 111 1236 1615 1321">
    <p class='ocr_par' dir='ltr' id='par_1_10' title="bbox 111 1236 1615 1321">
     <span class='ocr_line' id='line_1_10' title="bbox 111 1236 1615 1321; baseline 0.015 -36"><span class='ocrx_word' id='word_1_102' title='bbox 111 1237 160 1286; x_wconf 76' lang='lat' dir='ltr'><strong>ria</strong></span> <span class='ocrx_word' id='word_1_103' title='bbox 192 1236 370 1306; x_wconf 66' lang='lat' dir='ltr'><strong>Virgine</strong></span> <span class='ocrx_word' id='word_1_104' title='bbox 414 1251 517 1305; x_wconf 65' lang='grc' dir='ltr'><strong>ρει,</strong></span> <span class='ocrx_word' id='word_1_105' title='bbox 552 1258 659 1296; x_wconf 88' lang='lat' dir='ltr'><strong>non</strong></span> <span class='ocrx_word' id='word_1_106' title='bbox 707 1255 859 1298; x_wconf 85' lang='lat' dir='ltr'><strong>certo</strong></span> <span class='ocrx_word' id='word_1_107' title='bbox 901 1247 953 1300; x_wconf 91' lang='lat' dir='ltr'><strong>in</strong></span> <span class='ocrx_word' id='word_1_108' title='bbox 1002 1250 1233 1304; x_wconf 68' lang='lat' dir='ltr'><strong>crnmilio</strong></span> <span class='ocrx_word' id='word_1_109' title='bbox 1264 1251 1577 1308; x_wconf 84' lang='lat' dir='ltr'><strong>Placentino</strong></span> <span class='ocrx_word' id='word_1_110' title='bbox 1601 1295 1615 1321; x_wconf 92' lang='lat'><strong>,</strong></span> 
     </span>
    </p>
   </div>
   <div class='ocr_carea' id='block_1_11' title="bbox 109 1328 1613 1416">
    <p class='ocr_par' dir='ltr' id='par_1_11' title="bbox 109 1328 1613 1416">
     <span class='ocr_line' id='line_1_11' title="bbox 109 1328 1613 1416; baseline 0.017 -40"><span class='ocrx_word' id='word_1_111' title='bbox 109 1328 169 1378; x_wconf 71' lang='lat' dir='ltr'><strong>sed</strong></span> <span class='ocrx_word' id='word_1_112' title='bbox 193 1328 253 1380; x_wconf 82' lang='lat' dir='ltr'><strong>vel</strong></span> <span class='ocrx_word' id='word_1_113' title='bbox 277 1329 320 1382; x_wconf 90' lang='lat' dir='ltr'><strong>in</strong></span> <span class='ocrx_word' id='word_1_114' title='bbox 350 1330 477 1393; x_wconf 87' lang='lat' dir='ltr'><strong>hoc,</strong></span> <span class='ocrx_word' id='word_1_115' title='bbox 509 1334 554 1387; x_wconf 92' lang='lat' dir='ltr'><strong>si</strong></span> <span class='ocrx_word' id='word_1_116' title='bbox 608 1337 781 1391; x_wconf 86' lang='lat' dir='ltr'><strong>codici</strong></span> <span class='ocrx_word' id='word_1_117' title='bbox 833 1338 1176 1411; x_wconf 79' lang='lat' dir='ltr'><strong>Remigiano,</strong></span> <span class='ocrx_word' id='word_1_118' title='bbox 1207 1362 1367 1415; x_wconf 86' lang='lat' dir='ltr'><strong>quem</strong></span> <span class='ocrx_word' id='word_1_119' title='bbox 1412 1348 1613 1416; x_wconf 90' lang='lat' dir='ltr'><strong>laudat,</strong></span> 
     </span>
    </p>
   </div>
   <div class='ocr_carea' id='block_1_12' title="bbox 109 1418 1611 1509">
    <p class='ocr_par' dir='ltr' id='par_1_12' title="bbox 109 1418 1611 1509">
     <span class='ocr_line' id='line_1_12' title="bbox 109 1418 1611 1509; baseline 0.018 -40"><span class='ocrx_word' id='word_1_120' title='bbox 109 1418 197 1472; x_wconf 76' lang='lat' dir='ltr'><strong>ﬁdes</strong></span> <span class='ocrx_word' id='word_1_121' title='bbox 221 1420 401 1485; x_wconf 78' lang='lat' dir='ltr'><strong>sit,vel</strong></span> <span class='ocrx_word' id='word_1_122' title='bbox 439 1425 490 1479; x_wconf 90' lang='lat' dir='ltr'><strong>in</strong></span> <span class='ocrx_word' id='word_1_123' title='bbox 540 1428 1021 1488; x_wconf 82' lang='lat' dir='ltr'><strong>Ewardestallensi</strong></span> <span class='ocrx_word' id='word_1_124' title='bbox 1063 1452 1157 1490; x_wconf 90' lang='lat' dir='ltr'><strong>seu</strong></span> <span class='ocrx_word' id='word_1_125' title='bbox 1209 1438 1568 1496; x_wconf 84' lang='lat' dir='ltr'><strong>Guastcllensi</strong></span> <span class='ocrx_word' id='word_1_126' title='bbox 1596 1484 1611 1509; x_wconf 93' lang='lat'><strong>,</strong></span> 
     </span>
    </p>
   </div>
   <div class='ocr_carea' id='block_1_13' title="bbox 108 1512 1611 1601">
    <p class='ocr_par' dir='ltr' id='par_1_13' title="bbox 108 1512 1611 1601">
     <span class='ocr_line' id='line_1_13' title="bbox 108 1512 1611 1601; baseline 0.019 -41"><span class='ocrx_word' id='word_1_127' title='bbox 108 1512 413 1583; x_wconf 70' lang='lat' dir='ltr'><strong>sil’anduipho</strong></span> <span class='ocrx_word' id='word_1_128' title='bbox 434 1521 764 1576; x_wconf 83' lang='lat' dir='ltr'><strong>credendum</strong></span> <span class='ocrx_word' id='word_1_129' title='bbox 811 1526 904 1586; x_wconf 59' lang='lat' dir='ltr'><strong>sit,</strong></span> <span class='ocrx_word' id='word_1_130' title='bbox 939 1526 1137 1584; x_wconf 86' lang='lat' dir='ltr'><strong>factam</strong></span> <span class='ocrx_word' id='word_1_131' title='bbox 1165 1530 1351 1587; x_wconf 83' lang='lat' dir='ltr'><strong>fuisse.</strong></span> <span class='ocrx_word' id='word_1_132' title='bbox 1394 1532 1611 1601; x_wconf 90' lang='lat' dir='ltr'><strong>Verum,</strong></span> 
     </span>
    </p>
   </div>
   <div class='ocr_carea' id='block_1_14' title="bbox 106 1604 1613 1689">
    <p class='ocr_par' dir='ltr' id='par_1_14' title="bbox 106 1604 1613 1689">
     <span class='ocr_line' id='line_1_14' title="bbox 106 1604 1613 1689; baseline 0.019 -34"><span class='ocrx_word' id='word_1_133' title='bbox 106 1604 179 1656; x_wconf 78' lang='lat' dir='ltr'><strong>sive</strong></span> <span class='ocrx_word' id='word_1_134' title='bbox 208 1606 248 1657; x_wconf 91' lang='lat' dir='ltr'><strong>in</strong></span> <span class='ocrx_word' id='word_1_135' title='bbox 292 1608 414 1676; x_wconf 87' lang='lat' dir='ltr'><strong>hoc,</strong></span> <span class='ocrx_word' id='word_1_136' title='bbox 438 1614 584 1680; x_wconf 90' lang='lat' dir='ltr'><strong>quod</strong></span> <span class='ocrx_word' id='word_1_137' title='bbox 630 1618 994 1674; x_wconf 82' lang='lat' dir='ltr'><strong>verosimilius</strong></span> <span class='ocrx_word' id='word_1_138' title='bbox 1042 1637 1184 1689; x_wconf 90' lang='lat' dir='ltr'><strong>reor,</strong></span> <span class='ocrx_word' id='word_1_139' title='bbox 1233 1625 1348 1679; x_wconf 92' lang='lat' dir='ltr'><strong>sive</strong></span> <span class='ocrx_word' id='word_1_140' title='bbox 1381 1626 1430 1678; x_wconf 91' lang='lat' dir='ltr'><strong>in</strong></span> <span class='ocrx_word' id='word_1_141' title='bbox 1467 1628 1556 1681; x_wconf 86' lang='lat' dir='ltr'><strong>illo</strong></span> <span class='ocrx_word' id='word_1_142' title='bbox 1583 1644 1613 1682; x_wconf 90' lang='lat' dir='ltr'><strong>e</strong></span> 
     </span>
    </p>
   </div>
   <div class='ocr_carea' id='block_1_15' title="bbox 106 1693 1612 1785">
    <p class='ocr_par' dir='ltr' id='par_1_15' title="bbox 106 1693 1612 1785">
     <span class='ocr_line' id='line_1_15' title="bbox 106 1693 1612 1785; baseline 0.021 -41"><span class='ocrx_word' id='word_1_143' title='bbox 106 1693 200 1747; x_wconf 81' lang='lat' dir='ltr'><strong>binis</strong></span> <span class='ocrx_word' id='word_1_144' title='bbox 228 1696 355 1752; x_wconf 75' lang='lat' dir='ltr'><strong>b.’sce</strong></span> <span class='ocrx_word' id='word_1_145' title='bbox 403 1704 654 1758; x_wconf 81' lang='lat' dir='ltr'><strong>conciliis</strong></span> <span class='ocrx_word' id='word_1_146' title='bbox 682 1706 824 1761; x_wconf 85' lang='lat' dir='ltr'><strong>facta</strong></span> <span class='ocrx_word' id='word_1_147' title='bbox 862 1710 1045 1777; x_wconf 82' lang='lat' dir='ltr'><strong>fuerit,</strong></span> <span class='ocrx_word' id='word_1_148' title='bbox 1083 1728 1210 1767; x_wconf 84' lang='lat' dir='ltr'><strong>vera</strong></span> <span class='ocrx_word' id='word_1_149' title='bbox 1259 1731 1379 1771; x_wconf 89' lang='lat' dir='ltr'><strong>esse</strong></span> <span class='ocrx_word' id='word_1_150' title='bbox 1434 1729 1612 1785; x_wconf 84' lang='lat' dir='ltr'><strong>potest</strong></span> 
     </span>
    </p>
   </div>
   <div class='ocr_carea' id='block_1_16' title="bbox 103 1790 1607 1862">
    <p class='ocr_par' dir='ltr' id='par_1_16' title="bbox 103 1790 1607 1862">
     <span class='ocr_line' id='line_1_16' title="bbox 103 1790 1607 1862; baseline 0.017 -25"><span class='ocrx_word' id='word_1_151' title='bbox 103 1798 230 1839; x_wconf 83' lang='lat' dir='ltr'><strong>eorum</strong></span> <span class='ocrx_word' id='word_1_152' title='bbox 268 1790 430 1857; x_wconf 88' lang='lat' dir='ltr'><strong>opinio</strong></span> <span class='ocrx_word' id='word_1_153' title='bbox 456 1832 469 1853; x_wconf 90' lang='lat'><strong>,</strong></span> <span class='ocrx_word' id='word_1_154' title='bbox 523 1794 618 1862; x_wconf 81' lang='lat' dir='ltr'><strong>qui</strong></span> <span class='ocrx_word' id='word_1_155' title='bbox 657 1807 903 1851; x_wconf 86' lang='lat' dir='ltr'><strong>sanctum</strong></span> <span class='ocrx_word' id='word_1_156' title='bbox 940 1810 1184 1855; x_wconf 56' lang='lat' dir='ltr'><strong>nostrum</strong></span> <span class='ocrx_word' id='word_1_157' title='bbox 1223 1804 1368 1860; x_wconf 90' lang='lat' dir='ltr'><strong>illius</strong></span> <span class='ocrx_word' id='word_1_158' title='bbox 1401 1806 1607 1861; x_wconf 89' lang='lat' dir='ltr'><strong>faciunt</strong></span> 
     </span>
    </p>
   </div>
   <div class='ocr_carea' id='block_1_17' title="bbox 1726 985 3312 1052">
    <p class='ocr_par' dir='ltr' id='par_1_17' title="bbox 1726 985 3312 1052">
     <span class='ocr_line' id='line_1_17' title="bbox 1726 985 3312 1052; baseline 0.008 -13"><span class='ocrx_word' id='word_1_159' title='bbox 1726 985 1931 1039; x_wconf 85' lang='lat' dir='ltr'><strong>Conatu</strong></span> <span class='ocrx_word' id='word_1_160' title='bbox 1984 988 2534 1046; x_wconf 74' lang='lat' dir='ltr'><strong>Chronico-historico</strong></span> <span class='ocrx_word' id='word_1_161' title='bbox 2575 992 2642 1046; x_wconf 86' lang='lat' dir='ltr'><strong>ad</strong></span> <span class='ocrx_word' id='word_1_162' title='bbox 2690 994 3057 1049; x_wconf 72' lang='lat' dir='ltr'><strong>Romanorum</strong></span> <span class='ocrx_word' id='word_1_163' title='bbox 3090 997 3312 1052; x_wconf 85' lang='lat' dir='ltr'><strong>Pontili-</strong></span> 
     </span>
    </p>
   </div>
   <div class='ocr_carea' id='block_1_18' title="bbox 1722 1080 3305 1158">
    <p class='ocr_par' dir='ltr' id='par_1_18' title="bbox 1722 1080 3305 1158">
     <span class='ocr_line' id='line_1_18' title="bbox 1722 1080 3305 1158; baseline 0.009 -28"><span class='ocrx_word' id='word_1_164' title='bbox 1722 1094 1846 1132; x_wconf 90' lang='lat' dir='ltr'><strong>cum</strong></span> <span class='ocrx_word' id='word_1_165' title='bbox 1898 1080 2214 1151; x_wconf 85' lang='lat' dir='ltr'><strong>Catalogum</strong></span> <span class='ocrx_word' id='word_1_166' title='bbox 2257 1084 2309 1137; x_wconf 91' lang='lat' dir='ltr'><strong>in</strong></span> <span class='ocrx_word' id='word_1_167' title='bbox 2362 1085 2580 1141; x_wconf 86' lang='lat' dir='ltr'><strong>Urbano</strong></span> <span class='ocrx_word' id='word_1_168' title='bbox 2607 1088 2670 1153; x_wconf 90' lang='lat' dir='ltr'><strong>ll,</strong></span> <span class='ocrx_word' id='word_1_169' title='bbox 2700 1097 2755 1143; x_wconf 89' lang='lat' dir='ltr'><strong>et</strong></span> <span class='ocrx_word' id='word_1_170' title='bbox 2783 1089 2923 1158; x_wconf 87' lang='lat' dir='ltr'><strong>apud</strong></span> <span class='ocrx_word' id='word_1_171' title='bbox 2954 1088 3305 1145; x_wconf 75' lang='lat' dir='ltr'><strong>Muralorium</strong></span> 
     </span>
    </p>
   </div>
   <div class='ocr_carea' id='block_1_19' title="bbox 1724 1172 3331 1250">
    <p class='ocr_par' dir='ltr' id='par_1_19' title="bbox 1724 1172 3331 1250">
     <span class='ocr_line' id='line_1_19' title="bbox 1724 1172 3331 1250; baseline 0.008 -28"><span class='ocrx_word' id='word_1_172' title='bbox 1724 1181 1856 1224; x_wconf 88' lang='lat' dir='ltr'><strong>tom.</strong></span> <span class='ocrx_word' id='word_1_173' title='bbox 1911 1172 1976 1225; x_wconf 91' lang='lat' dir='ltr'><strong>lll</strong></span> <span class='ocrx_word' id='word_1_174' title='bbox 2019 1172 2218 1228; x_wconf 81' lang='lat' dir='ltr'><strong>Rerum</strong></span> <span class='ocrx_word' id='word_1_175' title='bbox 2269 1175 2577 1231; x_wconf 82' lang='lat' dir='ltr'><strong>ltalicarunt</strong></span> <span class='ocrx_word' id='word_1_176' title='bbox 2626 1178 2965 1247; x_wconf 77' lang='lat' dir='ltr'><strong>Scriptorum</strong></span> <span class='ocrx_word' id='word_1_177' title='bbox 2996 1181 3135 1250; x_wconf 49' lang='lat' dir='ltr'><strong>fpag.</strong></span> <span class='ocrx_word' id='word_1_178' title='bbox 3199 1176 3331 1235; x_wconf 69' lang='lat'>55:2!</span> 
     </span>
    </p>
   </div>
   <div class='ocr_carea' id='block_1_20' title="bbox 1722 1262 3329 1339">
    <p class='ocr_par' dir='ltr' id='par_1_20' title="bbox 1722 1262 3329 1339">
     <span class='ocr_line' id='line_1_20' title="bbox 1722 1262 3329 1339; baseline 0.007 -25"><span class='ocrx_word' id='word_1_179' title='bbox 1722 1262 1835 1315; x_wconf 74' lang='lat' dir='ltr'><strong>haec</strong></span> <span class='ocrx_word' id='word_1_180' title='bbox 1857 1272 2022 1317; x_wconf 88' lang='lat' dir='ltr'><strong>sunt:</strong></span> <span class='ocrx_word' id='word_1_181' title='bbox 2062 1283 2080 1314; x_wconf 84' lang='grc' dir='ltr'><strong>ι</strong></span> <span class='ocrx_word' id='word_1_182' title='bbox 2121 1264 2227 1318; x_wconf 80' lang='lat' dir='ltr'><strong>Sex</strong></span> <span class='ocrx_word' id='word_1_183' title='bbox 2259 1267 2486 1321; x_wconf 84' lang='lat' dir='ltr'><strong>concilia</strong></span> <span class='ocrx_word' id='word_1_184' title='bbox 2527 1268 2803 1336; x_wconf 78' lang='lat' dir='ltr'><strong>(Urbanus</strong></span> <span class='ocrx_word' id='word_1_185' title='bbox 2851 1269 2917 1333; x_wconf 88' lang='lat' dir='ltr'><strong>ll,</strong></span> <span class='ocrx_word' id='word_1_186' title='bbox 2954 1272 3113 1339; x_wconf 88' lang='lat' dir='ltr'><strong>papa)</strong></span> <span class='ocrx_word' id='word_1_187' title='bbox 3161 1271 3329 1325; x_wconf 37' lang='lat' dir='ltr'><strong>celet</strong></span> 
     </span>
    </p>
   </div>
   <div class='ocr_carea' id='block_1_21' title="bbox 1721 1354 3321 1432">
    <p class='ocr_par' dir='ltr' id='par_1_21' title="bbox 1721 1354 3321 1432">
     <span class='ocr_line' id='line_1_21' title="bbox 1721 1354 3321 1432; baseline 0.005 -25"><span class='ocrx_word' id='word_1_188' title='bbox 1721 1354 1941 1423; x_wconf 86' lang='lat' dir='ltr'><strong>bravit,</strong></span> <span class='ocrx_word' id='word_1_189' title='bbox 1998 1372 2163 1410; x_wconf 90' lang='lat' dir='ltr'><strong>unum</strong></span> <span class='ocrx_word' id='word_1_190' title='bbox 2215 1360 2354 1426; x_wconf 87' lang='lat' dir='ltr'><strong>apud</strong></span> <span class='ocrx_word' id='word_1_191' title='bbox 2405 1359 2824 1425; x_wconf 79' lang='lat' dir='ltr'><strong>Clarimontem;</strong></span> <span class='ocrx_word' id='word_1_192' title='bbox 2884 1362 3116 1415; x_wconf 89' lang='lat' dir='ltr'><strong>alterum</strong></span> <span class='ocrx_word' id='word_1_193' title='bbox 3163 1364 3321 1432; x_wconf 19' lang='lat' dir='ltr'><strong>apud;</strong></span> 
     </span>
    </p>
   </div>
   <div class='ocr_carea' id='block_1_22' title="bbox 1716 1444 3305 1517">
    <p class='ocr_par' dir='ltr' id='par_1_22' title="bbox 1716 1444 3305 1517">
     <span class='ocr_line' id='line_1_22' title="bbox 1716 1444 3305 1517; baseline 0.004 -18"><span class='ocrx_word' id='word_1_194' title='bbox 1716 1444 2154 1501; x_wconf 85' lang='lat' dir='ltr'><strong>Guardestallum</strong></span> <span class='ocrx_word' id='word_1_195' title='bbox 2186 1447 2600 1516; x_wconf 63' lang='lat' dir='ltr'><strong>Longobardiai,</strong></span> <span class='ocrx_word' id='word_1_196' title='bbox 2644 1451 2694 1502; x_wconf 92' lang='lat' dir='ltr'><strong>in</strong></span> <span class='ocrx_word' id='word_1_197' title='bbox 2722 1466 2830 1517; x_wconf 92' lang='lat' dir='ltr'><strong>quo</strong></span> <span class='ocrx_word' id='word_1_198' title='bbox 2864 1451 2989 1503; x_wconf 84' lang='lat' dir='ltr'><strong>fecit</strong></span> <span class='ocrx_word' id='word_1_199' title='bbox 3024 1450 3305 1506; x_wconf 69' lang='lat' dir='ltr'><strong>l‘rmfatio-</strong></span> 
     </span>
    </p>
   </div>
   <div class='ocr_carea' id='block_1_23' title="bbox 1715 1538 3303 1609">
    <p class='ocr_par' dir='ltr' id='par_1_23' title="bbox 1715 1538 3303 1609">
     <span class='ocr_line' id='line_1_23' title="bbox 1715 1538 3303 1609; baseline 0.005 -18"><span class='ocrx_word' id='word_1_200' title='bbox 1715 1553 1837 1591; x_wconf 89' lang='lat' dir='ltr'><strong>nem</strong></span> <span class='ocrx_word' id='word_1_201' title='bbox 1873 1539 1938 1591; x_wconf 87' lang='lat' dir='ltr'><strong>de</strong></span> <span class='ocrx_word' id='word_1_202' title='bbox 1978 1538 2361 1593; x_wconf 72' lang='lat' dir='ltr'><strong>festivitatibus</strong></span> <span class='ocrx_word' id='word_1_203' title='bbox 2390 1538 2447 1594; x_wconf 80' lang='grc' dir='ltr'><strong>Β.</strong></span> <span class='ocrx_word' id='word_1_204' title='bbox 2482 1540 2663 1595; x_wconf 68' lang='lat' dir='ltr'><strong>Maria:</strong></span> <span class='ocrx_word' id='word_1_205' title='bbox 2691 1540 2955 1609; x_wconf 72' lang='lat' dir='ltr'><strong>Virginis;</strong></span> <span class='ocrx_word' id='word_1_206' title='bbox 2996 1543 3138 1597; x_wconf 89' lang='lat' dir='ltr'><strong>aliud</strong></span> <span class='ocrx_word' id='word_1_207' title='bbox 3174 1561 3303 1599; x_wconf 86' lang='lat' dir='ltr'><strong>vero</strong></span> 
     </span>
    </p>
   </div>
   <div class='ocr_carea' id='block_1_24' title="bbox 1714 1630 3299 1699">
    <p class='ocr_par' dir='ltr' id='par_1_24' title="bbox 1714 1630 3299 1699">
     <span class='ocr_line' id='line_1_24' title="bbox 1714 1630 3299 1699; baseline 0.004 -16"><span class='ocrx_word' id='word_1_208' title='bbox 1714 1630 1853 1699; x_wconf 89' lang='lat' dir='ltr'><strong>apud</strong></span> <span class='ocrx_word' id='word_1_209' title='bbox 1880 1630 2131 1695; x_wconf 78' lang='lat' dir='ltr'><strong>Melfiam,</strong></span> <span class='ocrx_word' id='word_1_210' title='bbox 2156 1642 2210 1685; x_wconf 89' lang='lat' dir='ltr'><strong>et</strong></span> <span class='ocrx_word' id='word_1_211' title='bbox 2243 1631 2475 1687; x_wconf 87' lang='lat' dir='ltr'><strong>alterum</strong></span> <span class='ocrx_word' id='word_1_212' title='bbox 2501 1632 2684 1688; x_wconf 67' lang='lat' dir='ltr'><strong>Ratira:</strong></span> <span class='ocrx_word' id='word_1_213' title='bbox 2708 1634 2760 1687; x_wconf 91' lang='lat' dir='ltr'><strong>in</strong></span> <span class='ocrx_word' id='word_1_214' title='bbox 2792 1633 3020 1689; x_wconf 81' lang='lat' dir='ltr'><strong>ecclesia</strong></span> <span class='ocrx_word' id='word_1_215' title='bbox 3050 1633 3110 1687; x_wconf 91' lang='lat' dir='ltr'><strong>B.</strong></span> <span class='ocrx_word' id='word_1_216' title='bbox 3131 1634 3299 1689; x_wconf 89' lang='lat' dir='ltr'><strong>Petri.</strong></span> 
     </span>
    </p>
   </div>
   <div class='ocr_carea' id='block_1_25' title="bbox 1712 1721 3301 1794">
    <p class='ocr_par' dir='ltr' id='par_1_25' title="bbox 1712 1721 3301 1794">
     <span class='ocr_line' id='line_1_25' title="bbox 1712 1721 3301 1794; baseline 0.003 -19"><span class='ocrx_word' id='word_1_217' title='bbox 1712 1722 1869 1776; x_wconf 80' lang='lat' dir='ltr'><strong>Aliud</strong></span> <span class='ocrx_word' id='word_1_218' title='bbox 1904 1722 2045 1791; x_wconf 90' lang='lat' dir='ltr'><strong>apud</strong></span> <span class='ocrx_word' id='word_1_219' title='bbox 2076 1721 2291 1792; x_wconf 88' lang='lat' dir='ltr'><strong>Trojam</strong></span> <span class='ocrx_word' id='word_1_220' title='bbox 2320 1723 2372 1777; x_wconf 90' lang='lat' dir='ltr'><strong>in</strong></span> <span class='ocrx_word' id='word_1_221' title='bbox 2405 1723 2627 1792; x_wconf 82' lang='lat' dir='ltr'><strong>Apulia,</strong></span> <span class='ocrx_word' id='word_1_222' title='bbox 2658 1734 2712 1779; x_wconf 90' lang='lat' dir='ltr'><strong>et</strong></span> <span class='ocrx_word' id='word_1_223' title='bbox 2756 1724 2986 1780; x_wconf 70' lang='lat' dir='ltr'><strong>alttrum</strong></span> <span class='ocrx_word' id='word_1_224' title='bbox 3016 1727 3155 1794; x_wconf 89' lang='lat' dir='ltr'><strong>apud</strong></span> <span class='ocrx_word' id='word_1_225' title='bbox 3180 1726 3301 1779; x_wconf 87' lang='lat' dir='ltr'><strong>Pia-</strong></span> 
     </span>
    </p>
   </div>
   <div class='ocr_carea' id='block_1_26' title="bbox 1712 1802 3299 1885">
    <p class='ocr_par' dir='ltr' id='par_1_26' title="bbox 1712 1802 3299 1885">
     <span class='ocr_line' id='line_1_26' title="bbox 1712 1802 3299 1885; baseline 0.003 -20"><span class='ocrx_word' id='word_1_226' title='bbox 1712 1814 1963 1866; x_wconf 86' lang='lat' dir='ltr'><strong>centiam.</strong></span> <span class='ocrx_word' id='word_1_227' title='bbox 2005 1832 2023 1866; x_wconf 77' lang='grc' dir='ltr'><strong>ι</strong></span> <span class='ocrx_word' id='word_1_228' title='bbox 2056 1802 2330 1869; x_wconf 80' lang='lat' dir='ltr'><strong>Hactenus</strong></span> <span class='ocrx_word' id='word_1_229' title='bbox 2360 1813 2738 1884; x_wconf 77' lang='lat' dir='ltr'><strong>Patnlulphus.</strong></span> <span class='ocrx_word' id='word_1_230' title='bbox 2769 1816 2946 1884; x_wconf 80' lang='lat' dir='ltr'><strong>Atque</strong></span> <span class='ocrx_word' id='word_1_231' title='bbox 2989 1817 3140 1870; x_wconf 90' lang='lat' dir='ltr'><strong>hisee</strong></span> <span class='ocrx_word' id='word_1_232' title='bbox 3177 1816 3299 1885; x_wconf 84' lang='lat' dir='ltr'><strong>qui-</strong></span> 
     </span>
    </p>
   </div>
   <div class='ocr_carea' id='block_1_27' title="bbox 104 1875 3298 1974">
    <p class='ocr_par' dir='ltr' id='par_1_27' title="bbox 104 1875 3298 1974">
     <span class='ocr_line' id='line_1_27' title="bbox 104 1875 3298 1974; baseline 0.01 -48"><span class='ocrx_word' id='word_1_233' title='bbox 104 1888 322 1974; x_wconf 48' lang='lat' dir='ltr'><strong>aucto-rein,</strong></span> <span class='ocrx_word' id='word_1_234' title='bbox 345 1897 460 1935; x_wconf 89' lang='lat' dir='ltr'><strong>cum</strong></span> <span class='ocrx_word' id='word_1_235' title='bbox 494 1885 632 1938; x_wconf 84' lang='lat' dir='ltr'><strong>nihil</strong></span> <span class='ocrx_word' id='word_1_236' title='bbox 667 1890 890 1943; x_wconf 86' lang='lat' dir='ltr'><strong>omnino</strong></span> <span class='ocrx_word' id='word_1_237' title='bbox 913 1894 1112 1957; x_wconf 88' lang='lat' dir='ltr'><strong>obstet,</strong></span> <span class='ocrx_word' id='word_1_238' title='bbox 1147 1912 1254 1963; x_wconf 89' lang='lat' dir='ltr'><strong>quo</strong></span> <span class='ocrx_word' id='word_1_239' title='bbox 1303 1897 1479 1951; x_wconf 87' lang='lat' dir='ltr'><strong>minus</strong></span> <span class='ocrx_word' id='word_1_240' title='bbox 1520 1900 1606 1955; x_wconf 81' lang='lat' dir='ltr'><strong>hic</strong></span> <span class='ocrx_word' id='word_1_241' title='bbox 1639 1875 1681 1929; x_wconf 73' lang='grc' dir='ltr'>Β</span> <span class='ocrx_word' id='word_1_242' title='bbox 1707 1903 1826 1956; x_wconf 90' lang='lat' dir='ltr'><strong>dem</strong></span> <span class='ocrx_word' id='word_1_243' title='bbox 1860 1902 2065 1969; x_wconf 87' lang='lat' dir='ltr'><strong>verbis,</strong></span> <span class='ocrx_word' id='word_1_244' title='bbox 2096 1902 2263 1957; x_wconf 80' lang='lat' dir='ltr'><strong>fuisse</strong></span> <span class='ocrx_word' id='word_1_245' title='bbox 2292 1904 2359 1957; x_wconf 89' lang='lat' dir='ltr'><strong>ab</strong></span> <span class='ocrx_word' id='word_1_246' title='bbox 2406 1903 2623 1958; x_wconf 81' lang='lat' dir='ltr'><strong>Urbano</strong></span> <span class='ocrx_word' id='word_1_247' title='bbox 2648 1902 2689 1957; x_wconf 91' lang='lat' dir='ltr'><strong>ll</strong></span> <span class='ocrx_word' id='word_1_248' title='bbox 2727 1919 2861 1974; x_wconf 85' lang='lat' dir='ltr'><strong>papa</strong></span> <span class='ocrx_word' id='word_1_249' title='bbox 2893 1903 3298 1970; x_wconf 65' lang='lat' dir='ltr'><strong>Praefationem,</strong></span> 
     </span>
    </p>
   </div>
   <div class='ocr_carea' id='block_1_28' title="bbox 106 1968 1604 2044">
    <p class='ocr_par' dir='ltr' id='par_1_28' title="bbox 106 1968 1604 2044">
     <span class='ocr_line' id='line_1_28' title="bbox 106 1968 1604 2044; baseline 0.017 -26"><span class='ocrx_word' id='word_1_250' title='bbox 106 1976 174 2020; x_wconf 75' lang='lat' dir='ltr'><strong>tam</strong></span> <span class='ocrx_word' id='word_1_251' title='bbox 196 1968 536 2040; x_wconf 85' lang='lat' dir='ltr'><strong>Guastcllensi,</strong></span> <span class='ocrx_word' id='word_1_252' title='bbox 571 1980 712 2044; x_wconf 83' lang='lat' dir='ltr'><strong>quod</strong></span> <span class='ocrx_word' id='word_1_253' title='bbox 750 1995 813 2033; x_wconf 75' lang='lat' dir='ltr'><strong>ex</strong></span> <span class='ocrx_word' id='word_1_254' title='bbox 846 1981 1004 2036; x_wconf 91' lang='lat' dir='ltr'><strong>dictis</strong></span> <span class='ocrx_word' id='word_1_255' title='bbox 1042 2000 1184 2037; x_wconf 90' lang='lat' dir='ltr'><strong>anno</strong></span> <span class='ocrx_word' id='word_1_256' title='bbox 1215 1986 1350 2040; x_wconf 62' lang='grc'><strong>1091</strong></span> <span class='ocrx_word' id='word_1_257' title='bbox 1374 1999 1604 2044; x_wconf 71' lang='lat' dir='ltr'><strong>exerrnte</strong></span> 
     </span>
    </p>
   </div>
   <div class='ocr_carea' id='block_1_29' title="bbox 103 2058 1601 2145">
    <p class='ocr_par' dir='ltr' id='par_1_29' title="bbox 103 2058 1601 2145">
     <span class='ocr_line' id='line_1_29' title="bbox 103 2058 1601 2145; baseline 0.016 -34"><span class='ocrx_word' id='word_1_258' title='bbox 103 2058 344 2116; x_wconf 57' lang='lat' dir='ltr'><strong>@i3itt‘altltll</strong></span> <span class='ocrx_word' id='word_1_259' title='bbox 394 2065 515 2132; x_wconf 88' lang='lat' dir='ltr'><strong>fuit,</strong></span> <span class='ocrx_word' id='word_1_260' title='bbox 556 2085 716 2137; x_wconf 86' lang='lat' dir='ltr'><strong>quam</strong></span> <span class='ocrx_word' id='word_1_261' title='bbox 755 2071 1072 2129; x_wconf 85' lang='lat' dir='ltr'><strong>Placentino</strong></span> <span class='ocrx_word' id='word_1_262' title='bbox 1098 2116 1112 2140; x_wconf 94' lang='lat'><strong>,</strong></span> <span class='ocrx_word' id='word_1_263' title='bbox 1162 2079 1307 2145; x_wconf 90' lang='lat' dir='ltr'><strong>quod</strong></span> <span class='ocrx_word' id='word_1_264' title='bbox 1346 2079 1601 2135; x_wconf 79' lang='lat' dir='ltr'><strong>Guastel-</strong></span> 
     </span>
    </p>
   </div>
   <div class='ocr_carea' id='block_1_30' title="bbox 102 2146 1604 2231">
    <p class='ocr_par' dir='ltr' id='par_1_30' title="bbox 102 2146 1604 2231">
     <span class='ocr_line' id='line_1_30' title="bbox 102 2146 1604 2231; baseline 0.02 -33"><span class='ocrx_word' id='word_1_265' title='bbox 102 2146 351 2212; x_wconf 76' lang='lat' dir='ltr'><strong>lcasi,haud</strong></span> <span class='ocrx_word' id='word_1_266' title='bbox 398 2158 574 2213; x_wconf 90' lang='lat' dir='ltr'><strong>multo</strong></span> <span class='ocrx_word' id='word_1_267' title='bbox 605 2158 707 2214; x_wconf 89' lang='lat' dir='ltr'><strong>fuit</strong></span> <span class='ocrx_word' id='word_1_268' title='bbox 757 2165 1047 2231; x_wconf 85' lang='lat' dir='ltr'><strong>posterius,</strong></span> <span class='ocrx_word' id='word_1_269' title='bbox 1099 2167 1412 2225; x_wconf 83' lang='lat' dir='ltr'><strong>interfuisse</strong></span> <span class='ocrx_word' id='word_1_270' title='bbox 1454 2173 1604 2228; x_wconf 88' lang='lat' dir='ltr'><strong>credi</strong></span> 
     </span>
    </p>
   </div>
   <div class='ocr_carea' id='block_1_31' title="bbox 102 2244 1601 2333">
    <p class='ocr_par' dir='ltr' id='par_1_31' title="bbox 102 2244 1601 2333">
     <span class='ocr_line' id='line_1_31' title="bbox 102 2244 1601 2333; baseline 0.019 -43"><span class='ocrx_word' id='word_1_271' title='bbox 102 2250 222 2333; x_wconf 70' lang='lat' dir='ltr'><strong>queat.</strong></span> <span class='ocrx_word' id='word_1_272' title='bbox 241 2244 298 2298; x_wconf 76' lang='lat' dir='ltr'><strong>At</strong></span> <span class='ocrx_word' id='word_1_273' title='bbox 325 2262 444 2301; x_wconf 88' lang='lat' dir='ltr'><strong>vero</strong></span> <span class='ocrx_word' id='word_1_274' title='bbox 469 2290 483 2313; x_wconf 91' lang='lat'><strong>,</strong></span> <span class='ocrx_word' id='word_1_275' title='bbox 538 2265 666 2305; x_wconf 86' lang='lat' dir='ltr'><strong>cum</strong></span> <span class='ocrx_word' id='word_1_276' title='bbox 696 2255 882 2323; x_wconf 86' lang='lat' dir='ltr'><strong>verba,</strong></span> <span class='ocrx_word' id='word_1_277' title='bbox 909 2272 940 2312; x_wconf 91' lang='lat' dir='ltr'><strong>e</strong></span> <span class='ocrx_word' id='word_1_278' title='bbox 984 2261 1173 2315; x_wconf 85' lang='lat' dir='ltr'><strong>codice</strong></span> <span class='ocrx_word' id='word_1_279' title='bbox 1219 2262 1542 2333; x_wconf 71' lang='lat' dir='ltr'><strong>Reinigiano</strong></span> <span class='ocrx_word' id='word_1_280' title='bbox 1572 2282 1601 2318; x_wconf 88' lang='lat' dir='ltr'><strong>a</strong></span> 
     </span>
    </p>
   </div>
   <div class='ocr_carea' id='block_1_32' title="bbox 102 2332 1601 2425">
    <p class='ocr_par' dir='ltr' id='par_1_32' title="bbox 102 2332 1601 2425">
     <span class='ocr_line' id='line_1_32' title="bbox 102 2332 1601 2425; baseline 0.019 -44"><span class='ocrx_word' id='word_1_281' title='bbox 102 2332 305 2425; x_wconf 23' lang='lat' dir='ltr'><strong>l‘luinartio</strong></span> <span class='ocrx_word' id='word_1_282' title='bbox 349 2340 607 2409; x_wconf 63' lang='lat' dir='ltr'><strong>adducta,</strong></span> <span class='ocrx_word' id='word_1_283' title='bbox 660 2346 789 2398; x_wconf 89' lang='lat' dir='ltr'><strong>nihil</strong></span> <span class='ocrx_word' id='word_1_284' title='bbox 824 2350 1047 2405; x_wconf 87' lang='lat' dir='ltr'><strong>omnino</strong></span> <span class='ocrx_word' id='word_1_285' title='bbox 1086 2364 1416 2423; x_wconf 76' lang='lat' dir='ltr'><strong>suggerant,</strong></span> <span class='ocrx_word' id='word_1_286' title='bbox 1459 2358 1601 2425; x_wconf 87' lang='lat' dir='ltr'><strong>quod</strong></span> 
     </span>
    </p>
   </div>
   <div class='ocr_carea' id='block_1_33' title="bbox 101 2422 1600 2513">
    <p class='ocr_par' dir='ltr' id='par_1_33' title="bbox 101 2422 1600 2513">
     <span class='ocr_line' id='line_1_33' title="bbox 101 2422 1600 2513; baseline 0.019 -42"><span class='ocrx_word' id='word_1_287' title='bbox 101 2422 231 2513; x_wconf 69' lang='lat' dir='ltr'><strong>illi-tam</strong></span> <span class='ocrx_word' id='word_1_288' title='bbox 255 2425 618 2485; x_wconf 70' lang='lat' dir='ltr'><strong>Prtefationem</strong></span> <span class='ocrx_word' id='word_1_289' title='bbox 649 2435 717 2488; x_wconf 88' lang='lat' dir='ltr'><strong>ab</strong></span> <span class='ocrx_word' id='word_1_290' title='bbox 744 2436 974 2505; x_wconf 90' lang='lat' dir='ltr'><strong>ipsomet</strong></span> <span class='ocrx_word' id='word_1_291' title='bbox 1001 2422 1218 2495; x_wconf 86' lang='lat' dir='ltr'><strong>Urbano</strong></span> <span class='ocrx_word' id='word_1_292' title='bbox 1244 2422 1600 2513; x_wconf 82' lang='lat' dir='ltr'><strong>compositam</strong></span> 
     </span>
    </p>
   </div>
   <div class='ocr_carea' id='block_1_34' title="bbox 104 2508 1598 2603">
    <p class='ocr_par' dir='ltr' id='par_1_34' title="bbox 104 2508 1598 2603">
     <span class='ocr_line' id='line_1_34' title="bbox 104 2508 1598 2603; baseline 0.022 -47"><span class='ocrx_word' id='word_1_293' title='bbox 104 2508 208 2603; x_wconf 69' lang='lat' dir='ltr'><strong>fuisse</strong></span> <span class='ocrx_word' id='word_1_294' title='bbox 228 2518 443 2585; x_wconf 79' lang='lat' dir='ltr'><strong>suadeat,</strong></span> <span class='ocrx_word' id='word_1_295' title='bbox 477 2523 824 2590; x_wconf 82' lang='lat' dir='ltr'><strong>potissimum</strong></span> <span class='ocrx_word' id='word_1_296' title='bbox 875 2528 965 2583; x_wconf 91' lang='lat' dir='ltr'><strong>hic</strong></span> <span class='ocrx_word' id='word_1_297' title='bbox 1008 2529 1122 2598; x_wconf 84' lang='lat' dir='ltr'><strong>jam</strong></span> <span class='ocrx_word' id='word_1_298' title='bbox 1180 2508 1598 2603; x_wconf 76' lang='lat' dir='ltr'><strong>dispiciendum,</strong></span> 
     </span>
    </p>
   </div>
   <div class='ocr_carea' id='block_1_35' title="bbox 102 2599 1602 2688">
    <p class='ocr_par' dir='ltr' id='par_1_35' title="bbox 102 2599 1602 2688">
     <span class='ocr_line' id='line_1_35' title="bbox 102 2599 1602 2688; baseline 0.023 -40"><span class='ocrx_word' id='word_1_299' title='bbox 102 2599 215 2688; x_wconf 63' lang='lat' dir='ltr'><strong>primo</strong></span> <span class='ocrx_word' id='word_1_300' title='bbox 240 2605 470 2675; x_wconf 81' lang='lat' dir='ltr'><strong>quidem,</strong></span> <span class='ocrx_word' id='word_1_301' title='bbox 505 2626 575 2665; x_wconf 90' lang='lat' dir='ltr'><strong>an</strong></span> <span class='ocrx_word' id='word_1_302' title='bbox 611 2612 947 2686; x_wconf 87' lang='lat' dir='ltr'><strong>Pandnlpus,</strong></span> <span class='ocrx_word' id='word_1_303' title='bbox 979 2622 1069 2688; x_wconf 90' lang='lat' dir='ltr'><strong>qui</strong></span> <span class='ocrx_word' id='word_1_304' title='bbox 1105 2638 1224 2676; x_wconf 89' lang='lat' dir='ltr'><strong>eam</strong></span> <span class='ocrx_word' id='word_1_305' title='bbox 1267 2599 1335 2678; x_wconf 80' lang='lat' dir='ltr'><strong>ab</strong></span> <span class='ocrx_word' id='word_1_306' title='bbox 1383 2599 1602 2683; x_wconf 78' lang='lat' dir='ltr'><strong>Urbano</strong></span> 
     </span>
    </p>
   </div>
   <div class='ocr_carea' id='block_1_36' title="bbox 102 2686 1597 2784">
    <p class='ocr_par' dir='ltr' id='par_1_36' title="bbox 102 2686 1597 2784">
     <span class='ocr_line' id='line_1_36' title="bbox 102 2686 1597 2784; baseline 0.023 -45"><span class='ocrx_word' id='word_1_307' title='bbox 102 2686 228 2784; x_wconf 68' lang='lat' dir='ltr'><strong>ficum</strong></span> <span class='ocrx_word' id='word_1_308' title='bbox 272 2711 576 2766; x_wconf 77' lang='lat' dir='ltr'><strong>asseverat,</strong></span> <span class='ocrx_word' id='word_1_309' title='bbox 634 2704 793 2761; x_wconf 83' lang='lat' dir='ltr'><strong>ﬁdem</strong></span> <span class='ocrx_word' id='word_1_310' title='bbox 856 2709 1221 2767; x_wconf 85' lang='lat' dir='ltr'><strong>indubitatam</strong></span> <span class='ocrx_word' id='word_1_311' title='bbox 1283 2728 1597 2784; x_wconf 85' lang='lat' dir='ltr'><strong>mereatur;</strong></span> 
     </span>
    </p>
   </div>
   <div class='ocr_carea' id='block_1_37' title="bbox 102 2779 1601 2881">
    <p class='ocr_par' dir='ltr' id='par_1_37' title="bbox 102 2779 1601 2881">
     <span class='ocr_line' id='line_1_37' title="bbox 102 2779 1601 2881; baseline 0.003 -20"><span class='ocrx_word' id='word_1_312' title='bbox 102 2779 226 2881; x_wconf 41' lang='grc' dir='ltr'><strong>’ξξίιξάθ</strong></span> <span class='ocrx_word' id='word_1_313' title='bbox 247 2803 387 2858; x_wconf 66' lang='grc' dir='ltr'>νειο,</span> <span class='ocrx_word' id='word_1_314' title='bbox 417 2809 483 2848; x_wconf 82' lang='lat' dir='ltr'><strong>an</strong></span> <span class='ocrx_word' id='word_1_315' title='bbox 517 2796 607 2850; x_wconf 88' lang='lat' dir='ltr'><strong>illa</strong></span> <span class='ocrx_word' id='word_1_316' title='bbox 647 2798 764 2867; x_wconf 88' lang='lat' dir='ltr'><strong>ejus</strong></span> <span class='ocrx_word' id='word_1_317' title='bbox 795 2805 1026 2859; x_wconf 84' lang='lat' dir='ltr'><strong>assertio</strong></span> <span class='ocrx_word' id='word_1_318' title='bbox 1053 2817 1161 2860; x_wconf 91' lang='lat' dir='ltr'><strong>tam</strong></span> <span class='ocrx_word' id='word_1_319' title='bbox 1203 2809 1347 2863; x_wconf 86' lang='lat' dir='ltr'><strong>clara</strong></span> <span class='ocrx_word' id='word_1_320' title='bbox 1385 2820 1601 2881; x_wconf 89' lang='lat' dir='ltr'><strong>tamque</strong></span> 
     </span>
    </p>
   </div>
   <div class='ocr_carea' id='block_1_38' title="bbox 100 2874 1597 2969">
    <p class='ocr_par' dir='ltr' id='par_1_38' title="bbox 100 2874 1597 2969">
     <span class='ocr_line' id='line_1_38' title="bbox 100 2874 1597 2969; baseline 0.021 -45"><span class='ocrx_word' id='word_1_321' title='bbox 100 2874 274 2969; x_wconf 42' lang='lat' dir='ltr'><strong>iniuncta</strong></span> <span class='ocrx_word' id='word_1_322' title='bbox 299 2881 379 2947; x_wconf 88' lang='lat' dir='ltr'><strong>sit,</strong></span> <span class='ocrx_word' id='word_1_323' title='bbox 424 2896 480 2939; x_wconf 90' lang='lat' dir='ltr'><strong>ut</strong></span> <span class='ocrx_word' id='word_1_324' title='bbox 508 2887 717 2942; x_wconf 89' lang='lat' dir='ltr'><strong>nullum</strong></span> <span class='ocrx_word' id='word_1_325' title='bbox 766 2896 1005 2961; x_wconf 73' lang='lat' dir='ltr'><strong>supersit</strong></span> <span class='ocrx_word' id='word_1_326' title='bbox 1038 2894 1298 2967; x_wconf 87' lang='lat' dir='ltr'><strong>dubium,</strong></span> <span class='ocrx_word' id='word_1_327' title='bbox 1332 2901 1461 2969; x_wconf 90' lang='lat' dir='ltr'><strong>quin</strong></span> <span class='ocrx_word' id='word_1_328' title='bbox 1510 2874 1597 2967; x_wconf 78' lang='lat' dir='ltr'><strong>ea,</strong></span> 
     </span>
    </p>
   </div>
   <div class='ocr_carea' id='block_1_39' title="bbox 100 2957 1599 3048">
    <p class='ocr_par' dir='ltr' id='par_1_39' title="bbox 100 2957 1599 3048">
     <span class='ocr_line' id='line_1_39' title="bbox 100 2957 1599 3048; baseline 0.021 -32"><span class='ocrx_word' id='word_1_329' title='bbox 100 2957 382 3026; x_wconf 68' lang='lat' dir='ltr'><strong>i&#39;ceiationem</strong></span> <span class='ocrx_word' id='word_1_330' title='bbox 411 2975 558 3031; x_wconf 75' lang='lat' dir='ltr'><strong>iHam</strong></span> <span class='ocrx_word' id='word_1_331' title='bbox 595 2980 664 3033; x_wconf 84' lang='lat' dir='ltr'><strong>ab</strong></span> <span class='ocrx_word' id='word_1_332' title='bbox 692 2981 923 3048; x_wconf 89' lang='lat' dir='ltr'><strong>ipsomet</strong></span> <span class='ocrx_word' id='word_1_333' title='bbox 962 2984 1181 3043; x_wconf 87' lang='lat' dir='ltr'><strong>Urbano</strong></span> <span class='ocrx_word' id='word_1_334' title='bbox 1219 2991 1599 3047; x_wconf 85' lang='lat' dir='ltr'><strong>concinnatam</strong></span> 
     </span>
    </p>
   </div>
   <div class='ocr_carea' id='block_1_40' title="bbox 101 3052 1599 3151">
    <p class='ocr_par' dir='ltr' id='par_1_40' title="bbox 101 3052 1599 3151">
     <span class='ocr_line' id='line_1_40' title="bbox 101 3052 1599 3151; baseline 0.019 -43"><span class='ocrx_word' id='word_1_335' title='bbox 101 3052 221 3151; x_wconf 39' lang='lat' dir='ltr'><strong>ipse,</strong></span> <span class='ocrx_word' id='word_1_336' title='bbox 247 3060 590 3130; x_wconf 24' lang='lat' dir='ltr'><strong>significatuin</strong></span> <span class='ocrx_word' id='word_1_337' title='bbox 644 3070 895 3127; x_wconf 83' lang='lat' dir='ltr'><strong>voluerit.</strong></span> <span class='ocrx_word' id='word_1_338' title='bbox 932 3075 1009 3129; x_wconf 88' lang='lat' dir='ltr'><strong>Ac</strong></span> <span class='ocrx_word' id='word_1_339' title='bbox 1052 3076 1426 3147; x_wconf 73' lang='lat' dir='ltr'><strong>l’anzinlpbum</strong></span> <span class='ocrx_word' id='word_1_340' title='bbox 1481 3083 1599 3151; x_wconf 87' lang='lat' dir='ltr'><strong>qui-</strong></span> 
     </span>
    </p>
   </div>
   <div class='ocr_carea' id='block_1_41' title="bbox 1706 1994 3296 2063">
    <p class='ocr_par' dir='ltr' id='par_1_41' title="bbox 1706 1994 3296 2063">
     <span class='ocr_line' id='line_1_41' title="bbox 1706 1994 3296 2063; baseline 0.001 -16"><span class='ocrx_word' id='word_1_341' title='bbox 1706 1994 1775 2050; x_wconf 88' lang='lat' dir='ltr'><strong>de</strong></span> <span class='ocrx_word' id='word_1_342' title='bbox 1801 2010 1905 2061; x_wconf 91' lang='lat' dir='ltr'><strong>qua</strong></span> <span class='ocrx_word' id='word_1_343' title='bbox 1943 1995 2050 2059; x_wconf 87' lang='lat' dir='ltr'><strong>hic,</strong></span> <span class='ocrx_word' id='word_1_344' title='bbox 2094 1995 2314 2062; x_wconf 89' lang='lat' dir='ltr'><strong>proprio</strong></span> <span class='ocrx_word' id='word_1_345' title='bbox 2346 2004 2523 2048; x_wconf 86' lang='lat' dir='ltr'><strong>marte</strong></span> <span class='ocrx_word' id='word_1_346' title='bbox 2563 1996 2941 2063; x_wconf 78' lang='lat' dir='ltr'><strong>compositam,</strong></span> <span class='ocrx_word' id='word_1_347' title='bbox 2974 1995 3176 2050; x_wconf 89' lang='lat' dir='ltr'><strong>diserte</strong></span> <span class='ocrx_word' id='word_1_348' title='bbox 3207 2010 3296 2048; x_wconf 90' lang='lat' dir='ltr'><strong>as-</strong></span> 
     </span>
    </p>
   </div>
   <div class='ocr_carea' id='block_1_42' title="bbox 1706 2084 3298 2156">
    <p class='ocr_par' dir='ltr' id='par_1_42' title="bbox 1706 2084 3298 2156">
     <span class='ocr_line' id='line_1_42' title="bbox 1706 2084 3298 2156; baseline 0.001 -18"><span class='ocrx_word' id='word_1_349' title='bbox 1706 2100 1886 2138; x_wconf 75' lang='lat' dir='ltr'><strong>serere</strong></span> <span class='ocrx_word' id='word_1_350' title='bbox 1913 2084 2059 2139; x_wconf 87' lang='lat' dir='ltr'><strong>visus</strong></span> <span class='ocrx_word' id='word_1_351' title='bbox 2087 2096 2171 2139; x_wconf 87' lang='lat' dir='ltr'><strong>est</strong></span> <span class='ocrx_word' id='word_1_352' title='bbox 2208 2084 2517 2151; x_wconf 81' lang='lat' dir='ltr'><strong>Ruinartio,</strong></span> <span class='ocrx_word' id='word_1_353' title='bbox 2562 2086 2834 2156; x_wconf 85' lang='lat' dir='ltr'><strong>fuisseque</strong></span> <span class='ocrx_word' id='word_1_354' title='bbox 2862 2101 2993 2140; x_wconf 90' lang='lat' dir='ltr'><strong>sane</strong></span> <span class='ocrx_word' id='word_1_355' title='bbox 3022 2101 3141 2141; x_wconf 88' lang='lat' dir='ltr'><strong>eam</strong></span> <span class='ocrx_word' id='word_1_356' title='bbox 3173 2102 3298 2154; x_wconf 88' lang='lat' dir='ltr'><strong>pro—</strong></span> 
     </span>
    </p>
   </div>
   <div class='ocr_carea' id='block_1_43' title="bbox 1706 2173 3295 2244">
    <p class='ocr_par' dir='ltr' id='par_1_43' title="bbox 1706 2173 3295 2244">
     <span class='ocr_line' id='line_1_43' title="bbox 1706 2173 3295 2244; baseline 0.001 -21"><span class='ocrx_word' id='word_1_357' title='bbox 1706 2174 1824 2242; x_wconf 81' lang='lat' dir='ltr'><strong>prio</strong></span> <span class='ocrx_word' id='word_1_358' title='bbox 1862 2184 2036 2227; x_wconf 88' lang='lat' dir='ltr'><strong>marte</strong></span> <span class='ocrx_word' id='word_1_359' title='bbox 2064 2174 2131 2227; x_wconf 89' lang='lat' dir='ltr'><strong>ab</strong></span> <span class='ocrx_word' id='word_1_360' title='bbox 2162 2173 2382 2229; x_wconf 81' lang='lat' dir='ltr'><strong>Urbano</strong></span> <span class='ocrx_word' id='word_1_361' title='bbox 2430 2175 2816 2244; x_wconf 81' lang='lat' dir='ltr'><strong>compositam,</strong></span> <span class='ocrx_word' id='word_1_362' title='bbox 2850 2175 2955 2228; x_wconf 89' lang='lat' dir='ltr'><strong>erit</strong></span> <span class='ocrx_word' id='word_1_363' title='bbox 2986 2174 3295 2239; x_wconf 86' lang='lat' dir='ltr'><strong>dicendum,</strong></span> 
     </span>
    </p>
   </div>
   <div class='ocr_carea' id='block_1_44' title="bbox 1705 2264 3293 2337">
    <p class='ocr_par' dir='ltr' id='par_1_44' title="bbox 1705 2264 3293 2337">
     <span class='ocr_line' id='line_1_44' title="bbox 1705 2264 3293 2337; baseline 0.001 -20"><span class='ocrx_word' id='word_1_364' title='bbox 1705 2264 1747 2317; x_wconf 89' lang='lat' dir='ltr'><strong>si</strong></span> <span class='ocrx_word' id='word_1_365' title='bbox 1778 2278 1864 2317; x_wconf 91' lang='lat' dir='ltr'><strong>res</strong></span> <span class='ocrx_word' id='word_1_366' title='bbox 1890 2280 1955 2320; x_wconf 89' lang='lat' dir='ltr'><strong>eo</strong></span> <span class='ocrx_word' id='word_1_367' title='bbox 1986 2266 2163 2330; x_wconf 88' lang='lat' dir='ltr'><strong>modo,</strong></span> <span class='ocrx_word' id='word_1_368' title='bbox 2190 2282 2296 2335; x_wconf 87' lang='lat' dir='ltr'><strong>quo</strong></span> <span class='ocrx_word' id='word_1_369' title='bbox 2336 2283 2456 2321; x_wconf 85' lang='lat' dir='ltr'><strong>eam</strong></span> <span class='ocrx_word' id='word_1_370' title='bbox 2490 2267 2598 2337; x_wconf 88' lang='lat' dir='ltr'><strong>(adi</strong></span> <span class='ocrx_word' id='word_1_371' title='bbox 2641 2266 2907 2321; x_wconf 78' lang='lat' dir='ltr'><strong>Rninartii</strong></span> <span class='ocrx_word' id='word_1_372' title='bbox 2950 2268 3113 2320; x_wconf 88' lang='lat' dir='ltr'><strong>verba</strong></span> <span class='ocrx_word' id='word_1_373' title='bbox 3142 2282 3293 2320; x_wconf 90' lang='lat' dir='ltr'><strong>num.</strong></span> 
     </span>
    </p>
   </div>
   <div class='ocr_carea' id='block_1_45' title="bbox 1704 2356 3297 2428">
    <p class='ocr_par' dir='ltr' id='par_1_45' title="bbox 1704 2356 3297 2428">
     <span class='ocr_line' id='line_1_45' title="bbox 1704 2356 3297 2428; baseline 0.001 -20"><span class='ocrx_word' id='word_1_374' title='bbox 1704 2356 1809 2410; x_wconf 74' lang='grc'>599</span> <span class='ocrx_word' id='word_1_375' title='bbox 1862 2357 2110 2427; x_wconf 88' lang='lat' dir='ltr'><strong>recitata)</strong></span> <span class='ocrx_word' id='word_1_376' title='bbox 2160 2359 2457 2428; x_wconf 73' lang='lat' dir='ltr'><strong>contigisse</strong></span> <span class='ocrx_word' id='word_1_377' title='bbox 2508 2358 2723 2423; x_wconf 89' lang='lat' dir='ltr'><strong>ferunt,</strong></span> <span class='ocrx_word' id='word_1_378' title='bbox 2756 2359 2931 2427; x_wconf 88' lang='lat' dir='ltr'><strong>rcipsa</strong></span> <span class='ocrx_word' id='word_1_379' title='bbox 2981 2358 3297 2428; x_wconf 84' lang='lat' dir='ltr'><strong>contigerit.</strong></span> 
     </span>
    </p>
   </div>
   <div class='ocr_carea' id='block_1_46' title="bbox 1705 2445 3309 2519">
    <p class='ocr_par' dir='ltr' id='par_1_46' title="bbox 1705 2445 3309 2519">
     <span class='ocr_line' id='line_1_46' title="bbox 1705 2445 3309 2519; baseline 0.001 -22"><span class='ocrx_word' id='word_1_380' title='bbox 1705 2445 1927 2513; x_wconf 69' lang='lat' dir='ltr'><strong>Verum,</strong></span> <span class='ocrx_word' id='word_1_381' title='bbox 1959 2457 2016 2501; x_wconf 90' lang='lat' dir='ltr'><strong>ut</strong></span> <span class='ocrx_word' id='word_1_382' title='bbox 2045 2450 2108 2501; x_wconf 92' lang='lat' dir='ltr'><strong>ad</strong></span> <span class='ocrx_word' id='word_1_383' title='bbox 2142 2448 2212 2515; x_wconf 89' lang='lat' dir='ltr'><strong>id,</strong></span> <span class='ocrx_word' id='word_1_384' title='bbox 2244 2450 2385 2516; x_wconf 86' lang='lat' dir='ltr'><strong>quod</strong></span> <span class='ocrx_word' id='word_1_385' title='bbox 2428 2448 2717 2517; x_wconf 87' lang='lat' dir='ltr'><strong>posteriori</strong></span> <span class='ocrx_word' id='word_1_386' title='bbox 2756 2449 2877 2503; x_wconf 88' lang='lat' dir='ltr'><strong>loco</strong></span> <span class='ocrx_word' id='word_1_387' title='bbox 2920 2449 3009 2503; x_wconf 91' lang='lat' dir='ltr'><strong>hic</strong></span> <span class='ocrx_word' id='word_1_388' title='bbox 3052 2448 3309 2519; x_wconf 66' lang='lat' dir='ltr'><strong>ponitur,</strong></span> 
     </span>
    </p>
   </div>
   <div class='ocr_carea' id='block_1_47' title="bbox 1704 2540 3294 2613">
    <p class='ocr_par' dir='ltr' id='par_1_47' title="bbox 1704 2540 3294 2613">
     <span class='ocr_line' id='line_1_47' title="bbox 1704 2540 3294 2613; baseline 0.004 -23"><span class='ocrx_word' id='word_1_389' title='bbox 1704 2540 1878 2609; x_wconf 88' lang='lat' dir='ltr'><strong>primo</strong></span> <span class='ocrx_word' id='word_1_390' title='bbox 1903 2541 2275 2609; x_wconf 80' lang='lat' dir='ltr'><strong>respondeam,</strong></span> <span class='ocrx_word' id='word_1_391' title='bbox 2294 2551 2653 2611; x_wconf 69' lang='lat' dir='ltr'><strong>prmterquam</strong></span> <span class='ocrx_word' id='word_1_392' title='bbox 2683 2542 2823 2610; x_wconf 85' lang='lat' dir='ltr'><strong>quod</strong></span> <span class='ocrx_word' id='word_1_393' title='bbox 2856 2543 2914 2607; x_wconf 88' lang='lat' dir='ltr'><strong>ii,</strong></span> <span class='ocrx_word' id='word_1_394' title='bbox 2939 2558 2999 2596; x_wconf 90' lang='lat' dir='ltr'><strong>ac</strong></span> <span class='ocrx_word' id='word_1_395' title='bbox 3024 2542 3075 2596; x_wconf 90' lang='lat' dir='ltr'><strong>in</strong></span> <span class='ocrx_word' id='word_1_396' title='bbox 3103 2542 3294 2613; x_wconf 88' lang='lat' dir='ltr'><strong>primis</strong></span> 
     </span>
    </p>
   </div>
   <div class='ocr_carea' id='block_1_48' title="bbox 1703 2629 3289 2702">
    <p class='ocr_par' dir='ltr' id='par_1_48' title="bbox 1703 2629 3289 2702">
     <span class='ocr_line' id='line_1_48' title="bbox 1703 2629 3289 2702; baseline 0.004 -20"><span class='ocrx_word' id='word_1_397' title='bbox 1703 2630 1895 2683; x_wconf 82' lang='lat' dir='ltr'><strong>Petrus</strong></span> <span class='ocrx_word' id='word_1_398' title='bbox 1920 2629 2087 2683; x_wconf 84' lang='lat' dir='ltr'><strong>Maria</strong></span> <span class='ocrx_word' id='word_1_399' title='bbox 2115 2629 2378 2700; x_wconf 82' lang='lat' dir='ltr'><strong>Campus,</strong></span> <span class='ocrx_word' id='word_1_400' title='bbox 2410 2648 2437 2683; x_wconf 89' lang='lat' dir='ltr'><strong>a</strong></span> <span class='ocrx_word' id='word_1_401' title='bbox 2484 2632 2769 2687; x_wconf 82' lang='lat' dir='ltr'><strong>Ruiuartio</strong></span> <span class='ocrx_word' id='word_1_402' title='bbox 2796 2633 3068 2699; x_wconf 88' lang='lat' dir='ltr'><strong>laudatus,</strong></span> <span class='ocrx_word' id='word_1_403' title='bbox 3103 2650 3130 2687; x_wconf 92' lang='lat' dir='ltr'><strong>a</strong></span> <span class='ocrx_word' id='word_1_404' title='bbox 3164 2635 3289 2702; x_wconf 89' lang='lat' dir='ltr'><strong>qui-</strong></span> 
     </span>
    </p>
   </div>
   <div class='ocr_carea' id='block_1_49' title="bbox 1703 2722 3309 2790">
    <p class='ocr_par' dir='ltr' id='par_1_49' title="bbox 1703 2722 3309 2790">
     <span class='ocr_line' id='line_1_49' title="bbox 1703 2722 3309 2790; baseline 0.005 -17"><span class='ocrx_word' id='word_1_405' title='bbox 1703 2722 1802 2774; x_wconf 85' lang='lat' dir='ltr'><strong>bus</strong></span> <span class='ocrx_word' id='word_1_406' title='bbox 1833 2736 1920 2776; x_wconf 86' lang='lat' dir='ltr'><strong>res</strong></span> <span class='ocrx_word' id='word_1_407' title='bbox 1952 2722 2024 2775; x_wconf 84' lang='lat' dir='ltr'><strong>ita</strong></span> <span class='ocrx_word' id='word_1_408' title='bbox 2062 2730 2215 2790; x_wconf 86' lang='lat' dir='ltr'><strong>gesta</strong></span> <span class='ocrx_word' id='word_1_409' title='bbox 2245 2734 2523 2788; x_wconf 88' lang='lat' dir='ltr'><strong>narratur,</strong></span> <span class='ocrx_word' id='word_1_410' title='bbox 2559 2726 2889 2780; x_wconf 88' lang='lat' dir='ltr'><strong>recentiores</strong></span> <span class='ocrx_word' id='word_1_411' title='bbox 2939 2742 3129 2780; x_wconf 85' lang='lat' dir='ltr'><strong>omnes</strong></span> <span class='ocrx_word' id='word_1_412' title='bbox 3160 2726 3309 2790; x_wconf 62' lang='lat' dir='ltr'><strong>sint,</strong></span> 
     </span>
    </p>
   </div>
   <div class='ocr_carea' id='block_1_50' title="bbox 1704 2813 3291 2883">
    <p class='ocr_par' dir='ltr' id='par_1_50' title="bbox 1704 2813 3291 2883">
     <span class='ocr_line' id='line_1_50' title="bbox 1704 2813 3291 2883; baseline 0.004 -18"><span class='ocrx_word' id='word_1_413' title='bbox 1704 2813 1974 2882; x_wconf 81' lang='lat' dir='ltr'><strong>fidemqne</strong></span> <span class='ocrx_word' id='word_1_414' title='bbox 2024 2815 2252 2883; x_wconf 85' lang='lat' dir='ltr'><strong>proinde</strong></span> <span class='ocrx_word' id='word_1_415' title='bbox 2310 2816 2666 2871; x_wconf 86' lang='lat' dir='ltr'><strong>indubitatam</strong></span> <span class='ocrx_word' id='word_1_416' title='bbox 2727 2818 2905 2871; x_wconf 90' lang='lat' dir='ltr'><strong>facere</strong></span> <span class='ocrx_word' id='word_1_417' title='bbox 2954 2816 3097 2871; x_wconf 88' lang='lat' dir='ltr'><strong>haud</strong></span> <span class='ocrx_word' id='word_1_418' title='bbox 3136 2818 3291 2883; x_wconf 90' lang='lat' dir='ltr'><strong>nati,</strong></span> 
     </span>
    </p>
   </div>
   <div class='ocr_carea' id='block_1_51' title="bbox 1704 2902 3307 2975">
    <p class='ocr_par' dir='ltr' id='par_1_51' title="bbox 1704 2902 3307 2975">
     <span class='ocr_line' id='line_1_51' title="bbox 1704 2902 3307 2975; baseline 0.005 -21"><span class='ocrx_word' id='word_1_419' title='bbox 1704 2902 1996 2958; x_wconf 73' lang='lat' dir='ltr'><strong>Placentia:</strong></span> <span class='ocrx_word' id='word_1_420' title='bbox 2025 2905 2167 2958; x_wconf 88' lang='lat' dir='ltr'><strong>illam</strong></span> <span class='ocrx_word' id='word_1_421' title='bbox 2202 2906 2314 2975; x_wconf 88' lang='lat' dir='ltr'><strong>(adi</strong></span> <span class='ocrx_word' id='word_1_422' title='bbox 2364 2908 2557 2960; x_wconf 89' lang='lat' dir='ltr'><strong>iterum</strong></span> <span class='ocrx_word' id='word_1_423' title='bbox 2609 2908 2881 2961; x_wconf 63' lang='lat' dir='ltr'><strong>ltuinartii</strong></span> <span class='ocrx_word' id='word_1_424' title='bbox 2924 2908 3087 2962; x_wconf 85' lang='lat' dir='ltr'><strong>verba</strong></span> <span class='ocrx_word' id='word_1_425' title='bbox 3136 2923 3307 2962; x_wconf 79' lang='lat' dir='ltr'><strong>num..</strong></span> 
     </span>
    </p>
   </div>
   <div class='ocr_carea' id='block_1_52' title="bbox 1702 2995 3291 3069">
    <p class='ocr_par' dir='ltr' id='par_1_52' title="bbox 1702 2995 3291 3069">
     <span class='ocr_line' id='line_1_52' title="bbox 1702 2995 3291 3069; baseline 0.003 -20"><span class='ocrx_word' id='word_1_426' title='bbox 1702 2995 1836 3059; x_wconf 78' lang='lat'><strong>599,</strong></span> <span class='ocrx_word' id='word_1_427' title='bbox 1894 2996 2119 3065; x_wconf 89' lang='lat' dir='ltr'><strong>locoque</strong></span> <span class='ocrx_word' id='word_1_428' title='bbox 2176 2998 2327 3052; x_wconf 85' lang='lat' dir='ltr'><strong>hisce</strong></span> <span class='ocrx_word' id='word_1_429' title='bbox 2376 3000 2544 3052; x_wconf 86' lang='lat' dir='ltr'><strong>citato</strong></span> <span class='ocrx_word' id='word_1_430' title='bbox 2596 2999 2820 3052; x_wconf 84' lang='lat' dir='ltr'><strong>Mariam</strong></span> <span class='ocrx_word' id='word_1_431' title='bbox 2870 2999 3153 3069; x_wconf 87' lang='lat' dir='ltr'><strong>Campum)</strong></span> <span class='ocrx_word' id='word_1_432' title='bbox 3213 3000 3291 3053; x_wconf 81' lang='lat' dir='ltr'><strong>ita</strong></span> 
     </span>
    </p>
   </div>
   <div class='ocr_carea' id='block_1_53' title="bbox 1702 3089 3284 3157">
    <p class='ocr_par' dir='ltr' id='par_1_53' title="bbox 1702 3089 3284 3157">
     <span class='ocr_line' id='line_1_53' title="bbox 1702 3089 3284 3157; baseline 0.006 -22"><span class='ocrx_word' id='word_1_433' title='bbox 1702 3097 1910 3156; x_wconf 74' lang='lat' dir='ltr'><strong>gestam</strong></span> <span class='ocrx_word' id='word_1_434' title='bbox 1945 3095 2220 3150; x_wconf 87' lang='lat' dir='ltr'><strong>statuunt,</strong></span> <span class='ocrx_word' id='word_1_435' title='bbox 2256 3098 2408 3141; x_wconf 89' lang='lat' dir='ltr'><strong>utne</strong></span> <span class='ocrx_word' id='word_1_436' title='bbox 2435 3090 2649 3157; x_wconf 86' lang='lat' dir='ltr'><strong>quidem</strong></span> <span class='ocrx_word' id='word_1_437' title='bbox 2705 3090 2831 3143; x_wconf 73' lang='lat' dir='ltr'><strong>alibi</strong></span> <span class='ocrx_word' id='word_1_438' title='bbox 2871 3089 3080 3142; x_wconf 86' lang='lat' dir='ltr'><strong>initium</strong></span> <span class='ocrx_word' id='word_1_439' title='bbox 3125 3105 3284 3144; x_wconf 55' lang='lat' dir='ltr'><strong>acve-</strong></span> 
     </span>
    </p>
   </div>
   <div class='ocr_carea' id='block_1_54' title="bbox 101 3142 3285 3276">
    <p class='ocr_par' dir='ltr' id='par_1_54' title="bbox 101 3142 3285 3276">
     <span class='ocr_line' id='line_1_54' title="bbox 101 3142 3285 3276; baseline 0.005 -59"><span class='ocrx_word' id='word_1_440' title='bbox 211 3152 397 3276; x_wconf 48' lang='lat' dir='ltr'><strong>‘iijmtm</strong></span> <span class='ocrx_word' id='word_1_441' title='bbox 439 3175 587 3225; x_wconf 79' lang='lat' dir='ltr'><strong>esse,</strong></span> <span class='ocrx_word' id='word_1_442' title='bbox 616 3162 703 3217; x_wconf 83' lang='lat' dir='ltr'><strong>cui</strong></span> <span class='ocrx_word' id='word_1_443' title='bbox 754 3166 888 3220; x_wconf 77' lang='lat' dir='ltr'><strong>tiles</strong></span> <span class='ocrx_word' id='word_1_444' title='bbox 917 3167 1222 3225; x_wconf 84' lang='lat' dir='ltr'><strong>indubitata</strong></span> <span class='ocrx_word' id='word_1_445' title='bbox 1248 3174 1591 3243; x_wconf 79' lang='lat' dir='ltr'><strong>adhibeatur,</strong></span> <span class='ocrx_word' id='word_1_446' title='bbox 1624 3215 1668 3276; x_wconf 64' lang='grc' dir='ltr'>Ο</span> <span class='ocrx_word' id='word_1_447' title='bbox 1703 3180 1846 3249; x_wconf 86' lang='lat' dir='ltr'><strong>pisse</strong></span> <span class='ocrx_word' id='word_1_448' title='bbox 1881 3179 2152 3247; x_wconf 89' lang='lat' dir='ltr'><strong>potuerit,</strong></span> <span class='ocrx_word' id='word_1_449' title='bbox 2184 3179 2371 3249; x_wconf 89' lang='lat' dir='ltr'><strong>sicque</strong></span> <span class='ocrx_word' id='word_1_450' title='bbox 2414 3195 2535 3233; x_wconf 85' lang='lat' dir='ltr'><strong>cum</strong></span> <span class='ocrx_word' id='word_1_451' title='bbox 2578 3180 2916 3249; x_wconf 74' lang='lat' dir='ltr'><strong>l‘amlulpho,</strong></span> <span class='ocrx_word' id='word_1_452' title='bbox 2966 3188 3152 3247; x_wconf 88' lang='lat' dir='ltr'><strong>utpote</strong></span> <span class='ocrx_word' id='word_1_453' title='bbox 3193 3183 3285 3249; x_wconf 90' lang='lat' dir='ltr'><strong>qui</strong></span> 
     </span>
     <span class='ocr_line' id='line_1_55' title="bbox 101 3253 3198 3276; baseline 0 0"><span class='ocrx_word' id='word_1_454' title='bbox 101 3256 164 3276; x_wconf 56' lang='grc' dir='ltr'>Ινιι</span> <span class='ocrx_word' id='word_1_455' title='bbox 196 3256 258 3276; x_wconf 66' lang='lat'><strong>9!].</strong></span> <span class='ocrx_word' id='word_1_456' title='bbox 280 3263 355 3276; x_wconf 71' lang='grc' dir='ltr'>ιιι-ι</span> <span class='ocrx_word' id='word_1_457' title='bbox 386 3266 486 3276; x_wconf 62' lang='grc' dir='ltr'><strong>ιι...-</strong></span> <span class='ocrx_word' id='word_1_458' title='bbox 520 3253 742 3276; x_wconf 39' lang='grc' dir='ltr'><strong>-.ΣΑΙηιη-</strong></span> <span class='ocrx_word' id='word_1_459' title='bbox 795 3256 906 3276; x_wconf 60' lang='lat' dir='ltr'><strong>I3.-!</strong></span> <span class='ocrx_word' id='word_1_460' title='bbox 1023 3260 1031 3271; x_wconf 72' lang='grc' dir='ltr'><strong>ι</strong></span> <span class='ocrx_word' id='word_1_461' title='bbox 1845 3272 1854 3276; x_wconf 86' lang='grc'><strong>-</strong></span> <span class='ocrx_word' id='word_1_462' title='bbox 1981 3270 2011 3276; x_wconf 58' lang='grc' dir='ltr'><strong>ρ</strong></span> <span class='ocrx_word' id='word_1_463' title='bbox 2183 3271 2213 3276; x_wconf 83' lang='grc'><strong>-.</strong></span> <span class='ocrx_word' id='word_1_464' title='bbox 2410 3271 2437 3276; x_wconf 52' lang='grc' dir='ltr'><strong>Δ</strong></span> <span class='ocrx_word' id='word_1_465' title='bbox 2571 3272 2579 3276; x_wconf 85' lang='grc'><strong>-</strong></span> <span class='ocrx_word' id='word_1_466' title='bbox 2711 3273 2758 3276; x_wconf 86' lang='grc'><strong>..-</strong></span> <span class='ocrx_word' id='word_1_467' title='bbox 2887 3272 2896 3276; x_wconf 87' lang='grc'><strong>-</strong></span> <span class='ocrx_word' id='word_1_468' title='bbox 2944 3273 2953 3276; x_wconf 90' lang='grc'><strong>-</strong></span> <span class='ocrx_word' id='word_1_469' title='bbox 3194 3275 3198 3276; x_wconf 64' lang='lat'><strong><em>,</em></strong></span> 
     </span>
    </p>
   </div>
   <div class='ocr_carea' id='block_1_55' title="bbox 100 3237 1595 3327">
    <p class='ocr_par' dir='ltr' id='par_1_55' title="bbox 100 3237 1595 3327">
     <span class='ocr_line' id='line_1_56' title="bbox 100 3237 1595 3327; baseline 0.029 -46"><span class='ocrx_word' id='word_1_470' title='bbox 100 3237 174 3289; x_wconf 59' lang='lat' dir='ltr'><strong>ltili;</strong></span> <span class='ocrx_word' id='word_1_471' title='bbox 195 3244 355 3300; x_wconf 79' lang='lat' dir='ltr'><strong>aaduin</strong></span> <span class='ocrx_word' id='word_1_472' title='bbox 385 3266 488 3304; x_wconf 84' lang='lat' dir='ltr'><strong>non</strong></span> <span class='ocrx_word' id='word_1_473' title='bbox 520 3253 759 3309; x_wconf 82' lang='lat' dir='ltr'><strong>videtur.</strong></span> <span class='ocrx_word' id='word_1_474' title='bbox 795 3256 907 3313; x_wconf 81' lang='lat' dir='ltr'><strong>Etsi</strong></span> <span class='ocrx_word' id='word_1_475' title='bbox 947 3260 1090 3313; x_wconf 88' lang='lat' dir='ltr'><strong>cnim</strong></span> <span class='ocrx_word' id='word_1_476' title='bbox 1120 3278 1243 3317; x_wconf 90' lang='lat' dir='ltr'><strong>eum</strong></span> <span class='ocrx_word' id='word_1_477' title='bbox 1269 3305 1282 3327; x_wconf 87' lang='lat'><strong>,</strong></span> <span class='ocrx_word' id='word_1_478' title='bbox 1313 3276 1504 3321; x_wconf 89' lang='lat' dir='ltr'><strong>contra</strong></span> <span class='ocrx_word' id='word_1_479' title='bbox 1531 3237 1595 3325; x_wconf 84' lang='lat' dir='ltr'><strong>ae</strong></span> 
     </span>
    </p>
   </div>
   <div class='ocr_carea' id='block_1_56' title="bbox 100 3335 1596 3425">
    <p class='ocr_par' dir='ltr' id='par_1_56' title="bbox 100 3335 1596 3425">
     <span class='ocr_line' id='line_1_57' title="bbox 100 3335 1596 3425; baseline 0.023 -45"><span class='ocrx_word' id='word_1_480' title='bbox 100 3335 261 3389; x_wconf 68' lang='lat' dir='ltr'><strong>hiznu&#39;li</strong></span> <span class='ocrx_word' id='word_1_481' title='bbox 304 3352 550 3407; x_wconf 82' lang='lat' dir='ltr'><strong>censent,</strong></span> <span class='ocrx_word' id='word_1_482' title='bbox 598 3361 629 3399; x_wconf 86' lang='lat' dir='ltr'><strong>a</strong></span> <span class='ocrx_word' id='word_1_483' title='bbox 685 3345 1008 3420; x_wconf 86' lang='lat' dir='ltr'><strong>Pandnlpbo</strong></span> <span class='ocrx_word' id='word_1_484' title='bbox 1060 3352 1266 3420; x_wconf 73' lang='lat' dir='ltr'><strong>Musca,</strong></span> <span class='ocrx_word' id='word_1_485' title='bbox 1298 3372 1458 3425; x_wconf 89' lang='lat' dir='ltr'><strong>quem</strong></span> <span class='ocrx_word' id='word_1_486' title='bbox 1492 3359 1596 3414; x_wconf 84' lang='lat' dir='ltr'><strong>Lu-</strong></span> 
     </span>
    </p>
   </div>
   <div class='ocr_carea' id='block_1_57' title="bbox 100 3424 1590 3520">
    <p class='ocr_par' dir='ltr' id='par_1_57' title="bbox 100 3424 1590 3520">
     <span class='ocr_line' id='line_1_58' title="bbox 100 3424 1590 3520; baseline 0.021 -46"><span class='ocrx_word' id='word_1_487' title='bbox 100 3428 197 3475; x_wconf 58' lang='grc' dir='ltr'><strong>εδει</strong></span> <span class='ocrx_word' id='word_1_488' title='bbox 217 3424 248 3489; x_wconf 92' lang='lat' dir='ltr'><strong>l,</strong></span> <span class='ocrx_word' id='word_1_489' title='bbox 272 3430 329 3483; x_wconf 82' lang='lat' dir='ltr'><strong>ad</strong></span> <span class='ocrx_word' id='word_1_490' title='bbox 355 3448 387 3502; x_wconf 92' lang='lat' dir='ltr'><strong>p</strong></span> <span class='ocrx_word' id='word_1_491' title='bbox 422 3437 728 3493; x_wconf 80' lang='lat' dir='ltr'><strong>niilieatum</strong></span> <span class='ocrx_word' id='word_1_492' title='bbox 752 3456 895 3496; x_wconf 90' lang='lat' dir='ltr'><strong>anno</strong></span> <span class='ocrx_word' id='word_1_493' title='bbox 922 3443 1047 3498; x_wconf 87' lang='grc'><strong>1181</strong></span> <span class='ocrx_word' id='word_1_494' title='bbox 1077 3455 1296 3501; x_wconf 86' lang='lat' dir='ltr'><strong>evectus</strong></span> <span class='ocrx_word' id='word_1_495' title='bbox 1324 3464 1590 3520; x_wconf 75' lang='lat' dir='ltr'><strong>purpura-</strong></span> 
     </span>
    </p>
   </div>
   <div class='ocr_carea' id='block_1_58' title="bbox 101 3518 1588 3611">
    <p class='ocr_par' dir='ltr' id='par_1_58' title="bbox 101 3518 1588 3611">
     <span class='ocr_line' id='line_1_59' title="bbox 101 3518 1588 3611; baseline 0.028 -54"><span class='ocrx_word' id='word_1_496' title='bbox 101 3520 211 3611; x_wconf 51' lang='lat' dir='ltr'><strong>tivum</strong></span> <span class='ocrx_word' id='word_1_497' title='bbox 252 3518 449 3578; x_wconf 75' lang='lat' dir='ltr'><strong>Patrum</strong></span> <span class='ocrx_word' id='word_1_498' title='bbox 494 3531 711 3585; x_wconf 86' lang='lat' dir='ltr'><strong>senatui</strong></span> <span class='ocrx_word' id='word_1_499' title='bbox 767 3534 1086 3604; x_wconf 75' lang='lat' dir='ltr'><strong>adscripsit,</strong></span> <span class='ocrx_word' id='word_1_500' title='bbox 1129 3537 1404 3595; x_wconf 88' lang='lat' dir='ltr'><strong>diversum</strong></span> <span class='ocrx_word' id='word_1_501' title='bbox 1432 3518 1588 3611; x_wconf 81' lang='lat' dir='ltr'><strong>esse,</strong></span> 
     </span>
    </p>
   </div>
   <div class='ocr_carea' id='block_1_59' title="bbox 99 3597 1590 3701">
    <p class='ocr_par' dir='ltr' id='par_1_59' title="bbox 99 3597 1590 3701">
     <span class='ocr_line' id='line_1_60' title="bbox 99 3597 1590 3701; baseline 0.03 -56"><span class='ocrx_word' id='word_1_502' title='bbox 99 3597 328 3701; x_wconf 56' lang='lat' dir='ltr'><strong>alunt-rius</strong></span> <span class='ocrx_word' id='word_1_503' title='bbox 370 3624 498 3672; x_wconf 78' lang='lat' dir='ltr'><strong>tozn.</strong></span> <span class='ocrx_word' id='word_1_504' title='bbox 542 3619 612 3673; x_wconf 86' lang='lat' dir='ltr'><strong>lll</strong></span> <span class='ocrx_word' id='word_1_505' title='bbox 666 3621 867 3677; x_wconf 73' lang='lat' dir='ltr'><strong>lterum</strong></span> <span class='ocrx_word' id='word_1_506' title='bbox 902 3625 1212 3683; x_wconf 88' lang='lat' dir='ltr'><strong>Italicarum</strong></span> <span class='ocrx_word' id='word_1_507' title='bbox 1259 3633 1590 3701; x_wconf 88' lang='lat' dir='ltr'><strong>scriptorum</strong></span> 
     </span>
    </p>
   </div>
   <div class='ocr_carea' id='block_1_60' title="bbox 99 3697 1591 3785">
    <p class='ocr_par' dir='ltr' id='par_1_60' title="bbox 99 3697 1591 3785">
     <span class='ocr_line' id='line_1_61' title="bbox 99 3697 1591 3785; baseline 0.019 -30"><span class='ocrx_word' id='word_1_508' title='bbox 99 3705 172 3759; x_wconf 63' lang='grc' dir='ltr'><strong>μειξ-</strong></span> <span class='ocrx_word' id='word_1_509' title='bbox 194 3697 273 3754; x_wconf 66' lang='grc' dir='ltr'><strong>Ξῖλι</strong></span> <span class='ocrx_word' id='word_1_510' title='bbox 300 3720 444 3764; x_wconf 84' lang='lat' dir='ltr'><strong>verso</strong></span> <span class='ocrx_word' id='word_1_511' title='bbox 475 3727 604 3765; x_wconf 87' lang='lat' dir='ltr'><strong>cum</strong></span> <span class='ocrx_word' id='word_1_512' title='bbox 637 3712 806 3783; x_wconf 85' lang='lat' dir='ltr'><strong>Pagio</strong></span> <span class='ocrx_word' id='word_1_513' title='bbox 834 3725 980 3773; x_wconf 88' lang='lat' dir='ltr'><strong>recte</strong></span> <span class='ocrx_word' id='word_1_514' title='bbox 1004 3720 1217 3785; x_wconf 84' lang='lat' dir='ltr'><strong>doceat,</strong></span> <span class='ocrx_word' id='word_1_515' title='bbox 1245 3697 1462 3780; x_wconf 76' lang='lat' dir='ltr'><strong>Urbano</strong></span> <span class='ocrx_word' id='word_1_516' title='bbox 1509 3737 1591 3782; x_wconf 89' lang='lat' dir='ltr'><strong>ta-</strong></span> 
     </span>
    </p>
   </div>
   <div class='ocr_carea' id='block_1_61' title="bbox 99 3797 1585 3889">
    <p class='ocr_par' dir='ltr' id='par_1_61' title="bbox 99 3797 1585 3889">
     <span class='ocr_line' id='line_1_62' title="bbox 99 3797 1585 3889; baseline 0.02 -46"><span class='ocrx_word' id='word_1_517' title='bbox 99 3797 389 3889; x_wconf 46' lang='lat' dir='ltr'><strong>l“etsecunda</strong></span> <span class='ocrx_word' id='word_1_518' title='bbox 410 3803 651 3869; x_wconf 83' lang='lat' dir='ltr'><strong>pontiﬁci</strong></span> <span class='ocrx_word' id='word_1_519' title='bbox 686 3804 780 3859; x_wconf 89' lang='lat' dir='ltr'><strong>fuit</strong></span> <span class='ocrx_word' id='word_1_520' title='bbox 811 3809 1034 3877; x_wconf 79' lang='lat' dir='ltr'><strong>aequalis</strong></span> <span class='ocrx_word' id='word_1_521' title='bbox 1063 3821 1155 3867; x_wconf 87' lang='lat' dir='ltr'><strong>aut</strong></span> <span class='ocrx_word' id='word_1_522' title='bbox 1186 3825 1335 3870; x_wconf 90' lang='lat' dir='ltr'><strong>certe</strong></span> <span class='ocrx_word' id='word_1_523' title='bbox 1365 3832 1585 3889; x_wconf 86' lang='lat' dir='ltr'><strong>suppar,</strong></span> 
     </span>
    </p>
   </div>
   <div class='ocr_carea' id='block_1_62' title="bbox 97 3877 1586 3973">
    <p class='ocr_par' dir='ltr' id='par_1_62' title="bbox 97 3877 1586 3973">
     <span class='ocr_line' id='line_1_63' title="bbox 97 3877 1586 3973; baseline 0.011 -23"><span class='ocrx_word' id='word_1_524' title='bbox 97 3885 139 3973; x_wconf 33' lang='lat'><strong>&#39;1“</strong></span> <span class='ocrx_word' id='word_1_525' title='bbox 155 3877 278 3949; x_wconf 71' lang='lat' dir='ltr'><strong>ii&#39;lltet</strong></span> <span class='ocrx_word' id='word_1_526' title='bbox 295 3904 352 3942; x_wconf 72' lang='lat' dir='ltr'><strong>ex</strong></span> <span class='ocrx_word' id='word_1_527' title='bbox 384 3890 449 3946; x_wconf 89' lang='lat' dir='ltr'><strong>iis</strong></span> <span class='ocrx_word' id='word_1_528' title='bbox 471 3910 595 3963; x_wconf 72' lang='lat' dir='ltr'><strong>qua:</strong></span> <span class='ocrx_word' id='word_1_529' title='bbox 617 3895 683 3951; x_wconf 90' lang='lat' dir='ltr'><strong>de</strong></span> <span class='ocrx_word' id='word_1_530' title='bbox 699 3899 888 3952; x_wconf 79' lang='lat' dir='ltr'><strong>eodem</strong></span> <span class='ocrx_word' id='word_1_531' title='bbox 906 3903 1174 3973; x_wconf 88' lang='lat' dir='ltr'><strong>scriptore</strong></span> <span class='ocrx_word' id='word_1_532' title='bbox 1194 3907 1313 3962; x_wconf 89' lang='lat' dir='ltr'><strong>loco</strong></span> <span class='ocrx_word' id='word_1_533' title='bbox 1335 3877 1586 3966; x_wconf 30' lang='lat' dir='ltr'><strong>cnsident</strong></span> 
     </span>
    </p>
   </div>
   <div class='ocr_carea' id='block_1_63' title="bbox 97 3965 1585 4069">
    <p class='ocr_par' dir='ltr' id='par_1_63' title="bbox 97 3965 1585 4069">
     <span class='ocr_line' id='line_1_64' title="bbox 97 3965 1585 4069; baseline 0.027 -51"><span class='ocrx_word' id='word_1_534' title='bbox 97 3965 328 4069; x_wconf 50' lang='grc' dir='ltr'><strong>ξιπιιοτίιις</strong></span> <span class='ocrx_word' id='word_1_535' title='bbox 352 3983 526 4053; x_wconf 88' lang='lat' dir='ltr'><strong>docet,</strong></span> <span class='ocrx_word' id='word_1_536' title='bbox 562 3989 707 4044; x_wconf 85' lang='lat' dir='ltr'><strong>lnmc</strong></span> <span class='ocrx_word' id='word_1_537' title='bbox 734 3992 980 4048; x_wconf 84' lang='lat' dir='ltr'><strong>scribens</strong></span> <span class='ocrx_word' id='word_1_538' title='bbox 1011 3996 1062 4049; x_wconf 90' lang='lat' dir='ltr'><strong>in</strong></span> <span class='ocrx_word' id='word_1_539' title='bbox 1098 4000 1342 4053; x_wconf 76' lang='lat' dir='ltr'><strong>modum:</strong></span> <span class='ocrx_word' id='word_1_540' title='bbox 1369 4020 1385 4053; x_wconf 87' lang='grc' dir='ltr'><strong>ι</strong></span> <span class='ocrx_word' id='word_1_541' title='bbox 1406 4001 1585 4068; x_wconf 86' lang='lat' dir='ltr'><strong>Quan-</strong></span> 
     </span>
    </p>
   </div>
   <div class='ocr_carea' id='block_1_64' title="bbox 97 4063 1586 4163">
    <p class='ocr_par' dir='ltr' id='par_1_64' title="bbox 97 4063 1586 4163">
     <span class='ocr_line' id='line_1_65' title="bbox 97 4063 1586 4163; baseline 0.015 -36"><span class='ocrx_word' id='word_1_542' title='bbox 97 4063 671 4163; x_wconf 31' lang='lat' dir='ltr'><strong>‘iiilili‘lemAmbrosianae</strong></span> <span class='ocrx_word' id='word_1_543' title='bbox 697 4081 1040 4140; x_wconf 71' lang='lat' dir='ltr'><strong>bibliotheca:</strong></span> <span class='ocrx_word' id='word_1_544' title='bbox 1062 4088 1386 4146; x_wconf 83' lang='lat' dir='ltr'><strong>ditissimum</strong></span> <span class='ocrx_word' id='word_1_545' title='bbox 1413 4109 1586 4163; x_wconf 82' lang='lat' dir='ltr'><strong>prom-</strong></span> 
     </span>
    </p>
   </div>
   <div class='ocr_carea' id='block_1_65' title="bbox 98 4158 1584 4248">
    <p class='ocr_par' dir='ltr' id='par_1_65' title="bbox 98 4158 1584 4248">
     <span class='ocr_line' id='line_1_66' title="bbox 98 4158 1584 4248; baseline 0.022 -39"><span class='ocrx_word' id='word_1_546' title='bbox 98 4158 282 4248; x_wconf 46' lang='lat' dir='ltr'><strong>Hilarium</strong></span> <span class='ocrx_word' id='word_1_547' title='bbox 310 4172 664 4234; x_wconf 89' lang='lat' dir='ltr'><strong>quorumdam</strong></span> <span class='ocrx_word' id='word_1_548' title='bbox 696 4189 1033 4231; x_wconf 89' lang='lat' dir='ltr'><strong>summorum</strong></span> <span class='ocrx_word' id='word_1_549' title='bbox 1089 4182 1403 4248; x_wconf 80' lang='lat' dir='ltr'><strong>pontificum</strong></span> <span class='ocrx_word' id='word_1_550' title='bbox 1437 4184 1584 4241; x_wconf 84' lang='lat' dir='ltr'><strong>Vitas</strong></span> 
     </span>
    </p>
   </div>
   <div class='ocr_carea' id='block_1_66' title="bbox 98 4241 1580 4343">
    <p class='ocr_par' dir='ltr' id='par_1_66' title="bbox 98 4241 1580 4343">
     <span class='ocr_line' id='line_1_67' title="bbox 98 4241 1580 4343; baseline 0.024 -43"><span class='ocrx_word' id='word_1_551' title='bbox 98 4241 371 4343; x_wconf 37' lang='lat' dir='ltr'><strong>4iistidulpbo</strong></span> <span class='ocrx_word' id='word_1_552' title='bbox 399 4260 598 4316; x_wconf 82' lang='lat' dir='ltr'><strong>Pisano</strong></span> <span class='ocrx_word' id='word_1_553' title='bbox 643 4268 986 4338; x_wconf 88' lang='lat' dir='ltr'><strong>conscriptas</strong></span> <span class='ocrx_word' id='word_1_554' title='bbox 1018 4272 1261 4339; x_wconf 76' lang='lat' dir='ltr'><strong>exhibet,</strong></span> <span class='ocrx_word' id='word_1_555' title='bbox 1293 4276 1394 4331; x_wconf 90' lang='lat' dir='ltr'><strong>has</strong></span> <span class='ocrx_word' id='word_1_556' title='bbox 1416 4279 1580 4335; x_wconf 90' lang='lat' dir='ltr'><strong>etiam</strong></span> 
     </span>
    </p>
   </div>
   <div class='ocr_carea' id='block_1_67' title="bbox 96 4335 1581 4442">
    <p class='ocr_par' dir='ltr' id='par_1_67' title="bbox 96 4335 1581 4442">
     <span class='ocr_line' id='line_1_68' title="bbox 96 4335 1581 4442; baseline 0.021 -49"><span class='ocrx_word' id='word_1_557' title='bbox 96 4335 304 4442; x_wconf 52' lang='lat' dir='ltr'><strong>t&#39;itisctiOIii</strong></span> <span class='ocrx_word' id='word_1_558' title='bbox 333 4353 578 4416; x_wconf 63' lang='lat' dir='ltr'><strong>persenti</strong></span> <span class='ocrx_word' id='word_1_559' title='bbox 613 4354 856 4412; x_wconf 86' lang='lat' dir='ltr'><strong>inserere</strong></span> <span class='ocrx_word' id='word_1_560' title='bbox 878 4360 1008 4414; x_wconf 89' lang='lat' dir='ltr'><strong>socii</strong></span> <span class='ocrx_word' id='word_1_561' title='bbox 1036 4363 1264 4431; x_wconf 88' lang='lat' dir='ltr'><strong>palatini</strong></span> <span class='ocrx_word' id='word_1_562' title='bbox 1287 4377 1451 4439; x_wconf 89' lang='lat' dir='ltr'><strong>atque</strong></span> <span class='ocrx_word' id='word_1_563' title='bbox 1482 4386 1581 4442; x_wconf 82' lang='lat' dir='ltr'><strong>ego</strong></span> 
     </span>
    </p>
   </div>
   <div class='ocr_carea' id='block_1_68' title="bbox 98 4424 693 4510">
    <p class='ocr_par' dir='ltr' id='par_1_68' title="bbox 98 4424 693 4510">
     <span class='ocr_line' id='line_1_69' title="bbox 98 4424 693 4510; baseline 0.049 -38"><span class='ocrx_word' id='word_1_564' title='bbox 98 4424 343 4491; x_wconf 59' lang='lat' dir='ltr'><strong>uilissimum</strong></span> <span class='ocrx_word' id='word_1_565' title='bbox 364 4446 693 4510; x_wconf 86' lang='lat' dir='ltr'><strong>putavimus.</strong></span> 
     </span>
    </p>
   </div>
   <div class='ocr_carea' id='block_1_69' title="bbox 1700 3270 3281 3335">
    <p class='ocr_par' dir='ltr' id='par_1_69' title="bbox 1700 3270 3281 3335">
     <span class='ocr_line' id='line_1_70' title="bbox 1700 3270 3281 3335; baseline 0.001 -11"><span class='ocrx_word' id='word_1_566' title='bbox 1700 3272 1945 3325; x_wconf 87' lang='lat' dir='ltr'><strong>eamdem</strong></span> <span class='ocrx_word' id='word_1_567' title='bbox 1972 3270 2267 3325; x_wconf 82' lang='lat' dir='ltr'><strong>Guastalla:</strong></span> <span class='ocrx_word' id='word_1_568' title='bbox 2283 3288 2374 3325; x_wconf 91' lang='lat' dir='ltr'><strong>seu</strong></span> <span class='ocrx_word' id='word_1_569' title='bbox 2400 3271 2760 3327; x_wconf 86' lang='lat' dir='ltr'><strong>Gnardestalli</strong></span> <span class='ocrx_word' id='word_1_570' title='bbox 2786 3272 3067 3334; x_wconf 63' lang='lat' dir='ltr'><strong>act-idisse,</strong></span> <span class='ocrx_word' id='word_1_571' title='bbox 3086 3275 3281 3335; x_wconf 82' lang='lat' dir='ltr'><strong>tradat,</strong></span> 
     </span>
    </p>
   </div>
   <div class='ocr_carea' id='block_1_70' title="bbox 1701 3365 3287 3435">
    <p class='ocr_par' dir='ltr' id='par_1_70' title="bbox 1701 3365 3287 3435">
     <span class='ocr_line' id='line_1_71' title="bbox 1701 3365 3287 3435; baseline -0.002 -14"><span class='ocrx_word' id='word_1_572' title='bbox 1701 3376 1980 3435; x_wconf 84' lang='lat' dir='ltr'><strong>tantopere</strong></span> <span class='ocrx_word' id='word_1_573' title='bbox 2030 3376 2294 3435; x_wconf 88' lang='lat' dir='ltr'><strong>pugnant,</strong></span> <span class='ocrx_word' id='word_1_574' title='bbox 2328 3375 2387 3419; x_wconf 88' lang='lat' dir='ltr'><strong>ut</strong></span> <span class='ocrx_word' id='word_1_575' title='bbox 2438 3382 2505 3420; x_wconf 88' lang='lat' dir='ltr'><strong>ne</strong></span> <span class='ocrx_word' id='word_1_576' title='bbox 2535 3366 2750 3435; x_wconf 84' lang='lat' dir='ltr'><strong>quidem</strong></span> <span class='ocrx_word' id='word_1_577' title='bbox 2797 3365 2954 3417; x_wconf 75' lang='lat' dir='ltr'><strong>modo</strong></span> <span class='ocrx_word' id='word_1_578' title='bbox 2975 3406 2987 3425; x_wconf 91' lang='lat'><strong>,</strong></span> <span class='ocrx_word' id='word_1_579' title='bbox 3020 3380 3115 3435; x_wconf 87' lang='lat' dir='ltr'><strong>per</strong></span> <span class='ocrx_word' id='word_1_580' title='bbox 3144 3365 3287 3418; x_wconf 83' lang='lat' dir='ltr'><strong>Mor-</strong></span> 
     </span>
    </p>
   </div>
   <div class='ocr_carea' id='block_1_71' title="bbox 1696 3457 3301 3528">
    <p class='ocr_par' dir='ltr' id='par_1_71' title="bbox 1696 3457 3301 3528">
     <span class='ocr_line' id='line_1_72' title="bbox 1696 3457 3301 3528; baseline 0.001 -16"><span class='ocrx_word' id='word_1_581' title='bbox 1696 3458 1940 3514; x_wconf 79' lang='lat' dir='ltr'><strong>kensium</strong></span> <span class='ocrx_word' id='word_1_582' title='bbox 1981 3474 2145 3528; x_wconf 86' lang='lat' dir='ltr'><strong>supra</strong></span> <span class='ocrx_word' id='word_1_583' title='bbox 2197 3458 2513 3528; x_wconf 83' lang='lat' dir='ltr'><strong>assignato,</strong></span> <span class='ocrx_word' id='word_1_584' title='bbox 2570 3457 2622 3510; x_wconf 93' lang='lat' dir='ltr'><strong>in</strong></span> <span class='ocrx_word' id='word_1_585' title='bbox 2676 3457 3022 3511; x_wconf 78' lang='lat' dir='ltr'><strong>concordiam</strong></span> <span class='ocrx_word' id='word_1_586' title='bbox 3074 3458 3301 3525; x_wconf 77' lang='lat' dir='ltr'><strong>possint,</strong></span> 
     </span>
    </p>
   </div>
   <div class='ocr_carea' id='block_1_72' title="bbox 1696 3550 1914 3605">
    <p class='ocr_par' dir='ltr' id='par_1_72' title="bbox 1696 3550 1914 3605">
     <span class='ocr_line' id='line_1_73' title="bbox 1696 3550 1914 3605; baseline 0 -2"><span class='ocrx_word' id='word_1_587' title='bbox 1696 3550 1914 3605; x_wconf 71' lang='lat' dir='ltr'><strong>addncL</strong></span> 
     </span>
    </p>
   </div>
   <div class='ocr_carea' id='block_1_73' title="bbox 1763 3642 3276 3712">
    <p class='ocr_par' dir='ltr' id='par_1_73' title="bbox 1763 3642 3276 3712">
     <span class='ocr_line' id='line_1_74' title="bbox 1763 3642 3276 3712; baseline 0.001 -15"><span class='ocrx_word' id='word_1_588' title='bbox 1763 3642 1885 3697; x_wconf 71' lang='lat'><strong>602.</strong></span> <span class='ocrx_word' id='word_1_589' title='bbox 1922 3642 2075 3709; x_wconf 86' lang='lat' dir='ltr'><strong>Quod</strong></span> <span class='ocrx_word' id='word_1_590' title='bbox 2107 3659 2250 3698; x_wconf 89' lang='lat' dir='ltr'><strong>nunc</strong></span> <span class='ocrx_word' id='word_1_591' title='bbox 2281 3643 2517 3710; x_wconf 81' lang='lat' dir='ltr'><strong>pertinet</strong></span> <span class='ocrx_word' id='word_1_592' title='bbox 2545 3642 2610 3696; x_wconf 90' lang='lat' dir='ltr'><strong>ad</strong></span> <span class='ocrx_word' id='word_1_593' title='bbox 2658 3657 2781 3695; x_wconf 79' lang='lat' dir='ltr'><strong>mox</strong></span> <span class='ocrx_word' id='word_1_594' title='bbox 2814 3642 2918 3696; x_wconf 90' lang='lat' dir='ltr'><strong>huc</strong></span> <span class='ocrx_word' id='word_1_595' title='bbox 2952 3644 3276 3712; x_wconf 81' lang='lat' dir='ltr'><strong>transcripta</strong></span> 
     </span>
    </p>
   </div>
   <div class='ocr_carea' id='block_1_74' title="bbox 1692 3733 3283 3802">
    <p class='ocr_par' dir='ltr' id='par_1_74' title="bbox 1692 3733 3283 3802">
     <span class='ocr_line' id='line_1_75' title="bbox 1692 3733 3283 3802; baseline 0.001 -17"><span class='ocrx_word' id='word_1_596' title='bbox 1692 3733 1879 3799; x_wconf 85' lang='lat' dir='ltr'><strong>verba,</strong></span> <span class='ocrx_word' id='word_1_597' title='bbox 1914 3734 2145 3802; x_wconf 88' lang='lat' dir='ltr'><strong>quibus,</strong></span> <span class='ocrx_word' id='word_1_598' title='bbox 2186 3733 2568 3788; x_wconf 62' lang='lat' dir='ltr'><strong>Praefationem</strong></span> <span class='ocrx_word' id='word_1_599' title='bbox 2609 3734 2675 3787; x_wconf 92' lang='lat' dir='ltr'><strong>de</strong></span> <span class='ocrx_word' id='word_1_600' title='bbox 2723 3734 2881 3787; x_wconf 87' lang='lat' dir='ltr'><strong>beata</strong></span> <span class='ocrx_word' id='word_1_601' title='bbox 2936 3733 3003 3785; x_wconf 87' lang='lat' dir='ltr'><strong>ab</strong></span> <span class='ocrx_word' id='word_1_602' title='bbox 3051 3733 3283 3799; x_wconf 89' lang='lat' dir='ltr'><strong>ipsomet</strong></span> 
     </span>
    </p>
   </div>
   <div class='ocr_carea' id='block_1_75' title="bbox 1696 3821 3279 3891">
    <p class='ocr_par' dir='ltr' id='par_1_75' title="bbox 1696 3821 3279 3891">
     <span class='ocr_line' id='line_1_76' title="bbox 1696 3821 3279 3891; baseline -0.001 -14"><span class='ocrx_word' id='word_1_603' title='bbox 1696 3821 1918 3885; x_wconf 89' lang='lat' dir='ltr'><strong>Urbano</strong></span> <span class='ocrx_word' id='word_1_604' title='bbox 1954 3822 2307 3891; x_wconf 88' lang='lat' dir='ltr'><strong>compositam</strong></span> <span class='ocrx_word' id='word_1_605' title='bbox 2341 3823 2536 3885; x_wconf 89' lang='lat' dir='ltr'><strong>fuisse,</strong></span> <span class='ocrx_word' id='word_1_606' title='bbox 2571 3822 2771 3876; x_wconf 90' lang='lat' dir='ltr'><strong>diserte</strong></span> <span class='ocrx_word' id='word_1_607' title='bbox 2800 3823 3013 3875; x_wconf 79' lang='lat' dir='ltr'><strong>tradere</strong></span> <span class='ocrx_word' id='word_1_608' title='bbox 3042 3821 3279 3875; x_wconf 86' lang='lat' dir='ltr'><strong>Pandnl-</strong></span> 
     </span>
    </p>
   </div>
   <div class='ocr_carea' id='block_1_76' title="bbox 1691 3913 3276 3983">
    <p class='ocr_par' dir='ltr' id='par_1_76' title="bbox 1691 3913 3276 3983">
     <span class='ocr_line' id='line_1_77' title="bbox 1691 3913 3276 3983; baseline 0.001 -16"><span class='ocrx_word' id='word_1_609' title='bbox 1691 3913 1827 3983; x_wconf 86' lang='lat' dir='ltr'><strong>phus</strong></span> <span class='ocrx_word' id='word_1_610' title='bbox 1859 3914 2147 3968; x_wconf 80' lang='lat' dir='ltr'><strong>Ruinartio</strong></span> <span class='ocrx_word' id='word_1_611' title='bbox 2186 3926 2270 3970; x_wconf 88' lang='lat' dir='ltr'><strong>est</strong></span> <span class='ocrx_word' id='word_1_612' title='bbox 2296 3915 2462 3977; x_wconf 84' lang='lat' dir='ltr'><strong>visus.</strong></span> <span class='ocrx_word' id='word_1_613' title='bbox 2490 3930 2611 3969; x_wconf 88' lang='lat' dir='ltr'><strong>cum</strong></span> <span class='ocrx_word' id='word_1_614' title='bbox 2643 3930 2746 3969; x_wconf 91' lang='lat' dir='ltr'><strong>non</strong></span> <span class='ocrx_word' id='word_1_615' title='bbox 2779 3930 2903 3968; x_wconf 89' lang='lat' dir='ltr'><strong>raro</strong></span> <span class='ocrx_word' id='word_1_616' title='bbox 2933 3914 3044 3979; x_wconf 83' lang='lat' dir='ltr'><strong>fiat,</strong></span> <span class='ocrx_word' id='word_1_617' title='bbox 3086 3923 3141 3967; x_wconf 89' lang='lat' dir='ltr'><strong>ut</strong></span> <span class='ocrx_word' id='word_1_618' title='bbox 3188 3930 3276 3969; x_wconf 84' lang='lat' dir='ltr'><strong>rc-</strong></span> 
     </span>
    </p>
   </div>
   <div class='ocr_carea' id='block_1_77' title="bbox 1688 4003 3287 4075">
    <p class='ocr_par' dir='ltr' id='par_1_77' title="bbox 1688 4003 3287 4075">
     <span class='ocr_line' id='line_1_78' title="bbox 1688 4003 3287 4075; baseline 0 -17"><span class='ocrx_word' id='word_1_619' title='bbox 1688 4020 1805 4074; x_wconf 77' lang='lat' dir='ltr'><strong>ges,</strong></span> <span class='ocrx_word' id='word_1_620' title='bbox 1859 4003 2256 4072; x_wconf 88' lang='lat' dir='ltr'><strong>imperatores,</strong></span> <span class='ocrx_word' id='word_1_621' title='bbox 2303 4005 2585 4073; x_wconf 79' lang='lat' dir='ltr'><strong>pontiﬁces</strong></span> <span class='ocrx_word' id='word_1_622' title='bbox 2636 4004 2863 4073; x_wconf 65' lang='lat' dir='ltr'><strong>alia‘que</strong></span> <span class='ocrx_word' id='word_1_623' title='bbox 2913 4006 2965 4058; x_wconf 91' lang='lat' dir='ltr'><strong>in</strong></span> <span class='ocrx_word' id='word_1_624' title='bbox 3003 4014 3287 4075; x_wconf 88' lang='lat' dir='ltr'><strong>potestate</strong></span> 
     </span>
    </p>
   </div>
   <div class='ocr_carea' id='block_1_78' title="bbox 1688 4095 3309 4164">
    <p class='ocr_par' dir='ltr' id='par_1_78' title="bbox 1688 4095 3309 4164">
     <span class='ocr_line' id='line_1_79' title="bbox 1688 4095 3309 4164; baseline 0 -14"><span class='ocrx_word' id='word_1_625' title='bbox 1688 4095 1997 4151; x_wconf 64' lang='lat' dir='ltr'><strong>constituta)</strong></span> <span class='ocrx_word' id='word_1_626' title='bbox 2026 4110 2273 4164; x_wconf 59' lang='lat' dir='ltr'><strong>persona:</strong></span> <span class='ocrx_word' id='word_1_627' title='bbox 2320 4096 2519 4150; x_wconf 85' lang='lat' dir='ltr'><strong>fecisse</strong></span> <span class='ocrx_word' id='word_1_628' title='bbox 2550 4096 2803 4150; x_wconf 89' lang='lat' dir='ltr'><strong>dicantur</strong></span> <span class='ocrx_word' id='word_1_629' title='bbox 2835 4097 2998 4149; x_wconf 86' lang='lat' dir='ltr'><strong>etiam</strong></span> <span class='ocrx_word' id='word_1_630' title='bbox 3027 4112 3111 4159; x_wconf 85' lang='lat' dir='ltr'><strong>ca,</strong></span> <span class='ocrx_word' id='word_1_631' title='bbox 3152 4112 3273 4163; x_wconf 74' lang='lat' dir='ltr'><strong>qua:</strong></span> <span class='ocrx_word' id='word_1_632' title='bbox 3306 4110 3309 4113; x_wconf 83' lang='lat'>&#39;</span> 
     </span>
    </p>
   </div>
   <div class='ocr_carea' id='block_1_79' title="bbox 1687 4185 3272 4255">
    <p class='ocr_par' dir='ltr' id='par_1_79' title="bbox 1687 4185 3272 4255">
     <span class='ocr_line' id='line_1_80' title="bbox 1687 4185 3272 4255; baseline -0.001 -14"><span class='ocrx_word' id='word_1_633' title='bbox 1687 4202 1793 4241; x_wconf 90' lang='lat' dir='ltr'><strong>non</strong></span> <span class='ocrx_word' id='word_1_634' title='bbox 1838 4186 2060 4255; x_wconf 89' lang='lat' dir='ltr'><strong>proprio</strong></span> <span class='ocrx_word' id='word_1_635' title='bbox 2117 4185 2356 4255; x_wconf 88' lang='lat' dir='ltr'><strong>ipsarum</strong></span> <span class='ocrx_word' id='word_1_636' title='bbox 2415 4195 2609 4250; x_wconf 89' lang='lat' dir='ltr'><strong>marte,</strong></span> <span class='ocrx_word' id='word_1_637' title='bbox 2662 4185 2753 4240; x_wconf 88' lang='lat' dir='ltr'><strong>sed</strong></span> <span class='ocrx_word' id='word_1_638' title='bbox 2809 4185 2962 4253; x_wconf 88' lang='lat' dir='ltr'><strong>jussu</strong></span> <span class='ocrx_word' id='word_1_639' title='bbox 3011 4186 3272 4239; x_wconf 79' lang='lat' dir='ltr'><strong>duntaxat</strong></span> 
     </span>
    </p>
   </div>
   <div class='ocr_carea' id='block_1_80' title="bbox 1686 4273 3268 4343">
    <p class='ocr_par' dir='ltr' id='par_1_80' title="bbox 1686 4273 3268 4343">
     <span class='ocr_line' id='line_1_81' title="bbox 1686 4273 3268 4343; baseline -0.003 -14"><span class='ocrx_word' id='word_1_640' title='bbox 1686 4276 1827 4329; x_wconf 87' lang='lat' dir='ltr'><strong>facta</strong></span> <span class='ocrx_word' id='word_1_641' title='bbox 1870 4284 2014 4339; x_wconf 89' lang='lat' dir='ltr'><strong>sunt,</strong></span> <span class='ocrx_word' id='word_1_642' title='bbox 2071 4274 2255 4329; x_wconf 89' lang='lat' dir='ltr'><strong>nescio</strong></span> <span class='ocrx_word' id='word_1_643' title='bbox 2288 4291 2354 4328; x_wconf 88' lang='lat' dir='ltr'><strong>an</strong></span> <span class='ocrx_word' id='word_1_644' title='bbox 2391 4273 2631 4329; x_wconf 88' lang='lat' dir='ltr'><strong>futurum</strong></span> <span class='ocrx_word' id='word_1_645' title='bbox 2687 4276 2776 4335; x_wconf 87' lang='lat' dir='ltr'><strong>sit,</strong></span> <span class='ocrx_word' id='word_1_646' title='bbox 2819 4287 2875 4328; x_wconf 89' lang='lat' dir='ltr'><strong>ut</strong></span> <span class='ocrx_word' id='word_1_647' title='bbox 2920 4274 3147 4343; x_wconf 84' lang='lat' dir='ltr'><strong>quisque</strong></span> <span class='ocrx_word' id='word_1_648' title='bbox 3199 4276 3268 4328; x_wconf 87' lang='lat' dir='ltr'><strong>ob</strong></span> 
     </span>
    </p>
   </div>
   <div class='ocr_carea' id='block_1_81' title="bbox 1684 4364 3262 4436">
    <p class='ocr_par' dir='ltr' id='par_1_81' title="bbox 1684 4364 3262 4436">
     <span class='ocr_line' id='line_1_82' title="bbox 1684 4364 3262 4436; baseline -0.002 -17"><span class='ocrx_word' id='word_1_649' title='bbox 1684 4366 1825 4420; x_wconf 87' lang='lat' dir='ltr'><strong>dicta</strong></span> <span class='ocrx_word' id='word_1_650' title='bbox 1854 4364 2151 4435; x_wconf 87' lang='lat' dir='ltr'><strong>Pandulpbi</strong></span> <span class='ocrx_word' id='word_1_651' title='bbox 2183 4366 2344 4420; x_wconf 88' lang='lat' dir='ltr'><strong>verba</strong></span> <span class='ocrx_word' id='word_1_652' title='bbox 2373 4364 2595 4431; x_wconf 30' lang='lat' dir='ltr'><strong>Urbano,</strong></span> <span class='ocrx_word' id='word_1_653' title='bbox 2612 4382 2762 4436; x_wconf 75' lang='lat' dir='ltr'><strong>papae</strong></span> <span class='ocrx_word' id='word_1_654' title='bbox 2795 4364 3172 4418; x_wconf 72' lang='lat' dir='ltr'><strong>i’ra-fationem</strong></span> <span class='ocrx_word' id='word_1_655' title='bbox 3200 4365 3262 4417; x_wconf 81' lang='lat' dir='ltr'><strong>il-</strong></span> 
     </span>
    </p>
   </div>
   <div class='ocr_carea' id='block_1_82' title="bbox 1686 4456 3265 4525">
    <p class='ocr_par' dir='ltr' id='par_1_82' title="bbox 1686 4456 3265 4525">
     <span class='ocr_line' id='line_1_83' title="bbox 1686 4456 3265 4525; baseline 0.001 -18"><span class='ocrx_word' id='word_1_656' title='bbox 1686 4456 1789 4508; x_wconf 88' lang='lat' dir='ltr'><strong>lam</strong></span> <span class='ocrx_word' id='word_1_657' title='bbox 1840 4463 2097 4525; x_wconf 83' lang='lat' dir='ltr'><strong>tanquam</strong></span> <span class='ocrx_word' id='word_1_658' title='bbox 2151 4456 2370 4525; x_wconf 87' lang='lat' dir='ltr'><strong>proprio</strong></span> <span class='ocrx_word' id='word_1_659' title='bbox 2404 4464 2576 4509; x_wconf 89' lang='lat' dir='ltr'><strong>marte</strong></span> <span class='ocrx_word' id='word_1_660' title='bbox 2625 4457 2721 4509; x_wconf 88' lang='lat' dir='ltr'><strong>abs</strong></span> <span class='ocrx_word' id='word_1_661' title='bbox 2764 4471 2829 4509; x_wconf 90' lang='lat' dir='ltr'><strong>eo</strong></span> <span class='ocrx_word' id='word_1_662' title='bbox 2881 4456 3265 4525; x_wconf 88' lang='lat' dir='ltr'><strong>compositam,</strong></span> 
     </span>
    </p>
   </div>
   <div class='ocr_carea' id='block_1_83' title="bbox 100 4518 3283 4617">
    <p class='ocr_par' dir='ltr' id='par_1_83' title="bbox 100 4518 3283 4617">
     <span class='ocr_line' id='line_1_84' title="bbox 100 4518 3283 4617; baseline 0.008 -44"><span class='ocrx_word' id='word_1_663' title='bbox 100 4604 103 4607; x_wconf 17' lang='grc' dir='ltr'><strong>Δ</strong></span> <span class='ocrx_word' id='word_1_664' title='bbox 136 4518 216 4617; x_wconf 55' lang='lat' dir='ltr'><strong>“ill.</strong></span> <span class='ocrx_word' id='word_1_665' title='bbox 249 4529 540 4602; x_wconf 72' lang='lat' dir='ltr'><strong>«bicipiuut</strong></span> <span class='ocrx_word' id='word_1_666' title='bbox 569 4548 749 4594; x_wconf 88' lang='lat' dir='ltr'><strong>autem</strong></span> <span class='ocrx_word' id='word_1_667' title='bbox 784 4557 813 4595; x_wconf 86' lang='lat' dir='ltr'><strong>a</strong></span> <span class='ocrx_word' id='word_1_668' title='bbox 840 4542 1106 4612; x_wconf 76' lang='lat' dir='ltr'><strong>Gregorio</strong></span> <span class='ocrx_word' id='word_1_669' title='bbox 1134 4548 1223 4603; x_wconf 79' lang='lat' dir='ltr'><strong>Vll</strong></span> <span class='ocrx_word' id='word_1_670' title='bbox 1247 4561 1299 4606; x_wconf 88' lang='lat' dir='ltr'><strong>et</strong></span> <span class='ocrx_word' id='word_1_671' title='bbox 1329 4553 1575 4611; x_wconf 86' lang='lat' dir='ltr'><strong>desinunt</strong></span> <span class='ocrx_word' id='word_1_672' title='bbox 1612 4564 1655 4617; x_wconf 74' lang='grc' dir='ltr'>[ι</span> <span class='ocrx_word' id='word_1_673' title='bbox 1684 4518 2053 4600; x_wconf 76' lang='lat' dir='ltr'><strong>indubitanter</strong></span> <span class='ocrx_word' id='word_1_674' title='bbox 2089 4518 2379 4600; x_wconf 74' lang='lat' dir='ltr'><strong>adseribat.</strong></span> <span class='ocrx_word' id='word_1_675' title='bbox 2414 4546 2564 4611; x_wconf 80' lang='lat' dir='ltr'><strong>Quod</strong></span> <span class='ocrx_word' id='word_1_676' title='bbox 2612 4545 2676 4599; x_wconf 91' lang='lat' dir='ltr'><strong>ad</strong></span> <span class='ocrx_word' id='word_1_677' title='bbox 2718 4562 2802 4599; x_wconf 90' lang='lat' dir='ltr'><strong>me</strong></span> <span class='ocrx_word' id='word_1_678' title='bbox 2829 4546 3060 4616; x_wconf 86' lang='lat' dir='ltr'><strong>pertinet</strong></span> <span class='ocrx_word' id='word_1_679' title='bbox 3087 4587 3102 4612; x_wconf 96' lang='lat'><strong>,</strong></span> <span class='ocrx_word' id='word_1_680' title='bbox 3143 4562 3283 4601; x_wconf 20' lang='lat' dir='ltr'><strong>cum,</strong></span> 
     </span>
    </p>
   </div>
   <div class='ocr_carea' id='block_1_84' title="bbox 99 4609 3270 4711">
    <p class='ocr_par' dir='ltr' id='par_1_84' title="bbox 99 4609 3270 4711">
     <span class='ocr_line' id='line_1_85' title="bbox 99 4609 3270 4711; baseline 0.013 -57"><span class='ocrx_word' id='word_1_681' title='bbox 99 4609 435 4711; x_wconf 34' lang='lat' dir='ltr'><strong>salax-anum&quot;,</strong></span> <span class='ocrx_word' id='word_1_682' title='bbox 483 4629 544 4683; x_wconf 79' lang='grc' dir='ltr'><strong>ιιι</strong></span> <span class='ocrx_word' id='word_1_683' title='bbox 577 4642 743 4701; x_wconf 60' lang='grc' dir='ltr'><strong>θυμω</strong></span> <span class='ocrx_word' id='word_1_684' title='bbox 777 4650 807 4688; x_wconf 65' lang='grc' dir='ltr'><strong>η</strong></span> <span class='ocrx_word' id='word_1_685' title='bbox 851 4639 1122 4708; x_wconf 55' lang='lat' dir='ltr'><strong>scrinia-,3</strong></span> <span class='ocrx_word' id='word_1_686' title='bbox 1155 4644 1579 4711; x_wconf 69' lang='lat' dir='ltr'><strong>proﬁciscunmr</strong></span> <span class='ocrx_word' id='word_1_687' title='bbox 1683 4655 1769 4693; x_wconf 89' lang='lat' dir='ltr'><strong>res</strong></span> <span class='ocrx_word' id='word_1_688' title='bbox 1823 4639 1894 4692; x_wconf 91' lang='lat' dir='ltr'><strong>ita</strong></span> <span class='ocrx_word' id='word_1_689' title='bbox 1924 4638 2144 4702; x_wconf 86' lang='lat' dir='ltr'><strong>habeat,</strong></span> <span class='ocrx_word' id='word_1_690' title='bbox 2178 4637 2421 4706; x_wconf 86' lang='lat' dir='ltr'><strong>nihilque</strong></span> <span class='ocrx_word' id='word_1_691' title='bbox 2457 4654 2521 4690; x_wconf 81' lang='lat' dir='ltr'><strong>ex</strong></span> <span class='ocrx_word' id='word_1_692' title='bbox 2556 4638 2715 4692; x_wconf 87' lang='lat' dir='ltr'><strong>dictis</strong></span> <span class='ocrx_word' id='word_1_693' title='bbox 2743 4640 2943 4704; x_wconf 85' lang='lat' dir='ltr'><strong>obstet,</strong></span> <span class='ocrx_word' id='word_1_694' title='bbox 2978 4639 3270 4708; x_wconf 87' lang='lat' dir='ltr'><strong>quominus</strong></span> 
     </span>
    </p>
   </div>
   <div class='ocr_carea' id='block_1_85' title="bbox 100 4704 1575 4807">
    <p class='ocr_par' dir='ltr' id='par_1_85' title="bbox 100 4704 1575 4807">
     <span class='ocr_line' id='line_1_86' title="bbox 100 4704 1575 4807; baseline 0.024 -45"><span class='ocrx_word' id='word_1_695' title='bbox 100 4704 149 4755; x_wconf 60' lang='grc' dir='ltr'><strong>ἰιι</strong></span> <span class='ocrx_word' id='word_1_696' title='bbox 168 4704 313 4807; x_wconf 63' lang='lat' dir='ltr'><strong>iisdem</strong></span> <span class='ocrx_word' id='word_1_697' title='bbox 337 4721 661 4788; x_wconf 74' lang='lat' dir='ltr'><strong>temporibus</strong></span> <span class='ocrx_word' id='word_1_698' title='bbox 688 4724 737 4776; x_wconf 92' lang='lat' dir='ltr'><strong>in</strong></span> <span class='ocrx_word' id='word_1_699' title='bbox 764 4727 902 4782; x_wconf 90' lang='lat' dir='ltr'><strong>vivis</strong></span> <span class='ocrx_word' id='word_1_700' title='bbox 929 4739 1049 4783; x_wconf 91' lang='lat' dir='ltr'><strong>erat</strong></span> <span class='ocrx_word' id='word_1_701' title='bbox 1084 4741 1247 4801; x_wconf 87' lang='lat' dir='ltr'><strong>atque</strong></span> <span class='ocrx_word' id='word_1_702' title='bbox 1274 4750 1336 4789; x_wconf 87' lang='lat' dir='ltr'><strong>ca</strong></span> <span class='ocrx_word' id='word_1_703' title='bbox 1361 4739 1575 4807; x_wconf 89' lang='lat' dir='ltr'><strong>scriptis</strong></span> 
     </span>
    </p>
   </div>
   <div class='ocr_carea' id='block_1_86' title="bbox 101 4795 1575 4897">
    <p class='ocr_par' dir='ltr' id='par_1_86' title="bbox 101 4795 1575 4897">
     <span class='ocr_line' id='line_1_87' title="bbox 101 4795 1575 4897; baseline 0.025 -47"><span class='ocrx_word' id='word_1_704' title='bbox 101 4795 312 4897; x_wconf 35' lang='lat' dir='ltr'><strong>Titinia-int.</strong></span> <span class='ocrx_word' id='word_1_705' title='bbox 339 4805 579 4880; x_wconf 83' lang='lat' dir='ltr'><strong>Jamque,</strong></span> <span class='ocrx_word' id='word_1_706' title='bbox 618 4818 844 4872; x_wconf 88' lang='lat' dir='ltr'><strong>testibus</strong></span> <span class='ocrx_word' id='word_1_707' title='bbox 877 4820 1064 4876; x_wconf 84' lang='lat' dir='ltr'><strong>Felino</strong></span> <span class='ocrx_word' id='word_1_708' title='bbox 1084 4866 1098 4887; x_wconf 85' lang='lat'><strong>,</strong></span> <span class='ocrx_word' id='word_1_709' title='bbox 1128 4795 1409 4897; x_wconf 64' lang='lat' dir='ltr'><strong>(innphrio</strong></span> <span class='ocrx_word' id='word_1_710' title='bbox 1438 4795 1575 4886; x_wconf 43' lang='lat' dir='ltr'><strong>P&#39;an;</strong></span> 
     </span>
    </p>
   </div>
   <div class='ocr_carea' id='block_1_87' title="bbox 102 4888 1575 4989">
    <p class='ocr_par' dir='ltr' id='par_1_87' title="bbox 102 4888 1575 4989">
     <span class='ocr_line' id='line_1_88' title="bbox 102 4888 1575 4989; baseline 0.024 -47"><span class='ocrx_word' id='word_1_711' title='bbox 102 4892 207 4989; x_wconf 38' lang='lat' dir='ltr'><strong>illi:</strong></span> <span class='ocrx_word' id='word_1_712' title='bbox 210 4888 441 4956; x_wconf 79' lang='lat' dir='ltr'><strong>Ludovico</strong></span> <span class='ocrx_word' id='word_1_713' title='bbox 484 4919 513 4957; x_wconf 89' lang='lat' dir='ltr'><strong>a</strong></span> <span class='ocrx_word' id='word_1_714' title='bbox 555 4918 745 4963; x_wconf 82' lang='lat' dir='ltr'><strong>saneto</strong></span> <span class='ocrx_word' id='word_1_715' title='bbox 799 4911 994 4966; x_wconf 85' lang='lat' dir='ltr'><strong>Carolo</strong></span> <span class='ocrx_word' id='word_1_716' title='bbox 1040 4917 1291 4989; x_wconf 84' lang='lat' dir='ltr'><strong>aliisque,</strong></span> <span class='ocrx_word' id='word_1_717' title='bbox 1348 4939 1575 4978; x_wconf 86' lang='lat' dir='ltr'><strong>novera-</strong></span> 
     </span>
    </p>
   </div>
   <div class='ocr_carea' id='block_1_88' title="bbox 102 4978 1567 5081">
    <p class='ocr_par' dir='ltr' id='par_1_88' title="bbox 102 4978 1567 5081">
     <span class='ocr_line' id='line_1_89' title="bbox 102 4978 1567 5081; baseline 0.023 -44"><span class='ocrx_word' id='word_1_718' title='bbox 102 4978 501 5081; x_wconf 51' lang='grc' dir='ltr'><strong>1ιξξίδιδιιηιιιριιιιιιι</strong></span> <span class='ocrx_word' id='word_1_719' title='bbox 521 4996 787 5065; x_wconf 85' lang='lat' dir='ltr'><strong>ejusmodi</strong></span> <span class='ocrx_word' id='word_1_720' title='bbox 809 5001 957 5059; x_wconf 75' lang='lat' dir='ltr'><strong>Vitas</strong></span> <span class='ocrx_word' id='word_1_721' title='bbox 979 5007 1351 5067; x_wconf 85' lang='lat' dir='ltr'><strong>cluenbratnm</strong></span> <span class='ocrx_word' id='word_1_722' title='bbox 1369 5015 1567 5081; x_wconf 87' lang='lat' dir='ltr'><strong>fuisse;</strong></span> 
     </span>
    </p>
   </div>
   <div class='ocr_carea' id='block_1_89' title="bbox 38 5068 1573 5161">
    <p class='ocr_par' dir='ltr' id='par_1_89' title="bbox 38 5068 1573 5161">
     <span class='ocr_line' id='line_1_90' title="bbox 38 5068 1573 5161; baseline 0.029 -44"><span class='ocrx_word' id='word_1_723' title='bbox 38 5150 41 5155; x_wconf 10' lang='grc' dir='ltr'>ι</span> <span class='ocrx_word' id='word_1_724' title='bbox 103 5068 131 5112; x_wconf 64' lang='lat' dir='ltr'><strong>ti</strong></span> <span class='ocrx_word' id='word_1_725' title='bbox 160 5081 203 5123; x_wconf 74' lang='lat' dir='ltr'><strong>et</strong></span> <span class='ocrx_word' id='word_1_726' title='bbox 228 5076 278 5130; x_wconf 90' lang='lat' dir='ltr'><strong>iis</strong></span> <span class='ocrx_word' id='word_1_727' title='bbox 304 5084 453 5139; x_wconf 85' lang='lat' dir='ltr'><strong>etiam</strong></span> <span class='ocrx_word' id='word_1_728' title='bbox 507 5090 676 5144; x_wconf 91' lang='lat' dir='ltr'><strong>multa</strong></span> <span class='ocrx_word' id='word_1_729' title='bbox 735 5092 786 5145; x_wconf 89' lang='lat' dir='ltr'><strong>in</strong></span> <span class='ocrx_word' id='word_1_730' title='bbox 840 5109 969 5147; x_wconf 90' lang='lat' dir='ltr'><strong>suos</strong></span> <span class='ocrx_word' id='word_1_731' title='bbox 1019 5097 1259 5153; x_wconf 84' lang='lat' dir='ltr'><strong>Annales</strong></span> <span class='ocrx_word' id='word_1_732' title='bbox 1297 5103 1573 5161; x_wconf 88' lang='lat' dir='ltr'><strong>derivarat</strong></span> 
     </span>
    </p>
   </div>
   <div class='ocr_carea' id='block_1_90' title="bbox 104 5168 1568 5253">
    <p class='ocr_par' dir='ltr' id='par_1_90' title="bbox 104 5168 1568 5253">
     <span class='ocr_line' id='line_1_91' title="bbox 104 5168 1568 5253; baseline 0.029 -45"><span class='ocrx_word' id='word_1_733' title='bbox 104 5168 258 5253; x_wconf 44' lang='lat' dir='ltr'><strong>ptumus</strong></span> <span class='ocrx_word' id='word_1_734' title='bbox 277 5175 638 5236; x_wconf 77' lang='lat' dir='ltr'><strong>ecclesiasticae</strong></span> <span class='ocrx_word' id='word_1_735' title='bbox 664 5183 908 5239; x_wconf 77' lang='lat' dir='ltr'><strong>historize</strong></span> <span class='ocrx_word' id='word_1_736' title='bbox 943 5187 1244 5245; x_wconf 84' lang='lat' dir='ltr'><strong>illustrator</strong></span> <span class='ocrx_word' id='word_1_737' title='bbox 1284 5192 1568 5253; x_wconf 76' lang='lat' dir='ltr'><strong>Bai-opius.</strong></span> 
     </span>
    </p>
   </div>
   <div class='ocr_carea' id='block_1_91' title="bbox 38 5242 1570 5355">
    <p class='ocr_par' dir='ltr' id='par_1_91' title="bbox 38 5242 1570 5355">
     <span class='ocr_line' id='line_1_92' title="bbox 38 5242 1570 5355; baseline 0.027 -52"><span class='ocrx_word' id='word_1_738' title='bbox 106 5242 532 5355; x_wconf 34' lang='lat' dir='ltr'><strong>ilm&#39;Cmistantinus</strong></span> <span class='ocrx_word' id='word_1_739' title='bbox 581 5276 877 5332; x_wconf 74' lang='lat' dir='ltr'><strong>Caietanus</strong></span> <span class='ocrx_word' id='word_1_740' title='bbox 908 5295 1051 5333; x_wconf 85' lang='lat' dir='ltr'><strong>anno</strong></span> <span class='ocrx_word' id='word_1_741' title='bbox 1102 5242 1238 5338; x_wconf 44' lang='lat'><strong>1638</strong></span> 
     </span>
    </p>
   </div>
   <div class='ocr_carea' id='block_1_92' title="bbox 38 5352 1569 5437">
    <p class='ocr_par' dir='ltr' id='par_1_92' title="bbox 38 5352 1569 5437">
     <span class='ocr_line' id='line_1_93' title="bbox 38 5352 1569 5437; baseline 0.038 -57"><span class='ocrx_word' id='word_1_742' title='bbox 38 5360 39 5373; x_wconf 58' lang='grc' dir='ltr'><strong>η</strong></span> <span class='ocrx_word' id='word_1_743' title='bbox 107 5352 210 5437; x_wconf 65' lang='lat' dir='ltr'><strong>unus</strong></span> <span class='ocrx_word' id='word_1_744' title='bbox 247 5357 469 5425; x_wconf 87' lang='lat' dir='ltr'><strong>tradidit,</strong></span> <span class='ocrx_word' id='word_1_745' title='bbox 525 5379 590 5420; x_wconf 88' lang='lat' dir='ltr'><strong>ac</strong></span> <span class='ocrx_word' id='word_1_746' title='bbox 627 5369 773 5426; x_wconf 89' lang='lat' dir='ltr'><strong>notis</strong></span> <span class='ocrx_word' id='word_1_747' title='bbox 803 5371 1097 5430; x_wconf 85' lang='lat' dir='ltr'><strong>illustravit</strong></span> <span class='ocrx_word' id='word_1_748' title='bbox 1147 5352 1352 5432; x_wconf 83' lang='lat' dir='ltr'><strong>Gelasii</strong></span> <span class='ocrx_word' id='word_1_749' title='bbox 1399 5379 1438 5433; x_wconf 93' lang='lat' dir='ltr'><strong>ll</strong></span> <span class='ocrx_word' id='word_1_750' title='bbox 1481 5382 1569 5437; x_wconf 74' lang='lat' dir='ltr'><strong>Vi-</strong></span> 
     </span>
    </p>
   </div>
   <div class='ocr_carea' id='block_1_93' title="bbox 38 5432 1619 5540">
    <p class='ocr_par' dir='ltr' id='par_1_93' title="bbox 38 5432 1619 5540">
     <span class='ocr_line' id='line_1_94' title="bbox 38 5432 1619 5540; baseline 0.027 -53"><span class='ocrx_word' id='word_1_751' title='bbox 38 5482 39 5499; x_wconf 42' lang='lat'><strong>,</strong></span> <span class='ocrx_word' id='word_1_752' title='bbox 108 5432 249 5540; x_wconf 37' lang='lat' dir='ltr'><strong>{iit-ab</strong></span> <span class='ocrx_word' id='word_1_753' title='bbox 265 5448 430 5504; x_wconf 88' lang='lat' dir='ltr'><strong>eodem</strong></span> <span class='ocrx_word' id='word_1_754' title='bbox 472 5452 785 5527; x_wconf 87' lang='lat' dir='ltr'><strong>Pandulpbo</strong></span> <span class='ocrx_word' id='word_1_755' title='bbox 812 5465 1180 5533; x_wconf 85' lang='lat' dir='ltr'><strong>conscriptam</strong></span> <span class='ocrx_word' id='word_1_756' title='bbox 1202 5508 1216 5531; x_wconf 91' lang='lat'><strong>,</strong></span> <span class='ocrx_word' id='word_1_757' title='bbox 1249 5482 1313 5522; x_wconf 76' lang='lat' dir='ltr'><strong>ex</strong></span> <span class='ocrx_word' id='word_1_758' title='bbox 1345 5484 1448 5540; x_wconf 86' lang='lat' dir='ltr'><strong>qua</strong></span> <span class='ocrx_word' id='word_1_759' title='bbox 1484 5472 1563 5525; x_wconf 92' lang='lat' dir='ltr'><strong>in-</strong></span> <span class='ocrx_word' id='word_1_760' title='bbox 1610 5498 1619 5507; x_wconf 87' lang='lat'><strong>-</strong></span> 
     </span>
    </p>
   </div>
   <div class='ocr_carea' id='block_1_94' title="bbox 38 5521 1569 5625">
    <p class='ocr_par' dir='ltr' id='par_1_94' title="bbox 38 5521 1569 5625">
     <span class='ocr_line' id='line_1_95' title="bbox 38 5521 1569 5625; baseline 0.028 -49"><span class='ocrx_word' id='word_1_761' title='bbox 38 5542 39 5555; x_wconf 57' lang='grc' dir='ltr'><strong>π</strong></span> <span class='ocrx_word' id='word_1_762' title='bbox 109 5521 297 5625; x_wconf 57' lang='grc' dir='ltr'>¹ε11ιεξιιιιιε</span> <span class='ocrx_word' id='word_1_763' title='bbox 318 5542 625 5612; x_wconf 80' lang='lat' dir='ltr'><strong>scriptorem</strong></span> <span class='ocrx_word' id='word_1_764' title='bbox 675 5550 819 5606; x_wconf 89' lang='lat' dir='ltr'><strong>hunc</strong></span> <span class='ocrx_word' id='word_1_765' title='bbox 845 5568 984 5609; x_wconf 89' lang='lat' dir='ltr'><strong>anno</strong></span> <span class='ocrx_word' id='word_1_766' title='bbox 1011 5557 1163 5620; x_wconf 83' lang='lat' dir='ltr'><strong>HIS,</strong></span> <span class='ocrx_word' id='word_1_767' title='bbox 1190 5521 1569 5618; x_wconf 61' lang='lat' dir='ltr'><strong>ecclesiasticae</strong></span> 
     </span>
    </p>
   </div>
   <div class='ocr_carea' id='block_1_95' title="bbox 38 5615 1566 5719">
    <p class='ocr_par' dir='ltr' id='par_1_95' title="bbox 38 5615 1566 5719">
     <span class='ocr_line' id='line_1_96' title="bbox 38 5615 1566 5719; baseline 0.027 -47"><span class='ocrx_word' id='word_1_768' title='bbox 111 5615 236 5719; x_wconf 43' lang='lat' dir='ltr'><strong>Tullia:</strong></span> <span class='ocrx_word' id='word_1_769' title='bbox 259 5628 650 5719; x_wconf 72' lang='lat' dir='ltr'><strong>adscriptum,in</strong></span> <span class='ocrx_word' id='word_1_770' title='bbox 674 5640 917 5697; x_wconf 67' lang='lat' dir='ltr'><strong>liomana</strong></span> <span class='ocrx_word' id='word_1_771' title='bbox 946 5648 1093 5700; x_wconf 84' lang='lat' dir='ltr'><strong>curia</strong></span> <span class='ocrx_word' id='word_1_772' title='bbox 1128 5649 1347 5704; x_wconf 73' lang='lat' dir='ltr'><strong>vixisse.</strong></span> <span class='ocrx_word' id='word_1_773' title='bbox 1384 5671 1401 5701; x_wconf 85' lang='grc'><strong>›</strong></span> <span class='ocrx_word' id='word_1_774' title='bbox 1428 5652 1566 5719; x_wconf 70' lang='lat' dir='ltr'><strong>Quin</strong></span> 
     </span>
    </p>
   </div>
   <div class='ocr_carea' id='block_1_96' title="bbox 38 5710 1568 5811">
    <p class='ocr_par' dir='ltr' id='par_1_96' title="bbox 38 5710 1568 5811">
     <span class='ocr_line' id='line_1_97' title="bbox 38 5710 1568 5811; baseline 0.014 -35"><span class='ocrx_word' id='word_1_775' title='bbox 38 5762 39 5811; x_wconf 33' lang='grc' dir='ltr'><em>ξ</em></span> <span class='ocrx_word' id='word_1_776' title='bbox 113 5710 223 5811; x_wconf 34' lang='grc'><strong>⁵³1⁸1⁸91</strong></span> <span class='ocrx_word' id='word_1_777' title='bbox 262 5716 577 5811; x_wconf 45' lang='grc' dir='ltr'>ΙῘειιιιΙιιΙΜιιιδ</span> <span class='ocrx_word' id='word_1_778' title='bbox 626 5732 782 5787; x_wconf 78' lang='lat' dir='ltr'><strong>iidem</strong></span> <span class='ocrx_word' id='word_1_779' title='bbox 836 5746 1107 5789; x_wconf 67' lang='lat' dir='ltr'><strong>mercatur</strong></span> <span class='ocrx_word' id='word_1_780' title='bbox 1157 5739 1208 5791; x_wconf 92' lang='lat' dir='ltr'><strong>in</strong></span> <span class='ocrx_word' id='word_1_781' title='bbox 1242 5740 1306 5794; x_wconf 87' lang='lat' dir='ltr'><strong>iis</strong></span> <span class='ocrx_word' id='word_1_782' title='bbox 1350 5758 1468 5811; x_wconf 64' lang='lat' dir='ltr'><strong>quae</strong></span> <span class='ocrx_word' id='word_1_783' title='bbox 1503 5745 1568 5800; x_wconf 87' lang='lat' dir='ltr'><strong>de</strong></span> 
     </span>
    </p>
   </div>
   <div class='ocr_carea' id='block_1_97' title="bbox 38 5786 1565 5899">
    <p class='ocr_par' dir='ltr' id='par_1_97' title="bbox 38 5786 1565 5899">
     <span class='ocr_line' id='line_1_98' title="bbox 38 5786 1565 5811; baseline 0.013 -22"><span class='ocrx_word' id='word_1_784' title='bbox 38 5794 39 5799; x_wconf 22' lang='grc' dir='ltr'><strong>η</strong></span> <span class='ocrx_word' id='word_1_785' title='bbox 443 5786 453 5794; x_wconf 78' lang='grc' dir='ltr'>ι</span> <span class='ocrx_word' id='word_1_786' title='bbox 756 5786 759 5787; x_wconf 54' lang='grc' dir='ltr'><em>ν</em></span> <span class='ocrx_word' id='word_1_787' title='bbox 838 5786 845 5788; x_wconf 58' lang='lat'><strong><em>‘</em></strong></span> <span class='ocrx_word' id='word_1_788' title='bbox 876 5786 935 5789; x_wconf 70' lang='lat'><strong>&quot;&#39;</strong></span> <span class='ocrx_word' id='word_1_789' title='bbox 988 5786 1094 5789; x_wconf 64' lang='lat'><strong>“&quot;“</strong></span> <span class='ocrx_word' id='word_1_790' title='bbox 1158 5786 1206 5791; x_wconf 85' lang='lat'><strong>&quot;&#39;</strong></span> <span class='ocrx_word' id='word_1_791' title='bbox 1242 5786 1305 5794; x_wconf 90' lang='lat'><strong>&quot;&quot;’</strong></span> <span class='ocrx_word' id='word_1_792' title='bbox 1351 5786 1467 5811; x_wconf 76' lang='lat'><strong>‘|&quot;“’</strong></span> <span class='ocrx_word' id='word_1_793' title='bbox 1504 5786 1565 5800; x_wconf 69' lang='lat' dir='ltr'><strong>&quot;V</strong></span> 
     </span>
     <span class='ocr_line' id='line_1_99' title="bbox 38 5786 1565 5899; baseline 0.022 -43"><span class='ocrx_word' id='word_1_794' title='bbox 38 5804 39 5899; x_wconf 38' lang='grc' dir='ltr'><strong>ἦ</strong></span> <span class='ocrx_word' id='word_1_795' title='bbox 117 5786 310 5862; x_wconf 69' lang='lat' dir='ltr'><strong>l“niuali</strong></span> <span class='ocrx_word' id='word_1_796' title='bbox 338 5830 459 5886; x_wconf 75' lang='lat' dir='ltr'><strong>papa</strong></span> <span class='ocrx_word' id='word_1_797' title='bbox 495 5824 763 5878; x_wconf 61' lang='lat' dir='ltr'><strong>meatui-im</strong></span> <span class='ocrx_word' id='word_1_798' title='bbox 818 5827 1018 5894; x_wconf 72' lang='lat' dir='ltr'><strong>proiit,</strong></span> <span class='ocrx_word' id='word_1_799' title='bbox 1050 5828 1399 5887; x_wconf 64' lang='lat' dir='ltr'><strong>dubitandum</strong></span> <span class='ocrx_word' id='word_1_800' title='bbox 1462 5851 1565 5890; x_wconf 90' lang='lat' dir='ltr'><strong>non</strong></span> 
     </span>
    </p>
   </div>
   <div class='ocr_carea' id='block_1_98' title="bbox 1680 4727 3265 4794">
    <p class='ocr_par' dir='ltr' id='par_1_98' title="bbox 1680 4727 3265 4794">
     <span class='ocr_line' id='line_1_100' title="bbox 1680 4727 3265 4794; baseline 0.003 -14"><span class='ocrx_word' id='word_1_801' title='bbox 1680 4736 1901 4783; x_wconf 78' lang='lat' dir='ltr'><strong>sanctus</strong></span> <span class='ocrx_word' id='word_1_802' title='bbox 1940 4739 2145 4793; x_wconf 88' lang='lat' dir='ltr'><strong>noster,</strong></span> <span class='ocrx_word' id='word_1_803' title='bbox 2198 4736 2254 4780; x_wconf 90' lang='lat' dir='ltr'><strong>ut</strong></span> <span class='ocrx_word' id='word_1_804' title='bbox 2306 4727 2645 4794; x_wconf 85' lang='lat' dir='ltr'><strong>Placentino,</strong></span> <span class='ocrx_word' id='word_1_805' title='bbox 2678 4729 2748 4783; x_wconf 91' lang='lat' dir='ltr'><strong>ita</strong></span> <span class='ocrx_word' id='word_1_806' title='bbox 2806 4731 2968 4783; x_wconf 89' lang='lat' dir='ltr'><strong>ctiam</strong></span> <span class='ocrx_word' id='word_1_807' title='bbox 3020 4731 3265 4786; x_wconf 87' lang='lat' dir='ltr'><strong>Guastcl-</strong></span> 
     </span>
    </p>
   </div>
   <div class='ocr_carea' id='block_1_99' title="bbox 1679 4819 3261 4889">
    <p class='ocr_par' dir='ltr' id='par_1_99' title="bbox 1679 4819 3261 4889">
     <span class='ocr_line' id='line_1_101' title="bbox 1679 4819 3261 4889; baseline 0.004 -18"><span class='ocrx_word' id='word_1_808' title='bbox 1679 4819 1813 4874; x_wconf 79' lang='lat' dir='ltr'><strong>lcusi</strong></span> <span class='ocrx_word' id='word_1_809' title='bbox 1874 4820 2143 4885; x_wconf 89' lang='lat' dir='ltr'><strong>concilio,</strong></span> <span class='ocrx_word' id='word_1_810' title='bbox 2204 4819 2360 4889; x_wconf 84' lang='lat' dir='ltr'><strong>cujus</strong></span> <span class='ocrx_word' id='word_1_811' title='bbox 2425 4829 2668 4889; x_wconf 78' lang='lat' dir='ltr'><strong>tempore</strong></span> <span class='ocrx_word' id='word_1_812' title='bbox 2732 4821 3112 4876; x_wconf 65' lang='lat' dir='ltr'><strong>Praefationem</strong></span> <span class='ocrx_word' id='word_1_813' title='bbox 3193 4825 3261 4877; x_wconf 84' lang='lat' dir='ltr'><strong>de</strong></span> 
     </span>
    </p>
   </div>
   <div class='ocr_carea' id='block_1_100' title="bbox 1679 4908 3259 4981">
    <p class='ocr_par' dir='ltr' id='par_1_100' title="bbox 1679 4908 3259 4981">
     <span class='ocr_line' id='line_1_102' title="bbox 1679 4908 3259 4981; baseline 0.002 -19"><span class='ocrx_word' id='word_1_814' title='bbox 1679 4910 1835 4963; x_wconf 87' lang='lat' dir='ltr'><strong>beata</strong></span> <span class='ocrx_word' id='word_1_815' title='bbox 1866 4910 2240 4964; x_wconf 88' lang='lat' dir='ltr'><strong>concinnatam</strong></span> <span class='ocrx_word' id='word_1_816' title='bbox 2281 4908 2471 4977; x_wconf 88' lang='lat' dir='ltr'><strong>fuisse,</strong></span> <span class='ocrx_word' id='word_1_817' title='bbox 2490 4912 2714 4966; x_wconf 88' lang='lat' dir='ltr'><strong>recitata</strong></span> <span class='ocrx_word' id='word_1_818' title='bbox 2743 4910 3038 4981; x_wconf 83' lang='lat' dir='ltr'><strong>Pandulphi</strong></span> <span class='ocrx_word' id='word_1_819' title='bbox 3073 4924 3259 4966; x_wconf 44' lang='lat' dir='ltr'><strong>aucto‘</strong></span> 
     </span>
    </p>
   </div>
   <div class='ocr_carea' id='block_1_101' title="bbox 1680 5002 3258 5074">
    <p class='ocr_par' dir='ltr' id='par_1_101' title="bbox 1680 5002 3258 5074">
     <span class='ocr_line' id='line_1_103' title="bbox 1680 5002 3258 5074; baseline 0.003 -20"><span class='ocrx_word' id='word_1_820' title='bbox 1680 5002 1869 5068; x_wconf 92' lang='lat' dir='ltr'><strong>ritate,</strong></span> <span class='ocrx_word' id='word_1_821' title='bbox 1916 5013 2178 5071; x_wconf 88' lang='lat' dir='ltr'><strong>quantmn</strong></span> <span class='ocrx_word' id='word_1_822' title='bbox 2236 5018 2391 5069; x_wconf 89' lang='lat' dir='ltr'><strong>reor,</strong></span> <span class='ocrx_word' id='word_1_823' title='bbox 2447 5005 2616 5058; x_wconf 90' lang='lat' dir='ltr'><strong>codici</strong></span> <span class='ocrx_word' id='word_1_824' title='bbox 2676 5005 2924 5060; x_wconf 69' lang='lat' dir='ltr'><strong>ltetuensi</strong></span> <span class='ocrx_word' id='word_1_825' title='bbox 2977 5021 3070 5074; x_wconf 87' lang='lat' dir='ltr'><strong>per</strong></span> <span class='ocrx_word' id='word_1_826' title='bbox 3130 5008 3258 5060; x_wconf 81' lang='lat' dir='ltr'><strong>Rui-</strong></span> 
     </span>
    </p>
   </div>
   <div class='ocr_carea' id='block_1_102' title="bbox 1678 5092 3259 5163">
    <p class='ocr_par' dir='ltr' id='par_1_102' title="bbox 1678 5092 3259 5163">
     <span class='ocr_line' id='line_1_104' title="bbox 1678 5092 3259 5163; baseline 0.003 -20"><span class='ocrx_word' id='word_1_827' title='bbox 1678 5092 1913 5145; x_wconf 89' lang='lat' dir='ltr'><strong>nartium</strong></span> <span class='ocrx_word' id='word_1_828' title='bbox 1952 5107 2115 5161; x_wconf 90' lang='lat' dir='ltr'><strong>supra</strong></span> <span class='ocrx_word' id='word_1_829' title='bbox 2167 5092 2381 5147; x_wconf 88' lang='lat' dir='ltr'><strong>laudato</strong></span> <span class='ocrx_word' id='word_1_830' title='bbox 2431 5093 2745 5163; x_wconf 59' lang='grc' dir='ltr'>ιιι-Μοιριιαί</span> <span class='ocrx_word' id='word_1_831' title='bbox 2775 5138 2788 5161; x_wconf 83' lang='grc'>,</span> <span class='ocrx_word' id='word_1_832' title='bbox 2844 5096 3005 5148; x_wconf 81' lang='lat' dir='ltr'><strong>verba</strong></span> <span class='ocrx_word' id='word_1_833' title='bbox 3054 5096 3259 5147; x_wconf 82' lang='lat' dir='ltr'><strong>verosi-</strong></span> 
     </span>
    </p>
   </div>
   <div class='ocr_carea' id='block_1_103' title="bbox 1676 5184 3252 5252">
    <p class='ocr_par' dir='ltr' id='par_1_103' title="bbox 1676 5184 3252 5252">
     <span class='ocr_line' id='line_1_105' title="bbox 1676 5184 3252 5252; baseline 0 -15"><span class='ocrx_word' id='word_1_834' title='bbox 1676 5184 1957 5237; x_wconf 86' lang='lat' dir='ltr'><strong>millimutu</strong></span> <span class='ocrx_word' id='word_1_835' title='bbox 2006 5185 2195 5239; x_wconf 88' lang='lat' dir='ltr'><strong>saltem</strong></span> <span class='ocrx_word' id='word_1_836' title='bbox 2232 5184 2457 5252; x_wconf 83' lang='lat' dir='ltr'><strong>faciunt,</strong></span> <span class='ocrx_word' id='word_1_837' title='bbox 2496 5184 2802 5240; x_wconf 85' lang='lat' dir='ltr'><strong>interfuisse</strong></span> <span class='ocrx_word' id='word_1_838' title='bbox 2833 5186 3107 5249; x_wconf 89' lang='lat' dir='ltr'><strong>credatur,</strong></span> <span class='ocrx_word' id='word_1_839' title='bbox 3134 5200 3252 5237; x_wconf 86' lang='lat' dir='ltr'><strong>eam</strong></span> 
     </span>
    </p>
   </div>
   <div class='ocr_carea' id='block_1_104' title="bbox 1673 5276 3253 5347">
    <p class='ocr_par' dir='ltr' id='par_1_104' title="bbox 1673 5276 3253 5347">
     <span class='ocr_line' id='line_1_106' title="bbox 1673 5276 3253 5347; baseline -0.001 -18"><span class='ocrx_word' id='word_1_840' title='bbox 1673 5292 1772 5347; x_wconf 82' lang='lat' dir='ltr'><strong>ego</strong></span> <span class='ocrx_word' id='word_1_841' title='bbox 1814 5276 2049 5331; x_wconf 80' lang='lat' dir='ltr'><strong>Brunoni</strong></span> <span class='ocrx_word' id='word_1_842' title='bbox 2108 5278 2475 5332; x_wconf 83' lang='lat' dir='ltr'><strong>indubitanter</strong></span> <span class='ocrx_word' id='word_1_843' title='bbox 2513 5278 2825 5345; x_wconf 87' lang='lat' dir='ltr'><strong>ahjudicare</strong></span> <span class='ocrx_word' id='word_1_844' title='bbox 2882 5293 2984 5329; x_wconf 90' lang='lat' dir='ltr'><strong>non</strong></span> <span class='ocrx_word' id='word_1_845' title='bbox 3038 5277 3253 5338; x_wconf 87' lang='lat' dir='ltr'><strong>ausim,</strong></span> 
     </span>
    </p>
   </div>
   <div class='ocr_carea' id='block_1_105' title="bbox 1674 5371 3254 5442">
    <p class='ocr_par' dir='ltr' id='par_1_105' title="bbox 1674 5371 3254 5442">
     <span class='ocr_line' id='line_1_107' title="bbox 1674 5371 3254 5442; baseline -0.001 -19"><span class='ocrx_word' id='word_1_846' title='bbox 1674 5371 1800 5426; x_wconf 89' lang='lat' dir='ltr'><strong>licet</strong></span> <span class='ocrx_word' id='word_1_847' title='bbox 1824 5372 2060 5439; x_wconf 91' lang='lat' dir='ltr'><strong>interim,</strong></span> <span class='ocrx_word' id='word_1_848' title='bbox 2089 5387 2154 5426; x_wconf 89' lang='lat' dir='ltr'><strong>an</strong></span> <span class='ocrx_word' id='word_1_849' title='bbox 2187 5372 2303 5441; x_wconf 88' lang='lat' dir='ltr'><strong>ejus</strong></span> <span class='ocrx_word' id='word_1_850' title='bbox 2333 5389 2465 5442; x_wconf 84' lang='lat' dir='ltr'><strong>OptlS</strong></span> <span class='ocrx_word' id='word_1_851' title='bbox 2490 5388 2616 5427; x_wconf 89' lang='lat' dir='ltr'><strong>vere</strong></span> <span class='ocrx_word' id='word_1_852' title='bbox 2660 5372 2749 5439; x_wconf 89' lang='lat' dir='ltr'><strong>sit,</strong></span> <span class='ocrx_word' id='word_1_853' title='bbox 2779 5373 3124 5426; x_wconf 81' lang='lat' dir='ltr'><strong>vehementer</strong></span> <span class='ocrx_word' id='word_1_854' title='bbox 3152 5371 3254 5422; x_wconf 88' lang='lat' dir='ltr'><strong>dn-</strong></span> 
     </span>
    </p>
   </div>
   <div class='ocr_carea' id='block_1_106' title="bbox 1673 5450 3329 5535">
    <p class='ocr_par' dir='ltr' id='par_1_106' title="bbox 1673 5450 3329 5535">
     <span class='ocr_line' id='line_1_108' title="bbox 1673 5450 3329 5535; baseline -0.004 -16"><span class='ocrx_word' id='word_1_855' title='bbox 1673 5465 1858 5530; x_wconf 87' lang='lat' dir='ltr'><strong>bitem,</strong></span> <span class='ocrx_word' id='word_1_856' title='bbox 1886 5474 1995 5519; x_wconf 87' lang='lat' dir='ltr'><strong>tum</strong></span> <span class='ocrx_word' id='word_1_857' title='bbox 2024 5465 2214 5534; x_wconf 84' lang='lat' dir='ltr'><strong>objam</strong></span> <span class='ocrx_word' id='word_1_858' title='bbox 2248 5482 2408 5535; x_wconf 88' lang='lat' dir='ltr'><strong>supra</strong></span> <span class='ocrx_word' id='word_1_859' title='bbox 2431 5465 2591 5529; x_wconf 84' lang='lat' dir='ltr'><strong>dicta,</strong></span> <span class='ocrx_word' id='word_1_860' title='bbox 2613 5475 2719 5518; x_wconf 91' lang='lat' dir='ltr'><strong>tum</strong></span> <span class='ocrx_word' id='word_1_861' title='bbox 2750 5465 2890 5534; x_wconf 90' lang='lat' dir='ltr'><strong>quod</strong></span> <span class='ocrx_word' id='word_1_862' title='bbox 2917 5462 3250 5533; x_wconf 87' lang='lat' dir='ltr'><strong>opinionem,</strong></span> <span class='ocrx_word' id='word_1_863' title='bbox 3312 5450 3329 5467; x_wconf 53' lang='grc'><strong>⁶’</strong></span> 
     </span>
    </p>
   </div>
   <div class='ocr_carea' id='block_1_107' title="bbox 1672 5544 3291 5630">
    <p class='ocr_par' dir='ltr' id='par_1_107' title="bbox 1672 5544 3291 5630">
     <span class='ocr_line' id='line_1_109' title="bbox 1672 5544 3291 5630; baseline 0.001 -21"><span class='ocrx_word' id='word_1_864' title='bbox 1672 5573 1789 5627; x_wconf 72' lang='lat' dir='ltr'><strong>qua:</strong></span> <span class='ocrx_word' id='word_1_865' title='bbox 1817 5560 2060 5613; x_wconf 88' lang='lat' dir='ltr'><strong>eamdem</strong></span> <span class='ocrx_word' id='word_1_866' title='bbox 2100 5559 2314 5614; x_wconf 87' lang='lat' dir='ltr'><strong>Urbano</strong></span> <span class='ocrx_word' id='word_1_867' title='bbox 2340 5575 2512 5630; x_wconf 72' lang='lat' dir='ltr'><strong>papae,</strong></span> <span class='ocrx_word' id='word_1_868' title='bbox 2546 5569 2799 5626; x_wconf 85' lang='lat' dir='ltr'><strong>tanquam</strong></span> <span class='ocrx_word' id='word_1_869' title='bbox 2835 5559 3107 5629; x_wconf 80' lang='lat' dir='ltr'><strong>proprium</strong></span> <span class='ocrx_word' id='word_1_870' title='bbox 3137 5556 3254 5625; x_wconf 79' lang='lat' dir='ltr'><strong>ejus</strong></span> <span class='ocrx_word' id='word_1_871' title='bbox 3286 5544 3291 5551; x_wconf 49' lang='grc'><strong>’</strong></span> 
     </span>
    </p>
   </div>
   <div class='ocr_carea' id='block_1_108' title="bbox 1672 5650 3251 5721">
    <p class='ocr_par' dir='ltr' id='par_1_108' title="bbox 1672 5650 3251 5721">
     <span class='ocr_line' id='line_1_110' title="bbox 1672 5650 3251 5721; baseline 0.003 -18"><span class='ocrx_word' id='word_1_872' title='bbox 1672 5665 1826 5719; x_wconf 83' lang='lat' dir='ltr'><strong>Opus,</strong></span> <span class='ocrx_word' id='word_1_873' title='bbox 1884 5652 2288 5705; x_wconf 86' lang='lat' dir='ltr'><strong>attribuendam</strong></span> <span class='ocrx_word' id='word_1_874' title='bbox 2347 5654 2556 5717; x_wconf 87' lang='lat' dir='ltr'><strong>statuit,</strong></span> <span class='ocrx_word' id='word_1_875' title='bbox 2608 5650 2761 5721; x_wconf 83' lang='lat' dir='ltr'><strong>longe</strong></span> <span class='ocrx_word' id='word_1_876' title='bbox 2802 5653 3251 5707; x_wconf 86' lang='lat' dir='ltr'><strong>verosimiliorem</strong></span> 
     </span>
    </p>
   </div>
   <div class='ocr_carea' id='block_1_109' title="bbox 1674 5742 3244 5815">
    <p class='ocr_par' dir='ltr' id='par_1_109' title="bbox 1674 5742 3244 5815">
     <span class='ocr_line' id='line_1_111' title="bbox 1674 5742 3244 5815; baseline 0.004 -22"><span class='ocrx_word' id='word_1_877' title='bbox 1674 5742 1873 5796; x_wconf 78' lang='lat' dir='ltr'><strong>idcirco</strong></span> <span class='ocrx_word' id='word_1_878' title='bbox 1906 5755 2197 5809; x_wconf 79' lang='lat' dir='ltr'><strong>autuniem,</strong></span> <span class='ocrx_word' id='word_1_879' title='bbox 2222 5746 2364 5815; x_wconf 69' lang='lat' dir='ltr'><strong>quod</strong></span> <span class='ocrx_word' id='word_1_880' title='bbox 2393 5746 2440 5798; x_wconf 91' lang='lat' dir='ltr'><strong>ei</strong></span> <span class='ocrx_word' id='word_1_881' title='bbox 2473 5745 2694 5799; x_wconf 83' lang='lat' dir='ltr'><strong>recitata</strong></span> <span class='ocrx_word' id='word_1_882' title='bbox 2730 5745 3025 5814; x_wconf 80' lang='lat' dir='ltr'><strong>l’andnlphi</strong></span> <span class='ocrx_word' id='word_1_883' title='bbox 3061 5747 3244 5815; x_wconf 80' lang='lat' dir='ltr'><strong>verba,</strong></span> 
     </span>
    </p>
   </div>
   <div class='ocr_carea' id='block_1_110' title="bbox 1674 5834 3321 5916">
    <p class='ocr_par' dir='ltr' id='par_1_110' title="bbox 1674 5834 3321 5916">
     <span class='ocr_line' id='line_1_112' title="bbox 1674 5834 3321 5916; baseline 0.003 -29"><span class='ocrx_word' id='word_1_884' title='bbox 1674 5834 1724 5887; x_wconf 86' lang='lat' dir='ltr'><strong>in</strong></span> <span class='ocrx_word' id='word_1_885' title='bbox 1751 5850 1907 5888; x_wconf 74' lang='lat' dir='ltr'><strong>sensu</strong></span> <span class='ocrx_word' id='word_1_886' title='bbox 1943 5836 2110 5903; x_wconf 77' lang='lat' dir='ltr'><strong>magis</strong></span> <span class='ocrx_word' id='word_1_887' title='bbox 2143 5837 2371 5891; x_wconf 72' lang='lat' dir='ltr'><strong>naturai</strong></span> <span class='ocrx_word' id='word_1_888' title='bbox 2398 5846 2447 5892; x_wconf 82' lang='lat' dir='ltr'><strong>et</strong></span> <span class='ocrx_word' id='word_1_889' title='bbox 2479 5837 2636 5892; x_wconf 77' lang='lat' dir='ltr'><strong>obvio</strong></span> <span class='ocrx_word' id='word_1_890' title='bbox 2662 5848 2903 5909; x_wconf 77' lang='lat' dir='ltr'><strong>accepta,</strong></span> <span class='ocrx_word' id='word_1_891' title='bbox 2948 5836 3245 5909; x_wconf 65' lang='lat' dir='ltr'><strong>suifragcn-</strong></span> <span class='ocrx_word' id='word_1_892' title='bbox 3316 5911 3321 5916; x_wconf 26' lang='lat'><strong><em>.</em></strong></span> 
     </span>
    </p>
   </div>
  </div>
