3846 6316
75 367 139 425 5ῖ3
1526 358 1727 418 ACTA.

3127 361 3236 420 57$

74 487 278 540 lubentem
316 477 552 550 capillos,
584 477 848 535 dicentem
895 476 974 533 eis
1007 495 1020 532 :
1059 495 1075 528 ι
1111 474 1358 546 Perplexi
1391 475 1546 542 estis,
1577 479 1621 536 Α
1653 474 1704 529 in
1733 473 1956 529 Terram
1987 473 2252 530 Sanctam
2273 475 2645 546 expeditiones
2699 475 2932 533 decreta:
2983 477 3222 544 bierunt,

74 573 280 635 «fratres,
307 581 476 626 utrum
514 586 730 626 manere
773 571 826 624 in
859 570 978 625 loco
1009 570 1110 625 hoc
1133 611 1148 636 ,
1201 585 1267 623 an
1300 568 1550 624 recedere

73 665 416 727 ulelieatis,sed
461 680 561 733 ego
611 665 734 718 dico
777 664 934 718 vobis
977 678 1040 717 ex
1081 673 1235 734 parte
1275 663 1392 729 Dei,
1421 663 1550 733 quia

72 761 215 810 rimata
247 755 326 810 Dei
363 754 604 810 Genitrix
642 770 860 824 semper
901 753 1063 826 Virgo
1117 753 1282 808 Maria
1331 768 1550 809 conser-

71 847 204 900 tvabit
239 860 318 899 vos
345 842 396 899 in
435 843 557 900 loco
587 845 714 909 isto,
745 845 789 898 si
821 841 994 898 Horas
1018 841 1136 912 ejus
1164 843 1401 915 legeritis
1424 855 1551 900 ante

69 932 224 990 illoras
262 933 566 1000 canonicos;
598 933 1006 1004 completorium
1039 947 1168 988 vero
1209 943 1331 1004 post
1379 950 1491 991 eas.
1524 953 1542 987 ι

66 1029 137 1093 Quo
175 1027 308 1090 dicto,
356 1025 618 1096 disparuit
666 1026 858 1092 homo;
915 1023 990 1080 illi
1041 1042 1170 1082 vero
1219 1026 1386 1100 gavisi
1429 1036 1550 1082 sunt

65 1114 192 1186 gaudio
214 1131 414 1187 magno,
460 1118 847 1188 elegeruntqne
889 1119 1101 1174 beatam
1135 1118 1406 1188 Virginem
1441 1119 1550 1174 Ma-

66 1212 148 1262 riam
167 1209 207 1262 in
227 1219 484 1277 patronam
511 1211 742 1273 ordinis,
771 1212 822 1264 in
847 1222 1129 1281 patronum
1156 1228 1283 1266 vero
1305 1223 1548 1268 sanctum

66 1299 239 1352 lznnnem
281 1299 594 1368 Baptistam.
654 1300 936 1355 Hominem
995 1311 1174 1355 autem
1229 1295 1551 1358 illunrsan-

65 1399 152 1442 clum
177 1389 438 1459 apostolum
473 1389 697 1444 Petrum
751 1390 949 1455 fuisse,
982 1407 1047 1445 ex
1083 1392 1173 1445 illo
1196 1392 1282 1446 vel
1316 1394 1549 1448 maxime

63 1480 507 1550 conjiciebant,quod
541 1497 827 1538 successor
853 1481 970 1552 ejus
999 1483 1251 1540 Urbanus
1280 1485 1550 1540 secundus

66 1575 95 1625 in
112 1573 286 1628 concilio
305 1572 720 1630 Clarimontensi
753 1574 926 1630 Horas
952 1575 1127 1630 beata:
1152 1575 1338 1630 Mariae
1367 1591 1395 1630 a
1442 1576 1550 1631 cle-

64 1665 144 1717 ritis
171 1666 370 1734 quotidie
410 1665 519 1722 dici
571 1666 824 1722 instituit.
861 1666 937 1722 Ex
985 1667 1087 1722 hac
1117 1676 1299 1723 autem
1343 1669 1549 1724 visione

65 1755 148 1808 aleo
163 1765 260 1809 sunt
282 1757 564 1812 confortati
600 1759 650 1812 in
686 1759 934 1827 Domino,
977 1769 1036 1815 ut
1072 1776 1173 1816 nec
1218 1777 1363 1817 mors
1385 1802 1402 1828 ,
1450 1778 1550 1817 nec

65 1845 128 1896 vita
163 1845 276 1914 ipsos
321 1859 500 1916 posset
549 1864 809 1919 separare
860 1866 891 1904 a
941 1851 1208 1907 charitate
1245 1851 1469 1908 Christi.
1525 1872 1542 1904 ι

65 1934 251 1992 Hactenus
280 1939 674 1995 Blomenvenna
706 1957 719 1996 :
749 1958 894 1997 nunc
942 1943 996 1997 in
1040 1945 1204 1999 verba
1251 1943 1402 2014 ejus.
1451 1960 1546 2002 seu

65 2027 178 2094 potius
197 2029 236 2082 in
258 2045 341 2094 ea,
373 2047 491 2100 qua:
543 2033 696 2088 hisce
724 2034 998 2090 memoriae
1040 2035 1254 2106 prodit,
1301 2037 1546 2103 docetve,

64 2123 223 2187 quedam
251 2123 604 2180 observanda.

103 2212 186 2265 607.
205 2217 266 2269 Ac
301 2215 470 2284 primo
492 2216 745 2288 quidem,
775 2218 917 2287 quod
961 2219 1198 2288 pertinet
1237 2219 1303 2274 ad
1335 2220 1549 2290 appari—

67 2303 210 2368 tionem,
233 2320 324 2374 qua
350 2305 403 2361 S.
440 2307 639 2363 Petrus
670 2309 862 2379 primis
891 2309 1193 2366 Carthnsite
1236 2311 1426 2368 incolis
1452 2329 1548 2369 seu

66 2393 257 2450 Landuino
297 2397 519 2470 ejusque
568 2403 756 2468 sociis,
813 2403 962 2458 senis
1012 2405 1193 2473 Specie
1248 2415 1546 2478 assumpta,

65 2492 316 2555 mutandum
364 2509 481 2549 sese
540 2498 866 2565 prrchnerit,
908 2501 976 2554 ad
1033 2501 1407 2570 quotidianam
1455 2518 1548 2560 eos

66 2580 155 2646 parvi
177 2583 225 2636 de
261 2587 597 2642 sanctissima
623 2589 843 2658 Virgine
874 2591 1041 2646 Maria
1075 2591 1244 2648 Ollicii
1277 2595 1549 2650 recitatio-

66 2685 136 2721 nem
162 2675 456 2743 exercitarit,
487 2676 806 2749 factumque
837 2681 909 2736 sit
930 2726 945 2746 ,
988 2691 1048 2737 ut
1089 2683 1162 2736 illi
1195 2693 1249 2739 et
1279 2686 1548 2755 periculo-

64 2761 198 2818 sissima
231 2767 514 2824 tentatione
563 2768 776 2825 liberati
810 2772 1044 2840 fuerint,
1077 2784 1132 2830 et
1157 2776 1208 2831 in
1237 2777 1443 2832 ordinis
1468 2777 1548 2833 sui

64 2862 255 2917 patronam
279 2860 488 2926 quidem
543 2864 789 2917 eamdem
839 2866 1240 2923 sanctissimam
1274 2867 1548 2940 Virginem

64 2944 238 3013 llat‘iam,
293 2963 580 3024 patronum
644 2971 772 3011 vero
821 2957 878 3012 S.
932 2957 1192 3015 Joannem
1250 2962 1549 3033 Baptistam

62 3037 258 3106 elegerint;
280 3055 532 3099 eventum
561 3045 712 3100 illum
744 3047 985 3117 quidem,
1019 3058 1076 3102 ιιι
1100 3060 1157 3103 ιιι
1186 3066 1286 3105 nec
1313 3052 1550 3124 scripto-

64 3143 117 3188 ns,
134 3145 204 3184 nec
235 3137 560 3190 monumenti
591 3137 725 3191 satis
757 3138 962 3208 antiqui
993 3154 1086 3194 seu
1131 3141 1356 3211 :Pqualis
1397 3143 1549 3197 testi-

63 3220 176 3274 monio
205 3228 578 3284 auctoritateve
610 3229 1014 3298 conﬁrmatum,
1065 3231 1431 3288 indubitanter
1458 3249 1553 3288 ne-.

63 3312 316 3376 glreidcirco
341 3335 442 3374 non
474 3321 676 3390 ausim,
718 3323 859 3392 quod
904 3321 954 3378 ei
989 3333 1100 3378 tum
1146 3334 1438 3391 constans,
1469 3327 1550 3382 uti

64 3417 133 3454 eam
159 3417 356 3474 vocant,
397 3412 562 3466 totius
607 3413 814 3468 ordinis
859 3413 1126 3482 traditio,
1151 3424 1261 3471 tum
1301 3416 1549 3474 assiduus

64 3494 93 3546 in
124 3498 265 3554 eodem
310 3504 574 3558 recitandi
625 3505 776 3575 parvi
828 3507 893 3560 de
927 3505 1282 3564 Sanctissima
1332 3508 1548 3580 Virgine

65 3586 168 3644 Ollicii
203 3609 311 3650 usus
347 3596 708 3669 sulfragetur;
753 3614 940 3654 verum
985 3600 1193 3656 nihilne
1237 3601 1400 3656 etiam
1444 3611 1547 3666 est,

64 3679 252 3749 aliquod,
288 3681 352 3740 an
387 3689 662 3760 apparitio
702 3689 791 3743 illa
819 3731 834 3755 ,
880 3705 1014 3746 eave
1039 3731 1054 3755 ,
1105 3707 1228 3760 quae,
1280 3692 1420 3748 hanc
1464 3707 1550 3746 se-

64 3779 135 3821 ttlla
168 3787 459 3843 narrantur,
510 3780 690 3835 locum
743 3797 980 3849 unquam
1030 3781 1354 3847 habuerint,
1394 3781 1553 3837 dubi-

66 3861 209 3917 L'illllﬂm
243 3878 392 3937 queat
420 3870 637 3924 videri?
685 3871 1040 3926 Sanctissima
1086 3871 1249 3942 Virgo
1277 3872 1445 3927 Maria
1495 3875 1548 3928 in

66 3966 294 4026 patronam,
347 3972 400 4017 et
451 3972 679 4019 sanctus
714 3963 952 4020 Joannes
992 3965 1235 4037 Baptista
1275 3965 1329 4022 in
1370 3977 1551 4036 patro~

66 4060 162 4116 ιιετιη,
191 4060 346 4122 utpote
383 4057 434 4111 in
473 4071 708 4127 quorum
763 4058 1020 4112 honorem
1068 4073 1134 4112 ex
1183 4073 1344 4129 supra
1391 4058 1552 4114 dictis

65 4139 307 4202 Lartlutsiam
345 4150 400 4208 S.
432 4151 616 4205 Bruno
659 4151 998 4217 condiderit,
1049 4151 1138 4205 diu
1181 4160 1304 4206 ante
1341 4165 1547 4208 memo-

68 4244 172 4291 ratam
195 4245 561 4312 apparitionem
598 4261 626 4297 a
653 4243 855 4300 Sancto
890 4245 1116 4316 ejusque
1147 4245 1426 4316 discipulis
1455 4260 1550 4299 ve-

69 4326 290 4388 msirniliter
337 4335 485 4391 luere
543 4335 737 4402 electi;
791 4345 850 4390 ut
907 4337 1134 4407 proinde
1165 4353 1231 4391 an
1266 4337 1551 4392 electionis

69 4416 167 4483 huius
188 4438 342 4488 causa,
368 4438 425 4482 ut
449 4429 629 4484 verbis
647 4430 889 4485 recitatis
914 4429 1318 4486 Blomenvenna
1351 4431 1548 4498 innuit,

1651 567 1890 640 condito)
1941 568 2272 640 frequentari
2333 571 2585 638 cmpisse,
2612 580 2670 624 ut
2697 585 2767 626 eo
2801 579 2978 640 pacto,
3017 571 3106 640 qui
3135 569 3228 624 cx-

1650 661 1909 733 peditioni
1959 663 2312 733 suscipienda:
2357 663 2622 718 inhabiles
2685 672 2891 726 essent,
2922 661 3008 717 bis
3037 662 3226 718 saltem

1650 753 1901 824 precibus
1932 753 2131 809 milites
2157 754 2492 824 adjuvarent,
2547 752 2627 809 eis
2655 763 2818 809 tanta:
2870 751 3101 823 Virginis
3135 766 3230 821 pa-

1653 843 1938 901 trocinium
1967 846 2346 916 promerendo.
2393 865 2410 897 ι

1721 935 1845 991 608.
1878 919 2012 992 Cuin
2053 953 2205 1008 ergo,
2237 945 2294 989 ιιι
2324 951 2510 1005 preces
2533 936 2636 990 illze.
2664 936 2896 991 horaria:
2923 935 2989 990 de
3025 933 3230 990 beatis-

1653 1027 1792 1084 sima
1822 1029 2060 1099 Virgine,
2104 1046 2223 1100 qua:
2270 1030 2431 1098 vulgo
2491 1029 2609 1098 ejus
2665 1026 2910 1083 Ollicium
2971 1024 3230 1096 appellari

1651 1129 2071 1184 consueverunt,
2129 1137 2156 1174 a
2190 1119 2404 1175 clericis
2457 1119 2836 1182 recitarentur,
2893 1119 2961 1172 ab
3008 1117 3231 1173 Urbano

1652 1210 1816 1280 Papa,
1850 1211 1925 1264 uti
1955 1212 2175 1265 recitata
2204 1211 2472 1265 Rninartii
2503 1211 2662 1266 verba
2687 1210 2988 1273 declarant,
3011 1209 3226 1265 clericis

1612 1351 1616 1354 .
1652 1301 1952 1372 injunctum
1993 1301 2158 1356 fuisse
2199 1303 2424 1369 feratur,
2483 1302 2592 1356 imo
2637 1301 2838 1371 reipsa,
2887 1309 2947 1354 ul
2982 1311 3226 1372 apparet,

1652 1395 1705 1450 in
1751 1395 1984 1450 concilio
2038 1395 2464 1451 Claromontano
2510 1395 2618 1466 (adi
2674 1395 2947 1450 Labbeum
2991 1403 3122 1449 tom.
3183 1394 3225 1448 Χ

1650 1489 2012 1550 Conciliorum
2045 1491 2147 1546 col.
2169 1493 2292 1562 5l7)
2323 1492 2486 1547 fuerit
2508 1491 2830 1560 injunctum,
2857 1489 3226 1556 Carthnsiani,

1652 1592 1710 1635 ut
1739 1583 1881 1636 idem
1934 1583 2198 1649 facerent,
2255 1587 2458 1640 recenti
2512 1584 2603 1638 illo
2653 1582 2852 1639 Urbani
2911 1582 3228 1652 praescripto

1652 1677 1854 1730 moveri
1908 1685 2162 1747 potuere;
2215 1693 2407 1747 quare,
2463 1691 2584 1731 cum
2635 1675 2699 1730 ad
2758 1673 2810 1728 id
2871 1673 3227 1743 apparitione,

1649 1765 2066 1820 Blomenvenna:
2096 1766 2276 1820 verbis
2307 1765 2416 1833 jam
2447 1765 2638 1831 relata,
2664 1779 2797 1834 opus
2829 1762 2970 1816 haud
3025 1762 3228 1818 habue—

1653 1856 1781 1920 rint,
1813 1854 2081 1911 l'nerintne
2112 1857 2213 1910 hac
2242 1870 2388 1920 vere,
2423 1867 2479 1908 ut
2510 1869 2698 1924 preces
2756 1851 2874 1908 illas
2925 1851 3228 1906 recita'ndas
3306 1852 3310 1856 ’

1652 1957 2013 2012 assumerent,
2069 1947 2303 2017 impulsi,
2367 1947 2595 2001 dubitari
2665 1959 2822 2014 posse
2875 1943 3104 1998 videtur.
3157 1944 3229 1996 At

1651 2054 1802 2104 vero,
1855 2039 1956 2094 crit
2005 2037 2250 2092 fortassis
2307 2039 2421 2110 qui,
2480 2047 2535 2092 ut
2590 2037 2640 2091 id
2685 2037 2827 2090 dicta
2887 2033 3226 2100 apparitione

1651 2131 1852 2186 factum
1895 2140 2138 2198 tueatur,
2192 2131 2403 2186 concilii
2434 2129 2837 2184 (llaromontani
2868 2127 3229 2184 celebratione

1651 2223 1982 2279 fuisse-hanc
2005 2223 2356 2287 anteriorem,
2417 2222 2729 2277 contendat.
2788 2222 2966 2292 Atque
3025 2221 3076 2275 in
3128 2221 3242 2274 hac-

1649 2313 1868 2384 quidem
1897 2313 2151 2385 opinione
2179 2313 2346 2368 fuisse
2377 2312 2588 2367 videtur
2628 2311 2898 2366 Petreius.
2933 2310 3142 2365 Etenim
3175 2309 3240 2363 in;

1650 2405 1764 2461 suis
1794 2405 1845 2460 in
1874 2404 2128 2460 Dorlandi
2157 2403 2463 2460 Chronicou
2491 2401 2950 2459 Elucidationihus
3000 2398 3094 2454 lih.
3155 2415 3231 2463 tv,
3288 2403 3290 2406 ’

1650 2513 1770 2570 cap.
1801 2497 1836 2553 4
1867 2498 1944 2554 sic
1969 2497 2160 2554 scribit
2191 2515 2205 2551 :
2244 2517 2262 2549 ι
2295 2498 2573 2570 Apparens
2609 2495 2688 2551 eis
2718 2493 3137 2566 (Cartbusianis)
3167 2491 3228 2545 Ι).

1650 2589 1842 2647 Petrus
1869 2591 2145 2662 apostolus
2191 2591 2476 2645 consilium
2523 2589 2762 2644 salutare
2785 2587 3071 2659 suggessit,
3101 2603 3230 2655 qua-
3287 2591 3292 2598 ‘

1652 2694 1811 2742 tenus
1865 2685 2039 2741 Horas
2091 2685 2380 2739 canonicos
2431 2684 2483 2738 in
2536 2684 2798 2738 honorem
2849 2679 3232 2736 sacratissima

1650 2779 1888 2849 Virginis
1911 2777 2154 2848 quotidie
2202 2777 2573 2840 decantarent,
2629 2775 2776 2846 quod
2815 2774 3011 2829 deinde
3064 2772 3230 2828 etiam

1651 2870 1827 2926 clerus
1856 2869 2160 2934 universus,
2189 2869 2262 2936 uti
2292 2884 2359 2922 ex
2383 2867 2614 2922 decretis
2643 2867 3238 2921 (Ilaremontens.-con-.

1651 2963 1756 3021 cilii
1787 2970 2016 3026 constat,
2052 2960 2656 3030 imitandum-suseepit.
2692 2979 2722 3012 ι.
2766 2957 2842 3012 ita
2881 2958 2967 3012 ille
2995 2975 3010 3021 ;
3043 2972 3252 3012 verum-

1651 3056 1794 3128 quod
1821 3057 1910 3112 hic
1932 3065 2227 3116 asseverat,
2262 3053 2405 3108 nullo
2440 3052 2612 3124 plane
2651 3059 2970 3122 argumento
3014 3051 3249 3121 probat,

1653 3163 1752 3204 nec
1780 3147 1890 3204 sola
1924 3163 2018 3204 sua
2070 3146 2413 3210 auctoritate,
2460 3155 2518 3198 ut
2558 3144 2715 3198 ﬁdem
2748 3144 2796 3198 ei
2853 3141 3226 3206 adhibeamus,

1652 3241 1834 3296 facere
1871 3249 2068 3310 potest.
2110 3237 2430 3302 Dorlandus,
2458 3251 2618 3306 quem
2666 3251 2762 3290 sua
2821 3233 2908 3288 illa
2965 3234 3225 3290 observa-

1653 3333 1798 3387 tione
1858 3331 2133 3388 elucidare
2184 3329 2429 3384 Petreius
2472 3326 2660 3392 voluit,
2719 3326 2977 3381 Sanctum
3009 3325 3230 3381 Petrum

1650 3421 2261 3492 Carthusianis,quibus
2287 3428 2531 3492 apparet,
2553 3420 2626 3474 ita
2652 3419 2958 3489 loquentem
2987 3416 3192 3471 inducit
3216 3433 3230 3470 :

1657 3540 1674 3572 ι
1713 3516 1891 3574 Unum
1930 3515 2212 3581 noveritis,
2241 3513 2663 3568 sacratissimam
2698 3509 2791 3565 Dei
2855 3508 3083 3563 Matrem
3116 3506 3233 3561 Ma-

1651 3612 1788 3668 riam
1820 3625 1916 3666 vos
1949 3609 2037 3664 hic
2062 3608 2130 3663 ab
2153 3607 2513 3663 incommodis
2561 3604 2816 3658 omnibus
2863 3609 3228 3663 servaturam,

1650 3712 1706 3758 et
1733 3713 2015 3772 patronam
2047 3701 2212 3756 vestri
2241 3699 2459 3756 Ordinis
2487 3697 2746 3763 futuram,
2794 3703 3002 3750 tantum
3057 3692 3232 3748 Horas

1651 3809 1788 3860 eus,
1827 3801 1880 3846 ut
1918 3809 2089 3863 nuper
2133 3793 2186 3847 in
2215 3791 2459 3847 Romana
2490 3788 2729 3845 Ecclesia
2781 3787 3091 3845 institutum
3127 3793 3249 3856 est,

1651 3884 1967 3940 decantetis.
2005 3902 2022 3935 ι

1720 3977 1844 4031 609.
1868 3961 2244 4030 Carthusianis
2269 3987 2398 4044 ergo
2419 3970 2477 4028 S.
2509 3970 2726 4026 Petrum
2750 3969 3084 4040 apparuisse,
3116 3982 3236 4023 cos-.

1652 4085 1780 4140 que,
1841 4077 1901 4124 ut
1925 4067 2101 4124 Horas
2156 4067 2482 4123 beatissiqu
2529 4063 2770 4136 Virginis
2815 4062 2996 4116 Maria:
3044 4059 3239 4117 decan-

1652 4173 1853 4229 tarent,
1889 4161 2233 4216 admonuisse
2254 4176 2318 4215 eo
2351 4169 2616 4228 tempore,
2672 4171 2779 4228 quo
2833 4155 2977 4210 baud
3013 4153 3086 4208 ita
3125 4151 3236 4222 pri-

1653 4260 1773 4312 dem
1798 4254 2067 4310 Horarum
2090 4254 2418 4310 beatissima:
2447 4251 2684 4322 Virginis
2716 4248 2962 4304 recitatio
3010 4245 3062 4300 in
3120 4243 3230 4299 Ec-

1653 4347 1814 4404 clesia
1833 4348 2072 4402 Romana
2097 4354 2298 4400 statuta
2323 4343 2518 4406 fuerat,
2547 4339 2854 4395 Dorlandus
2875 4337 3230 4402 existimavit,

1655 4457 1718 4497 ac
1753 4441 1930 4512 proin,
1993 4455 2114 4494 cum
2160 4439 2275 4492 haec
2328 4435 2473 4498 alibi,
2517 4448 2678 4504 quam
2729 4433 2780 4486 in
2813 4430 3236 4485 Claromontauo

69 4519 248 4581 apparitio
273 4523 354 4578 illa
388 4526 684 4590 exstiterit,
740 4526 813 4581 sit
857 4526 1106 4590 dubium,
1159 4527 1396 4583 maxime
1429 4543 1550 4583 cum
1583 4528 1630 4588 D
1657 4531 1904 4597 concilio,
1933 4538 2129 4586 statuta
2162 4529 2327 4582 fuisse
2359 4542 2467 4581 non
2519 4523 2830 4593 reperiatur
2895 4536 2961 4577 eo
3014 4519 3238 4576 circiter

69 4615 101 4652 tit
121 4605 289 4674 (Videsis
317 4614 729 4672 Blomenvenna:
756 4618 916 4673 verba
949 4618 1198 4687 proxime
1223 4619 1369 4691 data)
1403 4620 1545 4675 Lan-

71 4693 167 4783 iuiuo
188 4705 380 4777 ejusque
406 4710 594 4778 sociis,
627 4727 733 4766 non
766 4711 824 4766 S.
870 4711 1108 4768 Joannes
1152 4713 1416 4783 Baptista,
1451 4715 1554 4770 sed”

73 4781 263 4850 5.Petnts
290 4797 578 4868 Apostolus
619 4799 905 4856 videndum
943 4816 1064 4858 sese
1113 4781 1378 4858 obtulisse
1437 4820 1550 4860 me-

73 4890 244 4948 reretur,
272 4891 729 4960 posterioremque
775 4893 1000 4962 proinde
1051 4907 1081 4946 e
1145 4893 1353 4948 duobus
1399 4896 1562 4950 hisre-

76 4973 229 5056 pinetis,
271 4994 367 5035 non
420 4992 601 5038 autem
657 4985 920 5053 priorem,
950 4983 995 5038 si
1031 4983 1332 5051 electionis,
1387 5002 1548 5056 quam

77 5053 371 5127 Blomenvenna
439 5087 728 5139 memorat,
785 5075 1008 5146 pra-fata
1065 5077 1338 5148 apparitio
1389 5053 1550 5134 causa

77 5152 307 5225 ειιειιιὶεςιει,
330 5161 381 5216 in
408 5173 695 5233 patronum
720 5166 910 5220 sibiilli
941 5166 1164 5224 electuri
1203 5167 1370 5224 fuisse
1400 5169 1550 5223 vide-

81 5253 388 5312 anturnddbtec
415 5257 730 5314 Huinartius
784 5260 836 5314 in
884 5259 1006 5314 Vita
1047 5259 1248 5317 Urbani
1303 5261 1344 5317 l‘l
1392 5262 1553 5332 Papa:

81 5338 400 5416 “ltissimejam
431 5351 647 5408 laudata
680 5370 828 5408 ntuu.
868 5354 984 5409 226.
1005 5355 1084 5410 sic
1115 5356 1310 5412 scribit
1342 5374 1356 5410 :
1401 5373 1418 5406 ι
1452 5355 1554 5409 Fe-

82 5439 153 5483 "Im
175 5438 326 5505 etiam,
352 5444 454 5501 hac
483 5445 595 5516 ipsa
649 5463 819 5503 sacrm
875 5449 1234 5520 expeditionis
1267 5449 1554 5508 occasione

82 5529 428 5590 Pitteshorarias
453 5538 626 5594 beatae
657 5540 855 5606 Marite,
901 5559 1021 5612 qua:
1045 5543 1154 5613 jam
1206 5551 1372 5598 antea
1394 5557 1422 5596 a
1455 5541 1564 5596 Pe-

85 5616 132 5703 ‘70
147 5616 354 5685 Damiano
396 5631 451 5686 in
484 5633 592 5687 suis
623 5636 968 5691 monasteriis
1005 5645 1161 5692 erant
1214 5637 1489 5703 instituue,
1522 5652 1551 5691 a

86 5701 238 5780 tm.
261 5720 357 5780 imo
383 5736 434 5781 et
474 5728 542 5783 ab
594 5729 922 5799 ipsis'laicis
946 5747 1010 5786 ex
1045 5731 1244 5788 Urbani
1301 5733 1552 5803 prmscri-

90 5805 144 5860 ῗίθ
173 5805 229 5877 (in
254 5812 649 5878 Claromontana
695 5822 906 5881 scilicet
929 5825 1152 5896 synodo,
1177 5825 1226 5880 in
1251 5842 1354 5898 qua
1383 5841 1553 5884 sacrae

1653 4631 1916 4693 tempore,
1945 4638 2048 4691 quo
2077 4622 2217 4677 dicta
2249 4618 2514 4689 apparitio
2537 4615 2846 4686 contigerit,
2879 4612 3112 4669 concilio
3142 4611 3234 4667 illo

1652 4715 1792 4770 hanc
1816 4714 2090 4769 exstitisse
2121 4711 2503 4783 posteriorem.
2537 4710 2712 4778 Atque
2742 4709 2846 4762 hoc
2869 4707 3042 4776 ipsum
3068 4705 3235 4759 etiam

1651 4805 1981 4862 existimavit
2035 4803 2460 4867 Blomenvenna,
2518 4802 2594 4856 uti
2675 4799 2811 4855 satis
2858 4796 3233 4859 manifestant,

1651 4915 1792 4969 quae,
1815 4905 2101 4969 postquam
2132 4897 2330 4951 dictam
2369 4894 2598 4968 apostoli
2645 4893 2794 4949 Petri
2839 4890 3248 4964 apparitionem-

1653 4991 1916 5054 narravit,
1961 5005 2084 5044 mox
2117 4988 2413 5060 subjungit,
2443 4987 2724 5058 sequentia
2761 4985 2876 5040 haec
2905 4986 3020 5056 ejus
3071 4999 3233 5053 supra

1653 5083 1843 5138 adhuc
1886 5081 2112 5141 recitata
2167 5082 2330 5136 verba
2375 5101 2389 5136 :
2436 5101 2455 5134 ι
2499 5080 2787 5136 Hominem
2843 5088 3024 5134 autem
3085 5077 3232 5132 illum

1654 5184 1899 5230 sanetum
1937 5176 2240 5246 apostolum
2293 5175 2511 5230 Petrum
2552 5175 2742 5240 fuisse,
2793 5190 2860 5230 ex
2893 5173 2984 5229 illo
3012 5171 3094 5226 vel
3124 5187 3232 5224 ma-

1658 5267 1800 5321 xime
1832 5267 2200 5337 conjiciehant
2221 5268 2362 5336 quod
2388 5283 2672 5323 successor
2723 5265 2841 5336 ejus
2867 5266 3118 5322 Urbanus
3147 5280 3234 5318 se-

1655 5359 1862 5414 cundus
1889 5360 1941 5416 in
1971 5359 2194 5414 consilio
2219 5358 2637 5414 Clarimontensi
2660 5359 2830 5413 lloras
2860 5365 3028 5413 beatae
3055 5355 3234 5410 Mariae

1656 5467 1686 5506 a
1725 5451 1938 5508 clericis
1981 5453 2226 5523 quotidie
2277 5451 2382 5507 dici
2445 5452 2698 5506 instituit.
2762 5471 2780 5503 ι
2826 5451 3236 5504 Blomenvean

1657 5561 1819 5617 porro
1845 5546 2138 5600 assentitur
2157 5544 2319 5599 etiam
2351 5543 2572 5608 Surius;
2602 5553 2656 5599 et
2684 5543 2727 5597 si
2752 5551 2930 5597 autem
2969 5555 3068 5595 nec
3126 5539 3232 5604 hic,

1658 5654 1756 5695 nec
1781 5637 2176 5694 Blomenvenna
2217 5647 2270 5692 et
2294 5635 2595 5690 Dorlandus
2645 5635 2810 5688 ullum
2856 5634 3104 5696 all'erant,
3131 5647 3236 5702 quo

1657 5730 1964 5801 opinionem
2013 5745 2164 5787 suam
2210 5727 2444 5791 firment,
2501 5727 2868 5782 testimonium
2909 5741 3236 5781 monumen--

1660 5833 1840 5881 tumvc
1871 5822 2172 5893 antiquum,
2211 5819 2384 5878 tribus
2433 5827 2612 5876 tamen
2673 5821 2821 5877 hisce
2855 5817 3233 5893 scriptoribus,
