3846 6316
129 328 200 383 577
1580 318 1655 374 AC

1766 356 1779 372 ο
3216 335 3321 390 378

129 441 182 495 ibi
224 435 288 508 (in
332 433 519 490 castris
549 435 758 491 scilicet
783 444 909 490 ante
949 444 1194 504 Lapttam
1233 431 1534 501 obsessam)
1577 446 1638 485 se
1667 434 1712 491 Λ

131 526 433 596 ἱιιιρι-ερςιιεινίι
449 527 726 582 cornitissa
747 526 996 580 Adalasia
1013 527 1077 580 de
1092 525 1287 579 comite
1311 521 1573 595 liogcrio;
1614 543 1634 574 ι

130 623 390 671 comantem
417 615 500 670 hic
527 616 596 671 de
625 616 860 688 Rogerio
885 628 1070 686 postea
1115 630 1241 686 rege
1266 615 1335 668 ab
1385 615 1638 670 Adalasia

130 723 198 760 seu
227 706 452 764 Adelaide
472 717 734 778 concepto
765 723 943 764 sermo
983 709 1074 774 sit,
1127 724 1247 772 nec,
1293 707 1642 777 quemadmo-

130 800 222 852 dum
244 814 297 854 ex
322 798 451 854 infra
486 801 733 856 dicendis
759 803 824 856 de
853 812 1112 871 tempore,
1148 819 1254 873 quo
1280 802 1476 872 Capua:
1498 803 1645 856 obsi-

131 892 194 945 dio
221 892 470 956 acciderit,
508 902 777 962 patescet,
829 894 1098 963 Rogerins
1145 909 1330 950 eomes
1379 894 1644 949 Adalasia':

130 983 302 1038 maritus
320 994 438 1040 ante
463 984 840 1050 Pentecosten,
887 1004 1005 1058 qua:
1037 1003 1180 1042 anuo
1205 989 1339 1042 1097
1366 989 1418 1042 in
1445 988 1644 1056 vigesi-

130 1092 232 1130 mam
255 1085 483 1145 quartam
506 1077 630 1134 Maii
655 1079 795 1134 diem
824 1079 1034 1146 incidit,
1067 1098 1119 1135 tn
1147 1081 1356 1136 Castris
1383 1091 1507 1134 ante
1543 1082 1640 1136 Ca-

129 1181 264 1236 puam,
291 1169 406 1222 dato
428 1167 616 1234 etiam,
641 1169 917 1225 civitatem
942 1170 1082 1224 hanc
1111 1185 1254 1224 anno
1305 1169 1390 1223 ille
1417 1184 1446 1222 a
1474 1169 1647 1238 Roge-

130 1260 186 1313 rio
203 1259 367 1314 comite
386 1258 550 1316 fuisse
576 1263 882 1330 obsessam,
916 1263 1192 1318 exstitisse
1223 1263 1483 1332 potuerit,
1516 1278 1648 1318 con-

130 1353 356 1407 sectarium
383 1369 412 1410 e
436 1355 682 1410 recitatis
703 1355 960 1412 Gauiredi
1005 1355 1307 1410 Malaterrze
1355 1356 1532 1409 verbis
1568 1355 1648 1419 lit,

129 1443 440 1512 utllogerius,
497 1446 708 1516 primus
754 1447 954 1502 Sicilia:
1000 1462 1114 1508 rex,
1176 1462 1282 1501 non
1337 1460 1480 1498 anno
1517 1443 1650 1500 1095

131 1539 208 1593 fere
218 1538 311 1606 jam
334 1537 500 1605 linito,
529 1540 627 1595 sed
649 1555 793 1595 anno
821 1541 1036 1595 demum
1069 1540 1203 1596 1093
1235 1540 1454 1596 ineunte
1491 1548 1652 1595 natus

131 1632 190 1683 sit.
215 1628 398 1688 Fateor,
425 1628 504 1682 sic
533 1629 698 1684 habet
725 1647 738 1682 :
767 1645 976 1694 verum,
1007 1639 1366 1700 praeterquam
1399 1631 1540 1699 quod
1572 1630 1652 1684 sic

133 1723 324 1792 equidem
347 1723 582 1777 nomium
613 1722 872 1777 nativitas
904 1722 994 1776 illa
1026 1738 1168 1777 anno
1197 1723 1354 1785 1097,
1411 1727 1494 1777 cui
1529 1738 1647 1777 eam

1812 433 1934 486 615.
1967 435 2113 490 Inter
2158 452 2325 492 erenn
2365 439 2665 496 (Ialabrina:
2716 442 2939 510 mcelas,
2975 446 3065 514 qui
3116 456 3236 515 post
3261 447 3318 502 S.

1743 523 2008 582 Brnuouis
2069 529 2273 584 obitum
2339 533 2459 587 novi
2509 533 2709 590 Prioris
2777 551 2869 590 seu
2922 537 3185 607 Magistri,
3229 542 3322 610 qni

1745 619 1837 672 tuti
1866 634 2048 673 eremo
2083 632 2359 690 prmesset,
2403 624 2653 679 electioni
2706 624 3090 691 interfuerunt,
3125 627 3318 698 Mural-

1744 711 1844 766 dus
1875 721 2187 768 recensctur
2231 715 2283 769 in
2327 715 2466 777 infra
2511 717 2615 772 huc
2657 718 3068 774 transcribendo
3109 735 3322 776 eorum-

1745 803 1867 858 (iem
1907 805 2186 876 Catalogo,
2233 808 2323 877 qui
2365 808 2417 864 in
2464 809 2686 878 antiqua
2731 809 2944 874 charta,
2997 811 3082 865 cui
3131 814 3326 884 singuli

1745 896 1962 950 nomina
2009 912 2103 952 sua
2150 899 2377 968 ipsemet
2420 900 2828 971 inscripserunt,
2896 902 2996 956 fuit
3049 914 3320 972 repertus.

1748 988 1972 1044 Maraldi
2015 992 2200 1058 etiam,
2229 991 2636 1047 Carthusiensis
2665 995 2939 1059 monachi,
2966 995 3056 1065 qui
3099 996 3327 1065 Chroni-

1748 1095 1849 1134 con
1889 1083 2158 1149 quoddam
2188 1083 2496 1152 digesserit,
2548 1083 2802 1140 Rocchns
2831 1085 3014 1141 Pirrus
3059 1086 3110 1141 in
3145 1102 3328 1155 regum

1699 1227 1702 1230 .
1750 1170 1950 1226 Siciliae.
2005 1172 2370 1243 Chronologia
2421 1173 2657 1242 alibique
2716 1190 2822 1228 non
2873 1190 2998 1230 raro
3063 1178 3329 1240 memimt,

1750 1277 1983 1332 eumque
2033 1257 2243 1333 p'oetica
2274 1279 2410 1317 vena
2438 1264 2658 1318 divitem
2694 1263 2882 1330 fuisse,
2921 1274 3084 1336 atque
3113 1266 3180 1319 ad
3231 1282 3330 1318 an-

1753 1371 1880 1410 num
1908 1355 2044 1412 1095
2074 1355 2340 1420 ﬂoruisse,
2369 1355 2628 1411 Morotius
2655 1356 2707 1410 in
2759 1356 3152 1427 Chronologieo
3175 1357 3331 1411 Ordi-

1755 1447 1839 1502 nis
1867 1447 2270 1503 Carlhnsiensis
2293 1449 2530 1506 Theatro
2551 1447 2799 1501 afﬁrmat.
2829 1449 3000 1517 Atque
3025 1465 3090 1502 ex
3117 1450 3200 1503 his
3221 1464 3334 1501 om:

1756 1538 1914 1592 nibus
1936 1537 2048 1606 jam
2079 1539 2154 1604 lit,
2183 1547 2243 1592 ut
2265 1547 2319 1591 et.
2357 1537 2677 1602 Maraldnm,
2706 1537 3009 1592 Carthnsize
3034 1537 3334 1590 Calahrinze

1755 1627 2055 1694 alumnmn,
2083 1629 2298 1700 Rogerii
2338 1638 2520 1701 postea
2561 1630 2708 1698 regis
2736 1629 3026 1698 baptismo,
3075 1636 3132 1681 ut
3181 1627 3335 1680 Tuti-

1757 1735 1858 1774 nns
1879 1719 1973 1783 ait,
2005 1735 2130 1774 vere
2183 1721 2474 1784 adstitisse,
2508 1728 2564 1774 ct
2605 1735 2634 1772 a
2670 1719 2870 1774 Sancto
2922 1729 3108 1773 nostro
3161 1717 3336 1786 Roge-

132 1829 174 1867 cx
194 1815 321 1869 dictis
349 1813 606 1869 Camillus
639 1813 869 1869 Tutinus
925 1813 1172 1876 innectit,
1215 1814 1494 1878 acciderit,
1527 1829 1650 1868 esse
1683 1785 1725 1843 Β
1758 1810 1918 1877 rium,
1946 1811 2176 1880 prinmm
2204 1820 2325 1880 post
2348 1820 2568 1865 exactos
2591 1810 2894 1865 Saracenos
2917 1809 3114 1864 Sicilia:
3130 1824 3334 1879 regem,

135 1902 393 1972 deliugerio
443 1913 637 1974 postea
685 1917 830 1973 rege,
877 1918 1036 1974 quem
1073 1903 1322 1958 Adelasia
1367 1905 1418 1958 in
1459 1904 1656 1959 castris

134 2002 218 2046 ante
233 1993 445 2062 Capuam
471 2009 500 2048 e
528 1993 762 2063 ltogerio
787 1995 985 2048 comite
1012 1995 1207 2048 marito
1239 2009 1338 2048 suo
1391 2009 1652 2063 concepe-

134 2083 195 2144 rit,
217 2083 257 2135 in
296 2085 389 2138 huc
418 2085 700 2140 translatis
745 2099 778 2139 e
828 2085 1128 2140 Mal-uterne
1177 2085 1416 2140 Historia
1470 2086 1652 2141 Sicula

132 2174 264 2226 Verbis
288 2189 610 2241 sermonem,
644 2175 858 2245 probari
890 2192 993 2230 non
1024 2185 1224 2246 potest.
1279 2177 1409 2242 Nec,
1435 2178 1535 2232 etsi
1569 2193 1656 2232 se-

133 2263 351 2327 cusl’aret,
381 2267 680 2338 quidquam
705 2267 828 2322 inde
851 2285 949 2339 pro
985 2270 1202 2340 RogerLi
1260 2271 1403 2340 regis
1459 2271 1653 2325 nativi—

136 2363 210 2410 tule
230 2371 348 2411 anno
375 2360 507 2414 1097
550 2358 818 2430 adigenda
856 2362 1171 2426 haberetur,
1202 2379 1323 2416 cum
1373 2364 1533 2418 verba
1563 2364 1652 2417 illa

137 2445 370 2504 llalaterrze
389 2451 738 2507 attribuenda
761 2469 866 2508 non
887 2455 1019 2520 sint,
1037 2455 1130 2510 sed
1153 2459 1218 2509 ad
1243 2473 1453 2528 pagina:
1474 2473 1652 2523 oram,

136 2551 249 2607 equa
267 2539 440 2596 deinde
465 2542 518 2596 in
555 2542 736 2612 ipsum
780 2553 984 2598 textum
1017 2546 1086 2599 ab
1127 2545 1382 2616 imperito
1426 2546 1651 2602 librario

135 2629 278 2685 lucrinl
300 2633 556 2698 traducta,
597 2635 663 2689 ab
693 2634 874 2705 inepto
899 2639 1225 2692 adnotatore
1275 2636 1478 2693 fuerint
1528 2639 1652 2694 ads--

135 2723 364 2792 cripta,uti
413 2725 555 2781 infra
597 2727 903 2794 ostendam,
947 2743 1069 2783 cum
1105 2737 1212 2783 tam
1265 2729 1332 2784 de
1382 2731 1654 2800 Capuam:

133 2814 363 2873 obsidionis
391 2826 662 2889 tempore,
690 2833 851 2888 quam
899 2820 966 2875 de
1013 2821 1326 2891 diplomate,
1377 2839 1484 2893 quo
1531 2834 1652 2894 post

135 2904 556 2967 luncS.Brunoni
596 2925 888 2981 cretnoqne
941 2911 1244 2970 Calabrinte
1288 2915 1456 2970 multa
1509 2915 1650 2971 bona

137 2995 332 3068 Rogerius
352 3017 531 3059 comes
546 3004 802 3069 contulit,
834 3019 1144 3060 sermonem
1191 3006 1493 3061 instituam.

181 3089 274 3144 6M.
299 3092 412 3150 Mihi
437 3099 646 3167 itaque,
663 3096 915 3151 omnibus
933 3098 1312 3162 consideratis,
1332 3097 1646 3170 Rogerium,
1679 3133 1724 3195 ε

136 3179 292 3251 Rogcrii
339 3187 548 3242 comitis
607 3187 798 3252 lilium,
850 3197 1148 3258 posteaque
1205 3187 1403 3244 Sicilia:
1443 3206 1648 3261 regem,

136 3286 207 3327 non
228 3290 346 3332 anno
375 3278 530 3346 1097,
587 3287 646 3334 ut
674 3281 867 3334 statuit
897 3279 1148 3345 Tutinus,
1198 3280 1290 3334 sed
1323 3298 1467 3337 anno
1512 3284 1653 3340 1095

136 3375 307 3422 exeunte
331 3380 508 3425 natum
536 3383 682 3437 esse,
709 3370 1074 3425 verosimilius
1096 3370 1274 3426 adlmc
1300 3383 1484 3428 manet
1527 3391 1652 3444 par-

138 3456 200 3510 tim
223 3459 598 3532 obsequentia,
643 3479 764 3533 qua:
793 3477 957 3534 supra
1007 3463 1184 3518 adhuc
1241 3463 1485 3531 recitavi,
1546 3466 1654 3520 Ito-

137 3552 280 3607 muddi
303 3557 359 3610 de
385 3556 618 3628 [iugerlu
641 3571 767 3627 rege
789 3559 974 3620 verba,
1003 3576 1020 3608 ι
1056 3555 1298 3612 Mortuus
1326 3549 1478 3612 est...
1509 3573 1652 3615 anno

136 3643 221 3698 vita:
237 3659 330 3703 sua:
354 3648 803 3720 quinquagesimo
831 3657 1046 3714 octavo,
1105 3650 1388 3706 mensibus
1417 3649 1650 3717 duobus,

137 3735 275 3793 rubus
314 3741 566 3811 quinque,
611 3763 628 3795 ι
681 3743 878 3811 partim
915 3741 1061 3813 quod
1105 3741 1240 3807 hinc,
1273 3744 1521 3812 quamvis
1549 3742 1654 3796 lio-

139 3827 326 3885 mualdus
345 3831 394 3885 in
424 3831 700 3888 Chronico
731 3847 830 3889 suo
856 3847 1082 3899 anumn,
1138 3847 1366 3887 numero
1397 3831 1650 3895 ordinali,

139 3929 251 3982 quem
278 3920 602 3994 eiadjuugit,
631 3921 994 3992 designatum,
1043 3936 1140 3990 pro
1189 3935 1331 3974 anno
1389 3919 1655 3990 c0npleto

141 4009 290 4078 absque
315 4012 601 4079 additione,
657 4028 762 4083 qua
812 4012 929 4067 ﬁeri
965 4010 1014 4066 id
1052 4027 1081 4065 a
1123 4026 1181 4065 se
1216 4019 1402 4080 aperte
1451 4011 1651 4074 edicat,

143 4101 328 4168 acc'pcre
350 4119 447 4159 non
479 4104 672 4168 soleat,
703 4105 768 4158 de
813 4118 956 4159 anno
992 4111 1169 4157 tamen
1207 4100 1654 4171 quinquagesimo

142 4199 298 4260 octavo,
336 4196 536 4253 duobus
579 4197 693 4266 jam
744 4197 1022 4252 mensibus
1073 4210 1137 4250 ac
1172 4194 1410 4264 quinque
1463 4193 1654 4247 diebus

143 4285 369 4352 completo,
395 4288 806 4360 interpretanda
833 4288 922 4343 hic
943 4288 1076 4354 sint,
1099 4286 1176 4340 uti
1229 4285 1398 4355 liquet
1417 4300 1447 4339 e
1477 4283 1656 4354 sepul-

143 4378 610 4454 chralilnscriptione
627 4384 767 4453 regis
787 4382 1026 4452 llogerii,
1056 4396 1176 4452 qute
1201 4381 1343 4450 apud
1375 4381 1652 4435 Bocchum

144 4465 299 4526 Pirmru
323 4474 369 4529 in
397 4492 581 4548 regum
615 4475 816 4530 Sicilia:
838 4473 1220 4542 Chronologia,
1244 4471 1447 4525 Sicilia:
1473 4472 1654 4525 Sacrre
1691 4485 1736 4538 ι)

146 4566 236 4614 ιοιιι.
264 4563 526 4635 lprzeiixa.
570 4584 695 4639 pag.
723 4567 756 4620 8
793 4573 994 4630 exstat,
1050 4578 1274 4632 quzeqne
1320 4562 1396 4617 sic
1446 4561 1649 4616 habet:

149 4647 268 4707 t\'ix.
296 4671 374 4710 an.
399 4658 489 4724 59,
515 4673 668 4729 regn.
702 4657 790 4710 51.
818 4655 954 4711 obiit
982 4652 1140 4709 1151.
1164 4671 1180 4698 ι
1214 4651 1332 4706 .Iam
1366 4667 1512 4716 vero,
1533 4667 1653 4705 cum

148 4742 482 4818 i-litahabeat,
535 4754 773 4823 annique
816 4751 1206 4823 quinquaginta
1241 4760 1387 4816 octo,
1440 4763 1656 4803 menses

149 4833 220 4890 duo
243 4849 288 4892 et
312 4841 419 4898 dies
446 4845 701 4914 quinque,
735 4859 766 4897 a
793 4843 1049 4916 vigesima
1109 4842 1336 4911 septima
1374 4841 1654 4896 Februarii

150 4925 208 4979 die
227 4933 330 4986 anni
373 4935 522 4996 1151,
557 4952 662 5006 quo
713 4952 780 4991 ex
819 4937 980 4990 dictis
1027 4935 1166 4990 idem
1212 4936 1464 5004 princeps
1511 4934 1657 4988 omni

152 5013 266 5072 dubio
314 5023 488 5091 procul
535 5027 644 5078 vita
698 5024 914 5079 functus
945 5033 1048 5089 est,
1101 5024 1290 5078 ordine
1343 5022 1660 5094 retrogrado

152 5113 402 5179 computati,
422 5115 488 5169 ad
525 5131 728 5170 annum
755 5114 1050 5171 1095'fcre
1083 5113 1323 5184 elapsum
1367 5115 1658 5180 deducant,

154 5205 424 5269 Consequens
441 5215 545 5272 est,
567 5215 624 5259 ut
655 5216 791 5271 tum,
817 5205 1274 5276 quemadmodum
1292 5204 1404 5273 jam
1433 5205 1657 5270 dictum,

158 5283 355 5359 “egeries
382 5315 468 5354 rex
507 5299 714 5356 natales
739 5301 810 5354 sit
835 5309 1178 5356 consecutus.
1224 5300 1378 5367 Quod
1431 5316 1555 5355 cum
1586 5300 1658 5354 ita

158 5376 220 5441 Sil,
249 5381 381 5440 simul
412 5389 569 5444 etiam
595 5398 824 5459 tempus,
854 5405 960 5459 quo
996 5390 1258 5459 baptizari
1300 5405 1424 5446 cum
1455 5405 1484 5444 a
1523 5390 1660 5444 Bru-

162 5482 259 5527 ῐιθιιϐ
305 5482 592 5552 contigerit,
657 5484 1075 5538 determinatum
1128 5483 1408 5537 habemus.
1463 5483 1660 5538 Verum

164 5563 263 5618 u"lle
287 5583 492 5635 constat,
543 5575 745 5630 Sancto
803 5577 854 5630 id
879 5576 1098 5630 honoris
1127 5592 1155 5628 a
1192 5575 1423 5644 liogerin
1465 5575 1663 5631 comite

167 5647 341 5786 (licinium
381 5662 562 5734 fuisse,
595 5676 652 5721 ut
681 5667 943 5738 baptizari
979 5667 1044 5721 ab
1071 5682 1135 5722 eo
1186 5666 1350 5721 lilium
1380 5681 1534 5719 suun
1567 5681 1667 5719 vo-

184 5746 308 5786 urrit?

184 5746 308 5802 Iirriti

1756 1901 1831 1954 tIti
1867 1901 1910 1956 is
1941 1903 1993 1956 in
2041 1902 2315 1974 lihylhmo
2348 1902 2563 1967 nrelico,
2597 1917 2755 1972 quem
2801 1917 2864 1956 ea
2915 1902 2982 1955 de
3021 1915 3101 1966 re,
3139 1900 3337 1964 Tutin

1757 1993 1985 2063 aliisque
2012 1995 2358 2062 testantibus,
2391 1995 2614 2061 cecinit,
2650 2011 2748 2048 nos
2794 1994 2969 2058 docet,
3003 1994 3335 2063 baptizatum

1755 2099 1882 2138 vere
1909 2083 2100 2147 fuisse,
2131 2099 2448 2153 persuasum
2495 2084 2627 2138 mihi
2675 2083 2928 2150 habeam,
2985 2082 3339 2152 futurumque

1755 2185 1963 2248 putem,
1995 2184 2055 2231 ut
2097 2176 2238 2231 idem
2270 2191 2482 2231 mecum
2523 2193 2552 2232 e
2585 2186 2939 2232 monumento
2984 2177 3088 2231 isto
3133 2176 3336 2230 studio-

1755 2286 1848 2324 sus
1879 2271 2048 2325 lector
2078 2286 2396 2342 persuasum
2421 2272 2522 2328 sibi
2554 2272 2769 2326 habeat.
2803 2271 2857 2325 ιιι
2914 2271 3141 2340 proinde
3181 2271 3336 2334 inte-

1755 2375 1908 2429 grum
1965 2362 2072 2418 huc
2103 2378 2133 2417 e
2183 2363 2381 2418 Tntiuo
2428 2362 2820 2427 transcribere,
2882 2376 3062 2429 Opera:
3107 2360 3339 2431 pretium

1754 2453 2028 2518 existimo,
2063 2452 2189 2507 licet
2217 2453 2433 2507 interim
2475 2452 2610 2507 locis
2640 2450 2912 2505 nonnullis
2952 2449 3027 2504 ita
3076 2448 3217 2503 male
3256 2457 3340 2503 vel

1699 2595 1704 2602 ,
1755 2543 1823 2596 ab
1849 2543 2077 2614 ipsomct
2106 2553 2331 2598 auctore
2379 2541 2632 2598 versiculi
2666 2541 2884 2600 tornati.
2913 2539 2994 2593 vel
3027 2539 3344 2594 describen-

1758 2637 1887 2690 tium
1914 2652 2102 2692 errore
2149 2636 2321 2691 vitiati
2362 2637 2492 2700 sint,
2541 2645 2600 2690 ut
2631 2636 2716 2690 vix
2759 2651 2824 2691 ac
2871 2651 2941 2691 ne
2969 2635 3056 2690 vix
3099 2634 3342 2706 quidem,

1754 2728 1882 2798 quid
1910 2727 1974 2782 iis
1997 2727 2354 2798 signiﬁcetur,
2382 2726 2673 2796 intelligas.

1824 2817 1946 2872 (illi.
1983 2817 2074 2872 llis
2103 2818 2283 2888 itaque
2312 2826 2525 2872 constat
2550 2814 2851 2872 versiculis.

1968 2909 2128 2963 Totus
2151 2909 2288 2961 orbis
2311 2908 2470 2961 claret
2504 2908 2642 2962 orbis
2717 2935 2720 2938 -

2039 3001 2195 3055 Claro
2220 3001 2460 3054 untulitio

1977 3090 2300 3146 Mure/tionis
2331 3090 2582 3144 Militaui:

2042 3184 2302 3253 Bouifucii
2333 3182 2459 3237 Itali

1967 3277 2153 3346 Neptis
2188 3285 2359 3339 ornat,
2388 3291 2538 3346 quem
2561 3284 2781 3330 exornat

2038 3368 2187 3422 Uxor
2217 3368 2486 3432 Adelasia,

1967 3460 2274 3517 Brutiorum
2305 3459 2604 3515 Siculorum

2040 3554 2291 3609 Comitem
2323 3551 2634 3622 Rogerium;

1969 3644 2036 3699 Et
2070 3643 2495 3698 Nortlmmuuum
2524 3641 2818 3695 veneranda

2041 3737 2214 3791 Donat
2247 3736 2353 3805 fetu
2387 3734 2582 3804 femina

1977 3829 2261 3893 Generosa,
2284 3827 2532 3898 gloriosa,

2039 3905 2203 3988 Quem
2227 3922 2383 3976 enixo
2403 3920 2616 3991 peperit.

1971 4015 2178 4068 Avitum
2207 4013 2298 4086 [an
2329 4023 2542 4068 auctum
2570 4012 2616 4086 ?]
2647 4011 2826 4075 sensit,
2862 4028 2916 4064 se
2938 4008 3208 4081 prn'seusit

2037 4108 2219 4162 Cautes
2245 4107 2282 4160 il
2295 4108 2331 4160 'e
2350 4108 2485 4176 lilio,

1978 4199 2032 4254 Μ
2037 4217 2153 4255 ense
2178 4200 2310 4253 deuo
2332 4201 2420 4272 qui
2435 4210 2638 4254 terreno

2043 4294 2230 4349 chtus
2257 4294 2360 4348 exit
2389 4292 2633 4362 pondere.

1976 4388 2026 4442 Μ
2040 4386 2264 4445 eiiteusis
2292 4385 2350 4454 ﬁt
2378 4383 2643 4436 immensis

2047 4478 2180 4532 Urbs
2199 4477 2415 4546 antiqua
2447 4476 2675 4544 gaudiis.

1975 4571 2143 4624 Immo
2174 4578 2360 4622 cuncta
2382 4575 2522 4619 stout
2559 4564 2797 4634 iujuucta

2045 4661 2201 4715 [artis
2230 4671 2276 4714 et
2308 4657 2606 4712 Trinacria.

1976 4753 2177 4808 Chorus
2205 4727 2353 4804 ln’tita
2393 4767 2454 4803 ac
2480 4749 2734 4803 discretus

2049 4842 2189 4897 La’ta
2222 4842 2354 4894 ludit
2379 4839 2640 4902 carmina,

1979 4934 2084 4989 Pro
2112 4936 2320 4990 lauacro
2341 4935 2459 4988 diro
2485 4950 2636 4988 sacro

2048 5027 2216 5082 Unda:
2245 5038 2352 5082 tum
2378 5027 2612 5081 Ιυειιγιιιιι

1979 5119 2161 5172 Comes
2185 5127 2298 5171 ornt
2335 5126 2383 5169 et
2410 5127 2590 5171 exorat

2052 5209 2291 5263 Bruuum
2323 5207 2680 5262 Alemanieum
2699 5251 2714 5268 ,

1982 5300 2120 5355 Nam
2151 5310 2378 5362 tenetur,
2400 5307 2454 5351 ut
2487 5298 2677 5368 ligetur

2053 5391 2208 5444 Illius
2239 5389 2462 5443 devotio.

1979 5483 2272 5536 Arrersitus
2296 5497 2397 5535 non
2423 5481 2612 5534 inritus

2053 5572 2322 5626 Jubilosus
2349 5571 2576 5626 advenit.

1983 5661 2292 5730 Baptizatur
2321 5670 2368 5715 et
2399 5662 2602 5712 (uratur

2057 5754 2222 5809 Sucro
2255 5769 2382 5824 pus"
2410 5750 2642 5822 fumiue,
