3846 6316
462 315 575 372 579

666 426 937 481 Lanrinus
965 433 1043 479 est
1068 422 1314 495 patrinns

734 518 944 573 Nobilis
975 515 1420 580 Northmanicus,

668 612 899 681 Tumque
922 626 1074 663 sacro
1099 610 1163 662 rle
1189 609 1401 661 lavacro

734 701 887 755 Oliva
914 701 1096 754 Bruno
1119 702 1415 770 inungitur.

522 795 645 849 bl'i.
687 793 887 849 Sistunt
914 793 1102 846 bellum
1128 802 1243 863 post
1265 791 1496 861 puellum

733 886 939 940 Christo
973 885 1076 939 Deo
1102 902 1311 954 supero.

666 974 821 1031 Felix
849 994 1020 1040 omen,
1048 985 1180 1029 tenet
1213 991 1400 1028 nomen

734 1067 880 1121 Puer
905 1069 988 1121 hic
1018 1067 1291 1136 Rogerius,

666 1157 874 1212 Canunt
905 1174 1102 1219 omnes,
1131 1167 1271 1209 stant
1301 1157 1560 1210 insomnes

734 1248 918 1302 Metris
940 1250 1307 1318 jubilantibus.

662 1337 827 1390 Ardet
857 1338 1003 1406 [orus
1033 1337 1122 1408 [an
1151 1339 1346 1407 focus?
1373 1338 1432 1392 E.
1462 1336 1571 1410 P.].
1596 1338 1787 1407 gaudet
1818 1337 2002 1391 thorus

730 1426 909 1479 Nimio
935 1444 1045 1496 pra'
1068 1429 1281 1498 gaudio.

666 1516 945 1572 Militensis
977 1536 1096 1571 nam
1134 1522 1350 1574 ostensis

732 1608 1004 1664 Gaudebat
1035 1612 1272 1676 ecclesia,

662 1698 800 1765 Quia
837 1711 1007 1766 tapete
1032 1719 1147 1755 cum
1176 1704 1342 1757 abiete

734 1792 1013 1849 Exornata
1041 1799 1308 1863 cernitur;

661 1881 876 1937 Fronde
902 1885 1049 1950 viret,
1074 1903 1221 1940 nemo
1249 1887 1389 1951 silet,

728 1972 917 2027 Cuncti
946 1975 1135 2029 ludunt
1166 1977 1394 2046 gaudiis.

670 2064 803 2120 Tum
835 2064 1099 2131 Urbanus,
1123 2070 1213 2122 sed
1243 2071 1505 2123 humanas

726 2158 929 2212 Jubilat
956 2160 1239 2224 natalibus,

659 2247 763 2303 llic
789 2250 1069 2317 secundus,
1102 2261 1237 2306 totus
1264 2254 1489 2308 mundus

732 2344 899 2408 Quem
929 2345 1117 2398 adorat
1141 2348 1381 2416 protinus

657 2434 853 2489 Christi
875 2437 994 2491 sede
1018 2454 1135 2491 eum
1168 2440 1401 2494 mercede

728 2525 889 2596 Regni
920 2528 1205 2582 beatissimi
1220 2548 1239 2595 ;

659 2615 763 2688 Hie
787 2629 1055 2686 precatur,
1081 2621 1208 2674 dum
1237 2621 1463 2689 levatur,

730 2705 938 2763 Puerili
966 2710 1192 2765 Domino

668 2797 968 2854 Salutarem
1005 2812 1160 2871 atque
1187 2820 1367 2872 parem

737 2890 910 2945 Vitam
940 2890 1137 2948 Christi
1157 2895 1407 2950 ca'libem.

662 2980 799 3052 Ergo
831 2994 975 3050 nato,
1004 2985 1094 3039 sed
1127 2998 1310 3040 renato

727 3072 969 3129 Christus
1003 3092 1161 3146 regna
1195 3095 1358 3147 puero

660 3164 830 3220 Donet
855 3167 970 3221 caeli
1000 3168 1137 3222 dono
1164 3171 1260 3223 zeli

729 3256 904 3313 Simul
929 3268 977 3313 et
992 3259 1308 3329 justissima.

659 3349 878 3403 Summo
903 3352 1051 3421 jugis
1083 3353 1201 3406 laus
1228 3356 1396 3423 frugis

735 3437 842 3492 Deo
871 3441 934 3493 sit
963 3442 1016 3495 in
1040 3444 1257 3497 sazcnla.
1284 3447 1468 3499 Anicii.

525 3529 645 3585 6l8.
681 3528 1012 3588 Habueritne
1032 3534 1306 3603 Adclasia,
1345 3539 1559 3592 comitis
1612 3539 1824 3609 [lugerii
1880 3558 2036 3604 uxor,

447 3627 503 3672 ut
530 3627 761 3689 patrem,
794 3621 869 3675 ita
900 3624 1063 3678 etiam
1088 3640 1247 3680 avum
1271 3638 1363 3681 aut
1383 3640 1655 3697 patruum,
1692 3632 1909 3686 nomine
1934 3633 2038 3686 Bo—

447 3715 821 3781 ttifacium,ex
874 3719 1069 3775 horum
1105 3723 1496 3779 versiculorum
1536 3729 1695 3781 tertio
1749 3736 1804 3781 et
1868 3729 2041 3783 tribus

446 3822 624 3876 seqq.,
657 3809 799 3877 quod
830 3810 1120 3866 admodum
1147 3814 1361 3871 obscuri
1391 3818 1520 3883 sint,
1546 3819 1773 3874 delinire
1810 3835 1913 3873 non
1942 3837 2039 3875 au-

446 3899 641 3965 sim;e
684 3901 908 3971 reliquis
962 3914 1166 3974 autem,
1224 3924 1454 3978 quorum
1509 3912 1727 3981 quinam
1778 3924 2038 3983 prmterea

447 3990 803 4047 obscuritatis
828 3994 960 4050 vitio
996 3997 1231 4053 maxime
1272 3999 1540 4066 laborent,
1587 4003 1818 4072 quisque
1859 4004 2038 4073 facile,

448 4094 533 4134 me
562 4083 727 4136 etiam
767 4092 1004 4152 tacente,
1035 4089 1350 4158 perspiciet,
1405 4094 1627 4147 notandi
1673 4094 2036 4163 potissimum,

445 4174 614 4240 quiet
642 4173 901 4231 Sanctum
943 4195 972 4233 a
1017 4182 1217 4236 comite
1257 4182 1511 4255 Rogcrio,
1558 4194 1619 4240 ut
1664 4186 1830 4241 tilium
1882 4204 2037 4244 suum

444 4266 765 4337 baptizaret,
797 4281 1043 4343 rogatum
1071 4272 1260 4341 fuisse,
1295 4278 1418 4334 etid
1443 4278 1590 4333 illum
1612 4281 1851 4336 muneris
1873 4283 2039 4338 abiis-

444 4370 524 4424 se,
549 4360 762 4428 docent,
791 4373 914 4420 sunt
942 4377 1230 4436 sequentes
1256 4386 1271 4422 :

676 4453 785 4509 Pro
815 4457 1023 4512 lavacro
1060 4460 1177 4515 divo
1209 4479 1361 4516 sacro

730 4543 899 4601 Unda:
923 4558 1031 4603 tum
1059 4550 1294 4606 lustralis

666 4632 849 4690 Comes
876 4651 989 4692 orat
1020 4652 1065 4694 et
1093 4654 1274 4696 exorat

737 4725 972 4784 Brunum
1004 4731 1395 4802 Alemanicum,

667 4817 809 4871 ham
845 4830 1067 4888 tenetur,
1093 4835 1144 4878 ut
1168 4825 1361 4896 ligetur

734 4910 890 4966 Illius
911 4915 1133 4970 devotio.

663 5000 959 5058 Aecersitus
989 5022 1090 5059 non
1124 5006 1315 5061 inuitus

731 5091 1004 5148 Jubilosus
1029 5095 1259 5162 advenit,

660 5182 973 5255 Baptizatur
992 5197 1039 5240 et
1066 5188 1276 5242 lavatur

734 5276 900 5332 Saero
929 5295 1063 5349 puer
1086 5281 1324 5350 flumine,

664 5366 929 5423 Lanuinus
951 5379 1024 5425 est
1055 5371 1294 5441 patrimis

736 5460 942 5517 Nobilis
975 5462 1390 5519 Northmanicus

663 5553 894 5623 Tumque
920 5572 1071 5610 sacro
1103 5556 1166 5610 de
1195 5556 1405 5612 lavacro

732 5646 879 5701 Oliva
910 5647 1089 5703 Brimo
1113 5650 1401 5720 inuugitur.

404 5804 409 5821 Ι
466 5734 633 5809 λιιιυο
653 5735 802 5793 hisce
824 5738 1041 5809 quidem
1073 5741 1353 5799 versiculis
1380 5740 1506 5813 quid
1532 5741 1885 5816 signiﬁcetur,
1913 5745 2043 5802 satis

1291 305 1349 361 S.
1385 302 1734 362 BRCNONIS
1761 296 2415 358 CARTIIUSIANORUSI
2454 297 2942 357 INSTITUTORIS
3620 302 3713 362 380

2086 417 2132 472 Α
2161 413 2329 483 liquet
2368 428 2475 469 :ne
2503 416 2628 486 quis
2654 425 2834 471 tamen
2862 418 2929 471 de
2966 414 3139 471 ultimi
3171 414 3579 487 signiﬁcatione,
3610 437 3715 492 qua!

2158 506 2263 560 huc
2288 505 2629 575 potissimum
2657 516 2889 577 spectat,
2919 507 3057 562 forte
3080 508 3312 574 dubitet,
3346 508 3525 565 Bruno
3547 510 3598 566 in
3627 513 3716 569 hoc

2154 598 2368 654 dativus
2388 610 2491 666 est,
2514 616 2543 654 a
2577 603 2796 655 nomine
2820 600 3055 667 Brunus,
3096 602 3237 671 quod
3270 610 3429 672 poeta
3462 603 3570 669 hic,
3595 605 3665 659 uti
3689 621 3717 660 c

2152 688 2362 743 duobus
2388 689 2537 743 bisce
2554 690 2923 745 anterioribus
2962 689 3080 758 ejus
3132 691 3435 759 versiculis,
3489 710 3510 744 σ
3542 692 3716 750 Omnes

2151 792 2272 835 orat
2318 791 2371 837 et
2395 792 2588 837 exorat
2622 782 2864 835 Brunum
2909 782 3282 839 Alemanieum
3315 802 3335 835 ι
3392 783 3713 840 manifestum

2151 872 2232 938 tit,
2262 888 2361 942 pro
2385 873 2605 926 nomine
2643 871 2827 926 Bruno
2881 880 3131 942 usurpat,
3188 872 3453 927 deductus
3478 914 3492 938 ,
3532 888 3717 942 proque

2149 966 2381 1022 ablativo
2408 982 2533 1021 cum
2575 968 2961 1037 prmpositione
2983 984 3011 1020 a
3038 970 3383 1037 przecedente
3429 967 3716 1045 Grecorum

2149 1073 2300 1112 more
2325 1059 2629 1121 adhibitus;
2662 1069 2721 1113 ut
2750 1059 3004 1113 versiculi
3039 1059 3183 1114 illius
3211 1075 3409 1116 sensus
3440 1061 3511 1115 sit
3541 1080 3558 1112 ι
3581 1060 3718 1116 Olivo

2148 1166 2178 1204 a
2217 1149 2470 1205 Brunone
2518 1151 2831 1221 iniungitur,
2868 1170 2887 1203 ι
2948 1153 3248 1222 doceatque
3299 1168 3425 1208 cum
3470 1152 3717 1209 nonnullis

2146 1248 2393 1313 proxime
2422 1246 2866 1299 antecedentibus
2904 1252 2960 1299 et
3018 1244 3499 1315 consequentibus,
3552 1244 3714 1316 Roge-

2148 1337 2308 1403 rium,
2334 1336 2550 1407 liogerii
2587 1335 2852 1391 Calabria:
2878 1346 2930 1390 et
2959 1336 3157 1391 S?cili:e
3208 1336 3446 1403 comitis,
3495 1334 3668 1404 tilium,
3690 1352 3712 1391 a

2147 1428 2204 1483 S.
2233 1428 2487 1483 Brunone
2512 1428 2679 1483 Mileti
2712 1428 2764 1481 in
2797 1426 3047 1483 Calabria
3107 1427 3341 1481 solemni
3396 1428 3523 1494 ritu,
3575 1427 3716 1497 idque

2144 1538 2310 1588 anno,
2342 1524 2418 1576 uti
2443 1538 2509 1576 ex
2531 1522 2644 1591 jam
2688 1537 2849 1591 supra
2879 1520 3042 1576 dictis
3097 1534 3332 1591 pronum
3372 1528 3457 1575 est
3502 1533 3676 1575 eruere
3700 1560 3714 1587 ,

2146 1616 2283 1671 1095
2313 1624 2547 1670 exeunte
2572 1614 2739 1670 fuisse
2761 1614 3114 1685 baptizatum.

2216 1705 2339 1760 619.
2373 1703 2528 1759 Haud
2558 1704 2784 1758 multum
2815 1719 2978 1774 porro
3001 1704 3261 1775 temporis
3312 1703 3544 1773 spatium
3575 1718 3601 1756 a
3623 1701 3717 1755 Ro-

2142 1798 2296 1869 gerii,
2329 1805 2515 1867 postea
2545 1795 2741 1852 Sicilia
2772 1795 2935 1867 regis,
2965 1796 3295 1867 baptismate
3325 1806 3445 1851 erat
3475 1795 3715 1864 elapsum.

2142 1903 2263 1941 eum
2290 1897 2511 1941 sanctus
2536 1885 2857 1941 benevolum
2890 1886 3086 1941 iterum
3120 1886 3172 1940 in
3200 1900 3261 1940 se
3294 1885 3536 1956 Rogerii,
3566 1883 3711 1940 Cala-

2143 1984 2275 2039 brim
2306 1994 2357 2038 et
2384 1983 2585 2039 Sicilia:
2610 1983 2845 2049 comitis,
2879 1981 3119 2035 animum
3154 1979 3254 2033 fuit
3303 1988 3574 2048 expertus.
3622 1978 3714 2031 Do-

2145 2086 2232 2132 cet
2254 2078 2303 2131 id
2331 2093 2417 2131 me
2446 2076 2735 2141 Surianus,
2763 2075 2814 2128 in
2849 2074 2962 2129 suis
3014 2073 3084 2126 ad
3126 2072 3496 2140 conscriptam
3522 2085 3548 2123 a
3578 2069 3718 2125 Surio

2146 2168 2205 2224 S.
2244 2166 2530 2223 'Brunonis
2586 2168 2765 2221 Vitam
2816 2164 3273 2219 Adnotationibus
3324 2177 3447 2233 pag.
3504 2162 3600 2217 597
3649 2161 3715 2215 sic

2144 2259 2439 2315 scribens:
2502 2277 2520 2311 ι
2552 2258 2710 2312 Anno
2770 2256 2909 2311 1096
2963 2256 3232 2325 Rogerius
3285 2270 3472 2311 comes
3514 2252 3715 2307 villanos

2144 2350 2405 2420 quosdam
2436 2351 2603 2403 donat
2626 2348 2684 2402 S.
2713 2346 2976 2412 Brunoni,
3008 2348 3134 2401 dato
3180 2344 3495 2415 diplomate,
3531 2344 3581 2398 in
3624 2356 3714 2411 quo

2145 2456 2204 2495 se
2254 2441 2695 2497 Christianorum
2738 2440 3041 2510 adjutorem
3091 2437 3351 2493 intitulat.
3393 2456 3412 2490 ι
3471 2436 3712 2498 Donatio,

2144 2547 2305 2602 quam
2334 2532 2424 2588 bie
2454 2531 2720 2587 Surianus
2740 2537 3150 2594 commemorat,
3188 2528 3380 2584 eadem
3409 2526 3545 2582 haud
3576 2525 3714 2579 dubie

2142 2630 2246 2692 est,
2281 2624 2346 2678 de
2370 2638 2475 2693 qua
2506 2622 2574 2677 ad
2598 2621 2847 2677 eumdem
2872 2620 3027 2675 ltisce
3077 2618 3299 2673 Suriani
3350 2618 3532 2672 verbis
3581 2622 3714 2668 nota—

2146 2726 2259 2769 tum
2286 2730 2485 2768 annum
2516 2714 2651 2768 1096
2690 2714 2742 2766 in
2767 2711 2985 2767 Ordinis
3031 2710 3441 2766 Carthusiensis
3489 2705 3712 2763 Historia:

2142 2805 2437 2876 Prospectu
2463 2805 2722 2861 Camillus
2747 2802 2977 2857 Tutinus
2999 2803 3073 2856 ita
3108 2802 3352 2872 loquitur
3393 2818 3408 2855 :
3464 2819 3481 2849 σ
3509 2797 3713 2853 Additur

2142 2908 2195 2951 et
2221 2898 2324 2951 alia
2353 2896 2421 2949 ab
2443 2897 2632 2950 eodem
2658 2894 2857 2950 comite
2884 2893 3123 2948 Brunoni
3142 2902 3197 2947 et
3224 2890 3496 2958 Lanvino,
3522 2901 3712 2944 eorum.

2100 3032 2107 3041 .
2142 3005 2248 3058 que
2270 2989 2323 3043 in
2346 2989 2493 3043 dicto
2523 2986 2856 3042 monasterio
2887 2985 3207 3055 (Turritano
3230 2983 3447 3039 scilicet
3489 2982 3539 3036 in
3576 2977 3709 3034 Cala-

2146 3079 2286 3150 bria)
2319 3078 2729 3134 successoribus
2756 3076 2981 3132 donatio
3024 3076 3419 3148 quinquaginta
3460 3073 3707 3129 hominum

2144 3170 2363 3225 familia:
2386 3176 2545 3225 unius
2580 3172 2632 3224 in
2663 3170 2881 3224 eosdem
2905 3169 3361 3240 ligiietbomagii.
3394 3164 3707 3234 Privilegium

2142 3262 2335 3317 Graeco
2368 3264 2625 3316 idiomate
2647 3270 2923 3315 cxaratur.
2951 3280 2967 3311 ι
2986 3260 3341 3330 Privilegium
3366 3275 3461 3315 seu
3479 3257 3704 3328 diploma.

2142 3372 2249 3424 quo
2280 3356 2624 3410 donationem
2652 3353 2795 3407 illuni
2820 3351 3025 3407 Sancto
3047 3351 3269 3419 laetam,
3303 3350 3556 3408 Camillus
3580 3345 3705 3400 Tuti-

2142 3465 2243 3503 nus
2269 3459 2323 3504 et
2349 3449 2616 3503 Surianus
2648 3445 2829 3501 verbis
2853 3447 3095 3500 recitatis
3128 3454 3465 3511 asseverant,
3494 3439 3707 3496 invenire

2144 3539 2393 3609 nuspiam
2427 3538 2607 3608 potui,
2660 3552 2766 3591 non
2821 3537 3008 3590 dubito
3063 3547 3268 3603 tamen,
3328 3535 3456 3607 quin
3493 3533 3541 3586 id
3573 3526 3704 3584 alteri

2141 3632 2334 3686 borum
2358 3633 2703 3702 scriptorum,
2729 3629 2926 3685 Tutino
2962 3645 3173 3700 nempe,
3210 3629 3304 3699 qui
3334 3628 3384 3684 id
3410 3628 3587 3683 Grarce
3624 3636 3703 3675 ex-

2142 3732 2358 3776 aratum
2384 3723 2535 3788 dicit,
2570 3722 2634 3775 ad
2664 3737 2881 3775 manum
2914 3721 3094 3775 fuerit.
3128 3718 3703 3787 Quareetdonationem

2143 3816 2292 3870 illam
2322 3816 2525 3872 Sancto
2569 3832 2696 3871 vere
2737 3816 2904 3870 etiam
2950 3832 2977 3869 a
3017 3817 3215 3871 comite
3260 3816 3493 3887 Rugerio
3533 3812 3702 3865 factum

2144 3908 2328 3972 fuisse,
2375 3925 2692 3980 persuasum
2750 3908 2879 3962 mihi
2924 3908 3116 3973 habeo,
3173 3909 3299 3963 licet
3346 3907 3572 3969 interim,
3613 3914 3703 3969 quo

2142 4019 2254 4056 rem
2283 4004 2571 4058 certiorem
2605 4000 2794 4056 lectori
2827 3999 3051 4055 reddere
3072 4016 3331 4070 possem,
3390 3993 3698 4069 privilegium

2145 4093 2271 4147 illud
2301 4109 2394 4149 seu
2425 4092 2682 4165 diploma,
2735 4091 2825 4147 hic
2869 4091 2917 4146 ei
2970 4090 3336 4145 exhibendum
3400 4087 3582 4143 vellem
3622 4083 3702 4136 ba-

2142 4184 2292 4240 bere.

2143 4279 2170 4351 §
2224 4278 2504 4351 XXXVIII.
2569 4278 2777 4332 Mortuo
2832 4275 3100 4351 Theodoro
3134 4274 3453 4351 ΔΜςξὶηιργὶο
3479 4315 3492 4339 ,
3520 4266 3698 4351 ,(ἶνςντίξ

2212 4350 2555 4417 Squillarcnsi
2579 4351 2836 4419 episcopo,
2858 4348 3087 4401 Joannes
3109 4348 3171 4399 de
3197 4345 3245 4398 Ν
3252 4347 3488 4419 icephoro
3511 4340 3699 4419 Lq'iﬂlf‘

2213 4407 2663 4486 uls'nbstitimtilr,
2689 4407 2914 4496 Sanctus
2943 4419 3151 4496 suadet,
3198 4428 3243 4470 et
3285 4407 3349 4471 ab
3395 4417 3489 4496 hoc
3540 4407 3699 4496 deinde

2212 4492 2538 4560 privilegium
2564 4483 2964 4570 amplissimum,
3011 4488 3151 4551 quod
3173 4498 3218 4541 et
3252 4506 3282 4540 α
3309 4483 3545 4568 pontifice
3594 4492 3698 4570 cpt-1:

2213 4548 2420 4631 'ﬁrmari
2442 4573 2613 4620 curnt.
2650 4548 3164 4623 ⁵1’τιννὶιαιιαξ’ρίεηιθ,
3194 4548 3328 4631 noro
3365 4557 3477 4627 jam
3527 4553 3577 4605 in
3616 4548 3695 4599 had

2214 4629 2511 4687 constructo
2550 4632 2609 4687 S.
2644 4630 2890 4698 Stephani
2920 4630 3256 4692 monasterio,
3286 4629 3542 4696 impetrat.

2212 4726 2336 4781 (3'20.
2368 4723 2613 4791 Quaudiu
2651 4721 2853 4776 Grrecis
2879 4720 3108 4774 orientis
3143 4715 3551 4789 imperatoribus
3569 4705 3695 4763 Cala-

2143 4819 2257 4873 bria
2281 4825 2553 4889 paruerat,
2582 4831 2689 4868 non
2718 4813 2807 4867 alii
2834 4813 2945 4866 fere
2961 4811 3235 4882 Scyllacii,
3252 4826 3412 4883 quam
3434 4807 3519 4878 qui
3535 4798 3692 4857 Eccle-

2144 4910 2449 4966 δίκαι-ωερε
2480 4917 2684 4975 essent,
2712 4905 3237 4975 sederantepiscopi.
3262 4903 3479 4967 Verum,
3505 4894 3693 4990 regiotte

2147 5002 2231 5056 illa
2254 5018 2283 5055 a
2314 5009 2473 5073 gente
2503 5016 2564 5054 ac
2586 4998 2921 5069 principibus
2954 4995 3303 5062 Normannis,
3340 4994 3431 5065 qui
3469 4985 3692 5044 Ecclesiae

2144 5093 2351 5148 Latina:
2390 5094 2552 5146 ritum
2584 5091 2969 5161 sequebantur,
3030 5087 3229 5143 saeculo
3259 5086 3544 5174 undecimo
3584 5074 3690 5174 sub.

2145 5194 2285 5254 acto,
2315 5186 2367 5238 in
2389 5183 2656 5238 Theodori
2689 5181 3004 5248 Mesimerii,
3027 5180 3199 5236 Gra‘ci
3229 5172 3691 5267 Scyllacensiscl’f‘

2146 5277 2316 5345 scopi,
2344 5291 2487 5330 anno
2519 5274 2655 5330 1095
2685 5282 2779 5328 aut
2807 5273 3087 5342 sequentis
3111 5272 3265 5327 initio
3293 5286 3324 5325 e
3350 5269 3477 5324 vivis
3499 5260 3686 5320 sublati.

2146 5368 2321 5424 locum
2356 5384 2460 5423 non
2483 5368 2670 5435 alium,
2700 5382 2861 5437 quam
2889 5366 2978 5435 qui
3005 5364 3262 5419 Ecclesize
3309 5362 3503 5417 Latinae
3548 5356 3685 5409 esset,

2146 5462 2389 5517 suliiccre
2410 5462 2722 5531 episcopum
2751 5459 3005 5530 Rogerio,
3032 5458 3298 5513 Calabria:
3342 5465 3389 5512 et
3418 5448 3597 5508 Sicilia:
3613 5456 3686 5541 cu-

2148 5554 2286 5621 miti,
2322 5553 2386 5608 ad
2409 5553 2564 5622 cujus
2588 5553 2846 5607 ditionem
2871 5550 3198 5622 Scyllacium
3224 5559 3335 5615 aut,
3361 5557 3416 5600 ut
3441 5541 3523 5599 alii
3569 5548 3681 5590 sert-

2148 5646 2298 5709 bunt,
2315 5644 2642 5714 Squillacum
2658 5658 2748 5697 seu
2767 5642 3112 5713 Squillacium
3129 5642 3396 5711 spectabat
3408 5642 3503 5705 ,est
3517 5629 3680 5724 visunt;

2149 5738 2499 5797 suadentibus
2541 5736 2590 5792 id
2660 5745 2839 5793 autem
2884 5735 2930 5791 ei
2980 5750 3083 5790 una
3154 5750 3273 5790 cum
3336 5723 3584 5788 nonnullis
3623 5723 3683 5771 rl-
