3846 6316
98 392 162 448 581
1544 386 1734 440 ACTA.

3188 395 3292 450 582

100 519 158 562 tus
183 504 330 561 Latini
352 503 612 574 episcopis
644 502 702 559 S.
735 502 988 559 Brunone
1017 511 1071 557 et
1093 500 1339 556 Lanvino
1359 544 1373 569 ,
1409 501 1460 555 in
1492 502 1602 570 pri-
1635 513 1675 565 Α
1708 503 1943 571 qucunio
1990 503 2252 559 duntaxat
2284 516 2404 575 post
2429 504 2652 561 Joannis
2678 503 2744 560 de
2770 503 3074 575 Nicephoro
3104 508 3170 560 ad
3200 522 3294 561 ca—

99 614 200 652 nunn
219 596 342 651 sedis
364 595 504 649 illius
525 595 660 649 ritus
686 593 858 647 Latini
889 594 1200 662 episcopum
1256 591 1517 646 Joannem
1538 591 1604 646 de

98 688 329 756 Nieephoro
348 686 560 755 delegit.
601 685 769 739 Docet
817 685 929 738 haec
969 683 1150 737 omnia
1197 692 1417 737 cxstans
1464 683 1606 752 apud

100 778 318 849 Ughellum
347 788 471 832 tom.
495 776 564 830 1X
591 776 760 830 Italiae
796 792 966 830 sacra:
994 776 1047 829 in
1080 774 1348 845 episcopis
1375 775 1608 845 Squilla-

97 871 288 925 censibus
313 869 411 925 col.
439 869 563 936 426,
597 885 873 938 annoque,
909 868 1051 922 unde
1101 867 1170 921 ab
1205 867 1309 923 hoc
1340 870 1607 937 scriptore

99 962 321 1018 llcsimerii
362 963 565 1017 obitum
596 977 720 1017 cum
769 978 911 1017 anno
946 963 1081 1018 1096
1126 974 1358 1019 exeunte
1402 974 1493 1018 aut
1524 979 1611 1019 se-

98 1055 256 1124 quentis
278 1053 421 1107 initio
446 1068 733 1123 perperam
759 1053 877 1107 loco
922 1054 1089 1108 citato
1122 1054 1371 1124 componi
1418 1054 1605 1123 liquet,

100 1142 212 1207 l096,
235 1140 514 1196 indictione
544 1143 733 1212 quinta
761 1142 1031 1212 signatum
1059 1142 1316 1212 diploma,
1350 1158 1456 1211 quo
1485 1152 1610 1198 tunc

98 1248 293 1305 preterea
311 1236 445 1290 idem
470 1235 738 1306 Rogerius
767 1236 818 1288 in
849 1234 1251 1305 Scyllaccnsem
1271 1236 1452 1289 sedem
1471 1237 1609 1290 bona

99 1343 168 1380 non
205 1341 349 1395 pauca
394 1325 665 1391 contulit,
700 1340 763 1380 ac
788 1325 853 1380 de
886 1340 1024 1380 novo
1060 1325 1457 1395 quodammodo
1489 1341 1609 1380 eam

99 1416 293 1471 laudavit.
326 1415 495 1471 Verba
532 1417 713 1484 illius,
769 1434 834 1472 eo
887 1416 1139 1472 facientia
1170 1461 1184 1485 ,
1237 1420 1316 1473 sic
1370 1419 1607 1474 habent:

100 1507 216 1576 «Ego
235 1506 480 1577 Rogerius
511 1505 715 1561 Siciliae
746 1523 929 1563 comes
959 1517 1015 1563 et
1038 1507 1322 1576 Calabriae,
1353 1524 1458 1564 una
1484 1525 1608 1564 cum

98 1614 215 1652 uxore
239 1613 361 1665 mea,
386 1598 608 1653 nomine
633 1598 975 1653 Adclasia....
1027 1599 1253 1653 consilio
1308 1598 1613 1653 Cassanen—

96 1688 144 1741 sis
170 1687 369 1757 episcopi
407 1686 666 1755 Saxonis,
699 1696 753 1741 et
779 1687 976 1742 Vicarii
1002 1687 1062 1741 D.
1091 1687 1292 1743 Urbani
1319 1704 1492 1759 νίψω,
1526 1699 1610 1742 at-

96 1794 165 1849 que
186 1777 933 1846 D.BobertiMessinensium,
986 1779 1335 1850 Stephani....
1388 1782 1609 1850 Angerii

1712 595 1954 650 thcdram
1978 595 2379 666 Scyllacensem
2402 598 2799 667 promotionem
2822 597 3024 667 elapso,
3042 599 3294 652 monachi

1707 688 1939 758 amplius
1968 689 2187 757 triginta
2213 690 2264 743 in
2298 689 2586 745 Turritana
2616 706 2804 745 eremo
2856 690 3188 756 exstiterint,
3219 691 3295 744 uti

1708 780 1868 835 fidem
1891 781 2019 836 facit
2046 791 2206 837 antea
2237 783 2415 837 adhuc
2438 782 2688 836 laudatus
2710 782 3096 836 monachorum
3116 781 3294 849 hujus,

1709 871 1800 939 qui
1829 880 1943 940 post
1964 872 2137 927 sancti
2155 873 2393 941 parentis
2413 873 2616 927 obitum
2643 872 2904 938 Lanvino,
2935 871 3096 926 veluti
3125 872 3297 925 eremi

1709 962 1989 1031 magistro,
2012 963 2370 1018 obedientiam
2390 964 2709 1032 promisere,
2739 962 3051 1033 Catalogus,
3068 963 3301 1018 echarta

1711 1054 1952 1122 antiqua,
1979 1055 2066 1110 cui
2095 1054 2290 1125 singuli
2315 1071 2504 1111 eorum
2524 1057 2740 1109 nomina
2770 1071 2863 1108 sua
2891 1056 3300 1124 inscripserunt,

1710 1156 2020 1215 excerptas,
2054 1158 2216 1217 atque
2264 1148 2318 1201 in
2369 1147 2658 1200 Annalium
2715 1146 3185 1202 Carthusicnsium
3235 1147 3302 1200 li-

1712 1236 1866 1291 brum
1897 1246 2149 1306 quartum
2185 1237 2448 1292 hactenus
2480 1253 2584 1291 non
2616 1237 2890 1305 vulgatum
2922 1237 3122 1292 illatus.

1785 1330 1910 1383 622.
1938 1329 2343 1384 Monumentum
2376 1330 2525 1395 illud,
2559 1345 2588 1381 e
2626 1328 2750 1382 libri
2804 1329 2963 1397 hujus
3009 1326 3306 1381 Vallis-Dei

1714 1422 2008 1492 exemplari
2039 1422 2394 1493 descriptum,
2422 1437 2654 1487 meeum,
2700 1431 2759 1475 ut
2787 1420 2950 1473 multa
2982 1420 3109 1487 alia,
3156 1435 3309 1474 corn-

1714 1514 1996 1567 municare
2032 1512 2284 1582 dignatus
2312 1520 2397 1566 est
2432 1513 2830 1566 Carthusianus
2852 1510 3305 1578 Parisiensisjam

1714 1619 1878 1673 supra
1907 1603 2102 1674 saepius
2124 1602 2393 1669 laudatus,
2424 1602 2674 1671 idemque
2705 1604 2869 1656 etiam
2896 1616 3017 1671 ego,
3069 1601 3211 1670 quod
3256 1609 3312 1653 ct

1715 1694 1805 1749 hic
1842 1701 1895 1749 et
1916 1702 2076 1749 antea
2107 1694 2332 1748 citatum
2366 1695 2478 1763 jam
2527 1692 2689 1747 fuerit
2740 1691 2986 1761 infraque
3032 1692 3309 1745 citandum

1718 1784 1893 1839 adhuc
1923 1783 2129 1851 veniat,
2154 1798 2276 1838 cum
2307 1783 2528 1848 lectore,
2577 1782 2661 1835 cui
2707 1782 2758 1836 id
2810 1781 3031 1835 minime
3071 1779 3309 1833 futurum

95 1872 397 1939 Cathancnsis,
419 1869 688 1941 Stephani
710 1870 1082 1937 Mazariensis,
1111 1870 1608 1942 EugcrlandiAgri—
1649 1856 1691 1910 Β
1719 1890 1841 1929 reor
1879 1873 2175 1944 ingratum,
2229 1875 2631 1928 connuunicare
2682 1888 2860 1942 operae
2917 1872 3147 1940 pretium
3199 1870 3314 1923 exi-

96 1963 369 2033 gentinensis,
389 1963 613 2033 Rogcrii
634 1962 948 2018 Siraeusan.
972 1962 1344 2033 episcoporum
1365 1978 1615 2029 assensu,

97 2063 207 2122 atque
233 2053 284 2105 D.
307 2052 574 2107 Brunonis
620 2059 675 2106 et
730 2051 919 2106 fratris
950 2053 1117 2105 nostri
1154 2051 1377 2107 Lanvini
1424 2053 1619 2106 eremi-

106 2156 248 2207 tarum,
268 2145 497 2198 virorum
534 2151 880 2210 sanctorum,
914 2143 1154 2197 consiliis
1182 2142 1243 2196 D.
1273 2141 1532 2197 Joannem
1555 2143 1621 2197 de

98 2236 356 2306 Nicephoro,
412 2236 503 2305 qui
568 2235 865 2289 canonicos
902 2243 955 2289 et
1012 2234 1249 2289 decanos
1301 2234 1624 2289 venerabilis

99 2333 238 2379 sancte
258 2324 524 2378 lliliteusis
557 2323 816 2379 Ecclesiae
843 2331 982 2389 erat,
1009 2322 1092 2375 vir
1114 2322 1372 2378 honestus
1394 2324 1475 2377 vir
1506 2338 1626 2391 pru-

100 2418 199 2479 dens,
218 2424 354 2483 atque
374 2414 522 2470 omni
560 2414 810 2484 copiosus
837 2414 1134 2480 honestate,
1157 2411 1337 2481 ibique
1362 2413 1414 2468 in
1458 2413 1625 2482 magi-

100 2514 217 2556 strum
241 2505 359 2577 elegi
391 2514 447 2560 et
480 2507 817 2574 pontilicem,
861 2513 916 2558 ct
931 2502 1213 2558 ecclesiam
1236 2517 1390 2557 suam
1421 2512 1552 2574 quot
1574 2510 1630 2557 et

101 2593 255 2658 quantis
282 2594 402 2649 mihi
445 2594 654 2665 placuit
688 2593 966 2649 beneficiis
1016 2592 1205 2659 (litavi,
1261 2603 1316 2646 et
1347 2593 1627 2648 honestavi

103 2682 398 2753 dignitatibus,
450 2695 507 2741 et
559 2696 821 2756 quantum
851 2686 915 2740 ad
955 2702 1040 2741 me
1063 2685 1342 2758 pertinuit,
1366 2686 1628 2741 destinavi

101 2778 360 2847 etdescr'psi
387 2795 541 2834 suam
572 2779 909 2849 parochiam,
930 2799 947 2832 ι
989 2790 1095 2834 etc.

154 2868 250 2925 62L
275 2873 397 2926 Cum
429 2873 706 2944 Rogerius
757 2874 814 2928 8.
856 2873 1163 2929 Brunonem
1220 2890 1281 2930 ac
1326 2872 1627 2929 Lanvinum

112 2962 336 3019 «virorum
360 2976 679 3022 sanctorum
724 2985 742 3018 ι
778 2965 932 3021 titulo
988 2967 1077 3022 hic
1129 2968 1475 3036 condecoret,
1531 2969 1630 3023 ho-

104 3074 267 3129 rumque
286 3065 471 3132 partim
500 3064 755 3131 consilio,
790 3063 871 3117 uti
908 3063 1135 3133 ipsemet
1161 3064 1363 3135 prodit,
1416 3063 1630 3136 Scylla-

104 3152 206 3206 censi
230 3155 325 3207 sedi
354 3154 622 3209 Joannem
656 3155 721 3209 de
748 3154 1052 3226 Nicephoro
1103 3156 1416 3228 episcopum
1459 3158 1630 3212 bona-

105 3256 173 3308 que
193 3260 277 3298 non
310 3262 474 3314 pauca
505 3246 859 3316 imperticrit,
909 3258 1232 3319 argumento
1287 3264 1419 3305 sane
1462 3250 1626 3305 etiam

103 3332 247 3388 dictum
275 3336 500 3406 diploma
524 3346 631 3405 est,
666 3347 871 3407 quanto
925 3338 978 3393 in
1016 3340 1190 3410 pretio
1238 3340 1380 3412 apud
1425 3341 1629 3412 princi-

104 3443 184 3495 pem
207 3431 330 3486 illum
356 3433 658 3499 Lanvinus,
689 3450 753 3489 ac
776 3434 1095 3490 nominatim
1149 3436 1207 3490 8.
1238 3435 1419 3491 Bruno
1464 3436 1631 3491 exsti-

104 3521 205 3578 terit.
226 3520 358 3578 llartd
384 3525 593 3580 dudum
618 3541 779 3595 porro
805 3524 1133 3594 Mesimcrio,
1165 3527 1419 3582 Ecclesia:
1446 3528 1630 3598 Squil-

106 3610 272 3670 Iaccnsis
290 3616 416 3671 ritus
440 3618 619 3672 Graeci
644 3620 898 3688 episcopo
919 3620 1026 3673 vita
1053 3620 1256 3686 functo,
1304 3619 1543 3675 Joannes
1567 3620 1633 3674 de

106 3697 352 3773 Nicephoro,
380 3709 470 3777 qui
506 3708 645 3762 ritus
669 3707 850 3763 Latini
894 3719 1034 3776 erat,
1070 3725 1097 3763 a
1133 3710 1331 3764 comite
1373 3710 1628 3777 Rogerio,

107 3792 248 3849 Sancto
272 3809 448 3853 nostro
479 3815 546 3853 ac
577 3799 821 3854 Lanvino
851 3801 1227 3867 suadentibus,
1260 3800 1437 3855 fuerat
1466 3800 1631 3857 suffe-

107 3892 202 3949 ctus,
229 3904 333 3941 cum
380 3891 570 3945 Bruno
606 3892 660 3945 in
693 3889 982 3946 Turritana
1018 3891 1284 3948 Calabria:
1324 3908 1509 3949 eremo
1532 3910 1630 3948 no-

26 4050 27 4061 ‘
110 3986 194 4028 tam
240 3978 511 4035 ecclesiam
574 3984 1073 4053 monasteriumqne
1125 3985 1225 4038 sub
1277 3985 1632 4041 sanctissima:

109 4062 284 4135 Virginis
312 4070 487 4126 Maria:
518 4082 576 4127 et
598 4071 655 4127 8.
689 4071 950 4143 Stephani
976 4076 1395 4146 protomartyris
1414 4078 1632 4132 nemine

109 4160 278 4214 madere
306 4162 523 4233 incepit.
569 4164 908 4233 tCrcvcrat,»
933 4167 1108 4237 inquit
1135 4168 1186 4221 in
1206 4166 1457 4227 Historia:
1472 4168 1632 4224 Ordi-

26 4326 27 4333 γ
110 4243 166 4297 nis
182 4244 560 4307 Cartlmsiensis
587 4252 883 4324 Prospectu
915 4256 981 4309 ad
1006 4271 1205 4309 annum
1234 4256 1368 4311 1097
1406 4271 1530 4328 pag.
1566 4256 1634 4311 12

26 4354 27 4414 ξ
111 4336 303 4395 Camillus
332 4345 588 4410 Tutiaus,
626 4346 778 4414 «jam
811 4346 1515 4404 multitudomonachorum
1577 4351 1629 4405 in

26 4433 27 4504 ξ
112 4440 245 4485 eremo
289 4433 341 4489 S.
383 4436 681 4504 Mariae,et
728 4453 850 4492 cum
882 4437 1034 4494 locus
1070 4439 1160 4494 ille
1189 4456 1474 4495 numerum
1524 4457 1629 4495 non

26 4530 27 4602 ᾗ
116 4533 314 4593 raperet,
374 4530 609 4599 Rogerio
661 4530 1127 4601 cnmitejuhente,
1174 4548 1341 4602 prope
1389 4548 1631 4588 erenmm

26 4598 27 4641 ἶ
116 4610 183 4663 sub
207 4614 338 4670 titulo
365 4598 607 4686 ejusdem
645 4598 897 4690 Virginis,
955 4628 1008 4675 ct
1054 4598 1472 4694 protomartyris
1518 4623 1641 4679 Ste-

116 4701 227 4764 phani
252 4711 572 4779 peramplum
597 4727 659 4765 ac
695 4710 1038 4781 magnificum
1083 4715 1418 4769 construitur
1457 4731 1644 4770 mona-

117 4795 303 4852 sterium.
331 4820 348 4852 ι
384 4801 621 4855 Sanctus
642 4817 792 4872 ergo,
822 4802 865 4856 si
905 4801 1103 4856 Tutin
1136 4803 1221 4857 hic
1247 4803 1381 4859 fides
1410 4805 1501 4871 sit,
1538 4820 1641 4858 nou

118 4891 272 4943 tantum
300 4894 459 4961 priori
491 4896 844 4961 monasterio,
894 4896 1035 4964 quod
1077 4911 1139 4950 ex
1184 4895 1344 4950 dictis
1388 4898 1572 4951 statim
1614 4911 1644 4950 a

122 4981 248 5034 Silain
266 4981 600 5040 Cartlmsiam
652 4987 993 5042 Calalzrinam
1043 4987 1288 5056 ingressu
1329 4988 1381 5041 in
1415 4988 1645 5041 sanctis-

124 5069 228 5126 sima:
254 5074 475 5144 Virginis
509 5078 691 5133 Maria:
721 5091 774 5133 et
798 5079 854 5133 8.
905 5077 1128 5132 Joannis
1167 5077 1419 5147 Baptista:
1474 5079 1645 5132 hono-

125 5174 204 5215 rem
233 5180 578 5237 exsrruxerat,
640 5186 836 5224 novum
894 5169 1194 5237 addiderit,
1250 5169 1342 5243 sed
1392 5169 1555 5223 etiam
1594 5169 1644 5222 id

126 5250 280 5325 iecerit,
307 5266 442 5330 quod
470 5276 528 5319 et
564 5266 633 5318 ita
671 5265 785 5319 licri
822 5262 981 5318 vellet
1026 5280 1210 5319 comes
1261 5263 1543 5334 llogcrius,
1594 5271 1648 5316 et

129 5342 282 5403 adeam
304 5350 410 5421 jam
439 5355 838 5412 multitudinem
872 5358 1122 5411 monachi
1170 5359 1560 5425 cXt-rcvisscnt,
1591 5368 1648 5411 ut

130 5450 194 5492 ιος
216 5457 401 5500 sacrum
432 5449 490 5502 8.
528 5448 707 5504 Maria:
734 5460 787 5503 et
811 5449 867 5504 S.
894 5448 1091 5503 Joanui
1145 5449 1403 5519 Baptista:
1458 5466 1648 5503 mona-

132 5532 298 5588 alteriurn
319 5537 454 5594 baul
481 5554 719 5610 caperet.
754 5541 817 5597 Et
842 5543 1039 5611 partim
1074 5541 1292 5611 qu’idem
1350 5542 1420 5596 ob
1470 5558 1538 5611 po
1560 5551 1649 5595 tc-

134 5621 279 5682 riorern
299 5632 426 5688 hanc
454 5650 670 5689 causam
694 5636 744 5689 id
772 5634 964 5691 fecisse
1001 5635 1327 5702 Brunonem,
1348 5636 1650 5690 verosimlle

140 5716 233 5770 mihi
252 5722 318 5775 vel
344 5725 539 5781 idcirco
560 5738 805 5798 apparet,
833 5727 973 5797 qrrod
1008 5743 1170 5791 annu,
1196 5744 1301 5795 quo
1324 5744 1385 5781 ex
1411 5727 1650 5781 dicendis

144 5815 306 5868 sanctus
325 5815 382 5870 ad
410 5817 690 5875 Dominum
723 5819 994 5891 migravit,
1037 5821 1187 5887 llOl,
1222 5836 1281 5874 ac
1311 5820 1461 5891 proin
1496 5818 1649 5888 quin-

1720 1963 1901 2018 stimo.
1935 1962 2028 2018 His
2054 1963 2235 2019 verbis
2265 1962 2571 2031 concipitur
2596 1979 2609 2014 :
2639 1985 2659 2013 ι
2688 1960 2882 2014 Frater
2908 1959 3056 2028 Vugo
3087 1956 3312 2026 promisi

1721 2056 2086 2111 obedientiam
2117 2056 2378 2126 magistro
2406 2054 2665 2108 Lanvino.
2724 2052 2989 2107 Similiter
3039 2058 3093 2104 et
3146 2050 3316 2104 frater

1723 2147 1864 2213 Leo;
1902 2148 2150 2202 similiter
2186 2157 2240 2201 et
2280 2147 2448 2200 frater
2478 2145 2780 2208 Mat-aldus;
2815 2142 3066 2197 similiter
3112 2151 3165 2193 et
3209 2138 3319 2192 fra-

1727 2250 1807 2296 ter
1835 2241 2139 2304 Romanus;
2179 2241 2429 2294 similiter
2459 2247 2514 2294 et
2549 2238 2717 2291 frater
2750 2235 2968 2290 Stabilis
2995 2250 3009 2299 ;
3065 2232 3319 2287 similiter

1726 2343 1780 2390 et
1805 2334 1973 2388 frater
2004 2333 2323 2402 Radulphus
2352 2332 2417 2387 de
2444 2331 2743 2395 Crucilixo;
2794 2328 3049 2382 similiter
3071 2339 3123 2381 et
3152 2326 3321 2380 frater

1731 2424 1898 2479 Ursus
1925 2423 2318 2489 subdiaconus;
2343 2421 2592 2477 similiter
2616 2429 2670 2474 et
2695 2418 2862 2473 frater
2885 2418 3171 2471 Rainerius
3193 2414 3322 2471 sub-

1730 2516 2017 2581 diaconus;
2057 2516 2381 2570 similiteret
2407 2514 2573 2568 frater
2627 2511 3004 2574 Guildericus;
3066 2509 3323 2564 similiter

1730 2615 1784 2660 et
1814 2608 1980 2661 frater
2005 2607 2302 2670 Girardus;
2335 2604 2587 2659 similiter
2617 2613 2668 2658 et
2700 2602 2873 2657 frater
2916 2600 3139 2664 Tricus;
3171 2598 3325 2653 simi-

1738 2697 1865 2753 lttcr
1896 2709 1950 2754 et
1982 2698 2154 2754 frater
2188 2697 2499 2753 Gualterius
2522 2696 2796 2760 Moriuns;
2848 2692 3099 2748 similiter
3130 2703 3183 2747 et
3215 2690 3326 2743 fra-

1734 2798 1817 2845 ter
1854 2790 2228 2860 Lahdulphus;
2263 2789 2516 2844 similiter
2562 2796 2618 2842 ct
2674 2784 2843 2839 frater
2898 2783 3145 2837 llerchen
3200 2782 3328 2851 (hoc

1731 2898 1949 2951 nomen,
1985 2882 2288 2937 nolatdicti
2326 2880 2615 2935 Annalium
2674 2876 3145 2932 Carthusicnsium
3202 2873 3327 2927 libri

1733 2979 1911 3048 quarti
1942 2987 2135 3033 auctor
2167 2990 2493 3047 anonymus,
2518 2989 2622 3027 non
2654 2971 2921 3040 integrum
2971 2977 3142 3033 extat,
3198 2968 3326 3036 quia

1733 3082 1950 3122 corrosa
1979 3077 2060 3122 est
2091 3065 2300 3136 charta)
2325 3081 2339 3126 ;
2370 3064 2619 3119 similiter
2638 3071 2690 3116 et
2719 3060 2889 3114 frater
2916 3058 3184 3112 llrrialdus
3209 3057 3330 3111 Ca:-

1737 3161 2064 3225 uientarius;
2095 3158 2345 3213 similiter
2368 3165 2423 3211 et
2452 3155 2510 3209 F.
2544 3154 2826 3208 Albertus:
2879 3150 3129 3206 similiter
3181 3160 3234 3202 et
3266 3148 3327 3202 [θ’.

1738 3252 2064 3309 Rembaldus
2095 3259 2149 3305 ct
2173 3250 2235 3304 F.
2266 3247 2411 3319 llgo;
2444 3246 2696 3302 similiter
2716 3254 2769 3299 et
2792 3243 2853 3298 F.
2888 3243 3033 3307 Odo,
3080 3242 3331 3296 similiter

1734 3353 1789 3400 et
1812 3344 1873 3397 F.
1906 3341 2241 3412 Longnisus;
2270 3339 2520 3394 similiter
2550 3346 2602 3391 et
2632 3336 2692 3391 F.
2721 3336 2870 3401 Odo;
2916 3335 3167 3391 similiter
3187 3342 3240 3388 et
3262 3331 3325 3387 F.

1733 3436 2055 3501 Auselmus;
2090 3433 2342 3487 similiter
2367 3442 2420 3486 et
2446 3430 2619 3499 frater
2665 3430 3031 3503 Gumhertus;
3072 3427 3328 3484 similiter

1733 3537 1788 3585 et
1814 3528 1982 3582 frater
2010 3525 2349 3588 Bernartius;
2382 3523 2637 3577 similiter
2686 3531 2737 3578 et
2772 3521 2940 3576 frater
3001 3522 3325 3586 Durandns;

1733 3622 1985 3677 similiter
2018 3629 2071 3674 et
2095 3620 2261 3672 frater
2288 3618 2520 3680 Loiuus;
2548 3616 2798 3670 similiter
2827 3624 2882 3670 et
2932 3614 3101 3669 frater
3149 3615 3286 3668 llato
3311 3630 3327 3679 ;

1735 3712 1986 3767 similiter
2015 3719 2069 3765 et
2098 3708 2262 3763 frater
2294 3707 2461 3762 Fulco
2517 3708 2808 3771 diaconus;
2843 3706 3091 3760 similiter
3118 3714 3171 3759 et
3217 3705 3332 3758 fra-

1736 3813 1819 3858 ter
1842 3801 2124 3865 lleldicus;
2158 3800 2408 3855 similiter
2438 3811 2492 3855 et
2522 3797 2692 3853 frater
2720 3798 2993 3853 Guarinus
3038 3798 3327 3853 subdiaco-

1734 3908 1872 3957 nus;
1920 3892 2170 3947 similiter
2200 3900 2253 3945 et
2281 3891 2447 3943 frater
2497 3888 2833 3944 Lambertus.
2867 3908 2886 3941 ι
2939 3889 3013 3942 lta
3077 3888 3334 3942 laudatus
3372 3886 3377 3889 ⁷

1733 3985 2047 4054 Catalogus,
2080 3982 2296 4052 triginta
2328 3982 2580 4051 amplius,
2612 3992 2672 4035 ut
2710 3981 3045 4050 compntanti
3101 3980 3330 4049 patebit,

1736 4076 2042 4131 Turritanm
2071 4074 2239 4129 eremi
2279 4074 2595 4138 monachos,
2627 4073 2716 4143 qui
2749 4082 2868 4142 post
2920 4072 3095 4126 sancti
3123 4072 3328 4125 obitum

1734 4168 1977 4223 Lanvino
2004 4167 2365 4223 obedientiam
2399 4168 2789 4236 promiserunt,
2836 4164 3232 4233 complectens;
3267 4172 3327 4217 ut

1735 4261 1960 4332 proinde
1988 4261 2179 4315 horum
2210 4274 2491 4313 numerum
2522 4258 2889 4328 quinquennio
2918 4256 3080 4311 etiam
3108 4256 3331 4309 circiter

1735 4360 1882 4414 ante,
1909 4365 2025 4413 seu,
2055 4357 2304 4420 promoto
2330 4348 2562 4417 primum
2595 4348 2660 4400 ad
2686 4346 2999 4400 cathedram
3026 4343 3335 4413 Scyllaceu-

1736 4441 2070 4496 semJoannc
2094 4440 2159 4494 de
2186 4438 2507 4507 Nicephoro,
2540 4436 2796 4503 majorem
2823 4434 3015 4495 multo,
3044 4450 3202 4503 quam
3233 4433 3336 4495 iui_

1666 4547 1709 4600 Ι)
1738 4531 1810 4585 tio
1839 4529 2136 4595 exstitisse,
2165 4528 2397 4597 hincque
2425 4529 2645 4596 partim,
2676 4538 2731 4579 ut
2756 4541 2951 4578 novum
2989 4525 3047 4579 S.
3073 4524 3334 4593 Stephani

1748 4620 2135 4676 monasterium
2186 4618 2418 4673 Sanctus
2475 4616 2834 4681 cxstruxerit,
2898 4614 3103 4669 factum
3168 4629 3331 4678 esse,

1746 4710 2055 4765 verosimile
2088 4723 2253 4776 sane,
2288 4717 2345 4761 nt
2370 4708 2481 4778 jam
2516 4706 2658 4772 dixi,
2693 4713 2973 4776 appareat.

1817 4804 1942 4857 6‘25.
1989 4803 2186 4857 Verum
2212 4818 2433 4857 causam
2459 4840 2473 4865 ,
2504 4801 2572 4855 ob
2606 4815 2766 4869 quam
2798 4799 2847 4854 id
2884 4798 3063 4853 Bt'nno
3107 4797 3335 4865 fecerit,

1746 4894 1904 4964 longe
1942 4894 2210 4947 diversam
2250 4892 2494 4962 assignat
2526 4891 2817 4943 Annalium
2866 4889 3336 4951 Carthusieusitmt

1749 4986 1868 5040 libri
1900 4987 2081 5056 quarti
2115 4987 2375 5041 hactenus
2402 5002 2505 5038 non
2549 4983 2746 5053 vulgati
2779 4993 2969 5037 auctor
3011 4996 3337 5053 anouymus.

1748 5079 1825 5133 Eu
1871 5080 2027 5148 ejus,
2081 5095 2199 5149 quae
2255 5077 2359 5133 huc
2412 5083 2698 5146 spectant,
2766 5074 2929 5129 verba
2978 5088 3008 5128 e
3043 5074 3169 5127 dicti
3215 5070 3337 5125 libri

1752 5171 2039 5226 Vallis-Dei
2073 5169 2369 5240 exemplari
2404 5168 2671 5236 descripta
2707 5166 2947 5234 mihique
2979 5178 3010 5218 a
3040 5163 3343 5233 saepissime

1742 5265 1853 5335 jam
1887 5264 2100 5317 laudato
2121 5305 2135 5330 ,
2160 5263 2249 5332 qui
2285 5277 2478 5315 nomen
2510 5275 2664 5314 suum
2697 5258 2847 5327 prodi
2886 5265 3027 5312 vetat
3056 5296 3069 5321 ,
3099 5254 3340 5309 Carthu-

1750 5358 1903 5412 siano
1925 5356 2216 5410 Parisiensi
2250 5352 2535 5410 submissa.
2572 5369 2589 5400 ι
2615 5350 2785 5420 Ipsam
2812 5362 2973 5420 porro
2997 5346 3338 5401 Calabrinam

1750 5463 1991 5503 eremum
2019 5489 2033 5514 ,
2092 5462 2256 5516 quam
2314 5460 2343 5498 a
2382 5442 2614 5513 liogcrio
2658 5442 2715 5495 S.
2756 5440 2937 5494 Bruno
2968 5437 3240 5513 obtinuit,
3285 5436 3340 5491 in

1750 5540 2007 5593 honorem
2058 5537 2114 5591 S.
2166 5535 2347 5589 Maria:
2395 5543 2448 5587 ct
2496 5532 2552 5587 S.
2586 5531 2811 5587 Joannis
2858 5528 3154 5598 Baptistae,
3206 5542 3341 5596 quos

1746 5632 1857 5702 jam
1920 5630 1973 5684 in
2033 5628 2293 5694 speciales
2338 5635 2594 5696 patronos
2635 5624 2685 5676 in
2749 5620 3035 5677 Carlhusia
3072 5618 3340 5689 elegerat,

1752 5723 1993 5779 construi
2029 5723 2196 5777 voluit
2258 5717 2625 5785 eubvidimus
2667 5714 2719 5769 in
2762 5714 2958 5769 litteris
3002 5712 3185 5783 (supra
3224 5712 3340 5789 jain

1756 5816 1995 5873 recitat's
2047 5812 2431 5883 Squinaccnsis
2468 5809 2743 5877 ,coiscooi)
2781 5804 3090 5870 Theodori,
3144 5812 3196 5861 ct
3244 5805 3343 5859 sub
