  <div class='ocr_page' id='page_1' title='image "/cluster/home/n/w/nwhite01/storage/ocr_20150623/152/hvd.32044015473804/197.png"; bbox 0 0 3846 6316; ppageno 0'>
   <div class='ocr_carea' id='block_1_1' title="bbox 484 249 592 303">
    <p class='ocr_par' dir='ltr' id='par_1_1' title="bbox 484 249 592 303">
     <span class='ocr_line' id='line_1_1' title="bbox 484 249 592 303; baseline -0.028 0"><span class='ocrx_word' id='word_1_1' title='bbox 484 249 592 303; x_wconf 76' lang='lat'><strong>583</strong></span> 
     </span>
    </p>
   </div>
   <div class='ocr_carea' id='block_1_2' title="bbox 1308 240 3722 326">
    <p class='ocr_par' dir='ltr' id='par_1_2' title="bbox 1308 240 3722 326">
     <span class='ocr_line' id='line_1_2' title="bbox 1308 240 3722 326; baseline 0.008 -21"><span class='ocrx_word' id='word_1_2' title='bbox 1308 252 1366 306; x_wconf 99' lang='grc'><strong>8.</strong></span> <span class='ocrx_word' id='word_1_3' title='bbox 1406 249 1752 308; x_wconf 76' lang='lat' dir='ltr'><strong>BRUNONIS</strong></span> <span class='ocrx_word' id='word_1_4' title='bbox 1784 240 2945 322; x_wconf 20' lang='lat' dir='ltr'><strong>CARTHUSIANORUMIINSTITUTORIS</strong></span> <span class='ocrx_word' id='word_1_5' title='bbox 3636 271 3722 326; x_wconf 74' lang='lat' dir='ltr'><strong>BSt</strong></span> 
     </span>
    </p>
   </div>
   <div class='ocr_carea' id='block_1_3' title="bbox 487 358 3725 448">
    <p class='ocr_par' dir='ltr' id='par_1_3' title="bbox 487 358 3725 448">
     <span class='ocr_line' id='line_1_3' title="bbox 487 358 3725 448; baseline 0.009 -38"><span class='ocrx_word' id='word_1_6' title='bbox 487 358 677 411; x_wconf 81' lang='lat' dir='ltr'><strong>iisdem</strong></span> <span class='ocrx_word' id='word_1_7' title='bbox 729 358 1037 414; x_wconf 60' lang='lat' dir='ltr'><strong>nominibus</strong></span> <span class='ocrx_word' id='word_1_8' title='bbox 1087 359 1254 414; x_wconf 78' lang='lat' dir='ltr'><strong>dicari</strong></span> <span class='ocrx_word' id='word_1_9' title='bbox 1305 365 1516 420; x_wconf 90' lang='lat' dir='ltr'><strong>curavit</strong></span> <span class='ocrx_word' id='word_1_10' title='bbox 1556 384 1700 424; x_wconf 86' lang='lat' dir='ltr'><strong>anno</strong></span> <span class='ocrx_word' id='word_1_11' title='bbox 1765 372 1900 427; x_wconf 63' lang='lat'><strong>109-4</strong></span> <span class='ocrx_word' id='word_1_12' title='bbox 1959 389 2080 428; x_wconf 89' lang='lat' dir='ltr'><strong>cum</strong></span> <span class='ocrx_word' id='word_1_13' title='bbox 2112 374 2157 429; x_wconf 77' lang='grc' dir='ltr'><strong>Α</strong></span> <span class='ocrx_word' id='word_1_14' title='bbox 2254 370 2378 448; x_wconf 72' lang='lat'><strong>6&#39;25.</strong></span> <span class='ocrx_word' id='word_1_15' title='bbox 2418 373 2493 427; x_wconf 89' lang='lat' dir='ltr'><strong>lla</strong></span> <span class='ocrx_word' id='word_1_16' title='bbox 2525 375 2642 440; x_wconf 88' lang='lat' dir='ltr'><strong>ille,</strong></span> <span class='ocrx_word' id='word_1_17' title='bbox 2690 392 2720 430; x_wconf 90' lang='lat' dir='ltr'><strong>a</strong></span> <span class='ocrx_word' id='word_1_18' title='bbox 2767 377 2967 432; x_wconf 86' lang='lat' dir='ltr'><strong>Sancto</strong></span> <span class='ocrx_word' id='word_1_19' title='bbox 3009 385 3196 432; x_wconf 90' lang='lat' dir='ltr'><strong>nostro</strong></span> <span class='ocrx_word' id='word_1_20' title='bbox 3245 393 3353 433; x_wconf 91' lang='lat' dir='ltr'><strong>non</strong></span> <span class='ocrx_word' id='word_1_21' title='bbox 3375 379 3526 448; x_wconf 80' lang='lat' dir='ltr'><strong>prius</strong></span> <span class='ocrx_word' id='word_1_22' title='bbox 3551 381 3725 439; x_wconf 88' lang='lat' dir='ltr'><strong>S.Ste-</strong></span> 
     </span>
    </p>
   </div>
   <div class='ocr_carea' id='block_1_4' title="bbox 489 451 2072 532">
    <p class='ocr_par' dir='ltr' id='par_1_4' title="bbox 489 451 2072 532">
     <span class='ocr_line' id='line_1_4' title="bbox 489 451 2072 532; baseline 0.011 -30"><span class='ocrx_word' id='word_1_23' title='bbox 489 463 685 519; x_wconf 78' lang='lat' dir='ltr'><strong>magno</strong></span> <span class='ocrx_word' id='word_1_24' title='bbox 725 460 1078 517; x_wconf 83' lang='lat' dir='ltr'><strong>apparatu....</strong></span> <span class='ocrx_word' id='word_1_25' title='bbox 1109 451 1280 516; x_wconf 75' lang='lat' dir='ltr'><strong>Quale</strong></span> <span class='ocrx_word' id='word_1_26' title='bbox 1305 467 1435 509; x_wconf 85' lang='lat' dir='ltr'><strong>vero</strong></span> <span class='ocrx_word' id='word_1_27' title='bbox 1456 454 1615 512; x_wconf 85' lang='lat' dir='ltr'><strong>fuerit</strong></span> <span class='ocrx_word' id='word_1_28' title='bbox 1640 461 1908 516; x_wconf 89' lang='lat' dir='ltr'><strong>desertum</strong></span> <span class='ocrx_word' id='word_1_29' title='bbox 1941 464 2072 532; x_wconf 91' lang='lat' dir='ltr'><strong>hoc,</strong></span> 
     </span>
    </p>
   </div>
   <div class='ocr_carea' id='block_1_5' title="bbox 487 539 2074 622">
    <p class='ocr_par' dir='ltr' id='par_1_5' title="bbox 487 539 2074 622">
     <span class='ocr_line' id='line_1_5' title="bbox 487 539 2074 622; baseline 0.011 -29"><span class='ocrx_word' id='word_1_30' title='bbox 487 541 632 609; x_wconf 89' lang='lat' dir='ltr'><strong>quod</strong></span> <span class='ocrx_word' id='word_1_31' title='bbox 658 539 870 594; x_wconf 87' lang='lat' dir='ltr'><strong>colebat</strong></span> <span class='ocrx_word' id='word_1_32' title='bbox 907 540 964 594; x_wconf 94' lang='lat' dir='ltr'><strong>S.</strong></span> <span class='ocrx_word' id='word_1_33' title='bbox 997 540 1311 597; x_wconf 80' lang='lat' dir='ltr'><strong>Patriarcha</strong></span> <span class='ocrx_word' id='word_1_34' title='bbox 1335 587 1348 611; x_wconf 92' lang='lat'><strong>,</strong></span> <span class='ocrx_word' id='word_1_35' title='bbox 1401 547 1480 602; x_wconf 85' lang='lat' dir='ltr'><strong>sic</strong></span> <span class='ocrx_word' id='word_1_36' title='bbox 1523 549 1636 618; x_wconf 90' lang='lat' dir='ltr'><strong>ipse</strong></span> <span class='ocrx_word' id='word_1_37' title='bbox 1685 552 1972 622; x_wconf 66' lang='lat' dir='ltr'><strong>descripsit</strong></span> <span class='ocrx_word' id='word_1_38' title='bbox 2022 557 2074 610; x_wconf 88' lang='lat' dir='ltr'><strong>in</strong></span> 
     </span>
    </p>
   </div>
   <div class='ocr_carea' id='block_1_6' title="bbox 487 627 2077 700">
    <p class='ocr_par' dir='ltr' id='par_1_6' title="bbox 487 627 2077 700">
     <span class='ocr_line' id='line_1_6' title="bbox 487 627 2077 700; baseline 0.01 -18"><span class='ocrx_word' id='word_1_39' title='bbox 487 627 714 699; x_wconf 86' lang='lat' dir='ltr'><strong>epistola</strong></span> <span class='ocrx_word' id='word_1_40' title='bbox 751 629 818 682; x_wconf 84' lang='lat' dir='ltr'><strong>ad</strong></span> <span class='ocrx_word' id='word_1_41' title='bbox 877 629 1259 698; x_wconf 82' lang='lat' dir='ltr'><strong>Radulphum,</strong></span> <span class='ocrx_word' id='word_1_42' title='bbox 1317 633 1601 694; x_wconf 78' lang='lat' dir='ltr'><strong>Bernensis</strong></span> <span class='ocrx_word' id='word_1_43' title='bbox 1649 641 1891 697; x_wconf 66' lang='lat' dir='ltr'><strong>ecclesim</strong></span> <span class='ocrx_word' id='word_1_44' title='bbox 1952 655 2077 700; x_wconf 87' lang='lat' dir='ltr'><strong>tunc</strong></span> 
     </span>
    </p>
   </div>
   <div class='ocr_carea' id='block_1_7' title="bbox 488 721 2081 792">
    <p class='ocr_par' dir='ltr' id='par_1_7' title="bbox 488 721 2081 792">
     <span class='ocr_line' id='line_1_7' title="bbox 488 721 2081 792; baseline 0.008 -18"><span class='ocrx_word' id='word_1_45' title='bbox 488 721 868 792; x_wconf 62' lang='lat' dir='ltr'><strong>praepositum,</strong></span> <span class='ocrx_word' id='word_1_46' title='bbox 897 721 1086 776; x_wconf 90' lang='lat' dir='ltr'><strong>dicens</strong></span> <span class='ocrx_word' id='word_1_47' title='bbox 1116 737 1130 775; x_wconf 90' lang='lat'><strong>:</strong></span> <span class='ocrx_word' id='word_1_48' title='bbox 1170 741 1188 773; x_wconf 75' lang='grc' dir='ltr'>ι</span> <span class='ocrx_word' id='word_1_49' title='bbox 1234 725 1288 777; x_wconf 93' lang='lat' dir='ltr'><strong>ln</strong></span> <span class='ocrx_word' id='word_1_50' title='bbox 1319 725 1514 782; x_wconf 79' lang='lat' dir='ltr'><strong>finibus</strong></span> <span class='ocrx_word' id='word_1_51' title='bbox 1536 729 1797 787; x_wconf 67' lang='lat' dir='ltr'><strong>Calabriae</strong></span> <span class='ocrx_word' id='word_1_52' title='bbox 1819 748 1938 786; x_wconf 89' lang='lat' dir='ltr'><strong>cum</strong></span> <span class='ocrx_word' id='word_1_53' title='bbox 1965 733 2081 787; x_wconf 67' lang='lat' dir='ltr'><strong>frg.-</strong></span> 
     </span>
    </p>
   </div>
   <div class='ocr_carea' id='block_1_8' title="bbox 494 813 2081 888">
    <p class='ocr_par' dir='ltr' id='par_1_8' title="bbox 494 813 2081 888">
     <span class='ocr_line' id='line_1_8' title="bbox 494 813 2081 888; baseline 0.011 -24"><span class='ocrx_word' id='word_1_54' title='bbox 494 833 513 864; x_wconf 73' lang='grc' dir='ltr'>ι</span> <span class='ocrx_word' id='word_1_55' title='bbox 557 813 729 868; x_wconf 89' lang='lat' dir='ltr'><strong>tribus</strong></span> <span class='ocrx_word' id='word_1_56' title='bbox 755 813 1041 882; x_wconf 82' lang='lat' dir='ltr'><strong>religiosis,</strong></span> <span class='ocrx_word' id='word_1_57' title='bbox 1073 834 1092 868; x_wconf 67' lang='grc' dir='ltr'><strong>ι</strong></span> <span class='ocrx_word' id='word_1_58' title='bbox 1127 825 1229 872; x_wconf 90' lang='lat' dir='ltr'><strong>etc.</strong></span> <span class='ocrx_word' id='word_1_59' title='bbox 1268 817 1449 888; x_wconf 91' lang='lat' dir='ltr'><strong>Usque</strong></span> <span class='ocrx_word' id='word_1_60' title='bbox 1480 823 1544 876; x_wconf 86' lang='lat' dir='ltr'><strong>ad</strong></span> <span class='ocrx_word' id='word_1_61' title='bbox 1578 823 1692 878; x_wconf 73' lang='lat' dir='ltr'><strong>haec</strong></span> <span class='ocrx_word' id='word_1_62' title='bbox 1719 828 1878 881; x_wconf 87' lang='lat' dir='ltr'><strong>verba</strong></span> <span class='ocrx_word' id='word_1_63' title='bbox 1905 825 2081 882; x_wconf 84' lang='lat' dir='ltr'><strong>inclu-</strong></span> 
     </span>
    </p>
   </div>
   <div class='ocr_carea' id='block_1_9' title="bbox 490 904 2079 981">
    <p class='ocr_par' dir='ltr' id='par_1_9' title="bbox 490 904 2079 981">
     <span class='ocr_line' id='line_1_9' title="bbox 490 904 2079 981; baseline 0.011 -23"><span class='ocrx_word' id='word_1_64' title='bbox 490 904 606 958; x_wconf 84' lang='lat' dir='ltr'><strong>sive</strong></span> <span class='ocrx_word' id='word_1_65' title='bbox 638 920 652 957; x_wconf 92' lang='lat'><strong>:</strong></span> <span class='ocrx_word' id='word_1_66' title='bbox 687 921 707 955; x_wconf 73' lang='grc' dir='ltr'>ι</span> <span class='ocrx_word' id='word_1_67' title='bbox 747 904 922 960; x_wconf 86' lang='lat' dir='ltr'><strong>Areus</strong></span> <span class='ocrx_word' id='word_1_68' title='bbox 955 907 1098 960; x_wconf 90' lang='lat' dir='ltr'><strong>enim</strong></span> <span class='ocrx_word' id='word_1_69' title='bbox 1131 909 1175 962; x_wconf 93' lang='lat' dir='ltr'><strong>si</strong></span> <span class='ocrx_word' id='word_1_70' title='bbox 1206 910 1423 967; x_wconf 83' lang='lat' dir='ltr'><strong>assidue</strong></span> <span class='ocrx_word' id='word_1_71' title='bbox 1447 913 1517 968; x_wconf 90' lang='lat' dir='ltr'><strong>sit</strong></span> <span class='ocrx_word' id='word_1_72' title='bbox 1543 922 1760 981; x_wconf 89' lang='lat' dir='ltr'><strong>tensus,</strong></span> <span class='ocrx_word' id='word_1_73' title='bbox 1801 919 2079 974; x_wconf 71' lang='lat' dir='ltr'><strong>remissior</strong></span> 
     </span>
    </p>
   </div>
   <div class='ocr_carea' id='block_1_10' title="bbox 497 999 2078 1074">
    <p class='ocr_par' dir='ltr' id='par_1_10' title="bbox 497 999 2078 1074">
     <span class='ocr_line' id='line_1_10' title="bbox 497 999 2078 1074; baseline 0.013 -29"><span class='ocrx_word' id='word_1_74' title='bbox 497 1014 512 1045; x_wconf 75' lang='grc' dir='ltr'><strong>ς</strong></span> <span class='ocrx_word' id='word_1_75' title='bbox 553 1005 631 1050; x_wconf 86' lang='lat' dir='ltr'><strong>est</strong></span> <span class='ocrx_word' id='word_1_76' title='bbox 660 1036 674 1061; x_wconf 95' lang='lat'><strong>,</strong></span> <span class='ocrx_word' id='word_1_77' title='bbox 728 1007 782 1050; x_wconf 90' lang='lat' dir='ltr'><strong>et</strong></span> <span class='ocrx_word' id='word_1_78' title='bbox 821 999 998 1053; x_wconf 91' lang='lat' dir='ltr'><strong>minus</strong></span> <span class='ocrx_word' id='word_1_79' title='bbox 1019 999 1084 1053; x_wconf 86' lang='lat' dir='ltr'><strong>ad</strong></span> <span class='ocrx_word' id='word_1_80' title='bbox 1111 999 1340 1057; x_wconf 74' lang='lat' dir='ltr'><strong>cilicium</strong></span> <span class='ocrx_word' id='word_1_81' title='bbox 1370 1014 1548 1074; x_wconf 90' lang='lat' dir='ltr'><strong>aptus.</strong></span> <span class='ocrx_word' id='word_1_82' title='bbox 1589 1026 1606 1060; x_wconf 80' lang='grc' dir='ltr'><strong><em>ι</em></strong></span> <span class='ocrx_word' id='word_1_83' title='bbox 1642 1009 1765 1064; x_wconf 62' lang='lat' dir='ltr'><strong>llaec</strong></span> <span class='ocrx_word' id='word_1_84' title='bbox 1809 1009 1866 1064; x_wconf 93' lang='lat' dir='ltr'><strong>S.</strong></span> <span class='ocrx_word' id='word_1_85' title='bbox 1899 1010 2078 1066; x_wconf 86' lang='lat' dir='ltr'><strong>Brnno</strong></span> 
     </span>
    </p>
   </div>
   <div class='ocr_carea' id='block_1_11' title="bbox 494 1085 2082 1163">
    <p class='ocr_par' dir='ltr' id='par_1_11' title="bbox 494 1085 2082 1163">
     <span class='ocr_line' id='line_1_11' title="bbox 494 1085 2082 1163; baseline 0.012 -24"><span class='ocrx_word' id='word_1_86' title='bbox 494 1085 561 1139; x_wconf 83' lang='lat' dir='ltr'><strong>de</strong></span> <span class='ocrx_word' id='word_1_87' title='bbox 596 1102 692 1140; x_wconf 91' lang='lat' dir='ltr'><strong>sua</strong></span> <span class='ocrx_word' id='word_1_88' title='bbox 723 1087 1011 1144; x_wconf 86' lang='lat' dir='ltr'><strong>solitudine</strong></span> <span class='ocrx_word' id='word_1_89' title='bbox 1039 1133 1052 1156; x_wconf 95' lang='lat'><strong>,</strong></span> <span class='ocrx_word' id='word_1_90' title='bbox 1086 1091 1170 1144; x_wconf 91' lang='lat' dir='ltr'><strong>ubi</strong></span> <span class='ocrx_word' id='word_1_91' title='bbox 1209 1091 1405 1163; x_wconf 75' lang='lat' dir='ltr'><strong>smpius</strong></span> <span class='ocrx_word' id='word_1_92' title='bbox 1443 1098 1762 1154; x_wconf 90' lang='lat' dir='ltr'><strong>morabatur</strong></span> <span class='ocrx_word' id='word_1_93' title='bbox 1803 1117 1924 1155; x_wconf 87' lang='lat' dir='ltr'><strong>cum</strong></span> <span class='ocrx_word' id='word_1_94' title='bbox 1976 1102 2082 1158; x_wconf 82' lang='lat' dir='ltr'><strong>illis</strong></span> 
     </span>
    </p>
   </div>
   <div class='ocr_carea' id='block_1_12' title="bbox 489 1179 2080 1250">
    <p class='ocr_par' dir='ltr' id='par_1_12' title="bbox 489 1179 2080 1250">
     <span class='ocr_line' id='line_1_12' title="bbox 489 1179 2080 1250; baseline 0.011 -21"><span class='ocrx_word' id='word_1_95' title='bbox 489 1189 559 1230; x_wconf 78' lang='lat' dir='ltr'><strong>ex</strong></span> <span class='ocrx_word' id='word_1_96' title='bbox 589 1179 754 1232; x_wconf 89' lang='lat' dir='ltr'><strong>sociis</strong></span> <span class='ocrx_word' id='word_1_97' title='bbox 785 1179 928 1247; x_wconf 90' lang='lat' dir='ltr'><strong>suis,</strong></span> <span class='ocrx_word' id='word_1_98' title='bbox 957 1195 1094 1250; x_wconf 90' lang='lat' dir='ltr'><strong>quos</strong></span> <span class='ocrx_word' id='word_1_99' title='bbox 1123 1183 1188 1237; x_wconf 88' lang='lat' dir='ltr'><strong>ad</strong></span> <span class='ocrx_word' id='word_1_100' title='bbox 1215 1185 1377 1239; x_wconf 88' lang='lat' dir='ltr'><strong>vitam</strong></span> <span class='ocrx_word' id='word_1_101' title='bbox 1418 1189 1853 1245; x_wconf 77' lang='lat' dir='ltr'><strong>anachoreticam</strong></span> <span class='ocrx_word' id='word_1_102' title='bbox 1880 1191 2080 1246; x_wconf 89' lang='lat' dir='ltr'><strong>ducen-</strong></span> 
     </span>
    </p>
   </div>
   <div class='ocr_carea' id='block_1_13' title="bbox 493 1271 2082 1348">
    <p class='ocr_par' dir='ltr' id='par_1_13' title="bbox 493 1271 2082 1348">
     <span class='ocr_line' id='line_1_13' title="bbox 493 1271 2082 1348; baseline 0.014 -26"><span class='ocrx_word' id='word_1_103' title='bbox 493 1271 616 1324; x_wconf 86' lang='lat' dir='ltr'><strong>dum</strong></span> <span class='ocrx_word' id='word_1_104' title='bbox 645 1287 673 1324; x_wconf 89' lang='lat' dir='ltr'><strong>a</strong></span> <span class='ocrx_word' id='word_1_105' title='bbox 701 1271 807 1326; x_wconf 89' lang='lat' dir='ltr'><strong>Deo</strong></span> <span class='ocrx_word' id='word_1_106' title='bbox 828 1285 1049 1331; x_wconf 88' lang='lat' dir='ltr'><strong>vocatos</strong></span> <span class='ocrx_word' id='word_1_107' title='bbox 1077 1278 1474 1348; x_wconf 77' lang='lat' dir='ltr'><strong>exploraverat.</strong></span> <span class='ocrx_word' id='word_1_108' title='bbox 1510 1285 1642 1339; x_wconf 89' lang='lat' dir='ltr'><strong>Cum</strong></span> <span class='ocrx_word' id='word_1_109' title='bbox 1675 1288 1818 1341; x_wconf 91' lang='lat' dir='ltr'><strong>enim</strong></span> <span class='ocrx_word' id='word_1_110' title='bbox 1873 1289 2082 1344; x_wconf 79' lang='lat' dir='ltr'><strong>videret</strong></span> 
     </span>
    </p>
   </div>
   <div class='ocr_carea' id='block_1_14' title="bbox 493 1364 2079 1453">
    <p class='ocr_par' dir='ltr' id='par_1_14' title="bbox 493 1364 2079 1453">
     <span class='ocr_line' id='line_1_14' title="bbox 493 1364 2079 1453; baseline 0.015 -35"><span class='ocrx_word' id='word_1_111' title='bbox 493 1364 695 1421; x_wconf 84' lang='lat' dir='ltr'><strong>multos</strong></span> <span class='ocrx_word' id='word_1_112' title='bbox 731 1367 957 1425; x_wconf 75' lang='lat' dir='ltr'><strong>diversze</strong></span> <span class='ocrx_word' id='word_1_113' title='bbox 1013 1374 1338 1431; x_wconf 81' lang='lat' dir='ltr'><strong>conditionis</strong></span> <span class='ocrx_word' id='word_1_114' title='bbox 1397 1379 1844 1453; x_wconf 83' lang='lat' dir='ltr'><strong>diversarumque</strong></span> <span class='ocrx_word' id='word_1_115' title='bbox 1885 1387 2079 1449; x_wconf 89' lang='lat' dir='ltr'><strong>virium</strong></span> 
     </span>
    </p>
   </div>
   <div class='ocr_carea' id='block_1_15' title="bbox 490 1455 2076 1546">
    <p class='ocr_par' dir='ltr' id='par_1_15' title="bbox 490 1455 2076 1546">
     <span class='ocr_line' id='line_1_15' title="bbox 490 1455 2076 1546; baseline 0.016 -38"><span class='ocrx_word' id='word_1_116' title='bbox 490 1455 740 1514; x_wconf 77' lang='lat' dir='ltr'><strong>homines</strong></span> <span class='ocrx_word' id='word_1_117' title='bbox 766 1461 833 1514; x_wconf 88' lang='lat' dir='ltr'><strong>ad</strong></span> <span class='ocrx_word' id='word_1_118' title='bbox 861 1476 921 1515; x_wconf 89' lang='lat' dir='ltr'><strong>se</strong></span> <span class='ocrx_word' id='word_1_119' title='bbox 953 1465 1142 1519; x_wconf 90' lang='lat' dir='ltr'><strong>venire</strong></span> <span class='ocrx_word' id='word_1_120' title='bbox 1176 1471 1551 1525; x_wconf 84' lang='lat' dir='ltr'><strong>conversioais</strong></span> <span class='ocrx_word' id='word_1_121' title='bbox 1592 1475 1762 1544; x_wconf 80' lang='lat' dir='ltr'><strong>gratia</strong></span> <span class='ocrx_word' id='word_1_122' title='bbox 1791 1519 1805 1543; x_wconf 89' lang='lat'><strong>,</strong></span> <span class='ocrx_word' id='word_1_123' title='bbox 1854 1479 2076 1546; x_wconf 90' lang='lat' dir='ltr'><strong>statuit,</strong></span> 
     </span>
    </p>
   </div>
   <div class='ocr_carea' id='block_1_16' title="bbox 494 1547 2079 1626">
    <p class='ocr_par' dir='ltr' id='par_1_16' title="bbox 494 1547 2079 1626">
     <span class='ocr_line' id='line_1_16' title="bbox 494 1547 2079 1626; baseline 0.015 -25"><span class='ocrx_word' id='word_1_124' title='bbox 494 1547 746 1606; x_wconf 84' lang='lat' dir='ltr'><strong>fortiores</strong></span> <span class='ocrx_word' id='word_1_125' title='bbox 798 1562 852 1608; x_wconf 89' lang='lat' dir='ltr'><strong>et</strong></span> <span class='ocrx_word' id='word_1_126' title='bbox 904 1554 1194 1626; x_wconf 87' lang='lat' dir='ltr'><strong>inquibus</strong></span> <span class='ocrx_word' id='word_1_127' title='bbox 1232 1562 1569 1617; x_wconf 86' lang='lat' dir='ltr'><strong>vocationem</strong></span> <span class='ocrx_word' id='word_1_128' title='bbox 1620 1565 1684 1618; x_wconf 84' lang='lat' dir='ltr'><strong>ad</strong></span> <span class='ocrx_word' id='word_1_129' title='bbox 1738 1567 1788 1620; x_wconf 86' lang='lat' dir='ltr'><strong>id</strong></span> <span class='ocrx_word' id='word_1_130' title='bbox 1842 1568 2079 1624; x_wconf 87' lang='lat' dir='ltr'><strong>divinam</strong></span> 
     </span>
    </p>
   </div>
   <div class='ocr_carea' id='block_1_17' title="bbox 489 1641 2081 1726">
    <p class='ocr_par' dir='ltr' id='par_1_17' title="bbox 489 1641 2081 1726">
     <span class='ocr_line' id='line_1_17' title="bbox 489 1641 2081 1726; baseline 0.016 -33"><span class='ocrx_word' id='word_1_131' title='bbox 489 1641 846 1713; x_wconf 83' lang='lat' dir='ltr'><strong>probaverat,</strong></span> <span class='ocrx_word' id='word_1_132' title='bbox 899 1661 1083 1702; x_wconf 90' lang='lat' dir='ltr'><strong>secum</strong></span> <span class='ocrx_word' id='word_1_133' title='bbox 1115 1651 1166 1704; x_wconf 90' lang='lat' dir='ltr'><strong>in</strong></span> <span class='ocrx_word' id='word_1_134' title='bbox 1221 1668 1317 1707; x_wconf 90' lang='lat' dir='ltr'><strong>sua</strong></span> <span class='ocrx_word' id='word_1_135' title='bbox 1347 1669 1530 1711; x_wconf 89' lang='lat' dir='ltr'><strong>eremo</strong></span> <span class='ocrx_word' id='word_1_136' title='bbox 1570 1657 1840 1726; x_wconf 83' lang='lat' dir='ltr'><strong>detinere,</strong></span> <span class='ocrx_word' id='word_1_137' title='bbox 1871 1663 2081 1718; x_wconf 83' lang='lat' dir='ltr'><strong>caeteris</strong></span> 
     </span>
    </p>
   </div>
   <div class='ocr_carea' id='block_1_18' title="bbox 2178 463 3728 540">
    <p class='ocr_par' dir='ltr' id='par_1_18' title="bbox 2178 463 3728 540">
     <span class='ocr_line' id='line_1_18' title="bbox 2178 463 3728 540; baseline 0.008 -25"><span class='ocrx_word' id='word_1_138' title='bbox 2178 463 2339 533; x_wconf 90' lang='lat' dir='ltr'><strong>phani</strong></span> <span class='ocrx_word' id='word_1_139' title='bbox 2364 465 2650 520; x_wconf 89' lang='lat' dir='ltr'><strong>ecclesiam</strong></span> <span class='ocrx_word' id='word_1_140' title='bbox 2675 481 2767 521; x_wconf 90' lang='lat' dir='ltr'><strong>seu</strong></span> <span class='ocrx_word' id='word_1_141' title='bbox 2797 469 3189 523; x_wconf 88' lang='lat' dir='ltr'><strong>monasterium</strong></span> <span class='ocrx_word' id='word_1_142' title='bbox 3215 467 3384 525; x_wconf 90' lang='lat' dir='ltr'><strong>fuisse</strong></span> <span class='ocrx_word' id='word_1_143' title='bbox 3405 479 3728 540; x_wconf 79' lang='lat' dir='ltr'><strong>exstructum,</strong></span> 
     </span>
    </p>
   </div>
   <div class='ocr_carea' id='block_1_19' title="bbox 2181 553 3728 628">
    <p class='ocr_par' dir='ltr' id='par_1_19' title="bbox 2181 553 3728 628">
     <span class='ocr_line' id='line_1_19' title="bbox 2181 553 3728 628; baseline 0.007 -22"><span class='ocrx_word' id='word_1_144' title='bbox 2181 553 2436 622; x_wconf 87' lang='lat' dir='ltr'><strong>tradens,</strong></span> <span class='ocrx_word' id='word_1_145' title='bbox 2493 570 2656 624; x_wconf 90' lang='lat' dir='ltr'><strong>quam</strong></span> <span class='ocrx_word' id='word_1_146' title='bbox 2706 571 2828 610; x_wconf 90' lang='lat' dir='ltr'><strong>cum</strong></span> <span class='ocrx_word' id='word_1_147' title='bbox 2880 572 2978 626; x_wconf 90' lang='lat' dir='ltr'><strong>per</strong></span> <span class='ocrx_word' id='word_1_148' title='bbox 3027 557 3302 628; x_wconf 85' lang='lat' dir='ltr'><strong>diploma,</strong></span> <span class='ocrx_word' id='word_1_149' title='bbox 3356 557 3506 626; x_wconf 85' lang='lat' dir='ltr'><strong>cujus</strong></span> <span class='ocrx_word' id='word_1_150' title='bbox 3551 573 3728 628; x_wconf 85' lang='lat' dir='ltr'><strong>partem</strong></span> 
     </span>
    </p>
   </div>
   <div class='ocr_carea' id='block_1_20' title="bbox 2179 645 3731 722">
    <p class='ocr_par' dir='ltr' id='par_1_20' title="bbox 2179 645 3731 722">
     <span class='ocr_line' id='line_1_20' title="bbox 2179 645 3731 722; baseline 0.006 -24"><span class='ocrx_word' id='word_1_151' title='bbox 2179 645 2401 712; x_wconf 64' lang='lat' dir='ltr'><strong>recitat,</strong></span> <span class='ocrx_word' id='word_1_152' title='bbox 2429 646 2771 702; x_wconf 88' lang='lat' dir='ltr'><strong>donationem</strong></span> <span class='ocrx_word' id='word_1_153' title='bbox 2801 688 2816 714; x_wconf 92' lang='lat'><strong>,</strong></span> <span class='ocrx_word' id='word_1_154' title='bbox 2864 649 2918 702; x_wconf 92' lang='lat' dir='ltr'><strong>in</strong></span> <span class='ocrx_word' id='word_1_155' title='bbox 2961 649 3062 705; x_wconf 92' lang='lat' dir='ltr'><strong>hoc</strong></span> <span class='ocrx_word' id='word_1_156' title='bbox 3107 663 3458 718; x_wconf 78' lang='lat' dir='ltr'><strong>expressam,</strong></span> <span class='ocrx_word' id='word_1_157' title='bbox 3499 649 3731 722; x_wconf 79' lang='lat' dir='ltr'><strong>Rogerius</strong></span> 
     </span>
    </p>
   </div>
   <div class='ocr_carea' id='block_1_21' title="bbox 2179 736 3730 810">
    <p class='ocr_par' dir='ltr' id='par_1_21' title="bbox 2179 736 3730 810">
     <span class='ocr_line' id='line_1_21' title="bbox 2179 736 3730 810; baseline 0.003 -20"><span class='ocrx_word' id='word_1_158' title='bbox 2179 751 2361 791; x_wconf 88' lang='lat' dir='ltr'><strong>comes</strong></span> <span class='ocrx_word' id='word_1_159' title='bbox 2383 736 2429 790; x_wconf 86' lang='lat' dir='ltr'><strong>ei</strong></span> <span class='ocrx_word' id='word_1_160' title='bbox 2457 736 2703 804; x_wconf 80' lang='lat' dir='ltr'><strong>fecisset;</strong></span> <span class='ocrx_word' id='word_1_161' title='bbox 2736 753 2930 807; x_wconf 89' lang='lat' dir='ltr'><strong>quare,</strong></span> <span class='ocrx_word' id='word_1_162' title='bbox 2961 754 3082 794; x_wconf 89' lang='lat' dir='ltr'><strong>cum</strong></span> <span class='ocrx_word' id='word_1_163' title='bbox 3109 739 3164 794; x_wconf 89' lang='lat' dir='ltr'><strong>in</strong></span> <span class='ocrx_word' id='word_1_164' title='bbox 3196 740 3304 794; x_wconf 86' lang='lat' dir='ltr'><strong>hoc</strong></span> <span class='ocrx_word' id='word_1_165' title='bbox 3332 739 3448 810; x_wconf 89' lang='lat' dir='ltr'><strong>ipso</strong></span> <span class='ocrx_word' id='word_1_166' title='bbox 3475 739 3730 808; x_wconf 81' lang='lat' dir='ltr'><strong>diplomate</strong></span> 
     </span>
    </p>
   </div>
   <div class='ocr_carea' id='block_1_22' title="bbox 2180 817 3730 896">
    <p class='ocr_par' dir='ltr' id='par_1_22' title="bbox 2180 817 3730 896">
     <span class='ocr_line' id='line_1_22' title="bbox 2180 817 3730 896; baseline 0.003 -18"><span class='ocrx_word' id='word_1_167' title='bbox 2180 827 2496 880; x_wconf 86' lang='lat' dir='ltr'><strong>monasterii</strong></span> <span class='ocrx_word' id='word_1_168' title='bbox 2529 826 2694 892; x_wconf 89' lang='lat' dir='ltr'><strong>illius,</strong></span> <span class='ocrx_word' id='word_1_169' title='bbox 2733 828 2898 882; x_wconf 86' lang='lat' dir='ltr'><strong>veluti</strong></span> <span class='ocrx_word' id='word_1_170' title='bbox 2921 827 3034 896; x_wconf 90' lang='lat' dir='ltr'><strong>jam</strong></span> <span class='ocrx_word' id='word_1_171' title='bbox 3060 817 3332 884; x_wconf 22' lang='lat' dir='ltr'><strong>exsltantis</strong></span> <span class='ocrx_word' id='word_1_172' title='bbox 3356 844 3446 882; x_wconf 89' lang='lat' dir='ltr'><strong>seu</strong></span> <span class='ocrx_word' id='word_1_173' title='bbox 3473 833 3730 894; x_wconf 78' lang='lat' dir='ltr'><strong>exstructi,</strong></span> 
     </span>
    </p>
   </div>
   <div class='ocr_carea' id='block_1_23' title="bbox 2179 913 3730 982">
    <p class='ocr_par' dir='ltr' id='par_1_23' title="bbox 2179 913 3730 982">
     <span class='ocr_line' id='line_1_23' title="bbox 2179 913 3730 982; baseline 0.002 -16"><span class='ocrx_word' id='word_1_174' title='bbox 2179 913 2382 967; x_wconf 87' lang='lat' dir='ltr'><strong>mentio</strong></span> <span class='ocrx_word' id='word_1_175' title='bbox 2406 915 2519 980; x_wconf 85' lang='lat' dir='ltr'><strong>fiat,</strong></span> <span class='ocrx_word' id='word_1_176' title='bbox 2548 931 2788 970; x_wconf 84' lang='lat' dir='ltr'><strong>errorem</strong></span> <span class='ocrx_word' id='word_1_177' title='bbox 2807 932 2936 972; x_wconf 90' lang='lat' dir='ltr'><strong>sane</strong></span> <span class='ocrx_word' id='word_1_178' title='bbox 2952 914 3195 972; x_wconf 83' lang='lat' dir='ltr'><strong>admittit</strong></span> <span class='ocrx_word' id='word_1_179' title='bbox 3222 915 3696 971; x_wconf 73' lang='lat' dir='ltr'><strong>manifestissimum</strong></span> <span class='ocrx_word' id='word_1_180' title='bbox 3720 960 3730 982; x_wconf 91' lang='lat'><strong>,</strong></span> 
     </span>
    </p>
   </div>
   <div class='ocr_carea' id='block_1_24' title="bbox 2181 995 3733 1076">
    <p class='ocr_par' dir='ltr' id='par_1_24' title="bbox 2181 995 3733 1076">
     <span class='ocr_line' id='line_1_24' title="bbox 2181 995 3733 1076; baseline 0.003 -20"><span class='ocrx_word' id='word_1_181' title='bbox 2181 1003 2325 1057; x_wconf 90' lang='lat' dir='ltr'><strong>hunc</strong></span> <span class='ocrx_word' id='word_1_182' title='bbox 2355 1013 2569 1070; x_wconf 90' lang='lat' dir='ltr'><strong>autem,</strong></span> <span class='ocrx_word' id='word_1_183' title='bbox 2621 1006 2673 1060; x_wconf 93' lang='lat' dir='ltr'><strong>in</strong></span> <span class='ocrx_word' id='word_1_184' title='bbox 2707 1021 2866 1074; x_wconf 90' lang='lat' dir='ltr'><strong>quem</strong></span> <span class='ocrx_word' id='word_1_185' title='bbox 2889 995 3002 1061; x_wconf 52' lang='lat' dir='ltr'><strong>&#39;duo</strong></span> <span class='ocrx_word' id='word_1_186' title='bbox 3033 1007 3202 1062; x_wconf 91' lang='lat' dir='ltr'><strong>etiam</strong></span> <span class='ocrx_word' id='word_1_187' title='bbox 3242 1007 3367 1074; x_wconf 88' lang='lat' dir='ltr'><strong>alii,</strong></span> <span class='ocrx_word' id='word_1_188' title='bbox 3407 1022 3592 1076; x_wconf 83' lang='lat' dir='ltr'><strong>nempe</strong></span> <span class='ocrx_word' id='word_1_189' title='bbox 3634 1021 3733 1062; x_wconf 85' lang='lat' dir='ltr'><strong>ante</strong></span> 
     </span>
    </p>
   </div>
   <div class='ocr_carea' id='block_1_25' title="bbox 2180 1078 3732 1172">
    <p class='ocr_par' dir='ltr' id='par_1_25' title="bbox 2180 1078 3732 1172">
     <span class='ocr_line' id='line_1_25' title="bbox 2180 1078 3732 1172; baseline 0.004 -24"><span class='ocrx_word' id='word_1_190' title='bbox 2180 1093 2328 1149; x_wconf 73' lang='lat' dir='ltr'><strong>illiilli</strong></span> <span class='ocrx_word' id='word_1_191' title='bbox 2361 1078 2636 1152; x_wconf 67' lang='lat' dir='ltr'><strong>Puteanus</strong></span> <span class='ocrx_word' id='word_1_192' title='bbox 2672 1107 2722 1153; x_wconf 91' lang='lat' dir='ltr'><strong>et</strong></span> <span class='ocrx_word' id='word_1_193' title='bbox 2761 1111 2884 1168; x_wconf 86' lang='lat' dir='ltr'><strong>post</strong></span> <span class='ocrx_word' id='word_1_194' title='bbox 2924 1100 3072 1154; x_wconf 90' lang='lat' dir='ltr'><strong>illum</strong></span> <span class='ocrx_word' id='word_1_195' title='bbox 3105 1100 3304 1155; x_wconf 90' lang='lat' dir='ltr'><strong>Surius</strong></span> <span class='ocrx_word' id='word_1_196' title='bbox 3331 1100 3557 1172; x_wconf 87' lang='lat' dir='ltr'><strong>prolapsi</strong></span> <span class='ocrx_word' id='word_1_197' title='bbox 3593 1114 3732 1164; x_wconf 87' lang='lat' dir='ltr'><strong>sunt,</strong></span> 
     </span>
    </p>
   </div>
   <div class='ocr_carea' id='block_1_26' title="bbox 2181 1188 3732 1264">
    <p class='ocr_par' dir='ltr' id='par_1_26' title="bbox 2181 1188 3732 1264">
     <span class='ocr_line' id='line_1_26' title="bbox 2181 1188 3732 1264; baseline 0.006 -25"><span class='ocrx_word' id='word_1_198' title='bbox 2181 1188 2417 1242; x_wconf 58' lang='lat' dir='ltr'><strong>maxime</strong></span> <span class='ocrx_word' id='word_1_199' title='bbox 2449 1188 2529 1244; x_wconf 89' lang='lat' dir='ltr'><strong>vel</strong></span> <span class='ocrx_word' id='word_1_200' title='bbox 2557 1189 2760 1247; x_wconf 89' lang='lat' dir='ltr'><strong>idcirco</strong></span> <span class='ocrx_word' id='word_1_201' title='bbox 2797 1192 2983 1246; x_wconf 89' lang='lat' dir='ltr'><strong>mirari</strong></span> <span class='ocrx_word' id='word_1_202' title='bbox 3029 1192 3210 1258; x_wconf 86' lang='lat' dir='ltr'><strong>subit,</strong></span> <span class='ocrx_word' id='word_1_203' title='bbox 3257 1193 3404 1263; x_wconf 86' lang='lat' dir='ltr'><strong>quod</strong></span> <span class='ocrx_word' id='word_1_204' title='bbox 3454 1194 3506 1246; x_wconf 88' lang='lat' dir='ltr'><strong>in</strong></span> <span class='ocrx_word' id='word_1_205' title='bbox 3544 1209 3601 1248; x_wconf 87' lang='lat' dir='ltr'><strong>ea</strong></span> <span class='ocrx_word' id='word_1_206' title='bbox 3643 1195 3732 1264; x_wconf 81' lang='lat' dir='ltr'><strong>ipsa</strong></span> 
     </span>
    </p>
   </div>
   <div class='ocr_carea' id='block_1_27' title="bbox 2182 1277 3734 1355">
    <p class='ocr_par' dir='ltr' id='par_1_27' title="bbox 2182 1277 3734 1355">
     <span class='ocr_line' id='line_1_27' title="bbox 2182 1277 3734 1355; baseline 0.005 -21"><span class='ocrx_word' id='word_1_207' title='bbox 2182 1277 2307 1334; x_wconf 87' lang='lat' dir='ltr'><strong>dicti</strong></span> <span class='ocrx_word' id='word_1_208' title='bbox 2350 1280 2662 1349; x_wconf 87' lang='lat' dir='ltr'><strong>diplomatis</strong></span> <span class='ocrx_word' id='word_1_209' title='bbox 2714 1295 2901 1352; x_wconf 85' lang='lat' dir='ltr'><strong>parte.</strong></span> <span class='ocrx_word' id='word_1_210' title='bbox 2937 1300 3098 1355; x_wconf 87' lang='lat' dir='ltr'><strong>quam</strong></span> <span class='ocrx_word' id='word_1_211' title='bbox 3153 1295 3265 1338; x_wconf 91' lang='lat' dir='ltr'><strong>tam</strong></span> <span class='ocrx_word' id='word_1_212' title='bbox 3311 1285 3398 1349; x_wconf 92' lang='lat' dir='ltr'><strong>hi,</strong></span> <span class='ocrx_word' id='word_1_213' title='bbox 3445 1301 3594 1355; x_wconf 89' lang='lat' dir='ltr'><strong>quam</strong></span> <span class='ocrx_word' id='word_1_214' title='bbox 3637 1288 3734 1352; x_wconf 88' lang='lat' dir='ltr'><strong>ille,</strong></span> 
     </span>
    </p>
   </div>
   <div class='ocr_carea' id='block_1_28' title="bbox 2181 1369 3734 1444">
    <p class='ocr_par' dir='ltr' id='par_1_28' title="bbox 2181 1369 3734 1444">
     <span class='ocr_line' id='line_1_28' title="bbox 2181 1369 3734 1444; baseline 0.005 -20"><span class='ocrx_word' id='word_1_215' title='bbox 2181 1369 2432 1434; x_wconf 83' lang='lat' dir='ltr'><strong>recitant,</strong></span> <span class='ocrx_word' id='word_1_216' title='bbox 2457 1372 2772 1426; x_wconf 89' lang='lat' dir='ltr'><strong>monasterii</strong></span> <span class='ocrx_word' id='word_1_217' title='bbox 2791 1371 2850 1428; x_wconf 90' lang='lat' dir='ltr'><strong>S.</strong></span> <span class='ocrx_word' id='word_1_218' title='bbox 2868 1371 3150 1444; x_wconf 87' lang='lat' dir='ltr'><strong>Stephani,</strong></span> <span class='ocrx_word' id='word_1_219' title='bbox 3169 1374 3334 1428; x_wconf 89' lang='lat' dir='ltr'><strong>veluti</strong></span> <span class='ocrx_word' id='word_1_220' title='bbox 3353 1373 3466 1443; x_wconf 85' lang='lat' dir='ltr'><strong>jam</strong></span> <span class='ocrx_word' id='word_1_221' title='bbox 3485 1380 3734 1438; x_wconf 77' lang='lat' dir='ltr'><strong>exstructi.</strong></span> 
     </span>
    </p>
   </div>
   <div class='ocr_carea' id='block_1_29' title="bbox 2182 1458 3732 1528">
    <p class='ocr_par' dir='ltr' id='par_1_29' title="bbox 2182 1458 3732 1528">
     <span class='ocr_line' id='line_1_29' title="bbox 2182 1458 3732 1528; baseline 0.003 -17"><span class='ocrx_word' id='word_1_222' title='bbox 2182 1458 2386 1513; x_wconf 86' lang='lat' dir='ltr'><strong>mentio</strong></span> <span class='ocrx_word' id='word_1_223' title='bbox 2443 1459 2776 1516; x_wconf 86' lang='lat' dir='ltr'><strong>instituatur.</strong></span> <span class='ocrx_word' id='word_1_224' title='bbox 2835 1461 3064 1528; x_wconf 74' lang='lat' dir='ltr'><strong>Atlltmc,</strong></span> <span class='ocrx_word' id='word_1_225' title='bbox 3118 1463 3171 1516; x_wconf 91' lang='lat' dir='ltr'><strong>in</strong></span> <span class='ocrx_word' id='word_1_226' title='bbox 3241 1478 3428 1517; x_wconf 85' lang='lat' dir='ltr'><strong>eremo</strong></span> <span class='ocrx_word' id='word_1_227' title='bbox 3485 1464 3732 1518; x_wconf 82' lang='lat' dir='ltr'><strong>Calabrina</strong></span> 
     </span>
    </p>
   </div>
   <div class='ocr_carea' id='block_1_30' title="bbox 2184 1547 3733 1624">
    <p class='ocr_par' dir='ltr' id='par_1_30' title="bbox 2184 1547 3733 1624">
     <span class='ocr_line' id='line_1_30' title="bbox 2184 1547 3733 1624; baseline 0.003 -20"><span class='ocrx_word' id='word_1_228' title='bbox 2184 1547 2507 1619; x_wconf 80' lang='lat' dir='ltr'><strong>ecclesiam,</strong></span> <span class='ocrx_word' id='word_1_229' title='bbox 2549 1553 2908 1609; x_wconf 78' lang='lat' dir='ltr'><strong>sanctissiuue</strong></span> <span class='ocrx_word' id='word_1_230' title='bbox 2942 1553 3033 1608; x_wconf 89' lang='lat' dir='ltr'><strong>Dei</strong></span> <span class='ocrx_word' id='word_1_231' title='bbox 3066 1553 3322 1624; x_wconf 82' lang='lat' dir='ltr'><strong>genitrici</strong></span> <span class='ocrx_word' id='word_1_232' title='bbox 3374 1571 3606 1618; x_wconf 89' lang='lat' dir='ltr'><strong>sacram,</strong></span> <span class='ocrx_word' id='word_1_233' title='bbox 3645 1573 3733 1608; x_wconf 89' lang='lat' dir='ltr'><strong>non</strong></span> 
     </span>
    </p>
   </div>
   <div class='ocr_carea' id='block_1_31' title="bbox 2185 1641 3731 1714">
    <p class='ocr_par' dir='ltr' id='par_1_31' title="bbox 2185 1641 3731 1714">
     <span class='ocr_line' id='line_1_31' title="bbox 2185 1641 3731 1714; baseline 0.002 -20"><span class='ocrx_word' id='word_1_234' title='bbox 2185 1642 2334 1712; x_wconf 90' lang='lat' dir='ltr'><strong>prius</strong></span> <span class='ocrx_word' id='word_1_235' title='bbox 2366 1643 2530 1697; x_wconf 90' lang='lat' dir='ltr'><strong>etiam</strong></span> <span class='ocrx_word' id='word_1_236' title='bbox 2563 1641 2730 1700; x_wconf 89' lang='lat' dir='ltr'><strong>fuisse</strong></span> <span class='ocrx_word' id='word_1_237' title='bbox 2757 1659 2787 1697; x_wconf 83' lang='lat' dir='ltr'><strong>a</strong></span> <span class='ocrx_word' id='word_1_238' title='bbox 2816 1643 3017 1700; x_wconf 90' lang='lat' dir='ltr'><strong>Sancto</strong></span> <span class='ocrx_word' id='word_1_239' title='bbox 3047 1653 3390 1700; x_wconf 77' lang='lat' dir='ltr'><strong>exstructam</strong></span> <span class='ocrx_word' id='word_1_240' title='bbox 3420 1685 3435 1712; x_wconf 93' lang='lat'><strong>,</strong></span> <span class='ocrx_word' id='word_1_241' title='bbox 3464 1659 3731 1714; x_wconf 88' lang='lat' dir='ltr'><strong>quamcum</strong></span> 
     </span>
    </p>
   </div>
   <div class='ocr_carea' id='block_1_32' title="bbox 487 1733 2083 1822">
    <p class='ocr_par' dir='ltr' id='par_1_32' title="bbox 487 1736 2080 1822">
     <span class='ocr_line' id='line_1_32' title="bbox 487 1736 2080 1822; baseline 0.014 -37"><span class='ocrx_word' id='word_1_242' title='bbox 487 1746 654 1797; x_wconf 86' lang='lat' dir='ltr'><strong>vero,</strong></span> <span class='ocrx_word' id='word_1_243' title='bbox 683 1748 820 1802; x_wconf 90' lang='lat' dir='ltr'><strong>quos</strong></span> <span class='ocrx_word' id='word_1_244' title='bbox 854 1736 1032 1792; x_wconf 89' lang='lat' dir='ltr'><strong>minus</strong></span> <span class='ocrx_word' id='word_1_245' title='bbox 1063 1753 1154 1794; x_wconf 72' lang='lat' dir='ltr'><strong>ez&#39;e</strong></span> <span class='ocrx_word' id='word_1_246' title='bbox 1177 1742 1356 1798; x_wconf 66' lang='lat' dir='ltr'><strong>niticat</strong></span> <span class='ocrx_word' id='word_1_247' title='bbox 1387 1746 1510 1800; x_wconf 71' lang='lat' dir='ltr'><strong>vitm</strong></span> <span class='ocrx_word' id='word_1_248' title='bbox 1540 1748 1758 1804; x_wconf 84' lang='lat' dir='ltr'><strong>idoneos</strong></span> <span class='ocrx_word' id='word_1_249' title='bbox 1788 1752 2080 1822; x_wconf 85' lang='lat' dir='ltr'><strong>censebat,</strong></span> 
     </span>
    </p>
   </div>
   <div class='ocr_carea' id='block_1_33' title="bbox 2192 1733 3738 1822">
    <p class='ocr_par' dir='ltr' id='par_1_33' title="bbox 2192 1735 3738 1806">
     <span class='ocr_line' id='line_1_33' title="bbox 2192 1735 3738 1806; baseline -0.001 -18"><span class='ocrx_word' id='word_1_250' title='bbox 2192 1745 2489 1790; x_wconf 86' lang='lat' dir='ltr'><strong>memorato</strong></span> <span class='ocrx_word' id='word_1_251' title='bbox 2518 1735 2811 1804; x_wconf 85' lang='lat' dir='ltr'><strong>diplomate</strong></span> <span class='ocrx_word' id='word_1_252' title='bbox 2857 1737 3115 1802; x_wconf 86' lang='lat' dir='ltr'><strong>donatio,</strong></span> <span class='ocrx_word' id='word_1_253' title='bbox 3158 1752 3283 1806; x_wconf 72' lang='lat' dir='ltr'><strong>qua:</strong></span> <span class='ocrx_word' id='word_1_254' title='bbox 3342 1735 3396 1790; x_wconf 91' lang='lat' dir='ltr'><strong>in</strong></span> <span class='ocrx_word' id='word_1_255' title='bbox 3454 1737 3551 1790; x_wconf 89' lang='lat' dir='ltr'><strong>hoc</strong></span> <span class='ocrx_word' id='word_1_256' title='bbox 3587 1737 3738 1803; x_wconf 68' lang='lat' dir='ltr'><strong>expri-</strong></span> 
     </span>
    </p>
   </div>
   <div class='ocr_carea' id='block_1_34' title="bbox 487 1824 2080 1909">
    <p class='ocr_par' dir='ltr' id='par_1_34' title="bbox 487 1824 2080 1909">
     <span class='ocr_line' id='line_1_34' title="bbox 487 1824 2080 1909; baseline 0.013 -34"><span class='ocrx_word' id='word_1_257' title='bbox 487 1824 882 1878; x_wconf 86' lang='lat' dir='ltr'><strong>monasterium</strong></span> <span class='ocrx_word' id='word_1_258' title='bbox 913 1830 1258 1896; x_wconf 76' lang='lat' dir='ltr'><strong>construxit,</strong></span> <span class='ocrx_word' id='word_1_259' title='bbox 1313 1833 1366 1888; x_wconf 92' lang='lat' dir='ltr'><strong>in</strong></span> <span class='ocrx_word' id='word_1_260' title='bbox 1417 1835 1679 1892; x_wconf 78' lang='lat' dir='ltr'><strong>honorent</strong></span> <span class='ocrx_word' id='word_1_261' title='bbox 1725 1839 1782 1894; x_wconf 92' lang='lat' dir='ltr'><strong>S.</strong></span> <span class='ocrx_word' id='word_1_262' title='bbox 1821 1839 2080 1909; x_wconf 86' lang='lat' dir='ltr'><strong>Stephani</strong></span> 
     </span>
    </p>
   </div>
   <div class='ocr_carea' id='block_1_35' title="bbox 411 1899 2087 1990">
    <p class='ocr_par' dir='ltr' id='par_1_35' title="bbox 411 1899 2087 1990">
     <span class='ocr_line' id='line_1_35' title="bbox 411 1899 2087 1990; baseline 0.015 -28"><span class='ocrx_word' id='word_1_263' title='bbox 411 1899 416 1902; x_wconf 65' lang='grc'><em>’</em></span> <span class='ocrx_word' id='word_1_264' title='bbox 491 1917 910 1986; x_wconf 71' lang='lat' dir='ltr'><strong>protomaryr’s</strong></span> <span class='ocrx_word' id='word_1_265' title='bbox 948 1932 1353 1990; x_wconf 86' lang='lat' dir='ltr'><strong>consecratum,</strong></span> <span class='ocrx_word' id='word_1_266' title='bbox 1405 1942 1570 1980; x_wconf 89' lang='lat' dir='ltr'><strong>unum</strong></span> <span class='ocrx_word' id='word_1_267' title='bbox 1607 1929 1825 1984; x_wconf 87' lang='lat' dir='ltr'><strong>circiter</strong></span> <span class='ocrx_word' id='word_1_268' title='bbox 1857 1932 2087 1988; x_wconf 80' lang='lat' dir='ltr'><strong>tnilliare</strong></span> 
     </span>
    </p>
   </div>
   <div class='ocr_carea' id='block_1_36' title="bbox 491 2005 2080 2088">
    <p class='ocr_par' dir='ltr' id='par_1_36' title="bbox 491 2005 2080 2088">
     <span class='ocr_line' id='line_1_36' title="bbox 491 2005 2080 2088; baseline 0.013 -32"><span class='ocrx_word' id='word_1_269' title='bbox 491 2005 560 2057; x_wconf 88' lang='lat' dir='ltr'><strong>ah</strong></span> <span class='ocrx_word' id='word_1_270' title='bbox 592 2019 778 2059; x_wconf 86' lang='lat' dir='ltr'><strong>eremo</strong></span> <span class='ocrx_word' id='word_1_271' title='bbox 807 2007 1043 2076; x_wconf 84' lang='lat' dir='ltr'><strong>distans,</strong></span> <span class='ocrx_word' id='word_1_272' title='bbox 1071 2011 1124 2064; x_wconf 92' lang='lat' dir='ltr'><strong>in</strong></span> <span class='ocrx_word' id='word_1_273' title='bbox 1151 2027 1256 2081; x_wconf 85' lang='lat' dir='ltr'><strong>quo</strong></span> <span class='ocrx_word' id='word_1_274' title='bbox 1283 2016 1442 2070; x_wconf 81' lang='lat' dir='ltr'><strong>vitam</strong></span> <span class='ocrx_word' id='word_1_275' title='bbox 1469 2029 1720 2088; x_wconf 75' lang='lat' dir='ltr'><strong>agerent,</strong></span> <span class='ocrx_word' id='word_1_276' title='bbox 1747 2024 2080 2078; x_wconf 82' lang='lat' dir='ltr'><strong>cremiticam</strong></span> 
     </span>
    </p>
   </div>
   <div class='ocr_carea' id='block_1_37' title="bbox 490 2096 2078 2182">
    <p class='ocr_par' dir='ltr' id='par_1_37' title="bbox 490 2096 2078 2182">
     <span class='ocr_line' id='line_1_37' title="bbox 490 2096 2078 2182; baseline 0.014 -34"><span class='ocrx_word' id='word_1_277' title='bbox 490 2096 582 2166; x_wconf 89' lang='lat' dir='ltr'><strong>qui</strong></span> <span class='ocrx_word' id='word_1_278' title='bbox 607 2098 728 2157; x_wconf 85' lang='lat' dir='ltr'><strong>lem,</strong></span> <span class='ocrx_word' id='word_1_279' title='bbox 761 2101 853 2153; x_wconf 87' lang='lat' dir='ltr'><strong>sed</strong></span> <span class='ocrx_word' id='word_1_280' title='bbox 877 2101 1033 2170; x_wconf 80' lang='lat' dir='ltr'><strong>paulo</strong></span> <span class='ocrx_word' id='word_1_281' title='bbox 1061 2107 1426 2162; x_wconf 77' lang='lat' dir='ltr'><strong>reinissioz‘em</strong></span> <span class='ocrx_word' id='word_1_282' title='bbox 1452 2112 1738 2182; x_wconf 75' lang='lat' dir='ltr'><strong>minusque</strong></span> <span class='ocrx_word' id='word_1_283' title='bbox 1774 2115 2025 2182; x_wconf 70' lang='lat' dir='ltr'><strong>rigidam.</strong></span> <span class='ocrx_word' id='word_1_284' title='bbox 2061 2137 2078 2170; x_wconf 76' lang='grc' dir='ltr'><strong>ι</strong></span> 
     </span>
    </p>
   </div>
   <div class='ocr_carea' id='block_1_38' title="bbox 562 2189 2087 2265">
    <p class='ocr_par' dir='ltr' id='par_1_38' title="bbox 562 2189 2087 2265">
     <span class='ocr_line' id='line_1_38' title="bbox 562 2189 2087 2265; baseline 0.014 -24"><span class='ocrx_word' id='word_1_285' title='bbox 562 2189 684 2243; x_wconf 62' lang='grc'><strong>524.</strong></span> <span class='ocrx_word' id='word_1_286' title='bbox 728 2189 912 2246; x_wconf 89' lang='lat' dir='ltr'><strong>Bruno</strong></span> <span class='ocrx_word' id='word_1_287' title='bbox 940 2193 1122 2265; x_wconf 73' lang='lat' dir='ltr'><strong>itaque</strong></span> <span class='ocrx_word' id='word_1_288' title='bbox 1147 2237 1162 2260; x_wconf 95' lang='lat'><strong>,</strong></span> <span class='ocrx_word' id='word_1_289' title='bbox 1213 2198 1256 2250; x_wconf 88' lang='lat' dir='ltr'><strong>si</strong></span> <span class='ocrx_word' id='word_1_290' title='bbox 1287 2199 1502 2253; x_wconf 90' lang='lat' dir='ltr'><strong>laudato</strong></span> <span class='ocrx_word' id='word_1_291' title='bbox 1536 2202 1827 2260; x_wconf 84' lang='lat' dir='ltr'><strong>Annalium</strong></span> <span class='ocrx_word' id='word_1_292' title='bbox 1858 2205 2087 2262; x_wconf 73' lang='lat' dir='ltr'><strong>Carthu—</strong></span> 
     </span>
    </p>
   </div>
   <div class='ocr_carea' id='block_1_39' title="bbox 493 2276 2086 2365">
    <p class='ocr_par' dir='ltr' id='par_1_39' title="bbox 493 2276 2086 2365">
     <span class='ocr_line' id='line_1_39' title="bbox 493 2276 2086 2365; baseline 0.015 -37"><span class='ocrx_word' id='word_1_293' title='bbox 493 2276 756 2331; x_wconf 87' lang='lat' dir='ltr'><strong>siensium</strong></span> <span class='ocrx_word' id='word_1_294' title='bbox 793 2279 918 2336; x_wconf 60' lang='lat' dir='ltr'><strong>nan</strong></span> <span class='ocrx_word' id='word_1_295' title='bbox 963 2285 1141 2352; x_wconf 86' lang='lat' dir='ltr'><strong>quarti</strong></span> <span class='ocrx_word' id='word_1_296' title='bbox 1175 2285 1439 2344; x_wconf 71' lang='lat' dir='ltr'><strong>hactenus</strong></span> <span class='ocrx_word' id='word_1_297' title='bbox 1465 2306 1568 2344; x_wconf 90' lang='lat' dir='ltr'><strong>non</strong></span> <span class='ocrx_word' id='word_1_298' title='bbox 1617 2294 1812 2365; x_wconf 79' lang='lat' dir='ltr'><strong>vulgati</strong></span> <span class='ocrx_word' id='word_1_299' title='bbox 1865 2307 2086 2353; x_wconf 91' lang='lat' dir='ltr'><strong>auctore</strong></span> 
     </span>
    </p>
   </div>
   <div class='ocr_carea' id='block_1_40' title="bbox 492 2371 2092 2453">
    <p class='ocr_par' dir='ltr' id='par_1_40' title="bbox 492 2371 2092 2453">
     <span class='ocr_line' id='line_1_40' title="bbox 492 2371 2092 2453; baseline 0.017 -38"><span class='ocrx_word' id='word_1_300' title='bbox 492 2378 767 2436; x_wconf 81' lang='lat' dir='ltr'><strong>anonymo</strong></span> <span class='ocrx_word' id='word_1_301' title='bbox 794 2371 1045 2426; x_wconf 88' lang='lat' dir='ltr'><strong>stand.:m</strong></span> <span class='ocrx_word' id='word_1_302' title='bbox 1078 2375 1181 2439; x_wconf 90' lang='lat' dir='ltr'><strong>sit,</strong></span> <span class='ocrx_word' id='word_1_303' title='bbox 1234 2394 1431 2432; x_wconf 88' lang='lat' dir='ltr'><strong>novum</strong></span> <span class='ocrx_word' id='word_1_304' title='bbox 1486 2380 1543 2434; x_wconf 93' lang='lat' dir='ltr'><strong>S.</strong></span> <span class='ocrx_word' id='word_1_305' title='bbox 1585 2383 1843 2453; x_wconf 87' lang='lat' dir='ltr'><strong>Stephani</strong></span> <span class='ocrx_word' id='word_1_306' title='bbox 1899 2404 2092 2441; x_wconf 71' lang='lat' dir='ltr'><strong>mona~</strong></span> 
     </span>
    </p>
   </div>
   <div class='ocr_carea' id='block_1_41' title="bbox 492 2454 2088 2544">
    <p class='ocr_par' dir='ltr' id='par_1_41' title="bbox 492 2454 2088 2544">
     <span class='ocr_line' id='line_1_41' title="bbox 492 2454 2088 2544; baseline 0.018 -37"><span class='ocrx_word' id='word_1_307' title='bbox 492 2454 762 2523; x_wconf 80' lang='lat' dir='ltr'><strong>stctiuin,</strong></span> <span class='ocrx_word' id='word_1_308' title='bbox 813 2462 956 2531; x_wconf 79' lang='lat' dir='ltr'><strong>quod</strong></span> <span class='ocrx_word' id='word_1_309' title='bbox 1015 2464 1316 2522; x_wconf 83' lang='lat' dir='ltr'><strong>infirmitati</strong></span> <span class='ocrx_word' id='word_1_310' title='bbox 1365 2485 1589 2540; x_wconf 88' lang='lat' dir='ltr'><strong>eorum,</strong></span> <span class='ocrx_word' id='word_1_311' title='bbox 1647 2475 1738 2544; x_wconf 85' lang='lat' dir='ltr'><strong>qui</strong></span> <span class='ocrx_word' id='word_1_312' title='bbox 1795 2481 2088 2536; x_wconf 74' lang='lat' dir='ltr'><strong>ercmilicze</strong></span> 
     </span>
    </p>
   </div>
   <div class='ocr_carea' id='block_1_42' title="bbox 495 2545 2084 2638">
    <p class='ocr_par' dir='ltr' id='par_1_42' title="bbox 495 2545 2084 2638">
     <span class='ocr_line' id='line_1_42' title="bbox 495 2545 2084 2638; baseline 0.019 -42"><span class='ocrx_word' id='word_1_313' title='bbox 495 2545 622 2599; x_wconf 86' lang='lat' dir='ltr'><strong>vitae</strong></span> <span class='ocrx_word' id='word_1_314' title='bbox 649 2546 831 2604; x_wconf 83' lang='lat' dir='ltr'><strong>minus</strong></span> <span class='ocrx_word' id='word_1_315' title='bbox 857 2553 967 2623; x_wconf 90' lang='lat' dir='ltr'><strong>apti</strong></span> <span class='ocrx_word' id='word_1_316' title='bbox 992 2565 1176 2623; x_wconf 88' lang='lat' dir='ltr'><strong>erant,</strong></span> <span class='ocrx_word' id='word_1_317' title='bbox 1207 2561 1528 2617; x_wconf 73' lang='lat' dir='ltr'><strong>subventum</strong></span> <span class='ocrx_word' id='word_1_318' title='bbox 1560 2564 1733 2630; x_wconf 85' lang='lat' dir='ltr'><strong>vellet,</strong></span> <span class='ocrx_word' id='word_1_319' title='bbox 1769 2569 2084 2638; x_wconf 78' lang='lat' dir='ltr'><strong>:editiCarit;</strong></span> 
     </span>
    </p>
   </div>
   <div class='ocr_carea' id='block_1_43' title="bbox 495 2639 2089 2720">
    <p class='ocr_par' dir='ltr' id='par_1_43' title="bbox 495 2639 2089 2720">
     <span class='ocr_line' id='line_1_43' title="bbox 495 2639 2089 2720; baseline 0.018 -30"><span class='ocrx_word' id='word_1_320' title='bbox 495 2639 640 2706; x_wconf 79' lang='lat' dir='ltr'><strong>quo!</strong></span> <span class='ocrx_word' id='word_1_321' title='bbox 682 2641 844 2695; x_wconf 80' lang='lat' dir='ltr'><strong>ctiam</strong></span> <span class='ocrx_word' id='word_1_322' title='bbox 871 2642 1055 2700; x_wconf 87' lang='lat' dir='ltr'><strong>verum</strong></span> <span class='ocrx_word' id='word_1_323' title='bbox 1096 2663 1216 2704; x_wconf 86' lang='lat' dir='ltr'><strong>esse</strong></span> <span class='ocrx_word' id='word_1_324' title='bbox 1246 2661 1457 2720; x_wconf 86' lang='lat' dir='ltr'><strong>potest,</strong></span> <span class='ocrx_word' id='word_1_325' title='bbox 1509 2671 1629 2709; x_wconf 82' lang='lat' dir='ltr'><strong>cu:n</strong></span> <span class='ocrx_word' id='word_1_326' title='bbox 1686 2659 1819 2713; x_wconf 68' lang='lat' dir='ltr'><strong>nihil</strong></span> <span class='ocrx_word' id='word_1_327' title='bbox 1867 2663 2089 2719; x_wconf 84' lang='lat' dir='ltr'><strong>omnino</strong></span> 
     </span>
    </p>
   </div>
   <div class='ocr_carea' id='block_1_44' title="bbox 491 2729 2085 2822">
    <p class='ocr_par' dir='ltr' id='par_1_44' title="bbox 491 2729 2085 2822">
     <span class='ocr_line' id='line_1_44' title="bbox 491 2729 2085 2822; baseline 0.018 -41"><span class='ocrx_word' id='word_1_328' title='bbox 491 2729 673 2786; x_wconf 86' lang='lat' dir='ltr'><strong>obstet</strong></span> <span class='ocrx_word' id='word_1_329' title='bbox 741 2750 848 2803; x_wconf 86' lang='lat' dir='ltr'><strong>quo</strong></span> <span class='ocrx_word' id='word_1_330' title='bbox 903 2739 1080 2793; x_wconf 90' lang='lat' dir='ltr'><strong>minus</strong></span> <span class='ocrx_word' id='word_1_331' title='bbox 1127 2741 1177 2795; x_wconf 88' lang='lat' dir='ltr'><strong>id</strong></span> <span class='ocrx_word' id='word_1_332' title='bbox 1213 2746 1412 2812; x_wconf 84' lang='lat' dir='ltr'><strong>partim</strong></span> <span class='ocrx_word' id='word_1_333' title='bbox 1457 2751 1526 2802; x_wconf 92' lang='lat' dir='ltr'><strong>ob</strong></span> <span class='ocrx_word' id='word_1_334' title='bbox 1583 2751 1849 2807; x_wconf 62' lang='lat' dir='ltr'><strong>rationein</strong></span> <span class='ocrx_word' id='word_1_335' title='bbox 1905 2755 2085 2822; x_wconf 90' lang='lat' dir='ltr'><strong>hanc,</strong></span> 
     </span>
    </p>
   </div>
   <div class='ocr_carea' id='block_1_45' title="bbox 495 2822 2090 2916">
    <p class='ocr_par' dir='ltr' id='par_1_45' title="bbox 495 2822 2090 2916">
     <span class='ocr_line' id='line_1_45' title="bbox 495 2822 2090 2916; baseline 0.019 -44"><span class='ocrx_word' id='word_1_336' title='bbox 495 2835 582 2890; x_wconf 88' lang='lat' dir='ltr'><strong>pat</strong></span> <span class='ocrx_word' id='word_1_337' title='bbox 601 2822 693 2877; x_wconf 89' lang='lat' dir='ltr'><strong>ti.n</strong></span> <span class='ocrx_word' id='word_1_338' title='bbox 719 2825 787 2880; x_wconf 91' lang='lat' dir='ltr'><strong>ob</strong></span> <span class='ocrx_word' id='word_1_339' title='bbox 809 2842 970 2897; x_wconf 73' lang='lat' dir='ltr'><strong>supra</strong></span> <span class='ocrx_word' id='word_1_340' title='bbox 994 2832 1323 2903; x_wconf 78' lang='lat' dir='ltr'><strong>assignatam</strong></span> <span class='ocrx_word' id='word_1_341' title='bbox 1352 2836 1544 2894; x_wconf 69' lang='lat' dir='ltr'><strong>fecisse</strong></span> <span class='ocrx_word' id='word_1_342' title='bbox 1566 2844 1839 2898; x_wconf 70' lang='lat' dir='ltr'><strong>credatur.</strong></span> <span class='ocrx_word' id='word_1_343' title='bbox 1864 2844 2090 2916; x_wconf 85' lang='lat' dir='ltr'><strong>Quoquo</strong></span> 
     </span>
    </p>
   </div>
   <div class='ocr_carea' id='block_1_46' title="bbox 493 2916 2087 3002">
    <p class='ocr_par' dir='ltr' id='par_1_46' title="bbox 493 2916 2087 3002">
     <span class='ocr_line' id='line_1_46' title="bbox 493 2916 2087 3002; baseline 0.017 -38"><span class='ocrx_word' id='word_1_344' title='bbox 493 2916 656 2968; x_wconf 88' lang='lat' dir='ltr'><strong>modo</strong></span> <span class='ocrx_word' id='word_1_345' title='bbox 684 2917 898 2973; x_wconf 86' lang='lat' dir='ltr'><strong>interim</strong></span> <span class='ocrx_word' id='word_1_346' title='bbox 934 2936 1020 2976; x_wconf 91' lang='lat' dir='ltr'><strong>res</strong></span> <span class='ocrx_word' id='word_1_347' title='bbox 1046 2924 1240 2979; x_wconf 82' lang='lat' dir='ltr'><strong>haheat</strong></span> <span class='ocrx_word' id='word_1_348' title='bbox 1267 2969 1280 2990; x_wconf 93' lang='lat'><strong>,</strong></span> <span class='ocrx_word' id='word_1_349' title='bbox 1327 2928 1584 2985; x_wconf 87' lang='lat' dir='ltr'><strong>Sanctum</strong></span> <span class='ocrx_word' id='word_1_350' title='bbox 1612 2935 1861 3002; x_wconf 81' lang='lat' dir='ltr'><strong>equidem</strong></span> <span class='ocrx_word' id='word_1_351' title='bbox 1895 2953 2087 2990; x_wconf 88' lang='lat' dir='ltr'><strong>mona-</strong></span> 
     </span>
    </p>
   </div>
   <div class='ocr_carea' id='block_1_47' title="bbox 498 3004 2079 3095">
    <p class='ocr_par' dir='ltr' id='par_1_47' title="bbox 498 3004 2079 3095">
     <span class='ocr_line' id='line_1_47' title="bbox 498 3004 2079 3095; baseline 0.016 -40"><span class='ocrx_word' id='word_1_352' title='bbox 498 3004 694 3070; x_wconf 80' lang='lat' dir='ltr'><strong>sterio,</strong></span> <span class='ocrx_word' id='word_1_353' title='bbox 725 3011 1080 3068; x_wconf 64' lang='lat' dir='ltr'><strong>sanctissimae</strong></span> <span class='ocrx_word' id='word_1_354' title='bbox 1112 3013 1202 3069; x_wconf 89' lang='lat' dir='ltr'><strong>Dei</strong></span> <span class='ocrx_word' id='word_1_355' title='bbox 1235 3017 1493 3074; x_wconf 83' lang='lat' dir='ltr'><strong>Geuitrici</strong></span> <span class='ocrx_word' id='word_1_356' title='bbox 1518 3031 1567 3074; x_wconf 92' lang='lat' dir='ltr'><strong>et</strong></span> <span class='ocrx_word' id='word_1_357' title='bbox 1597 3021 1788 3078; x_wconf 77' lang='lat' dir='ltr'><strong>Joanni</strong></span> <span class='ocrx_word' id='word_1_358' title='bbox 1821 3025 2079 3095; x_wconf 71' lang='lat' dir='ltr'><strong>Baptista:</strong></span> 
     </span>
    </p>
   </div>
   <div class='ocr_carea' id='block_1_48' title="bbox 497 3101 2087 3173">
    <p class='ocr_par' dir='ltr' id='par_1_48' title="bbox 497 3101 2087 3173">
     <span class='ocr_line' id='line_1_48' title="bbox 497 3101 2087 3173; baseline 0.016 -25"><span class='ocrx_word' id='word_1_359' title='bbox 497 3109 657 3150; x_wconf 81' lang='lat' dir='ltr'><strong>sacro</strong></span> <span class='ocrx_word' id='word_1_360' title='bbox 682 3140 696 3165; x_wconf 92' lang='lat'><strong>,</strong></span> <span class='ocrx_word' id='word_1_361' title='bbox 729 3101 872 3168; x_wconf 78' lang='lat' dir='ltr'><strong>quod</strong></span> <span class='ocrx_word' id='word_1_362' title='bbox 896 3111 948 3157; x_wconf 91' lang='lat' dir='ltr'><strong>et</strong></span> <span class='ocrx_word' id='word_1_363' title='bbox 977 3109 1365 3164; x_wconf 87' lang='lat' dir='ltr'><strong>monasterium</strong></span> <span class='ocrx_word' id='word_1_364' title='bbox 1399 3110 1457 3166; x_wconf 92' lang='lat' dir='ltr'><strong>S.</strong></span> <span class='ocrx_word' id='word_1_365' title='bbox 1488 3112 1668 3169; x_wconf 75' lang='lat' dir='ltr'><strong>Marhe</strong></span> <span class='ocrx_word' id='word_1_366' title='bbox 1692 3115 1758 3171; x_wconf 87' lang='lat' dir='ltr'><strong>de</strong></span> <span class='ocrx_word' id='word_1_367' title='bbox 1783 3131 1968 3172; x_wconf 87' lang='lat' dir='ltr'><strong>eremo</strong></span> <span class='ocrx_word' id='word_1_368' title='bbox 1996 3133 2087 3173; x_wconf 81' lang='lat' dir='ltr'><strong>seu</strong></span> 
     </span>
    </p>
   </div>
   <div class='ocr_carea' id='block_1_49' title="bbox 503 3187 2089 3268">
    <p class='ocr_par' dir='ltr' id='par_1_49' title="bbox 503 3187 2089 3268">
     <span class='ocr_line' id='line_1_49' title="bbox 503 3187 2089 3268; baseline 0.015 -29"><span class='ocrx_word' id='word_1_369' title='bbox 503 3187 571 3241; x_wconf 88' lang='lat' dir='ltr'><strong>de</strong></span> <span class='ocrx_word' id='word_1_370' title='bbox 600 3189 759 3244; x_wconf 80' lang='lat' dir='ltr'><strong>&#39;l&#39;turi</strong></span> <span class='ocrx_word' id='word_1_371' title='bbox 785 3193 886 3248; x_wconf 76' lang='lat' dir='ltr'><strong>dict</strong></span> <span class='ocrx_word' id='word_1_372' title='bbox 908 3194 1069 3252; x_wconf 85' lang='lat' dir='ltr'><strong>batur</strong></span> <span class='ocrx_word' id='word_1_373' title='bbox 1092 3241 1107 3265; x_wconf 93' lang='lat'><strong>,</strong></span> <span class='ocrx_word' id='word_1_374' title='bbox 1159 3200 1420 3268; x_wconf 74' lang='lat' dir='ltr'><strong>adjecisse</strong></span> <span class='ocrx_word' id='word_1_375' title='bbox 1449 3203 1614 3268; x_wconf 85' lang='lat' dir='ltr'><strong>aliud,</strong></span> <span class='ocrx_word' id='word_1_376' title='bbox 1651 3207 1825 3261; x_wconf 87' lang='lat' dir='ltr'><strong>cidem</strong></span> <span class='ocrx_word' id='word_1_377' title='bbox 1858 3211 2089 3264; x_wconf 81' lang='lat' dir='ltr'><strong>sanctis-</strong></span> 
     </span>
    </p>
   </div>
   <div class='ocr_carea' id='block_1_50' title="bbox 495 3280 2088 3370">
    <p class='ocr_par' dir='ltr' id='par_1_50' title="bbox 495 3280 2088 3370">
     <span class='ocr_line' id='line_1_50' title="bbox 495 3280 2088 3370; baseline 0.014 -38"><span class='ocrx_word' id='word_1_378' title='bbox 495 3280 648 3336; x_wconf 69' lang='lat' dir='ltr'><strong>simm</strong></span> <span class='ocrx_word' id='word_1_379' title='bbox 703 3283 796 3338; x_wconf 80' lang='lat' dir='ltr'><strong>Dei</strong></span> <span class='ocrx_word' id='word_1_380' title='bbox 847 3283 1111 3343; x_wconf 85' lang='lat' dir='ltr'><strong>Genitrici</strong></span> <span class='ocrx_word' id='word_1_381' title='bbox 1167 3300 1223 3345; x_wconf 89' lang='lat' dir='ltr'><strong>et</strong></span> <span class='ocrx_word' id='word_1_382' title='bbox 1273 3290 1331 3346; x_wconf 90' lang='lat' dir='ltr'><strong>S.</strong></span> <span class='ocrx_word' id='word_1_383' title='bbox 1378 3291 1656 3360; x_wconf 81' lang='lat' dir='ltr'><strong>Stephano</strong></span> <span class='ocrx_word' id='word_1_384' title='bbox 1699 3301 2088 3370; x_wconf 79' lang='lat' dir='ltr'><strong>protomartyri</strong></span> 
     </span>
    </p>
   </div>
   <div class='ocr_carea' id='block_1_51' title="bbox 497 3373 2080 3456">
    <p class='ocr_par' dir='ltr' id='par_1_51' title="bbox 497 3373 2080 3456">
     <span class='ocr_line' id='line_1_51' title="bbox 497 3373 2080 3456; baseline 0.012 -32"><span class='ocrx_word' id='word_1_385' title='bbox 497 3373 841 3442; x_wconf 71' lang='lat' dir='ltr'><strong>dedicatum,</strong></span> <span class='ocrx_word' id='word_1_386' title='bbox 868 3377 1230 3435; x_wconf 90' lang='lat' dir='ltr'><strong>indubitatum</strong></span> <span class='ocrx_word' id='word_1_387' title='bbox 1254 3391 1334 3437; x_wconf 91' lang='lat' dir='ltr'><strong>est</strong></span> <span class='ocrx_word' id='word_1_388' title='bbox 1355 3423 1369 3449; x_wconf 88' lang='lat'><strong>,</strong></span> <span class='ocrx_word' id='word_1_389' title='bbox 1394 3383 1472 3437; x_wconf 88' lang='lat' dir='ltr'><strong>uti</strong></span> <span class='ocrx_word' id='word_1_390' title='bbox 1497 3385 1660 3438; x_wconf 81' lang='lat' dir='ltr'><strong>etiam</strong></span> <span class='ocrx_word' id='word_1_391' title='bbox 1686 3386 1737 3439; x_wconf 64' lang='grc' dir='ltr'>ἰ]</span> <span class='ocrx_word' id='word_1_392' title='bbox 1756 3403 1896 3441; x_wconf 88' lang='lat' dir='ltr'><strong>anno</strong></span> <span class='ocrx_word' id='word_1_393' title='bbox 1919 3388 2080 3456; x_wconf 76' lang='lat'><strong>1099,</strong></span> 
     </span>
    </p>
   </div>
   <div class='ocr_carea' id='block_1_52' title="bbox 495 3463 2088 3539">
    <p class='ocr_par' dir='ltr' id='par_1_52' title="bbox 495 3463 2088 3539">
     <span class='ocr_line' id='line_1_52' title="bbox 495 3463 2088 3539; baseline 0.011 -26"><span class='ocrx_word' id='word_1_394' title='bbox 495 3463 733 3516; x_wconf 82' lang='lat' dir='ltr'><strong>secunda</strong></span> <span class='ocrx_word' id='word_1_395' title='bbox 761 3464 987 3535; x_wconf 81' lang='lat' dir='ltr'><strong>Augusti</strong></span> <span class='ocrx_word' id='word_1_396' title='bbox 1013 3469 1099 3522; x_wconf 90' lang='lat' dir='ltr'><strong>die</strong></span> <span class='ocrx_word' id='word_1_397' title='bbox 1127 3469 1240 3539; x_wconf 88' lang='lat' dir='ltr'><strong>jam</strong></span> <span class='ocrx_word' id='word_1_398' title='bbox 1269 3469 1437 3525; x_wconf 73' lang='lat' dir='ltr'><strong>fuisse</strong></span> <span class='ocrx_word' id='word_1_399' title='bbox 1463 3472 1841 3527; x_wconf 77' lang='lat' dir='ltr'><strong>inhabitat-un.</strong></span> <span class='ocrx_word' id='word_1_400' title='bbox 1875 3475 2088 3530; x_wconf 77' lang='lat' dir='ltr'><strong>Etenim</strong></span> 
     </span>
    </p>
   </div>
   <div class='ocr_carea' id='block_1_53' title="bbox 497 3552 2092 3638">
    <p class='ocr_par' dir='ltr' id='par_1_53' title="bbox 497 3552 2092 3638">
     <span class='ocr_line' id='line_1_53' title="bbox 497 3552 2092 3638; baseline 0.011 -32"><span class='ocrx_word' id='word_1_401' title='bbox 497 3552 791 3620; x_wconf 77' lang='lat' dir='ltr'><strong>ltogerius,</strong></span> <span class='ocrx_word' id='word_1_402' title='bbox 836 3557 1180 3616; x_wconf 74' lang='lat' dir='ltr'><strong>(3:.labrize-ct</strong></span> <span class='ocrx_word' id='word_1_403' title='bbox 1205 3561 1403 3618; x_wconf 79' lang='lat' dir='ltr'><strong>Siciliae</strong></span> <span class='ocrx_word' id='word_1_404' title='bbox 1448 3577 1664 3631; x_wconf 79' lang='lat' dir='ltr'><strong>comes,</strong></span> <span class='ocrx_word' id='word_1_405' title='bbox 1714 3567 1766 3620; x_wconf 89' lang='lat' dir='ltr'><strong>iu</strong></span> <span class='ocrx_word' id='word_1_406' title='bbox 1801 3567 2092 3638; x_wconf 71' lang='lat' dir='ltr'><strong>dipfonate</strong></span> 
     </span>
    </p>
   </div>
   <div class='ocr_carea' id='block_1_54' title="bbox 496 3641 2092 3722">
    <p class='ocr_par' dir='ltr' id='par_1_54' title="bbox 496 3641 2092 3722">
     <span class='ocr_line' id='line_1_54' title="bbox 496 3641 2092 3722; baseline 0.01 -28"><span class='ocrx_word' id='word_1_407' title='bbox 496 3641 636 3696; x_wconf 86' lang='lat' dir='ltr'><strong>infra</strong></span> <span class='ocrx_word' id='word_1_408' title='bbox 666 3644 771 3700; x_wconf 89' lang='lat' dir='ltr'><strong>huc</strong></span> <span class='ocrx_word' id='word_1_409' title='bbox 798 3649 1209 3704; x_wconf 71' lang='lat' dir='ltr'><strong>transcribenth</strong></span> <span class='ocrx_word' id='word_1_410' title='bbox 1237 3690 1251 3715; x_wconf 93' lang='lat'><strong>,</strong></span> <span class='ocrx_word' id='word_1_411' title='bbox 1284 3652 1425 3722; x_wconf 89' lang='lat' dir='ltr'><strong>quod</strong></span> <span class='ocrx_word' id='word_1_412' title='bbox 1453 3653 1505 3707; x_wconf 91' lang='lat' dir='ltr'><strong>in</strong></span> <span class='ocrx_word' id='word_1_413' title='bbox 1539 3652 1594 3708; x_wconf 93' lang='grc'><strong>8.</strong></span> <span class='ocrx_word' id='word_1_414' title='bbox 1628 3653 1894 3712; x_wconf 79' lang='lat' dir='ltr'><strong>lirunonis</strong></span> <span class='ocrx_word' id='word_1_415' title='bbox 1940 3658 2092 3711; x_wconf 80' lang='lat' dir='ltr'><strong>favo-—</strong></span> 
     </span>
    </p>
   </div>
   <div class='ocr_carea' id='block_1_55' title="bbox 497 3737 2094 3810">
    <p class='ocr_par' dir='ltr' id='par_1_55' title="bbox 497 3737 2094 3810">
     <span class='ocr_line' id='line_1_55' title="bbox 497 3737 2094 3810; baseline 0.009 -22"><span class='ocrx_word' id='word_1_416' title='bbox 497 3750 780 3792; x_wconf 73' lang='lat' dir='ltr'><strong>remaano</strong></span> <span class='ocrx_word' id='word_1_417' title='bbox 803 3737 893 3791; x_wconf 92' lang='lat' dir='ltr'><strong>illo</strong></span> <span class='ocrx_word' id='word_1_418' title='bbox 921 3748 974 3793; x_wconf 86' lang='lat' dir='ltr'><strong>et</strong></span> <span class='ocrx_word' id='word_1_419' title='bbox 1011 3741 1098 3796; x_wconf 85' lang='lat' dir='ltr'><strong>die</strong></span> <span class='ocrx_word' id='word_1_420' title='bbox 1130 3743 1435 3810; x_wconf 78' lang='lat' dir='ltr'><strong>concessit,</strong></span> <span class='ocrx_word' id='word_1_421' title='bbox 1487 3747 1798 3804; x_wconf 79' lang='lat' dir='ltr'><strong>monasterii</strong></span> <span class='ocrx_word' id='word_1_422' title='bbox 1857 3749 1916 3802; x_wconf 91' lang='lat' dir='ltr'><strong>S.</strong></span> <span class='ocrx_word' id='word_1_423' title='bbox 1973 3749 2094 3804; x_wconf 76' lang='lat' dir='ltr'><strong>St:-</strong></span> 
     </span>
    </p>
   </div>
   <div class='ocr_carea' id='block_1_56' title="bbox 468 3812 2090 3907">
    <p class='ocr_par' dir='ltr' id='par_1_56' title="bbox 468 3812 2090 3907">
     <span class='ocr_line' id='line_1_56' title="bbox 468 3812 2090 3907; baseline 0.011 -28"><span class='ocrx_word' id='word_1_424' title='bbox 468 3812 694 3896; x_wconf 61' lang='lat' dir='ltr'><strong>&#39;phani,</strong></span> <span class='ocrx_word' id='word_1_425' title='bbox 749 3832 891 3900; x_wconf 84' lang='lat' dir='ltr'><strong>quod</strong></span> <span class='ocrx_word' id='word_1_426' title='bbox 943 3842 1071 3889; x_wconf 90' lang='lat' dir='ltr'><strong>tunc</strong></span> <span class='ocrx_word' id='word_1_427' title='bbox 1119 3835 1172 3890; x_wconf 92' lang='lat' dir='ltr'><strong>iu</strong></span> <span class='ocrx_word' id='word_1_428' title='bbox 1223 3851 1409 3891; x_wconf 88' lang='lat' dir='ltr'><strong>eremo</strong></span> <span class='ocrx_word' id='word_1_429' title='bbox 1442 3836 1730 3893; x_wconf 87' lang='lat' dir='ltr'><strong>Turritana</strong></span> <span class='ocrx_word' id='word_1_430' title='bbox 1779 3840 2090 3907; x_wconf 83' lang='lat' dir='ltr'><strong>exstiterit,</strong></span> 
     </span>
    </p>
   </div>
   <div class='ocr_carea' id='block_1_57' title="bbox 495 3924 2090 3999">
    <p class='ocr_par' dir='ltr' id='par_1_57' title="bbox 495 3924 2090 3999">
     <span class='ocr_line' id='line_1_57' title="bbox 495 3924 2090 3999; baseline 0.008 -23"><span class='ocrx_word' id='word_1_431' title='bbox 495 3929 663 3990; x_wconf 86' lang='lat' dir='ltr'><strong>atque</strong></span> <span class='ocrx_word' id='word_1_432' title='bbox 715 3938 744 3977; x_wconf 91' lang='lat' dir='ltr'><strong>a</strong></span> <span class='ocrx_word' id='word_1_433' title='bbox 796 3924 1054 3984; x_wconf 83' lang='lat' dir='ltr'><strong>fratribus</strong></span> <span class='ocrx_word' id='word_1_434' title='bbox 1091 3928 1455 3986; x_wconf 88' lang='lat' dir='ltr'><strong>inhabitatum</strong></span> <span class='ocrx_word' id='word_1_435' title='bbox 1505 3932 1706 3999; x_wconf 89' lang='lat' dir='ltr'><strong>fuerit,</strong></span> <span class='ocrx_word' id='word_1_436' title='bbox 1759 3935 2090 3990; x_wconf 63' lang='lat' dir='ltr'><strong>memorem</strong></span> 
     </span>
    </p>
   </div>
   <div class='ocr_carea' id='block_1_58' title="bbox 498 4009 2095 4092">
    <p class='ocr_par' dir='ltr' id='par_1_58' title="bbox 498 4009 2095 4092">
     <span class='ocr_line' id='line_1_58' title="bbox 498 4009 2095 4092; baseline 0.01 -28"><span class='ocrx_word' id='word_1_437' title='bbox 498 4009 651 4067; x_wconf 83' lang='lat' dir='ltr'><strong>facit.</strong></span> <span class='ocrx_word' id='word_1_438' title='bbox 687 4031 706 4064; x_wconf 74' lang='grc' dir='ltr'><strong><em>ι</em></strong></span> <span class='ocrx_word' id='word_1_439' title='bbox 741 4013 875 4070; x_wconf 84' lang='lat' dir='ltr'><strong>Nota</strong></span> <span class='ocrx_word' id='word_1_440' title='bbox 903 4031 1024 4072; x_wconf 77' lang='lat' dir='ltr'><strong>esse</strong></span> <span class='ocrx_word' id='word_1_441' title='bbox 1071 4020 1226 4088; x_wconf 89' lang='lat' dir='ltr'><strong>volo,</strong></span> <span class='ocrx_word' id='word_1_442' title='bbox 1285 4021 1499 4092; x_wconf 89' lang='lat' dir='ltr'><strong>inquit,</strong></span> <span class='ocrx_word' id='word_1_443' title='bbox 1559 4024 1722 4076; x_wconf 71' lang='lat' dir='ltr'><strong>onutif</strong></span> <span class='ocrx_word' id='word_1_444' title='bbox 1747 4039 1810 4078; x_wconf 90' lang='lat' dir='ltr'><strong>us</strong></span> <span class='ocrx_word' id='word_1_445' title='bbox 1845 4024 1878 4078; x_wconf 83' lang='lat' dir='ltr'><strong>fi</strong></span> <span class='ocrx_word' id='word_1_446' title='bbox 1904 4025 2095 4080; x_wconf 70' lang='lat' dir='ltr'><strong>lCliiH‘S</strong></span> 
     </span>
    </p>
   </div>
   <div class='ocr_carea' id='block_1_59' title="bbox 496 4104 2096 4188">
    <p class='ocr_par' dir='ltr' id='par_1_59' title="bbox 496 4104 2096 4188">
     <span class='ocr_line' id='line_1_59' title="bbox 496 4104 2096 4188; baseline 0.01 -29"><span class='ocrx_word' id='word_1_447' title='bbox 496 4104 823 4165; x_wconf 84' lang='lat' dir='ltr'><strong>Christianis</strong></span> <span class='ocrx_word' id='word_1_448' title='bbox 863 4111 1125 4168; x_wconf 76' lang='lat' dir='ltr'><strong>beneficia</strong></span> <span class='ocrx_word' id='word_1_449' title='bbox 1149 4157 1162 4178; x_wconf 89' lang='lat'><strong>,</strong></span> <span class='ocrx_word' id='word_1_450' title='bbox 1203 4131 1322 4186; x_wconf 74' lang='lat' dir='ltr'><strong>quze</strong></span> <span class='ocrx_word' id='word_1_451' title='bbox 1351 4119 1482 4171; x_wconf 89' lang='lat' dir='ltr'><strong>mihi</strong></span> <span class='ocrx_word' id='word_1_452' title='bbox 1512 4120 1782 4188; x_wconf 82' lang='lat' dir='ltr'><strong>peccaturi</strong></span> <span class='ocrx_word' id='word_1_453' title='bbox 1827 4122 2096 4175; x_wconf 76' lang='lat' dir='ltr'><strong>coucets&#39;t</strong></span> 
     </span>
    </p>
   </div>
   <div class='ocr_carea' id='block_1_60' title="bbox 501 4199 2092 4282">
    <p class='ocr_par' dir='ltr' id='par_1_60' title="bbox 501 4199 2092 4282">
     <span class='ocr_line' id='line_1_60' title="bbox 501 4199 2092 4282; baseline 0.011 -31"><span class='ocrx_word' id='word_1_454' title='bbox 501 4199 645 4254; x_wconf 79' lang='lat' dir='ltr'><strong>[lous</strong></span> <span class='ocrx_word' id='word_1_455' title='bbox 665 4202 1003 4259; x_wconf 86' lang='lat' dir='ltr'><strong>orationibus</strong></span> <span class='ocrx_word' id='word_1_456' title='bbox 1028 4209 1310 4263; x_wconf 89' lang='lat' dir='ltr'><strong>reverendi</strong></span> <span class='ocrx_word' id='word_1_457' title='bbox 1334 4210 1432 4264; x_wconf 90' lang='lat' dir='ltr'><strong>viri</strong></span> <span class='ocrx_word' id='word_1_458' title='bbox 1458 4209 1518 4264; x_wconf 64' lang='grc' dir='ltr'><strong>ιε.</strong></span> <span class='ocrx_word' id='word_1_459' title='bbox 1546 4210 1836 4278; x_wconf 79' lang='lat' dir='ltr'><strong>Brunmtis,</strong></span> <span class='ocrx_word' id='word_1_460' title='bbox 1863 4213 2092 4282; x_wconf 80' lang='lat' dir='ltr'><strong>piissimi</strong></span> 
     </span>
    </p>
   </div>
   <div class='ocr_carea' id='block_1_61' title="bbox 496 4287 2095 4367">
    <p class='ocr_par' dir='ltr' id='par_1_61' title="bbox 496 4287 2095 4367">
     <span class='ocr_line' id='line_1_61' title="bbox 496 4287 2095 4367; baseline 0.009 -23"><span class='ocrx_word' id='word_1_461' title='bbox 496 4287 675 4346; x_wconf 87' lang='lat' dir='ltr'><strong>Patris</strong></span> <span class='ocrx_word' id='word_1_462' title='bbox 727 4292 957 4350; x_wconf 80' lang='lat' dir='ltr'><strong>fratrum</strong></span> <span class='ocrx_word' id='word_1_463' title='bbox 1002 4297 1092 4367; x_wconf 88' lang='lat' dir='ltr'><strong>qui</strong></span> <span class='ocrx_word' id='word_1_464' title='bbox 1146 4299 1397 4355; x_wconf 88' lang='lat' dir='ltr'><strong>habitant</strong></span> <span class='ocrx_word' id='word_1_465' title='bbox 1453 4301 1506 4356; x_wconf 91' lang='lat' dir='ltr'><strong>in</strong></span> <span class='ocrx_word' id='word_1_466' title='bbox 1557 4302 1806 4358; x_wconf 76' lang='lat' dir='ltr'><strong>ecclesiis</strong></span> <span class='ocrx_word' id='word_1_467' title='bbox 1881 4303 2095 4358; x_wconf 70' lang='lat' dir='ltr'><strong>Saucia:</strong></span> 
     </span>
    </p>
   </div>
   <div class='ocr_carea' id='block_1_62' title="bbox 497 4380 2048 4464">
    <p class='ocr_par' dir='ltr' id='par_1_62' title="bbox 497 4380 2048 4464">
     <span class='ocr_line' id='line_1_62' title="bbox 497 4380 2048 4464; baseline 0.009 -30"><span class='ocrx_word' id='word_1_468' title='bbox 497 4380 680 4438; x_wconf 76' lang='lat' dir='ltr'><strong>Maria:</strong></span> <span class='ocrx_word' id='word_1_469' title='bbox 732 4385 799 4439; x_wconf 90' lang='lat' dir='ltr'><strong>de</strong></span> <span class='ocrx_word' id='word_1_470' title='bbox 855 4403 1071 4458; x_wconf 79' lang='lat' dir='ltr'><strong>eremo,</strong></span> <span class='ocrx_word' id='word_1_471' title='bbox 1111 4397 1166 4444; x_wconf 87' lang='lat' dir='ltr'><strong>et</strong></span> <span class='ocrx_word' id='word_1_472' title='bbox 1217 4389 1277 4445; x_wconf 87' lang='lat' dir='ltr'><strong>S.</strong></span> <span class='ocrx_word' id='word_1_473' title='bbox 1331 4395 1748 4464; x_wconf 68' lang='lat' dir='ltr'><strong>protomartyris</strong></span> <span class='ocrx_word' id='word_1_474' title='bbox 1790 4392 2048 4464; x_wconf 87' lang='lat' dir='ltr'><strong>Stephaai</strong></span> 
     </span>
    </p>
   </div>
   <div class='ocr_carea' id='block_1_63' title="bbox 497 4477 2093 4555">
    <p class='ocr_par' dir='ltr' id='par_1_63' title="bbox 497 4477 2093 4555">
     <span class='ocr_line' id='line_1_63' title="bbox 497 4477 2093 4555; baseline 0.008 -29"><span class='ocrx_word' id='word_1_475' title='bbox 497 4490 618 4543; x_wconf 69' lang='lat' dir='ltr'><strong>quae</strong></span> <span class='ocrx_word' id='word_1_476' title='bbox 643 4477 762 4530; x_wconf 75' lang='lat' dir='ltr'><strong>siue</strong></span> <span class='ocrx_word' id='word_1_477' title='bbox 801 4489 925 4532; x_wconf 91' lang='lat' dir='ltr'><strong>sunt</strong></span> <span class='ocrx_word' id='word_1_478' title='bbox 971 4481 1024 4534; x_wconf 90' lang='lat' dir='ltr'><strong>in</strong></span> <span class='ocrx_word' id='word_1_479' title='bbox 1078 4491 1218 4536; x_wconf 87' lang='lat' dir='ltr'><strong>terra</strong></span> <span class='ocrx_word' id='word_1_480' title='bbox 1281 4499 1398 4538; x_wconf 84' lang='lat' dir='ltr'><strong>utea</strong></span> <span class='ocrx_word' id='word_1_481' title='bbox 1447 4486 1590 4538; x_wconf 89' lang='lat' dir='ltr'><strong>inter</strong></span> <span class='ocrx_word' id='word_1_482' title='bbox 1635 4486 1890 4555; x_wconf 77' lang='lat' dir='ltr'><strong>Oppidum</strong></span> <span class='ocrx_word' id='word_1_483' title='bbox 1953 4487 2093 4555; x_wconf 87' lang='lat' dir='ltr'><strong>quod</strong></span> 
     </span>
    </p>
   </div>
   <div class='ocr_carea' id='block_1_64' title="bbox 499 4566 2092 4648">
    <p class='ocr_par' dir='ltr' id='par_1_64' title="bbox 499 4566 2092 4648">
     <span class='ocr_line' id='line_1_64' title="bbox 499 4566 2092 4648; baseline 0.009 -31"><span class='ocrx_word' id='word_1_484' title='bbox 499 4566 699 4621; x_wconf 87' lang='lat' dir='ltr'><strong>dicitur</strong></span> <span class='ocrx_word' id='word_1_485' title='bbox 721 4569 940 4638; x_wconf 82' lang='lat' dir='ltr'><strong>Stilum,</strong></span> <span class='ocrx_word' id='word_1_486' title='bbox 967 4581 1022 4626; x_wconf 91' lang='lat' dir='ltr'><strong>et</strong></span> <span class='ocrx_word' id='word_1_487' title='bbox 1050 4573 1308 4629; x_wconf 78' lang='lat' dir='ltr'><strong>Arenam.</strong></span> <span class='ocrx_word' id='word_1_488' title='bbox 1345 4595 1364 4627; x_wconf 71' lang='grc' dir='ltr'><strong><em>ι</em></strong></span> <span class='ocrx_word' id='word_1_489' title='bbox 1398 4577 1573 4647; x_wconf 87' lang='lat' dir='ltr'><strong>Atque</strong></span> <span class='ocrx_word' id='word_1_490' title='bbox 1602 4577 1727 4632; x_wconf 89' lang='lat' dir='ltr'><strong>hinc</strong></span> <span class='ocrx_word' id='word_1_491' title='bbox 1751 4578 1864 4646; x_wconf 85' lang='lat' dir='ltr'><strong>jam</strong></span> <span class='ocrx_word' id='word_1_492' title='bbox 1890 4579 2092 4648; x_wconf 81' lang='lat' dir='ltr'><strong>liquet,</strong></span> 
     </span>
    </p>
   </div>
   <div class='ocr_carea' id='block_1_65' title="bbox 498 4659 2091 4738">
    <p class='ocr_par' dir='ltr' id='par_1_65' title="bbox 498 4659 2091 4738">
     <span class='ocr_line' id='line_1_65' title="bbox 498 4659 2091 4738; baseline 0.008 -25"><span class='ocrx_word' id='word_1_493' title='bbox 498 4659 954 4716; x_wconf 77' lang='lat' dir='ltr'><strong>lllotneuvennam</strong></span> <span class='ocrx_word' id='word_1_494' title='bbox 977 4680 1005 4716; x_wconf 90' lang='lat' dir='ltr'><strong>a</strong></span> <span class='ocrx_word' id='word_1_495' title='bbox 1024 4667 1250 4721; x_wconf 85' lang='lat' dir='ltr'><strong>veritate</strong></span> <span class='ocrx_word' id='word_1_496' title='bbox 1274 4670 1418 4723; x_wconf 88' lang='lat' dir='ltr'><strong>omni</strong></span> <span class='ocrx_word' id='word_1_497' title='bbox 1435 4671 1795 4738; x_wconf 84' lang='lat' dir='ltr'><strong>dubioprocul</strong></span> <span class='ocrx_word' id='word_1_498' title='bbox 1813 4671 2091 4737; x_wconf 83' lang='lat' dir='ltr'><strong>aberrare,</strong></span> 
     </span>
    </p>
   </div>
   <div class='ocr_carea' id='block_1_66' title="bbox 500 4752 2098 4833">
    <p class='ocr_par' dir='ltr' id='par_1_66' title="bbox 500 4752 2098 4833">
     <span class='ocr_line' id='line_1_66' title="bbox 500 4752 2098 4833; baseline 0.008 -28"><span class='ocrx_word' id='word_1_499' title='bbox 500 4752 669 4819; x_wconf 87' lang='lat' dir='ltr'><strong>dum,</strong></span> <span class='ocrx_word' id='word_1_500' title='bbox 697 4764 986 4826; x_wconf 87' lang='lat' dir='ltr'><strong>postquam</strong></span> <span class='ocrx_word' id='word_1_501' title='bbox 1015 4756 1126 4827; x_wconf 81' lang='lat' dir='ltr'><strong>jam</strong></span> <span class='ocrx_word' id='word_1_502' title='bbox 1167 4758 1414 4826; x_wconf 90' lang='lat' dir='ltr'><strong>dictum,</strong></span> <span class='ocrx_word' id='word_1_503' title='bbox 1465 4777 1572 4832; x_wconf 91' lang='lat' dir='ltr'><strong>quo</strong></span> <span class='ocrx_word' id='word_1_504' title='bbox 1611 4763 1872 4833; x_wconf 81' lang='lat' dir='ltr'><strong>Rogerius</strong></span> <span class='ocrx_word' id='word_1_505' title='bbox 1913 4779 2098 4819; x_wconf 78' lang='lat' dir='ltr'><strong>cozncs</strong></span> 
     </span>
    </p>
   </div>
   <div class='ocr_carea' id='block_1_67' title="bbox 502 4843 2098 4924">
    <p class='ocr_par' dir='ltr' id='par_1_67' title="bbox 502 4843 2098 4924">
     <span class='ocr_line' id='line_1_67' title="bbox 502 4843 2098 4924; baseline 0.008 -28"><span class='ocrx_word' id='word_1_506' title='bbox 502 4843 833 4899; x_wconf 82' lang='lat' dir='ltr'><strong>S.-Brunoni</strong></span> <span class='ocrx_word' id='word_1_507' title='bbox 865 4848 1030 4902; x_wconf 71' lang='lat' dir='ltr'><strong>inulla</strong></span> <span class='ocrx_word' id='word_1_508' title='bbox 1061 4850 1306 4914; x_wconf 90' lang='lat' dir='ltr'><strong>donavit,</strong></span> <span class='ocrx_word' id='word_1_509' title='bbox 1360 4851 1594 4922; x_wconf 68' lang='lat' dir='ltr'><strong>diploma</strong></span> <span class='ocrx_word' id='word_1_510' title='bbox 1631 4867 1695 4907; x_wconf 73' lang='lat' dir='ltr'><strong>ex</strong></span> <span class='ocrx_word' id='word_1_511' title='bbox 1730 4864 1885 4924; x_wconf 89' lang='lat' dir='ltr'><strong>parte</strong></span> <span class='ocrx_word' id='word_1_512' title='bbox 1949 4865 2098 4908; x_wconf 87' lang='lat' dir='ltr'><strong>tran-</strong></span> 
     </span>
    </p>
   </div>
   <div class='ocr_carea' id='block_1_68' title="bbox 502 4933 2099 5013">
    <p class='ocr_par' dir='ltr' id='par_1_68' title="bbox 502 4933 2099 5013">
     <span class='ocr_line' id='line_1_68' title="bbox 502 4933 2099 5013; baseline 0.006 -26"><span class='ocrx_word' id='word_1_513' title='bbox 502 4933 740 5004; x_wconf 62' lang='lat' dir='ltr'><strong>scripsit,</strong></span> <span class='ocrx_word' id='word_1_514' title='bbox 775 4951 893 4991; x_wconf 77' lang='lat' dir='ltr'><strong>mox</strong></span> <span class='ocrx_word' id='word_1_515' title='bbox 919 4937 1198 5012; x_wconf 72' lang='lat' dir='ltr'><strong>suhjungit</strong></span> <span class='ocrx_word' id='word_1_516' title='bbox 1225 4959 1237 4994; x_wconf 91' lang='lat'><strong>:</strong></span> <span class='ocrx_word' id='word_1_517' title='bbox 1273 4959 1292 4992; x_wconf 73' lang='grc' dir='ltr'><strong><em>ι</em></strong></span> <span class='ocrx_word' id='word_1_518' title='bbox 1330 4941 1721 5012; x_wconf 55' lang='grc' dir='ltr'><strong>κ’ἱδοτοίιθηιιρ</strong></span> <span class='ocrx_word' id='word_1_519' title='bbox 1751 4942 1909 5013; x_wconf 87' lang='lat' dir='ltr'><strong>hujus</strong></span> <span class='ocrx_word' id='word_1_520' title='bbox 1931 4944 2099 5000; x_wconf 84' lang='lat' dir='ltr'><strong>dona-</strong></span> 
     </span>
    </p>
   </div>
   <div class='ocr_carea' id='block_1_69' title="bbox 500 5026 2096 5106">
    <p class='ocr_par' dir='ltr' id='par_1_69' title="bbox 500 5026 2096 5106">
     <span class='ocr_line' id='line_1_69' title="bbox 500 5026 2096 5106; baseline 0.004 -24"><span class='ocrx_word' id='word_1_521' title='bbox 500 5026 666 5084; x_wconf 84' lang='lat' dir='ltr'><strong>tionis</strong></span> <span class='ocrx_word' id='word_1_522' title='bbox 695 5029 985 5088; x_wconf 80' lang='lat' dir='ltr'><strong>:edificavit</strong></span> <span class='ocrx_word' id='word_1_523' title='bbox 1016 5033 1087 5088; x_wconf 91' lang='lat' dir='ltr'><strong>ibi</strong></span> <span class='ocrx_word' id='word_1_524' title='bbox 1132 5034 1210 5104; x_wconf 93' lang='lat' dir='ltr'><strong>(in</strong></span> <span class='ocrx_word' id='word_1_525' title='bbox 1239 5034 1528 5090; x_wconf 66' lang='lat' dir='ltr'><strong>Turritaua</strong></span> <span class='ocrx_word' id='word_1_526' title='bbox 1579 5036 1840 5091; x_wconf 78' lang='lat' dir='ltr'><strong>(&#39;alabria:</strong></span> <span class='ocrx_word' id='word_1_527' title='bbox 1890 5037 2096 5106; x_wconf 71' lang='lat' dir='ltr'><strong>ciente)</strong></span> 
     </span>
    </p>
   </div>
   <div class='ocr_carea' id='block_1_70' title="bbox 499 5120 2097 5199">
    <p class='ocr_par' dir='ltr' id='par_1_70' title="bbox 499 5120 2097 5199">
     <span class='ocr_line' id='line_1_70' title="bbox 499 5120 2097 5199; baseline 0.007 -26"><span class='ocrx_word' id='word_1_528' title='bbox 499 5120 676 5190; x_wconf 86' lang='lat' dir='ltr'><strong>primo</strong></span> <span class='ocrx_word' id='word_1_529' title='bbox 701 5121 986 5178; x_wconf 88' lang='lat' dir='ltr'><strong>ecclesiam</strong></span> <span class='ocrx_word' id='word_1_530' title='bbox 1021 5127 1087 5179; x_wconf 91' lang='lat' dir='ltr'><strong>ad</strong></span> <span class='ocrx_word' id='word_1_531' title='bbox 1117 5127 1375 5181; x_wconf 86' lang='lat' dir='ltr'><strong>honorem</strong></span> <span class='ocrx_word' id='word_1_532' title='bbox 1419 5128 1591 5183; x_wconf 75' lang='lat' dir='ltr'><strong>beata:</strong></span> <span class='ocrx_word' id='word_1_533' title='bbox 1637 5128 1817 5182; x_wconf 73' lang='lat' dir='ltr'><strong>Maria:</strong></span> <span class='ocrx_word' id='word_1_534' title='bbox 1861 5128 2097 5199; x_wconf 73' lang='lat' dir='ltr'><strong>Virginis</strong></span> 
     </span>
    </p>
   </div>
   <div class='ocr_carea' id='block_1_71' title="bbox 494 5213 2091 5291">
    <p class='ocr_par' dir='ltr' id='par_1_71' title="bbox 494 5213 2091 5291">
     <span class='ocr_line' id='line_1_71' title="bbox 494 5213 2091 5291; baseline 0.005 -27"><span class='ocrx_word' id='word_1_535' title='bbox 494 5213 648 5280; x_wconf 73' lang='lat' dir='ltr'><strong>juxta</strong></span> <span class='ocrx_word' id='word_1_536' title='bbox 678 5214 792 5284; x_wconf 74' lang='lat' dir='ltr'><strong>sptl</strong></span> <span class='ocrx_word' id='word_1_537' title='bbox 816 5231 932 5272; x_wconf 86' lang='lat' dir='ltr'><strong>uua</strong></span> <span class='ocrx_word' id='word_1_538' title='bbox 957 5234 986 5270; x_wconf 95' lang='lat' dir='ltr'><strong>n</strong></span> <span class='ocrx_word' id='word_1_539' title='bbox 1012 5234 1105 5272; x_wconf 85' lang='lat' dir='ltr'><strong>seu</strong></span> <span class='ocrx_word' id='word_1_540' title='bbox 1130 5214 1346 5274; x_wconf 84' lang='lat' dir='ltr'><strong>antrum</strong></span> <span class='ocrx_word' id='word_1_541' title='bbox 1363 5221 1631 5291; x_wconf 86' lang='lat' dir='ltr'><strong>quoddam</strong></span> <span class='ocrx_word' id='word_1_542' title='bbox 1657 5221 2091 5287; x_wconf 84' lang='lat' dir='ltr'><strong>sub&#39;erraneam,</strong></span> 
     </span>
    </p>
   </div>
   <div class='ocr_carea' id='block_1_72' title="bbox 503 5301 2095 5385">
    <p class='ocr_par' dir='ltr' id='par_1_72' title="bbox 503 5301 2095 5385">
     <span class='ocr_line' id='line_1_72' title="bbox 503 5301 2095 5385; baseline 0.006 -27"><span class='ocrx_word' id='word_1_543' title='bbox 503 5305 556 5360; x_wconf 89' lang='lat' dir='ltr'><strong>in</strong></span> <span class='ocrx_word' id='word_1_544' title='bbox 585 5322 693 5376; x_wconf 91' lang='lat' dir='ltr'><strong>quo</strong></span> <span class='ocrx_word' id='word_1_545' title='bbox 720 5306 836 5376; x_wconf 77' lang='lat' dir='ltr'><strong>ipse</strong></span> <span class='ocrx_word' id='word_1_546' title='bbox 865 5301 988 5363; x_wconf 87' lang='lat' dir='ltr'><strong>man</strong></span> <span class='ocrx_word' id='word_1_547' title='bbox 1011 5310 1136 5364; x_wconf 64' lang='lat' dir='ltr'><strong>that.</strong></span> <span class='ocrx_word' id='word_1_548' title='bbox 1173 5311 1486 5368; x_wconf 66' lang='lat' dir='ltr'><strong>JEdtlica‘it</strong></span> <span class='ocrx_word' id='word_1_549' title='bbox 1523 5325 1579 5368; x_wconf 92' lang='lat' dir='ltr'><strong>et</strong></span> <span class='ocrx_word' id='word_1_550' title='bbox 1609 5313 1768 5367; x_wconf 85' lang='lat' dir='ltr'><strong>aliam</strong></span> <span class='ocrx_word' id='word_1_551' title='bbox 1796 5314 1938 5368; x_wconf 78' lang='lat' dir='ltr'><strong>haud</strong></span> <span class='ocrx_word' id='word_1_552' title='bbox 1971 5331 2095 5385; x_wconf 89' lang='lat' dir='ltr'><strong>pro-</strong></span> 
     </span>
    </p>
   </div>
   <div class='ocr_carea' id='block_1_73' title="bbox 501 5397 2094 5479">
    <p class='ocr_par' dir='ltr' id='par_1_73' title="bbox 501 5397 2094 5479">
     <span class='ocr_line' id='line_1_73' title="bbox 501 5397 2094 5479; baseline 0.008 -29"><span class='ocrx_word' id='word_1_553' title='bbox 501 5397 587 5450; x_wconf 88' lang='lat' dir='ltr'><strong>cul</strong></span> <span class='ocrx_word' id='word_1_554' title='bbox 620 5400 688 5454; x_wconf 90' lang='lat' dir='ltr'><strong>ab</strong></span> <span class='ocrx_word' id='word_1_555' title='bbox 718 5398 808 5454; x_wconf 88' lang='lat' dir='ltr'><strong>illa</strong></span> <span class='ocrx_word' id='word_1_556' title='bbox 849 5401 1143 5458; x_wconf 89' lang='lat' dir='ltr'><strong>distantem</strong></span> <span class='ocrx_word' id='word_1_557' title='bbox 1173 5405 1239 5458; x_wconf 85' lang='lat' dir='ltr'><strong>ad</strong></span> <span class='ocrx_word' id='word_1_558' title='bbox 1288 5405 1550 5461; x_wconf 84' lang='lat' dir='ltr'><strong>honorem</strong></span> <span class='ocrx_word' id='word_1_559' title='bbox 1605 5407 1775 5463; x_wconf 74' lang='lat' dir='ltr'><strong>sancti</strong></span> <span class='ocrx_word' id='word_1_560' title='bbox 1835 5406 2094 5479; x_wconf 78' lang='lat' dir='ltr'><strong>Stephani</strong></span> 
     </span>
    </p>
   </div>
   <div class='ocr_carea' id='block_1_74' title="bbox 502 5494 2097 5571">
    <p class='ocr_par' dir='ltr' id='par_1_74' title="bbox 502 5494 2097 5571">
     <span class='ocr_line' id='line_1_74' title="bbox 502 5494 2097 5571; baseline 0.006 -31"><span class='ocrx_word' id='word_1_561' title='bbox 502 5494 927 5564; x_wconf 74' lang='lat' dir='ltr'><strong>protomar‘yris</strong></span> <span class='ocrx_word' id='word_1_562' title='bbox 949 5513 1070 5550; x_wconf 89' lang='lat' dir='ltr'><strong>cum</strong></span> <span class='ocrx_word' id='word_1_563' title='bbox 1099 5498 1354 5568; x_wconf 70' lang='lat' dir='ltr'><strong>contigue</strong></span> <span class='ocrx_word' id='word_1_564' title='bbox 1389 5499 1462 5553; x_wconf 79' lang='lat' dir='ltr'><strong>illi</strong></span> <span class='ocrx_word' id='word_1_565' title='bbox 1495 5500 1856 5568; x_wconf 87' lang='lat' dir='ltr'><strong>monasterio,</strong></span> <span class='ocrx_word' id='word_1_566' title='bbox 1903 5501 1954 5554; x_wconf 88' lang='lat' dir='ltr'><strong>in</strong></span> <span class='ocrx_word' id='word_1_567' title='bbox 1990 5515 2097 5571; x_wconf 77' lang='lat' dir='ltr'><strong>quo</strong></span> 
     </span>
    </p>
   </div>
   <div class='ocr_carea' id='block_1_75' title="bbox 501 5584 2092 5666">
    <p class='ocr_par' dir='ltr' id='par_1_75' title="bbox 501 5584 2092 5666">
     <span class='ocr_line' id='line_1_75' title="bbox 501 5584 2092 5666; baseline 0.008 -32"><span class='ocrx_word' id='word_1_568' title='bbox 501 5584 672 5638; x_wconf 80' lang='lat' dir='ltr'><strong>ceteri</strong></span> <span class='ocrx_word' id='word_1_569' title='bbox 703 5584 898 5640; x_wconf 81' lang='lat' dir='ltr'><strong>fratres</strong></span> <span class='ocrx_word' id='word_1_570' title='bbox 921 5587 1244 5645; x_wconf 90' lang='lat' dir='ltr'><strong>habitabant</strong></span> <span class='ocrx_word' id='word_1_571' title='bbox 1263 5631 1277 5656; x_wconf 87' lang='lat'><strong>,</strong></span> <span class='ocrx_word' id='word_1_572' title='bbox 1303 5591 1404 5649; x_wconf 87' lang='lat' dir='ltr'><strong>sub</strong></span> <span class='ocrx_word' id='word_1_573' title='bbox 1432 5608 1562 5650; x_wconf 89' lang='lat' dir='ltr'><strong>cura</strong></span> <span class='ocrx_word' id='word_1_574' title='bbox 1585 5600 1638 5649; x_wconf 87' lang='lat' dir='ltr'><strong>ct</strong></span> <span class='ocrx_word' id='word_1_575' title='bbox 1670 5591 1930 5666; x_wconf 76' lang='lat' dir='ltr'><strong>regimine</strong></span> <span class='ocrx_word' id='word_1_576' title='bbox 1959 5593 2092 5648; x_wconf 78' lang='lat' dir='ltr'><strong>tanti</strong></span> 
     </span>
    </p>
   </div>
   <div class='ocr_carea' id='block_1_76' title="bbox 499 5671 1317 5737">
    <p class='ocr_par' dir='ltr' id='par_1_76' title="bbox 499 5671 1317 5737">
     <span class='ocr_line' id='line_1_76' title="bbox 499 5671 1317 5737; baseline 0.006 -7"><span class='ocrx_word' id='word_1_577' title='bbox 499 5671 677 5731; x_wconf 70' lang='lat' dir='ltr'><strong>l‘att&#39;is</strong></span> <span class='ocrx_word' id='word_1_578' title='bbox 700 5675 917 5732; x_wconf 82' lang='lat' dir='ltr'><strong>Christo</strong></span> <span class='ocrx_word' id='word_1_579' title='bbox 947 5680 1078 5736; x_wconf 84' lang='lat' dir='ltr'><strong>tnilit</strong></span> <span class='ocrx_word' id='word_1_580' title='bbox 1100 5693 1256 5737; x_wconf 70' lang='lat' dir='ltr'><strong>entes.</strong></span> <span class='ocrx_word' id='word_1_581' title='bbox 1299 5701 1317 5735; x_wconf 72' lang='grc' dir='ltr'>ι</span> 
     </span>
    </p>
   </div>
   <div class='ocr_carea' id='block_1_77' title="bbox 2077 4429 2171 4481">
    <p class='ocr_par' dir='ltr' id='par_1_77' title="bbox 2077 4429 2171 4481">
     <span class='ocr_line' id='line_1_77' title="bbox 2077 4429 2171 4481; baseline -0.021 0"><span class='ocrx_word' id='word_1_582' title='bbox 2077 4437 2090 4461; x_wconf 89' lang='grc'>’</span> <span class='ocrx_word' id='word_1_583' title='bbox 2129 4429 2171 4481; x_wconf 78' lang='grc' dir='ltr'><strong>Ι)</strong></span> 
     </span>
    </p>
   </div>
   <div class='ocr_carea' id='block_1_78' title="bbox 2185 1831 3734 1903">
    <p class='ocr_par' dir='ltr' id='par_1_78' title="bbox 2185 1831 3734 1903">
     <span class='ocr_line' id='line_1_78' title="bbox 2185 1831 3734 1903; baseline 0.001 -19"><span class='ocrx_word' id='word_1_584' title='bbox 2185 1831 2350 1885; x_wconf 88' lang='lat' dir='ltr'><strong>mitur</strong></span> <span class='ocrx_word' id='word_1_585' title='bbox 2368 1873 2382 1898; x_wconf 90' lang='lat'><strong>,</strong></span> <span class='ocrx_word' id='word_1_586' title='bbox 2407 1847 2435 1885; x_wconf 90' lang='lat' dir='ltr'><strong>a</strong></span> <span class='ocrx_word' id='word_1_587' title='bbox 2461 1831 2696 1903; x_wconf 79' lang='lat' dir='ltr'><strong>Rogerio</strong></span> <span class='ocrx_word' id='word_1_588' title='bbox 2721 1833 2918 1888; x_wconf 86' lang='lat' dir='ltr'><strong>comite</strong></span> <span class='ocrx_word' id='word_1_589' title='bbox 2936 1833 2987 1887; x_wconf 91' lang='lat' dir='ltr'><strong>in</strong></span> <span class='ocrx_word' id='word_1_590' title='bbox 3016 1831 3278 1887; x_wconf 88' lang='lat' dir='ltr'><strong>Sanctum</strong></span> <span class='ocrx_word' id='word_1_591' title='bbox 3305 1841 3546 1886; x_wconf 90' lang='lat' dir='ltr'><strong>nostrum</strong></span> <span class='ocrx_word' id='word_1_592' title='bbox 3573 1832 3734 1886; x_wconf 87' lang='lat' dir='ltr'><strong>collata</strong></span> 
     </span>
    </p>
   </div>
   <div class='ocr_carea' id='block_1_79' title="bbox 2186 1919 3734 1992">
    <p class='ocr_par' dir='ltr' id='par_1_79' title="bbox 2186 1919 3734 1992">
     <span class='ocr_line' id='line_1_79' title="bbox 2186 1919 3734 1992; baseline 0.001 -18"><span class='ocrx_word' id='word_1_593' title='bbox 2186 1919 2377 1975; x_wconf 76' lang='lat' dir='ltr'><strong>fuisset</strong></span> <span class='ocrx_word' id='word_1_594' title='bbox 2401 1962 2418 1989; x_wconf 90' lang='lat'><strong>,</strong></span> <span class='ocrx_word' id='word_1_595' title='bbox 2449 1931 2553 1976; x_wconf 89' lang='lat' dir='ltr'><strong>tam</strong></span> <span class='ocrx_word' id='word_1_596' title='bbox 2593 1923 2996 1978; x_wconf 84' lang='lat' dir='ltr'><strong>Blomenvenna</strong></span> <span class='ocrx_word' id='word_1_597' title='bbox 3021 1923 3206 1978; x_wconf 87' lang='lat' dir='ltr'><strong>verbis</strong></span> <span class='ocrx_word' id='word_1_598' title='bbox 3235 1923 3482 1992; x_wconf 76' lang='lat' dir='ltr'><strong>proxime</strong></span> <span class='ocrx_word' id='word_1_599' title='bbox 3509 1923 3734 1982; x_wconf 86' lang='lat' dir='ltr'><strong>recitatis,</strong></span> 
     </span>
    </p>
   </div>
   <div class='ocr_carea' id='block_1_80' title="bbox 2185 2011 3736 2082">
    <p class='ocr_par' dir='ltr' id='par_1_80' title="bbox 2185 2011 3736 2082">
     <span class='ocr_line' id='line_1_80' title="bbox 2185 2011 3736 2082; baseline 0 -18"><span class='ocrx_word' id='word_1_600' title='bbox 2185 2025 2346 2079; x_wconf 89' lang='lat' dir='ltr'><strong>quam</strong></span> <span class='ocrx_word' id='word_1_601' title='bbox 2371 2012 2475 2066; x_wconf 88' lang='lat' dir='ltr'><strong>duo</strong></span> <span class='ocrx_word' id='word_1_602' title='bbox 2495 2012 2584 2066; x_wconf 90' lang='lat' dir='ltr'><strong>alii</strong></span> <span class='ocrx_word' id='word_1_603' title='bbox 2611 2029 2735 2068; x_wconf 80' lang='lat' dir='ltr'><strong>mox</strong></span> <span class='ocrx_word' id='word_1_604' title='bbox 2759 2013 2963 2068; x_wconf 82' lang='lat' dir='ltr'><strong>laudati</strong></span> <span class='ocrx_word' id='word_1_605' title='bbox 2984 2013 3268 2082; x_wconf 80' lang='lat' dir='ltr'><strong>biographi</strong></span> <span class='ocrx_word' id='word_1_606' title='bbox 3292 2012 3484 2077; x_wconf 90' lang='lat' dir='ltr'><strong>nostri,</strong></span> <span class='ocrx_word' id='word_1_607' title='bbox 3507 2011 3736 2065; x_wconf 83' lang='lat' dir='ltr'><strong>Puteanus</strong></span> 
     </span>
    </p>
   </div>
   <div class='ocr_carea' id='block_1_81' title="bbox 2187 2102 3734 2178">
    <p class='ocr_par' dir='ltr' id='par_1_81' title="bbox 2187 2102 3734 2178">
     <span class='ocr_line' id='line_1_81' title="bbox 2187 2102 3734 2178; baseline -0.003 -20"><span class='ocrx_word' id='word_1_608' title='bbox 2187 2102 2395 2158; x_wconf 87' lang='lat' dir='ltr'><strong>scilicet</strong></span> <span class='ocrx_word' id='word_1_609' title='bbox 2450 2114 2506 2160; x_wconf 86' lang='lat' dir='ltr'><strong>et</strong></span> <span class='ocrx_word' id='word_1_610' title='bbox 2555 2105 2788 2174; x_wconf 77' lang='lat' dir='ltr'><strong>Sui-ins,</strong></span> <span class='ocrx_word' id='word_1_611' title='bbox 2839 2107 3087 2173; x_wconf 87' lang='lat' dir='ltr'><strong>tradunt;</strong></span> <span class='ocrx_word' id='word_1_612' title='bbox 3137 2121 3261 2178; x_wconf 76' lang='lat' dir='ltr'><strong>qua:</strong></span> <span class='ocrx_word' id='word_1_613' title='bbox 3300 2121 3486 2160; x_wconf 88' lang='lat' dir='ltr'><strong>eorum</strong></span> <span class='ocrx_word' id='word_1_614' title='bbox 3537 2106 3734 2160; x_wconf 73' lang='lat' dir='ltr'><strong>narratio</strong></span> 
     </span>
    </p>
   </div>
   <div class='ocr_carea' id='block_1_82' title="bbox 2187 2194 3735 2268">
    <p class='ocr_par' dir='ltr' id='par_1_82' title="bbox 2187 2194 3735 2268">
     <span class='ocr_line' id='line_1_82' title="bbox 2187 2194 3735 2268; baseline -0.001 -19"><span class='ocrx_word' id='word_1_615' title='bbox 2187 2211 2295 2249; x_wconf 89' lang='lat' dir='ltr'><strong>non</strong></span> <span class='ocrx_word' id='word_1_616' title='bbox 2328 2195 2533 2263; x_wconf 85' lang='lat' dir='ltr'><strong>minus,</strong></span> <span class='ocrx_word' id='word_1_617' title='bbox 2569 2212 2729 2267; x_wconf 89' lang='lat' dir='ltr'><strong>quam</strong></span> <span class='ocrx_word' id='word_1_618' title='bbox 2760 2198 3072 2268; x_wconf 70' lang='lat' dir='ltr'><strong>prmcedcns</strong></span> <span class='ocrx_word' id='word_1_619' title='bbox 3099 2199 3166 2252; x_wconf 89' lang='lat' dir='ltr'><strong>de</strong></span> <span class='ocrx_word' id='word_1_620' title='bbox 3209 2196 3268 2251; x_wconf 92' lang='lat' dir='ltr'><strong>S.</strong></span> <span class='ocrx_word' id='word_1_621' title='bbox 3309 2196 3562 2266; x_wconf 87' lang='lat' dir='ltr'><strong>Stephani</strong></span> <span class='ocrx_word' id='word_1_622' title='bbox 3596 2194 3735 2250; x_wconf 88' lang='lat' dir='ltr'><strong>eccle-</strong></span> 
     </span>
    </p>
   </div>
   <div class='ocr_carea' id='block_1_83' title="bbox 2189 2276 3736 2351">
    <p class='ocr_par' dir='ltr' id='par_1_83' title="bbox 2189 2276 3736 2351">
     <span class='ocr_line' id='line_1_83' title="bbox 2189 2276 3736 2351; baseline -0.004 -13"><span class='ocrx_word' id='word_1_623' title='bbox 2189 2284 2265 2338; x_wconf 87' lang='lat' dir='ltr'><strong>sia</strong></span> <span class='ocrx_word' id='word_1_624' title='bbox 2292 2327 2306 2348; x_wconf 93' lang='lat'><strong>,</strong></span> <span class='ocrx_word' id='word_1_625' title='bbox 2357 2276 2586 2340; x_wconf 79' lang='lat' dir='ltr'><strong>ct&#39;ronea</strong></span> <span class='ocrx_word' id='word_1_626' title='bbox 2623 2296 2747 2349; x_wconf 89' lang='lat' dir='ltr'><strong>est,</strong></span> <span class='ocrx_word' id='word_1_627' title='bbox 2815 2301 2971 2351; x_wconf 86' lang='lat' dir='ltr'><strong>cum,</strong></span> <span class='ocrx_word' id='word_1_628' title='bbox 3016 2286 3220 2342; x_wconf 84' lang='lat' dir='ltr'><strong>dictam</strong></span> <span class='ocrx_word' id='word_1_629' title='bbox 3286 2285 3625 2340; x_wconf 63' lang='lat' dir='ltr'><strong>sanctissima:</strong></span> <span class='ocrx_word' id='word_1_630' title='bbox 3663 2283 3736 2336; x_wconf 83' lang='lat' dir='ltr'><strong>Dei</strong></span> 
     </span>
    </p>
   </div>
   <div class='ocr_carea' id='block_1_84' title="bbox 2179 2374 3736 2456">
    <p class='ocr_par' dir='ltr' id='par_1_84' title="bbox 2179 2374 3736 2456">
     <span class='ocr_line' id='line_1_84' title="bbox 2179 2374 3736 2456; baseline -0.004 -24"><span class='ocrx_word' id='word_1_631' title='bbox 2179 2376 2470 2456; x_wconf 68' lang='lat' dir='ltr'><strong>genitricis</strong></span> <span class='ocrx_word' id='word_1_632' title='bbox 2490 2378 2777 2432; x_wconf 87' lang='lat' dir='ltr'><strong>ecclesiam</strong></span> <span class='ocrx_word' id='word_1_633' title='bbox 2799 2377 2910 2446; x_wconf 88' lang='lat' dir='ltr'><strong>jam</strong></span> <span class='ocrx_word' id='word_1_634' title='bbox 2939 2379 3065 2434; x_wconf 88' lang='lat' dir='ltr'><strong>inde</strong></span> <span class='ocrx_word' id='word_1_635' title='bbox 3097 2379 3168 2434; x_wconf 89' lang='lat' dir='ltr'><strong>ab</strong></span> <span class='ocrx_word' id='word_1_636' title='bbox 3198 2393 3346 2433; x_wconf 85' lang='lat' dir='ltr'><strong>anno</strong></span> <span class='ocrx_word' id='word_1_637' title='bbox 3366 2377 3498 2432; x_wconf 78' lang='grc'>1090</span> <span class='ocrx_word' id='word_1_638' title='bbox 3521 2374 3736 2430; x_wconf 67' lang='lat' dir='ltr'><strong>aedificari</strong></span> 
     </span>
    </p>
   </div>
   <div class='ocr_carea' id='block_1_85' title="bbox 2187 2468 3740 2539">
    <p class='ocr_par' dir='ltr' id='par_1_85' title="bbox 2187 2468 3740 2539">
     <span class='ocr_line' id='line_1_85' title="bbox 2187 2468 3740 2539; baseline -0.005 -15"><span class='ocrx_word' id='word_1_639' title='bbox 2187 2478 2455 2538; x_wconf 71' lang='lat' dir='ltr'><strong>caeptam,</strong></span> <span class='ocrx_word' id='word_1_640' title='bbox 2525 2485 2780 2539; x_wconf 90' lang='lat' dir='ltr'><strong>annoque</strong></span> <span class='ocrx_word' id='word_1_641' title='bbox 2840 2469 2977 2525; x_wconf 70' lang='grc'>1094</span> <span class='ocrx_word' id='word_1_642' title='bbox 3031 2479 3416 2524; x_wconf 89' lang='lat' dir='ltr'><strong>consecratam</strong></span> <span class='ocrx_word' id='word_1_643' title='bbox 3467 2468 3653 2532; x_wconf 84' lang='lat' dir='ltr'><strong>fuisse,</strong></span> <span class='ocrx_word' id='word_1_644' title='bbox 3687 2481 3740 2518; x_wconf 74' lang='lat' dir='ltr'><strong>ex</strong></span> 
     </span>
    </p>
   </div>
   <div class='ocr_carea' id='block_1_86' title="bbox 2185 2559 3736 2631">
    <p class='ocr_par' dir='ltr' id='par_1_86' title="bbox 2185 2559 3736 2631">
     <span class='ocr_line' id='line_1_86' title="bbox 2185 2559 3736 2631; baseline -0.004 -18"><span class='ocrx_word' id='word_1_645' title='bbox 2185 2559 2296 2629; x_wconf 87' lang='lat' dir='ltr'><strong>jam</strong></span> <span class='ocrx_word' id='word_1_646' title='bbox 2328 2576 2489 2631; x_wconf 88' lang='lat' dir='ltr'><strong>supra</strong></span> <span class='ocrx_word' id='word_1_647' title='bbox 2532 2561 2696 2615; x_wconf 83' lang='lat' dir='ltr'><strong>dictis</strong></span> <span class='ocrx_word' id='word_1_648' title='bbox 2725 2569 2956 2615; x_wconf 90' lang='lat' dir='ltr'><strong>constet.</strong></span> <span class='ocrx_word' id='word_1_649' title='bbox 2986 2559 3096 2614; x_wconf 82' lang='lat' dir='ltr'><strong>Nec</strong></span> <span class='ocrx_word' id='word_1_650' title='bbox 3119 2561 3309 2624; x_wconf 87' lang='lat' dir='ltr'><strong>video,</strong></span> <span class='ocrx_word' id='word_1_651' title='bbox 3355 2561 3477 2630; x_wconf 90' lang='lat' dir='ltr'><strong>qui,</strong></span> <span class='ocrx_word' id='word_1_652' title='bbox 3520 2572 3628 2628; x_wconf 65' lang='lat' dir='ltr'><strong>quae</strong></span> <span class='ocrx_word' id='word_1_653' title='bbox 3650 2567 3736 2608; x_wconf 82' lang='lat' dir='ltr'><strong>tres</strong></span> 
     </span>
    </p>
   </div>
   <div class='ocr_carea' id='block_1_87' title="bbox 2183 2646 3736 2720">
    <p class='ocr_par' dir='ltr' id='par_1_87' title="bbox 2183 2646 3736 2720">
     <span class='ocr_line' id='line_1_87' title="bbox 2183 2646 3736 2720; baseline -0.005 -17"><span class='ocrx_word' id='word_1_654' title='bbox 2183 2648 2298 2718; x_wconf 89' lang='lat' dir='ltr'><strong>jam</strong></span> <span class='ocrx_word' id='word_1_655' title='bbox 2329 2651 2456 2704; x_wconf 88' lang='lat' dir='ltr'><strong>dicti</strong></span> <span class='ocrx_word' id='word_1_656' title='bbox 2492 2649 2774 2720; x_wconf 76' lang='lat' dir='ltr'><strong>biographi</strong></span> <span class='ocrx_word' id='word_1_657' title='bbox 2808 2650 2978 2705; x_wconf 88' lang='lat' dir='ltr'><strong>nostri</strong></span> <span class='ocrx_word' id='word_1_658' title='bbox 3023 2651 3088 2705; x_wconf 89' lang='lat' dir='ltr'><strong>de</strong></span> <span class='ocrx_word' id='word_1_659' title='bbox 3121 2649 3182 2706; x_wconf 90' lang='lat' dir='ltr'><strong>S.</strong></span> <span class='ocrx_word' id='word_1_660' title='bbox 3220 2649 3477 2719; x_wconf 90' lang='lat' dir='ltr'><strong>Stephani</strong></span> <span class='ocrx_word' id='word_1_661' title='bbox 3517 2646 3736 2706; x_wconf 87' lang='lat' dir='ltr'><strong>ecclesia,</strong></span> 
     </span>
    </p>
   </div>
   <div class='ocr_carea' id='block_1_88' title="bbox 2193 2735 3737 2811">
    <p class='ocr_par' dir='ltr' id='par_1_88' title="bbox 2193 2735 3737 2811">
     <span class='ocr_line' id='line_1_88' title="bbox 2193 2735 3737 2811; baseline -0.007 -15"><span class='ocrx_word' id='word_1_662' title='bbox 2193 2743 2246 2798; x_wconf 93' lang='lat' dir='ltr'><strong>in</strong></span> <span class='ocrx_word' id='word_1_663' title='bbox 2267 2757 2454 2797; x_wconf 92' lang='lat' dir='ltr'><strong>eremo</strong></span> <span class='ocrx_word' id='word_1_664' title='bbox 2476 2741 2762 2796; x_wconf 81' lang='lat' dir='ltr'><strong>Calabrina</strong></span> <span class='ocrx_word' id='word_1_665' title='bbox 2791 2757 2820 2794; x_wconf 90' lang='lat' dir='ltr'><strong>a</strong></span> <span class='ocrx_word' id='word_1_666' title='bbox 2854 2740 3056 2796; x_wconf 87' lang='lat' dir='ltr'><strong>Sancto</strong></span> <span class='ocrx_word' id='word_1_667' title='bbox 3099 2750 3290 2795; x_wconf 90' lang='lat' dir='ltr'><strong>nostro</strong></span> <span class='ocrx_word' id='word_1_668' title='bbox 3320 2749 3438 2811; x_wconf 93' lang='lat' dir='ltr'><strong>post</strong></span> <span class='ocrx_word' id='word_1_669' title='bbox 3464 2740 3661 2800; x_wconf 89' lang='lat' dir='ltr'><strong>datum,</strong></span> <span class='ocrx_word' id='word_1_670' title='bbox 3689 2735 3737 2786; x_wconf 87' lang='lat' dir='ltr'><strong>de</strong></span> 
     </span>
    </p>
   </div>
   <div class='ocr_carea' id='block_1_89' title="bbox 2191 2828 3735 2905">
    <p class='ocr_par' dir='ltr' id='par_1_89' title="bbox 2191 2828 3735 2905">
     <span class='ocr_line' id='line_1_89' title="bbox 2191 2828 3735 2905; baseline -0.005 -20"><span class='ocrx_word' id='word_1_671' title='bbox 2191 2851 2299 2905; x_wconf 91' lang='lat' dir='ltr'><strong>quo</strong></span> <span class='ocrx_word' id='word_1_672' title='bbox 2323 2835 2435 2905; x_wconf 88' lang='lat' dir='ltr'><strong>jam</strong></span> <span class='ocrx_word' id='word_1_673' title='bbox 2469 2834 2557 2888; x_wconf 91' lang='lat' dir='ltr'><strong>hic</strong></span> <span class='ocrx_word' id='word_1_674' title='bbox 2582 2873 2595 2899; x_wconf 91' lang='lat'><strong>,</strong></span> <span class='ocrx_word' id='word_1_675' title='bbox 2637 2833 2873 2903; x_wconf 88' lang='lat' dir='ltr'><strong>diploma</strong></span> <span class='ocrx_word' id='word_1_676' title='bbox 2911 2834 3146 2904; x_wconf 90' lang='lat' dir='ltr'><strong>primum</strong></span> <span class='ocrx_word' id='word_1_677' title='bbox 3185 2841 3490 2896; x_wconf 81' lang='lat' dir='ltr'><strong>exstructa,</strong></span> <span class='ocrx_word' id='word_1_678' title='bbox 3525 2828 3735 2887; x_wconf 87' lang='lat' dir='ltr'><strong>tradunt,</strong></span> 
     </span>
    </p>
   </div>
   <div class='ocr_carea' id='block_1_90' title="bbox 2191 2920 3736 2996">
    <p class='ocr_par' dir='ltr' id='par_1_90' title="bbox 2191 2920 3736 2996">
     <span class='ocr_line' id='line_1_90' title="bbox 2191 2920 3736 2996; baseline -0.005 -13"><span class='ocrx_word' id='word_1_679' title='bbox 2191 2928 2466 2983; x_wconf 81' lang='lat' dir='ltr'><strong>coluerere</strong></span> <span class='ocrx_word' id='word_1_680' title='bbox 2511 2937 2710 2996; x_wconf 85' lang='lat' dir='ltr'><strong>queant</strong></span> <span class='ocrx_word' id='word_1_681' title='bbox 2759 2943 2880 2980; x_wconf 90' lang='lat' dir='ltr'><strong>eum</strong></span> <span class='ocrx_word' id='word_1_682' title='bbox 2909 2925 3028 2980; x_wconf 87' lang='lat' dir='ltr'><strong>aliis</strong></span> <span class='ocrx_word' id='word_1_683' title='bbox 3059 2942 3251 2979; x_wconf 90' lang='lat' dir='ltr'><strong>eorum</strong></span> <span class='ocrx_word' id='word_1_684' title='bbox 3301 2925 3478 2978; x_wconf 87' lang='lat' dir='ltr'><strong>verbis</strong></span> <span class='ocrx_word' id='word_1_685' title='bbox 3505 2964 3517 2987; x_wconf 95' lang='lat'><strong>,</strong></span> <span class='ocrx_word' id='word_1_686' title='bbox 3549 2920 3736 2991; x_wconf 78' lang='lat' dir='ltr'><strong>qniltus.</strong></span> 
     </span>
    </p>
   </div>
   <div class='ocr_carea' id='block_1_91' title="bbox 2193 3009 3736 3085">
    <p class='ocr_par' dir='ltr' id='par_1_91' title="bbox 2193 3009 3736 3085">
     <span class='ocr_line' id='line_1_91' title="bbox 2193 3009 3736 3085; baseline -0.01 -13"><span class='ocrx_word' id='word_1_687' title='bbox 2193 3015 2252 3072; x_wconf 91' lang='lat' dir='ltr'><strong>S.</strong></span> <span class='ocrx_word' id='word_1_688' title='bbox 2307 3016 2491 3070; x_wconf 80' lang='lat' dir='ltr'><strong>Maria:</strong></span> <span class='ocrx_word' id='word_1_689' title='bbox 2545 3025 2599 3071; x_wconf 91' lang='lat' dir='ltr'><strong>et</strong></span> <span class='ocrx_word' id='word_1_690' title='bbox 2653 3015 2711 3070; x_wconf 90' lang='lat' dir='ltr'><strong>S.</strong></span> <span class='ocrx_word' id='word_1_691' title='bbox 2767 3015 3027 3085; x_wconf 81' lang='lat' dir='ltr'><strong>Stephani</strong></span> <span class='ocrx_word' id='word_1_692' title='bbox 3085 3015 3352 3070; x_wconf 86' lang='lat' dir='ltr'><strong>ceclesias</strong></span> <span class='ocrx_word' id='word_1_693' title='bbox 3399 3012 3455 3068; x_wconf 85' lang='lat' dir='ltr'><strong>S.</strong></span> <span class='ocrx_word' id='word_1_694' title='bbox 3491 3009 3736 3065; x_wconf 81' lang='lat' dir='ltr'><strong>Bruuonia</strong></span> 
     </span>
    </p>
   </div>
   <div class='ocr_carea' id='block_1_92' title="bbox 2193 3100 3735 3177">
    <p class='ocr_par' dir='ltr' id='par_1_92' title="bbox 2193 3100 3735 3177">
     <span class='ocr_line' id='line_1_92' title="bbox 2193 3100 3735 3177; baseline -0.009 -15"><span class='ocrx_word' id='word_1_695' title='bbox 2193 3108 2392 3162; x_wconf 90' lang='lat' dir='ltr'><strong>comite</strong></span> <span class='ocrx_word' id='word_1_696' title='bbox 2419 3107 2683 3177; x_wconf 73' lang='lat' dir='ltr'><strong>liogerio,</strong></span> <span class='ocrx_word' id='word_1_697' title='bbox 2712 3123 2836 3160; x_wconf 91' lang='lat' dir='ltr'><strong>cutn</strong></span> <span class='ocrx_word' id='word_1_698' title='bbox 2868 3105 3018 3159; x_wconf 89' lang='lat' dir='ltr'><strong>illum</strong></span> <span class='ocrx_word' id='word_1_699' title='bbox 3055 3105 3144 3160; x_wconf 91' lang='lat' dir='ltr'><strong>hic</strong></span> <span class='ocrx_word' id='word_1_700' title='bbox 3176 3105 3415 3160; x_wconf 88' lang='lat' dir='ltr'><strong>nendum</strong></span> <span class='ocrx_word' id='word_1_701' title='bbox 3447 3100 3545 3156; x_wconf 89' lang='lat' dir='ltr'><strong>sibi</strong></span> <span class='ocrx_word' id='word_1_702' title='bbox 3585 3106 3735 3151; x_wconf 86' lang='lat' dir='ltr'><strong>notum</strong></span> 
     </span>
    </p>
   </div>
   <div class='ocr_carea' id='block_1_93' title="bbox 2193 3188 3737 3254">
    <p class='ocr_par' dir='ltr' id='par_1_93' title="bbox 2193 3188 3737 3254">
     <span class='ocr_line' id='line_1_93' title="bbox 2193 3188 3737 3254; baseline -0.012 0"><span class='ocrx_word' id='word_1_703' title='bbox 2193 3201 2246 3254; x_wconf 87' lang='lat' dir='ltr'><strong>in</strong></span> <span class='ocrx_word' id='word_1_704' title='bbox 2295 3199 2587 3254; x_wconf 74' lang='lat' dir='ltr'><strong>&#39;l&#39;ut‘ritana</strong></span> <span class='ocrx_word' id='word_1_705' title='bbox 2651 3213 2836 3252; x_wconf 85' lang='lat' dir='ltr'><strong>eremo</strong></span> <span class='ocrx_word' id='word_1_706' title='bbox 2883 3197 3024 3251; x_wconf 88' lang='lat' dir='ltr'><strong>inter</strong></span> <span class='ocrx_word' id='word_1_707' title='bbox 3086 3195 3393 3250; x_wconf 77' lang='lat' dir='ltr'><strong>venandum</strong></span> <span class='ocrx_word' id='word_1_708' title='bbox 3457 3188 3737 3245; x_wconf 77' lang='lat' dir='ltr'><strong>invenisset,</strong></span> 
     </span>
    </p>
   </div>
   <div class='ocr_carea' id='block_1_94' title="bbox 2193 3277 3736 3359">
    <p class='ocr_par' dir='ltr' id='par_1_94' title="bbox 2193 3277 3736 3359">
     <span class='ocr_line' id='line_1_94' title="bbox 2193 3277 3736 3359; baseline -0.007 -15"><span class='ocrx_word' id='word_1_709' title='bbox 2193 3289 2420 3344; x_wconf 73' lang='lat' dir='ltr'><strong>dentatas</strong></span> <span class='ocrx_word' id='word_1_710' title='bbox 2441 3290 2612 3344; x_wconf 83' lang='lat' dir='ltr'><strong>fuisse</strong></span> <span class='ocrx_word' id='word_1_711' title='bbox 2636 3329 2651 3354; x_wconf 91' lang='lat'><strong>,</strong></span> <span class='ocrx_word' id='word_1_712' title='bbox 2678 3289 2791 3359; x_wconf 87' lang='lat' dir='ltr'><strong>jam</strong></span> <span class='ocrx_word' id='word_1_713' title='bbox 2823 3297 2980 3343; x_wconf 88' lang='lat' dir='ltr'><strong>antea</strong></span> <span class='ocrx_word' id='word_1_714' title='bbox 3019 3287 3303 3342; x_wconf 78' lang='lat' dir='ltr'><strong>memoria:</strong></span> <span class='ocrx_word' id='word_1_715' title='bbox 3324 3284 3609 3354; x_wconf 87' lang='lat' dir='ltr'><strong>prodidere.</strong></span> <span class='ocrx_word' id='word_1_716' title='bbox 3638 3277 3736 3332; x_wconf 78' lang='lat' dir='ltr'><strong>Ete-</strong></span> 
     </span>
    </p>
   </div>
   <div class='ocr_carea' id='block_1_95' title="bbox 2194 3375 3733 3466">
    <p class='ocr_par' dir='ltr' id='par_1_95' title="bbox 2194 3375 3733 3466">
     <span class='ocr_line' id='line_1_95' title="bbox 2194 3375 3733 3466; baseline 0.003 -31"><span class='ocrx_word' id='word_1_717' title='bbox 2194 3381 2305 3436; x_wconf 85' lang='lat' dir='ltr'><strong>nim</strong></span> <span class='ocrx_word' id='word_1_718' title='bbox 2329 3421 2343 3444; x_wconf 89' lang='lat'><strong>,</strong></span> <span class='ocrx_word' id='word_1_719' title='bbox 2387 3381 2430 3436; x_wconf 87' lang='lat' dir='ltr'><strong>si</strong></span> <span class='ocrx_word' id='word_1_720' title='bbox 2462 3381 2694 3436; x_wconf 85' lang='lat' dir='ltr'><strong>Sanctus</strong></span> <span class='ocrx_word' id='word_1_721' title='bbox 2729 3396 2963 3449; x_wconf 89' lang='lat' dir='ltr'><strong>unquam</strong></span> <span class='ocrx_word' id='word_1_722' title='bbox 2993 3397 3021 3433; x_wconf 88' lang='lat' dir='ltr'><strong>a</strong></span> <span class='ocrx_word' id='word_1_723' title='bbox 3052 3379 3255 3434; x_wconf 87' lang='lat' dir='ltr'><strong>comite</strong></span> <span class='ocrx_word' id='word_1_724' title='bbox 3295 3375 3522 3447; x_wconf 65' lang='grc' dir='ltr'><strong>Ποεριἧο</strong></span> <span class='ocrx_word' id='word_1_725' title='bbox 3545 3412 3560 3439; x_wconf 69' lang='grc' dir='ltr'><strong><em>ν</em></strong></span> <span class='ocrx_word' id='word_1_726' title='bbox 3603 3384 3733 3466; x_wconf 40' lang='lat' dir='ltr'><strong>&quot;cf&quot;:</strong></span> 
     </span>
    </p>
   </div>
   <div class='ocr_carea' id='block_1_96' title="bbox 2197 3457 3738 3557">
    <p class='ocr_par' dir='ltr' id='par_1_96' title="bbox 2197 3457 3738 3557">
     <span class='ocr_line' id='line_1_96' title="bbox 2197 3457 3738 3557; baseline -0.005 -33"><span class='ocrx_word' id='word_1_727' title='bbox 2197 3472 2398 3525; x_wconf 87' lang='lat' dir='ltr'><strong>tionem</strong></span> <span class='ocrx_word' id='word_1_728' title='bbox 2433 3481 2723 3526; x_wconf 79' lang='lat' dir='ltr'><strong>exercente</strong></span> <span class='ocrx_word' id='word_1_729' title='bbox 2776 3471 3121 3540; x_wconf 82' lang='lat' dir='ltr'><strong>nondumque</strong></span> <span class='ocrx_word' id='word_1_730' title='bbox 3170 3487 3295 3524; x_wconf 89' lang='lat' dir='ltr'><strong>cum</strong></span> <span class='ocrx_word' id='word_1_731' title='bbox 3345 3473 3622 3525; x_wconf 79' lang='lat' dir='ltr'><strong>noscente,</strong></span> <span class='ocrx_word' id='word_1_732' title='bbox 3661 3457 3738 3557; x_wconf 57' lang='lat' dir='ltr'><strong>fuit</strong></span> 
     </span>
    </p>
   </div>
   <div class='ocr_carea' id='block_1_97' title="bbox 2195 3548 3735 3630">
    <p class='ocr_par' dir='ltr' id='par_1_97' title="bbox 2195 3548 3735 3630">
     <span class='ocr_line' id='line_1_97' title="bbox 2195 3548 3735 3630; baseline -0.008 -12"><span class='ocrx_word' id='word_1_733' title='bbox 2195 3564 2484 3628; x_wconf 89' lang='lat' dir='ltr'><strong>inventus,</strong></span> <span class='ocrx_word' id='word_1_734' title='bbox 2535 3563 2587 3616; x_wconf 90' lang='lat' dir='ltr'><strong>id</strong></span> <span class='ocrx_word' id='word_1_735' title='bbox 2621 3573 2770 3617; x_wconf 89' lang='lat' dir='ltr'><strong>certe</strong></span> <span class='ocrx_word' id='word_1_736' title='bbox 2798 3603 2813 3628; x_wconf 95' lang='lat'><strong>,</strong></span> <span class='ocrx_word' id='word_1_737' title='bbox 2861 3563 2940 3615; x_wconf 90' lang='lat' dir='ltr'><strong>uti</strong></span> <span class='ocrx_word' id='word_1_738' title='bbox 2993 3561 3209 3630; x_wconf 89' lang='lat' dir='ltr'><strong>ipsimet</strong></span> <span class='ocrx_word' id='word_1_739' title='bbox 3253 3557 3451 3614; x_wconf 65' lang='lat' dir='ltr'><strong>laudati</strong></span> <span class='ocrx_word' id='word_1_740' title='bbox 3499 3548 3735 3624; x_wconf 71' lang='lat' dir='ltr'><strong>biographi</strong></span> 
     </span>
    </p>
   </div>
   <div class='ocr_carea' id='block_1_98' title="bbox 2196 3641 3738 3721">
    <p class='ocr_par' dir='ltr' id='par_1_98' title="bbox 2196 3641 3738 3721">
     <span class='ocr_line' id='line_1_98' title="bbox 2196 3641 3738 3721; baseline -0.007 -14"><span class='ocrx_word' id='word_1_741' title='bbox 2196 3653 2490 3708; x_wconf 81' lang='lat' dir='ltr'><strong>admittere</strong></span> <span class='ocrx_word' id='word_1_742' title='bbox 2510 3668 2574 3707; x_wconf 81' lang='lat' dir='ltr'><strong>ex</strong></span> <span class='ocrx_word' id='word_1_743' title='bbox 2604 3651 2714 3720; x_wconf 84' lang='lat' dir='ltr'><strong>jam</strong></span> <span class='ocrx_word' id='word_1_744' title='bbox 2741 3667 2906 3721; x_wconf 88' lang='lat' dir='ltr'><strong>supra</strong></span> <span class='ocrx_word' id='word_1_745' title='bbox 2940 3651 3101 3706; x_wconf 89' lang='lat' dir='ltr'><strong>dictis</strong></span> <span class='ocrx_word' id='word_1_746' title='bbox 3129 3651 3328 3706; x_wconf 80' lang='lat' dir='ltr'><strong>debent</strong></span> <span class='ocrx_word' id='word_1_747' title='bbox 3412 3662 3512 3701; x_wconf 89' lang='lat' dir='ltr'><strong>non</strong></span> <span class='ocrx_word' id='word_1_748' title='bbox 3555 3641 3702 3697; x_wconf 77' lang='lat' dir='ltr'><strong>serius</strong></span> <span class='ocrx_word' id='word_1_749' title='bbox 3724 3675 3738 3696; x_wconf 73' lang='grc' dir='ltr'><strong>ι</strong></span> 
     </span>
    </p>
   </div>
   <div class='ocr_carea' id='block_1_99' title="bbox 2195 3727 3736 3824">
    <p class='ocr_par' dir='ltr' id='par_1_99' title="bbox 2195 3727 3736 3824">
     <span class='ocr_line' id='line_1_99' title="bbox 2195 3727 3736 3824; baseline 0.002 -28"><span class='ocrx_word' id='word_1_750' title='bbox 2195 3759 2356 3815; x_wconf 89' lang='lat' dir='ltr'><strong>quam</strong></span> <span class='ocrx_word' id='word_1_751' title='bbox 2385 3761 2525 3799; x_wconf 89' lang='lat' dir='ltr'><strong>anno</strong></span> <span class='ocrx_word' id='word_1_752' title='bbox 2551 3743 2686 3798; x_wconf 78' lang='grc'><strong>1093</strong></span> <span class='ocrx_word' id='word_1_753' title='bbox 2711 3743 2791 3797; x_wconf 92' lang='lat' dir='ltr'><strong>vel</strong></span> <span class='ocrx_word' id='word_1_754' title='bbox 2815 3742 3092 3813; x_wconf 88' lang='lat' dir='ltr'><strong>sequentis</strong></span> <span class='ocrx_word' id='word_1_755' title='bbox 3115 3741 3271 3796; x_wconf 90' lang='lat' dir='ltr'><strong>initio</strong></span> <span class='ocrx_word' id='word_1_756' title='bbox 3293 3735 3567 3807; x_wconf 79' lang='lat' dir='ltr'><strong>contigerit</strong></span> <span class='ocrx_word' id='word_1_757' title='bbox 3590 3750 3602 3796; x_wconf 87' lang='grc'><strong>;</strong></span> <span class='ocrx_word' id='word_1_758' title='bbox 3626 3727 3736 3824; x_wconf 54' lang='lat' dir='ltr'><strong>tim“!</strong></span> 
     </span>
    </p>
   </div>
   <div class='ocr_carea' id='block_1_100' title="bbox 2197 3825 3737 3905">
    <p class='ocr_par' dir='ltr' id='par_1_100' title="bbox 2197 3825 3737 3905">
     <span class='ocr_line' id='line_1_100' title="bbox 2197 3825 3737 3905; baseline -0.01 -13"><span class='ocrx_word' id='word_1_759' title='bbox 2197 3853 2319 3892; x_wconf 90' lang='lat' dir='ltr'><strong>cum</strong></span> <span class='ocrx_word' id='word_1_760' title='bbox 2349 3837 2422 3890; x_wconf 89' lang='lat' dir='ltr'><strong>ita</strong></span> <span class='ocrx_word' id='word_1_761' title='bbox 2448 3836 2518 3891; x_wconf 92' lang='lat' dir='ltr'><strong>sit</strong></span> <span class='ocrx_word' id='word_1_762' title='bbox 2538 3877 2553 3903; x_wconf 95' lang='lat'><strong>,</strong></span> <span class='ocrx_word' id='word_1_763' title='bbox 2611 3835 2881 3905; x_wconf 88' lang='lat' dir='ltr'><strong>quomodo</strong></span> <span class='ocrx_word' id='word_1_764' title='bbox 2925 3849 3114 3888; x_wconf 90' lang='lat' dir='ltr'><strong>verum</strong></span> <span class='ocrx_word' id='word_1_765' title='bbox 3155 3849 3281 3888; x_wconf 89' lang='lat' dir='ltr'><strong>esse</strong></span> <span class='ocrx_word' id='word_1_766' title='bbox 3306 3838 3511 3902; x_wconf 82' lang='lat' dir='ltr'><strong>potest,</strong></span> <span class='ocrx_word' id='word_1_767' title='bbox 3543 3825 3737 3878; x_wconf 71' lang='lat' dir='ltr'><strong>lh&#39;uuom</strong></span> 
     </span>
    </p>
   </div>
   <div class='ocr_carea' id='block_1_101' title="bbox 2200 3912 3737 3997">
    <p class='ocr_par' dir='ltr' id='par_1_101' title="bbox 2200 3912 3737 3997">
     <span class='ocr_line' id='line_1_101' title="bbox 2200 3912 3737 3997; baseline -0.007 -17"><span class='ocrx_word' id='word_1_768' title='bbox 2200 3938 2328 3982; x_wconf 92' lang='lat' dir='ltr'><strong>tunc</strong></span> <span class='ocrx_word' id='word_1_769' title='bbox 2356 3927 2416 3981; x_wconf 91' lang='grc'><strong>8.</strong></span> <span class='ocrx_word' id='word_1_770' title='bbox 2450 3927 2710 3997; x_wconf 86' lang='lat' dir='ltr'><strong>Stephani</strong></span> <span class='ocrx_word' id='word_1_771' title='bbox 2745 3925 3032 3982; x_wconf 81' lang='lat' dir='ltr'><strong>ecclesiam</strong></span> <span class='ocrx_word' id='word_1_772' title='bbox 3064 3925 3317 3996; x_wconf 73' lang='lat' dir='ltr'><strong>largitum</strong></span> <span class='ocrx_word' id='word_1_773' title='bbox 3350 3921 3506 3975; x_wconf 78' lang='lat' dir='ltr'><strong>fuisse</strong></span> <span class='ocrx_word' id='word_1_774' title='bbox 3529 3912 3737 3971; x_wconf 62' lang='lat' dir='ltr'><strong>comitem</strong></span> 
     </span>
    </p>
   </div>
   <div class='ocr_carea' id='block_1_102' title="bbox 2196 4015 3738 4087">
    <p class='ocr_par' dir='ltr' id='par_1_102' title="bbox 2196 4015 3738 4087">
     <span class='ocr_line' id='line_1_102' title="bbox 2196 4015 3738 4087; baseline -0.014 -16"><span class='ocrx_word' id='word_1_775' title='bbox 2196 4018 2239 4071; x_wconf 68' lang='lat' dir='ltr'><strong>It</strong></span> <span class='ocrx_word' id='word_1_776' title='bbox 2267 4019 2516 4087; x_wconf 49' lang='lat' dir='ltr'><strong>:gerium,</strong></span> <span class='ocrx_word' id='word_1_777' title='bbox 2543 4027 2595 4071; x_wconf 90' lang='lat' dir='ltr'><strong>et</strong></span> <span class='ocrx_word' id='word_1_778' title='bbox 2624 4026 2806 4072; x_wconf 89' lang='lat' dir='ltr'><strong>tamen</strong></span> <span class='ocrx_word' id='word_1_779' title='bbox 2831 4016 2970 4071; x_wconf 91' lang='lat' dir='ltr'><strong>hanc</strong></span> <span class='ocrx_word' id='word_1_780' title='bbox 2995 4015 3229 4087; x_wconf 89' lang='lat' dir='ltr'><strong>primum</strong></span> <span class='ocrx_word' id='word_1_781' title='bbox 3260 4021 3377 4085; x_wconf 82' lang='lat' dir='ltr'><strong>post</strong></span> <span class='ocrx_word' id='word_1_782' title='bbox 3402 4024 3552 4080; x_wconf 78' lang='lat' dir='ltr'><strong>supra</strong></span> <span class='ocrx_word' id='word_1_783' title='bbox 3577 4015 3738 4056; x_wconf 79' lang='lat' dir='ltr'><strong>incinu-</strong></span> 
     </span>
    </p>
   </div>
   <div class='ocr_carea' id='block_1_103' title="bbox 2196 4095 3736 4178">
    <p class='ocr_par' dir='ltr' id='par_1_103' title="bbox 2196 4095 3736 4178">
     <span class='ocr_line' id='line_1_103' title="bbox 2196 4095 3736 4178; baseline -0.004 -14"><span class='ocrx_word' id='word_1_784' title='bbox 2196 4117 2370 4164; x_wconf 86' lang='lat' dir='ltr'><strong>ratum</strong></span> <span class='ocrx_word' id='word_1_785' title='bbox 2399 4107 2670 4178; x_wconf 89' lang='lat' dir='ltr'><strong>diploma,</strong></span> <span class='ocrx_word' id='word_1_786' title='bbox 2722 4125 2828 4162; x_wconf 93' lang='lat' dir='ltr'><strong>non</strong></span> <span class='ocrx_word' id='word_1_787' title='bbox 2858 4108 3052 4173; x_wconf 88' lang='lat' dir='ltr'><strong>cilius,</strong></span> <span class='ocrx_word' id='word_1_788' title='bbox 3105 4123 3270 4175; x_wconf 84' lang='lat' dir='ltr'><strong>quam</strong></span> <span class='ocrx_word' id='word_1_789' title='bbox 3313 4117 3453 4159; x_wconf 83' lang='lat' dir='ltr'><strong>anno</strong></span> <span class='ocrx_word' id='word_1_790' title='bbox 3499 4095 3647 4158; x_wconf 74' lang='grc' dir='ltr'><strong>1099ν</strong></span> <span class='ocrx_word' id='word_1_791' title='bbox 3688 4104 3736 4141; x_wconf 64' lang='grc'><strong>⁸³</strong></span> 
     </span>
    </p>
   </div>
   <div class='ocr_carea' id='block_1_104' title="bbox 2198 4198 3463 4265">
    <p class='ocr_par' dir='ltr' id='par_1_104' title="bbox 2198 4198 3463 4265">
     <span class='ocr_line' id='line_1_104' title="bbox 2198 4198 3463 4265; baseline -0.002 -11"><span class='ocrx_word' id='word_1_792' title='bbox 2198 4201 2336 4256; x_wconf 84' lang='lat' dir='ltr'><strong>infra</strong></span> <span class='ocrx_word' id='word_1_793' title='bbox 2363 4201 2608 4256; x_wconf 88' lang='lat' dir='ltr'><strong>dicendis</strong></span> <span class='ocrx_word' id='word_1_794' title='bbox 2636 4201 2820 4255; x_wconf 90' lang='lat' dir='ltr'><strong>datum</strong></span> <span class='ocrx_word' id='word_1_795' title='bbox 2851 4241 2864 4265; x_wconf 91' lang='lat'><strong>,</strong></span> <span class='ocrx_word' id='word_1_796' title='bbox 2895 4200 3059 4256; x_wconf 80' lang='lat' dir='ltr'><strong>fuisse</strong></span> <span class='ocrx_word' id='word_1_797' title='bbox 3087 4203 3412 4257; x_wconf 78' lang='lat' dir='ltr'><strong>aedificatam</strong></span> <span class='ocrx_word' id='word_1_798' title='bbox 3441 4198 3463 4252; x_wconf 85' lang='lat'><strong>?</strong></span> 
     </span>
    </p>
   </div>
   <div class='ocr_carea' id='block_1_105' title="bbox 2269 4288 3740 4352">
    <p class='ocr_par' dir='ltr' id='par_1_105' title="bbox 2269 4288 3740 4352">
     <span class='ocr_line' id='line_1_105' title="bbox 2269 4288 3740 4352; baseline -0.018 -2"><span class='ocrx_word' id='word_1_799' title='bbox 2269 4294 2387 4350; x_wconf 67' lang='lat'><strong>6&#39;26.</strong></span> <span class='ocrx_word' id='word_1_800' title='bbox 2435 4295 2724 4348; x_wconf 85' lang='lat' dir='ltr'><strong>Fuerintne</strong></span> <span class='ocrx_word' id='word_1_801' title='bbox 2749 4293 2928 4348; x_wconf 82' lang='lat' dir='ltr'><strong>forsan</strong></span> <span class='ocrx_word' id='word_1_802' title='bbox 2955 4295 3140 4348; x_wconf 90' lang='lat' dir='ltr'><strong>Sancti</strong></span> <span class='ocrx_word' id='word_1_803' title='bbox 3173 4294 3342 4349; x_wconf 90' lang='lat' dir='ltr'><strong>nostri</strong></span> <span class='ocrx_word' id='word_1_804' title='bbox 3375 4296 3523 4345; x_wconf 64' lang='lat' dir='ltr'><strong>{etate</strong></span> <span class='ocrx_word' id='word_1_805' title='bbox 3551 4288 3740 4352; x_wconf 72' lang='lat' dir='ltr'><strong>quatuor</strong></span> 
     </span>
    </p>
   </div>
   <div class='ocr_carea' id='block_1_106' title="bbox 2200 4372 3736 4456">
    <p class='ocr_par' dir='ltr' id='par_1_106' title="bbox 2200 4372 3736 4456">
     <span class='ocr_line' id='line_1_106' title="bbox 2200 4372 3736 4456; baseline 0.005 -16"><span class='ocrx_word' id='word_1_806' title='bbox 2200 4388 2250 4440; x_wconf 90' lang='lat' dir='ltr'><strong>in</strong></span> <span class='ocrx_word' id='word_1_807' title='bbox 2278 4403 2461 4442; x_wconf 88' lang='lat' dir='ltr'><strong>eremo</strong></span> <span class='ocrx_word' id='word_1_808' title='bbox 2484 4387 2769 4442; x_wconf 85' lang='lat' dir='ltr'><strong>Calabrina</strong></span> <span class='ocrx_word' id='word_1_809' title='bbox 2813 4387 3054 4441; x_wconf 67' lang='lat' dir='ltr'><strong>ecclesiae</strong></span> <span class='ocrx_word' id='word_1_810' title='bbox 3074 4427 3089 4453; x_wconf 92' lang='lat'><strong>,</strong></span> <span class='ocrx_word' id='word_1_811' title='bbox 3116 4401 3346 4456; x_wconf 89' lang='lat' dir='ltr'><strong>quarum</strong></span> <span class='ocrx_word' id='word_1_812' title='bbox 3385 4383 3499 4434; x_wconf 74' lang='lat' dir='ltr'><strong>diue</strong></span> <span class='ocrx_word' id='word_1_813' title='bbox 3528 4372 3736 4445; x_wconf 68' lang='grc' dir='ltr'><strong>(Ι¹¹ίί¹θ¹¹¹’</strong></span> 
     </span>
    </p>
   </div>
   <div class='ocr_carea' id='block_1_107' title="bbox 2197 4471 3736 4554">
    <p class='ocr_par' dir='ltr' id='par_1_107' title="bbox 2197 4471 3736 4554">
     <span class='ocr_line' id='line_1_107' title="bbox 2197 4471 3736 4554; baseline -0.011 -24"><span class='ocrx_word' id='word_1_814' title='bbox 2197 4477 2365 4531; x_wconf 84' lang='lat' dir='ltr'><strong>altera</strong></span> <span class='ocrx_word' id='word_1_815' title='bbox 2400 4492 2591 4545; x_wconf 88' lang='lat' dir='ltr'><strong>nempe</strong></span> <span class='ocrx_word' id='word_1_816' title='bbox 2622 4475 2682 4528; x_wconf 91' lang='lat' dir='ltr'><strong>S.</strong></span> <span class='ocrx_word' id='word_1_817' title='bbox 2715 4474 2895 4530; x_wconf 69' lang='lat' dir='ltr'><strong>Mat-he</strong></span> <span class='ocrx_word' id='word_1_818' title='bbox 2921 4517 2936 4542; x_wconf 92' lang='lat'><strong>,</strong></span> <span class='ocrx_word' id='word_1_819' title='bbox 2981 4475 3151 4530; x_wconf 88' lang='lat' dir='ltr'><strong>altera</strong></span> <span class='ocrx_word' id='word_1_820' title='bbox 3182 4477 3242 4532; x_wconf 89' lang='lat' dir='ltr'><strong>S.</strong></span> <span class='ocrx_word' id='word_1_821' title='bbox 3277 4474 3542 4544; x_wconf 89' lang='lat' dir='ltr'><strong>Stephano</strong></span> <span class='ocrx_word' id='word_1_822' title='bbox 3575 4471 3736 4554; x_wconf 66' lang='lat' dir='ltr'><strong>sacra.</strong></span> 
     </span>
    </p>
   </div>
   <div class='ocr_carea' id='block_1_108' title="bbox 2198 4557 3735 4646">
    <p class='ocr_par' dir='ltr' id='par_1_108' title="bbox 2198 4557 3735 4646">
     <span class='ocr_line' id='line_1_108' title="bbox 2198 4557 3735 4646; baseline -0.012 -26"><span class='ocrx_word' id='word_1_823' title='bbox 2198 4577 2324 4622; x_wconf 87' lang='lat' dir='ltr'><strong>ante</strong></span> <span class='ocrx_word' id='word_1_824' title='bbox 2357 4568 2624 4622; x_wconf 79' lang='lat' dir='ltr'><strong>Brunouis</strong></span> <span class='ocrx_word' id='word_1_825' title='bbox 2649 4567 2700 4620; x_wconf 91' lang='lat' dir='ltr'><strong>in</strong></span> <span class='ocrx_word' id='word_1_826' title='bbox 2732 4568 3078 4621; x_wconf 88' lang='lat' dir='ltr'><strong>solitudinem</strong></span> <span class='ocrx_word' id='word_1_827' title='bbox 3106 4568 3249 4646; x_wconf 83' lang='lat' dir='ltr'><strong>illam</strong></span> <span class='ocrx_word' id='word_1_828' title='bbox 3282 4569 3569 4636; x_wconf 84' lang='lat' dir='ltr'><strong>ingressum</strong></span> <span class='ocrx_word' id='word_1_829' title='bbox 3597 4557 3735 4646; x_wconf 52' lang='lat' dir='ltr'><strong>exsti-</strong></span> 
     </span>
    </p>
   </div>
   <div class='ocr_carea' id='block_1_109' title="bbox 2200 4638 3734 4746">
    <p class='ocr_par' dir='ltr' id='par_1_109' title="bbox 2200 4638 3734 4746">
     <span class='ocr_line' id='line_1_109' title="bbox 2200 4638 3734 4746; baseline -0.007 -31"><span class='ocrx_word' id='word_1_830' title='bbox 2200 4661 2393 4728; x_wconf 88' lang='lat' dir='ltr'><strong>terint,</strong></span> <span class='ocrx_word' id='word_1_831' title='bbox 2429 4661 2546 4715; x_wconf 64' lang='lat' dir='ltr'><strong>duie</strong></span> <span class='ocrx_word' id='word_1_832' title='bbox 2577 4676 2734 4725; x_wconf 91' lang='lat' dir='ltr'><strong>vero,</strong></span> <span class='ocrx_word' id='word_1_833' title='bbox 2768 4661 2938 4714; x_wconf 88' lang='lat' dir='ltr'><strong>altera</strong></span> <span class='ocrx_word' id='word_1_834' title='bbox 2973 4662 3158 4716; x_wconf 90' lang='lat' dir='ltr'><strong>itidem</strong></span> <span class='ocrx_word' id='word_1_835' title='bbox 3184 4662 3243 4716; x_wconf 86' lang='lat' dir='ltr'><strong>S.</strong></span> <span class='ocrx_word' id='word_1_836' title='bbox 3277 4659 3488 4716; x_wconf 77' lang='lat' dir='ltr'><strong>Mariae.</strong></span> <span class='ocrx_word' id='word_1_837' title='bbox 3517 4651 3664 4746; x_wconf 39' lang='lat' dir='ltr'><strong>altera</strong></span> <span class='ocrx_word' id='word_1_838' title='bbox 3691 4638 3734 4692; x_wconf 50' lang='lat'><strong>5&#39;</strong></span> 
     </span>
    </p>
   </div>
   <div class='ocr_carea' id='block_1_110' title="bbox 2200 4740 3734 4823">
    <p class='ocr_par' dir='ltr' id='par_1_110' title="bbox 2200 4740 3734 4823">
     <span class='ocr_line' id='line_1_110' title="bbox 2200 4740 3734 4823; baseline -0.016 -17"><span class='ocrx_word' id='word_1_839' title='bbox 2200 4753 2475 4823; x_wconf 89' lang='lat' dir='ltr'><strong>Stephano</strong></span> <span class='ocrx_word' id='word_1_840' title='bbox 2500 4769 2652 4808; x_wconf 89' lang='lat' dir='ltr'><strong>sacra</strong></span> <span class='ocrx_word' id='word_1_841' title='bbox 2679 4793 2694 4818; x_wconf 93' lang='lat'><strong>,</strong></span> <span class='ocrx_word' id='word_1_842' title='bbox 2730 4764 2850 4823; x_wconf 89' lang='lat' dir='ltr'><strong>post</strong></span> <span class='ocrx_word' id='word_1_843' title='bbox 2876 4752 3058 4807; x_wconf 85' lang='lat' dir='ltr'><strong>Sancti</strong></span> <span class='ocrx_word' id='word_1_844' title='bbox 3093 4754 3145 4807; x_wconf 93' lang='lat' dir='ltr'><strong>in</strong></span> <span class='ocrx_word' id='word_1_845' title='bbox 3172 4754 3415 4808; x_wconf 88' lang='lat' dir='ltr'><strong>eamdem</strong></span> <span class='ocrx_word' id='word_1_846' title='bbox 3440 4740 3734 4801; x_wconf 80' lang='lat' dir='ltr'><strong>solitudinem</strong></span> 
     </span>
    </p>
   </div>
   <div class='ocr_carea' id='block_1_111' title="bbox 2199 4828 3735 4913">
    <p class='ocr_par' dir='ltr' id='par_1_111' title="bbox 2199 4828 3735 4913">
     <span class='ocr_line' id='line_1_111' title="bbox 2199 4828 3735 4913; baseline -0.016 -17"><span class='ocrx_word' id='word_1_847' title='bbox 2199 4845 2502 4913; x_wconf 82' lang='lat' dir='ltr'><strong>ingressum</strong></span> <span class='ocrx_word' id='word_1_848' title='bbox 2538 4854 2830 4899; x_wconf 75' lang='lat' dir='ltr'><strong>exstructa:</strong></span> <span class='ocrx_word' id='word_1_849' title='bbox 2875 4845 3109 4913; x_wconf 89' lang='lat' dir='ltr'><strong>primum</strong></span> <span class='ocrx_word' id='word_1_850' title='bbox 3149 4843 3386 4900; x_wconf 55' lang='lat' dir='ltr'><strong>fuci-im?</strong></span> <span class='ocrx_word' id='word_1_851' title='bbox 3435 4841 3524 4893; x_wconf 68' lang='lat' dir='ltr'><strong>Ast</strong></span> <span class='ocrx_word' id='word_1_852' title='bbox 3575 4828 3618 4886; x_wconf 90' lang='lat' dir='ltr'><strong>id</strong></span> <span class='ocrx_word' id='word_1_853' title='bbox 3661 4835 3735 4876; x_wconf 85' lang='lat' dir='ltr'><strong>nec</strong></span> 
     </span>
    </p>
   </div>
   <div class='ocr_carea' id='block_1_112' title="bbox 2199 4921 3738 5019">
    <p class='ocr_par' dir='ltr' id='par_1_112' title="bbox 2199 4921 3738 5019">
     <span class='ocr_line' id='line_1_112' title="bbox 2199 4921 3738 5019; baseline -0.006 -33"><span class='ocrx_word' id='word_1_854' title='bbox 2199 4936 2508 4991; x_wconf 88' lang='lat' dir='ltr'><strong>verosimile</strong></span> <span class='ocrx_word' id='word_1_855' title='bbox 2536 4945 2796 5006; x_wconf 88' lang='lat' dir='ltr'><strong>apparet,</strong></span> <span class='ocrx_word' id='word_1_856' title='bbox 2852 4952 2949 4992; x_wconf 91' lang='lat' dir='ltr'><strong>nec</strong></span> <span class='ocrx_word' id='word_1_857' title='bbox 3000 4937 3072 4990; x_wconf 89' lang='lat' dir='ltr'><strong>ab</strong></span> <span class='ocrx_word' id='word_1_858' title='bbox 3101 4936 3210 4990; x_wconf 90' lang='lat' dir='ltr'><strong>ullo</strong></span> <span class='ocrx_word' id='word_1_859' title='bbox 3252 4947 3468 5005; x_wconf 86' lang='lat' dir='ltr'><strong>prorsus</strong></span> <span class='ocrx_word' id='word_1_860' title='bbox 3513 4921 3738 5019; x_wconf 37' lang='lat' dir='ltr'><strong>sol-ipim?</strong></span> 
     </span>
    </p>
   </div>
   <div class='ocr_carea' id='block_1_113' title="bbox 2200 5011 3734 5097">
    <p class='ocr_par' dir='ltr' id='par_1_113' title="bbox 2200 5011 3734 5097">
     <span class='ocr_line' id='line_1_113' title="bbox 2200 5011 3734 5097; baseline -0.001 -17"><span class='ocrx_word' id='word_1_861' title='bbox 2200 5027 2313 5082; x_wconf 83' lang='lat' dir='ltr'><strong>sive</strong></span> <span class='ocrx_word' id='word_1_862' title='bbox 2343 5027 2685 5094; x_wconf 71' lang='lat' dir='ltr'><strong>recentiore,</strong></span> <span class='ocrx_word' id='word_1_863' title='bbox 2729 5029 2846 5083; x_wconf 88' lang='lat' dir='ltr'><strong>sive</strong></span> <span class='ocrx_word' id='word_1_864' title='bbox 2872 5028 3176 5097; x_wconf 88' lang='lat' dir='ltr'><strong>antiquiore</strong></span> <span class='ocrx_word' id='word_1_865' title='bbox 3207 5023 3473 5081; x_wconf 63' lang='lat' dir='ltr'><strong>memoriae</strong></span> <span class='ocrx_word' id='word_1_866' title='bbox 3507 5011 3734 5088; x_wconf 70' lang='grc' dir='ltr'><strong>ρτοι¹ί¹¹¹¹¹¹</strong></span> 
     </span>
    </p>
   </div>
   <div class='ocr_carea' id='block_1_114' title="bbox 2201 5099 3734 5200">
    <p class='ocr_par' dir='ltr' id='par_1_114' title="bbox 2201 5099 3734 5200">
     <span class='ocr_line' id='line_1_114' title="bbox 2201 5099 3734 5200; baseline -0.014 -28"><span class='ocrx_word' id='word_1_867' title='bbox 2201 5121 2436 5176; x_wconf 83' lang='lat' dir='ltr'><strong>invenio.</strong></span> <span class='ocrx_word' id='word_1_868' title='bbox 2466 5121 2685 5176; x_wconf 68' lang='lat' dir='ltr'><strong>lit&#39;vero</strong></span> <span class='ocrx_word' id='word_1_869' title='bbox 2713 5137 2818 5174; x_wconf 92' lang='lat' dir='ltr'><strong>non</strong></span> <span class='ocrx_word' id='word_1_870' title='bbox 2854 5132 3086 5190; x_wconf 91' lang='lat' dir='ltr'><strong>quatuor</strong></span> <span class='ocrx_word' id='word_1_871' title='bbox 3114 5160 3129 5185; x_wconf 92' lang='lat'><strong>,</strong></span> <span class='ocrx_word' id='word_1_872' title='bbox 3183 5121 3277 5174; x_wconf 82' lang='lat' dir='ltr'><strong>sed</strong></span> <span class='ocrx_word' id='word_1_873' title='bbox 3325 5117 3455 5171; x_wconf 87' lang='lat' dir='ltr'><strong>duas</strong></span> <span class='ocrx_word' id='word_1_874' title='bbox 3499 5099 3734 5200; x_wconf 43' lang='lat' dir='ltr'><strong>dunt-tatel</strong></span> 
     </span>
    </p>
   </div>
   <div class='ocr_carea' id='block_1_115' title="bbox 2199 5191 3731 5284">
    <p class='ocr_par' dir='ltr' id='par_1_115' title="bbox 2199 5191 3731 5284">
     <span class='ocr_line' id='line_1_115' title="bbox 2199 5191 3731 5284; baseline -0.019 -18"><span class='ocrx_word' id='word_1_875' title='bbox 2199 5212 2460 5267; x_wconf 85' lang='lat' dir='ltr'><strong>ecclesias</strong></span> <span class='ocrx_word' id='word_1_876' title='bbox 2489 5228 2584 5267; x_wconf 83' lang='lat' dir='ltr'><strong>seu</strong></span> <span class='ocrx_word' id='word_1_877' title='bbox 2625 5212 2983 5275; x_wconf 87' lang='lat' dir='ltr'><strong>monasteria,</strong></span> <span class='ocrx_word' id='word_1_878' title='bbox 3031 5228 3061 5264; x_wconf 89' lang='lat' dir='ltr'><strong>a</strong></span> <span class='ocrx_word' id='word_1_879' title='bbox 3094 5211 3345 5264; x_wconf 85' lang='lat' dir='ltr'><strong>Brunone</strong></span> <span class='ocrx_word' id='word_1_880' title='bbox 3365 5205 3572 5274; x_wconf 80' lang='lat' dir='ltr'><strong>ejusque</strong></span> <span class='ocrx_word' id='word_1_881' title='bbox 3599 5191 3731 5284; x_wconf 66' lang='lat' dir='ltr'><strong>tllst‘l’</strong></span> 
     </span>
    </p>
   </div>
   <div class='ocr_carea' id='block_1_116' title="bbox 2201 5285 3728 5376">
    <p class='ocr_par' dir='ltr' id='par_1_116' title="bbox 2201 5285 3728 5376">
     <span class='ocr_line' id='line_1_116' title="bbox 2201 5285 3728 5376; baseline -0.032 1"><span class='ocrx_word' id='word_1_882' title='bbox 2201 5308 2339 5376; x_wconf 79' lang='lat' dir='ltr'><strong>bulis</strong></span> <span class='ocrx_word' id='word_1_883' title='bbox 2380 5305 2677 5360; x_wconf 80' lang='lat' dir='ltr'><strong>inhabitata</strong></span> <span class='ocrx_word' id='word_1_884' title='bbox 2703 5345 2720 5371; x_wconf 82' lang='lat'><strong>.</strong></span> <span class='ocrx_word' id='word_1_885' title='bbox 2750 5321 2871 5374; x_wconf 73' lang='lat' dir='ltr'><strong>(tua:</strong></span> <span class='ocrx_word' id='word_1_886' title='bbox 2894 5305 3083 5360; x_wconf 89' lang='lat' dir='ltr'><strong>Sancti</strong></span> <span class='ocrx_word' id='word_1_887' title='bbox 3125 5305 3293 5358; x_wconf 88' lang='lat' dir='ltr'><strong>nostri</strong></span> <span class='ocrx_word' id='word_1_888' title='bbox 3321 5308 3474 5356; x_wconf 68' lang='lat' dir='ltr'><strong>aetate</strong></span> <span class='ocrx_word' id='word_1_889' title='bbox 3498 5294 3546 5346; x_wconf 91' lang='lat' dir='ltr'><strong>in</strong></span> <span class='ocrx_word' id='word_1_890' title='bbox 3574 5285 3728 5339; x_wconf 75' lang='lat' dir='ltr'><strong>Turri-</strong></span> 
     </span>
    </p>
   </div>
   <div class='ocr_carea' id='block_1_117' title="bbox 2203 5377 3729 5463">
    <p class='ocr_par' dir='ltr' id='par_1_117' title="bbox 2203 5377 3729 5463">
     <span class='ocr_line' id='line_1_117' title="bbox 2203 5377 3729 5463; baseline -0.023 -9"><span class='ocrx_word' id='word_1_891' title='bbox 2203 5413 2325 5454; x_wconf 67' lang='lat' dir='ltr'><strong>nuta</strong></span> <span class='ocrx_word' id='word_1_892' title='bbox 2355 5399 2620 5455; x_wconf 66' lang='lat' dir='ltr'><strong>Calabriae</strong></span> <span class='ocrx_word' id='word_1_893' title='bbox 2656 5413 2841 5453; x_wconf 85' lang='lat' dir='ltr'><strong>eremo</strong></span> <span class='ocrx_word' id='word_1_894' title='bbox 2885 5397 3228 5463; x_wconf 76' lang='lat' dir='ltr'><strong>exstiterint,</strong></span> <span class='ocrx_word' id='word_1_895' title='bbox 3270 5398 3553 5461; x_wconf 77' lang='lat' dir='ltr'><strong>anonyutns</strong></span> <span class='ocrx_word' id='word_1_896' title='bbox 3585 5377 3729 5463; x_wconf 75' lang='lat' dir='ltr'><strong>Anna-</strong></span> 
     </span>
    </p>
   </div>
   <div class='ocr_carea' id='block_1_118' title="bbox 2201 5457 3728 5575">
    <p class='ocr_par' dir='ltr' id='par_1_118' title="bbox 2201 5457 3728 5575">
     <span class='ocr_line' id='line_1_118' title="bbox 2201 5457 3728 5575; baseline -0.007 -27"><span class='ocrx_word' id='word_1_897' title='bbox 2201 5496 2327 5548; x_wconf 87' lang='lat' dir='ltr'><strong>lium</strong></span> <span class='ocrx_word' id='word_1_898' title='bbox 2356 5492 2822 5548; x_wconf 86' lang='lat' dir='ltr'><strong>Carthusiensium</strong></span> <span class='ocrx_word' id='word_1_899' title='bbox 2862 5490 2982 5544; x_wconf 85' lang='lat' dir='ltr'><strong>libri</strong></span> <span class='ocrx_word' id='word_1_900' title='bbox 3024 5491 3202 5560; x_wconf 87' lang='lat' dir='ltr'><strong>quarti</strong></span> <span class='ocrx_word' id='word_1_901' title='bbox 3238 5491 3488 5544; x_wconf 73' lang='lat' dir='ltr'><strong>hactenus</strong></span> <span class='ocrx_word' id='word_1_902' title='bbox 3521 5457 3728 5575; x_wconf 60' lang='grc'><strong>000</strong></span> 
     </span>
    </p>
   </div>
   <div class='ocr_carea' id='block_1_119' title="bbox 2200 5560 3724 5655">
    <p class='ocr_par' dir='ltr' id='par_1_119' title="bbox 2200 5560 3724 5655">
     <span class='ocr_line' id='line_1_119' title="bbox 2200 5560 3724 5655; baseline -0.012 -19"><span class='ocrx_word' id='word_1_903' title='bbox 2200 5584 2306 5655; x_wconf 71' lang='lat' dir='ltr'><strong>gali</strong></span> <span class='ocrx_word' id='word_1_904' title='bbox 2337 5593 2524 5639; x_wconf 87' lang='lat' dir='ltr'><strong>auctor</strong></span> <span class='ocrx_word' id='word_1_905' title='bbox 2544 5591 2968 5646; x_wconf 79' lang='lat' dir='ltr'><strong>commemorat,</strong></span> <span class='ocrx_word' id='word_1_906' title='bbox 2995 5581 3058 5635; x_wconf 76' lang='lat' dir='ltr'><strong>ad</strong></span> <span class='ocrx_word' id='word_1_907' title='bbox 3077 5597 3276 5634; x_wconf 86' lang='lat' dir='ltr'><strong>unntnn</strong></span> <span class='ocrx_word' id='word_1_908' title='bbox 3305 5574 3452 5634; x_wconf 78' lang='lat' dir='ltr'><strong>llll,</strong></span> <span class='ocrx_word' id='word_1_909' title='bbox 3477 5566 3542 5621; x_wconf 90' lang='lat' dir='ltr'><strong>uti</strong></span> <span class='ocrx_word' id='word_1_910' title='bbox 3570 5560 3724 5613; x_wconf 57' lang='lat' dir='ltr'><strong>tl\&#39;|&quot;”“</strong></span> 
     </span>
    </p>
   </div>
   <div class='ocr_carea' id='block_1_120' title="bbox 2203 5659 3727 5751">
    <p class='ocr_par' dir='ltr' id='par_1_120' title="bbox 2203 5659 3727 5751">
     <span class='ocr_line' id='line_1_120' title="bbox 2203 5659 3727 5751; baseline -0.025 -13"><span class='ocrx_word' id='word_1_911' title='bbox 2203 5678 2499 5751; x_wconf 61' lang='lat' dir='ltr'><strong>sa‘pissintc</strong></span> <span class='ocrx_word' id='word_1_912' title='bbox 2522 5678 2633 5750; x_wconf 85' lang='lat' dir='ltr'><strong>jam</strong></span> <span class='ocrx_word' id='word_1_913' title='bbox 2664 5676 2942 5744; x_wconf 77' lang='lat' dir='ltr'><strong>laudatus,</strong></span> <span class='ocrx_word' id='word_1_914' title='bbox 2976 5691 3151 5745; x_wconf 67' lang='lat' dir='ltr'><strong>quem,</strong></span> <span class='ocrx_word' id='word_1_915' title='bbox 3180 5675 3320 5746; x_wconf 65' lang='lat' dir='ltr'><strong>quod</strong></span> <span class='ocrx_word' id='word_1_916' title='bbox 3357 5668 3472 5725; x_wconf 75' lang='lat' dir='ltr'><strong>nolit</strong></span> <span class='ocrx_word' id='word_1_917' title='bbox 3493 5706 3505 5730; x_wconf 81' lang='grc'><strong><em>,</em></strong></span> <span class='ocrx_word' id='word_1_918' title='bbox 3539 5671 3626 5712; x_wconf 87' lang='lat' dir='ltr'><strong>non</strong></span> <span class='ocrx_word' id='word_1_919' title='bbox 3653 5659 3727 5698; x_wconf 75' lang='lat' dir='ltr'><strong>tw-</strong></span> 
     </span>
    </p>
   </div>
  </div>
