3860 6320
522 277 626 333 387

1349 271 1405 328 S.
1446 269 1793 328 BRUNONES
1835 265 2483 325 CAR'fllUSlA-NOBUM
2513 265 3000 328 INSTITUTORIS
3666 283 3750 345 333

520 385 650 441 dicti
727 384 1066 442 monasterii.
1138 383 1593 440 Consecrationes
1627 422 1642 448 ,
1708 381 2110 444 ordinationes,
2141 380 2186 436 A
2215 393 2244 432 a
2276 377 2638 436 Carthusiano
2668 396 2938 455 anonymo
2962 385 3212 456 laudato,
3261 387 3452 447 Martio
3492 403 3666 452 contra
3703 405 3756 462 ιδ

520 477 793 540 chrisma;
845 484 1180 545 czeterasque
1200 473 1524 545 episCOpalis
1552 473 1708 526 oflieii
1748 471 2105 540 indigentias,

520 583 551 621 a
577 580 685 636 quo
711 565 1054 636 potissimum
1098 565 1353 635 episeopo
1385 570 1788 632 consequantur
1829 561 1984 632 longe
2028 563 2109 616 vel

519 673 728 730 prope,
772 666 964 713 etnon
1012 657 1082 711 sit
1132 656 1222 724 qui
1273 656 1575 723 prohibeat.
1629 652 1861 707 Deciture
1918 669 2107 708 eorum

520 750 654 820 ipsis
680 750 808 804 sint.
837 747 1050 804 Offensa
1082 747 1447 816 subjectorum
1495 757 1550 802 et
1600 751 1868 804 correctio
1917 755 1984 805 ad
2015 765 2109 805 eos

522 843 842 912 respiciant.
875 841 1030 906 llaec,
1053 856 1172 910 qua:
1203 839 1467 904 diximus,
1503 840 1827 894 auctoritate
1857 849 1909 896 et
1941 842 2107 910 privi-

522 933 666 1004 legio
704 933 809 986 mei
843 931 1210 986 antecesseris
1264 930 1576 995 Theodori,
1630 932 1847 986 natione
1891 931 2064 988 Grreri
2091 974 2107 998 ,

524 1023 844 1079 confirmata
875 1032 1022 1079 sunt.
1064 1022 1187 1077 llaec
1232 1030 1286 1076 ct
1336 1035 1434 1076 nos
1464 1021 1744 1093 privilegio
1765 1026 2017 1094 pl‘ilﬂacnli
2059 1036 2109 1081 et

524 1122 885 1184 auctoritate,
931 1136 1092 1191 quam
1123 1136 1151 1172 a
1188 1119 1295 1173 Deo
1347 1120 1626 1174 consecuti
1665 1137 1884 1187 sunms,
1922 1122 2111 1176 testifi-

522 1227 744 1280 cantur,
779 1213 1161 1267 confirmamus
1193 1252 1206 1273 ,
1234 1221 1288 1265 et
1326 1227 1426 1267 nec
1457 1213 1586 1266 mihi
1641 1214 1740 1284 ipsi
1788 1216 2112 1284 quandoque

523 1300 716 1368 aliter,
745 1303 886 1372 quod
917 1303 1086 1356 absit!
1126 1301 1386 1370 sapienti,
1419 1302 1502 1355 vel
1529 1302 1690 1357 alieni
1732 1319 2110 1360 successorum

523 1409 766 1447 meorum
801 1395 912 1448 hare
936 1393 1135 1447 violare
1165 1393 1344 1448 liceat.
1397 1393 1454 1449 Si
1487 1395 1610 1464 quis
1663 1396 1829 1464 igitur
1870 1398 2111 1467 pertina-

522 1486 660 1539 citer
685 1487 820 1541 hanc
849 1487 1177 1540 sententiam
1221 1495 1462 1540 nostram
1482 1529 1498 1552 ,
1529 1489 1796 1542 veraciter
1819 1491 2110 1558 prolatam,

522 1576 780 1644 scriptam
808 1617 824 1641 ,
852 1577 1236 1646 signatamun
1265 1576 1316 1630 in
1343 1576 1554 1648 signum
1580 1579 1890 1635 stabilitatis
1919 1621 1933 1646 ,
1964 1581 2114 1651 iuge-

520 1665 611 1718 nio
645 1665 725 1718 vel
763 1666 1008 1735 potentia
1042 1665 1226 1720 delere
1261 1665 1526 1720 studuerit
1551 1707 1569 1732 ,
1620 1667 1865 1723 deleatur
1907 1679 1962 1724 et
1999 1672 2111 1741 ipse

2205 471 2436 544 ,Ughrllo
2488 475 2672 528 datum
2711 485 2956 546 uioletur,
2990 495 3086 550 pro
3109 491 3358 550 suspecto
3389 484 3658 555 habeatur,
3677 498 3756 551 etsi

2210 563 2424 620 interim
2470 567 2594 623 hinc
2649 568 2774 635 fiat,
2827 580 2918 633 ut,
2981 581 3103 627 utro
3166 589 3351 630 mense
3393 577 3574 634 datum
3613 585 3756 654 reipsa

2210 653 2405 722 fuerit,
2435 658 2784 714 determinari
2818 660 2960 716 haud
2987 673 3168 732 queat.
3221 665 3398 736 Atque
3455 669 3527 724 ita
3575 653 3755 740 quidem

2210 756 2271 800 ut
2305 749 2644 814 existimem,
2681 754 2842 806 etiam
2873 752 3037 818 facit,
3090 767 3199 810 tum
3222 760 3363 827 quod
3403 761 3535 815 nihil
3573 769 3756 827 omnino

2210 839 2386 903 aliud,
2423 842 2564 898 unde
2591 843 2939 912 diplomaillu
2966 847 2977 897 l
3001 863 3094 902 seu
3121 849 3460 922 privilegium
3487 868 3755 926 sispectiim

2213 940 2485 1004 utcunque
2529 937 2816 998 reddatur,
2874 942 3085 1007 uspiam
3139 955 3422 1008 occurrat,
3481 955 3590 1002 tum
3643 957 3756 1021 quod

2213 1022 2386 1092 reipsa
2410 1040 2438 1077 a
2459 1023 2664 1080 Joanne
2687 1027 2752 1081 de
2775 1027 3101 1098 Niecphoro,
3128 1031 3491 1102 Squillacensi
3515 1040 3749 1111 episcopo,

2213 1113 2396 1168 datum
2433 1115 2599 1171 fuisse
2641 1118 2697 1171 S.
2736 1118 2974 1174 Brunoni
3025 1122 3258 1192 diploma
3292 1140 3384 1180 seu
3424 1129 3754 1202 privilegium,
3797 1153 3801 1186 ε

2214 1202 2370 1260 fidem
2402 1206 2564 1263 faciat
2597 1209 2829 1279 diploma
2860 1211 3032 1276 aliud,
3075 1230 3213 1284 quo,
3247 1217 3392 1285 quod
3433 1217 3504 1272 ab
3530 1235 3590 1275 eo
3618 1221 3759 1282 fuerat

2213 1307 2529 1350 conceSsum
2557 1337 2571 1360 ,
2609 1296 2862 1354 Urbanus
2890 1300 2932 1354 ll
2959 1317 3094 1371 papa
3133 1304 3494 1361 confirmavit.
3551 1311 3759 1372 Lubctit

2214 1383 2343 1439 illud
2368 1427 2382 1453 ,
2415 1387 2557 1455 quod
2584 1403 2687 1441 non
2715 1390 2892 1444 minus
2917 1407 3078 1460 quam
3105 1395 3418 1464 praecedens
3442 1398 3510 1452 ad
3537 1397 3757 1459 Sanctum

2216 1487 2460 1532 nostrum
2507 1489 2743 1549 spectet,
2776 1497 2842 1536 ex
2875 1481 3132 1554 Ughello,
3175 1489 3317 1557 apud
3361 1505 3524 1558 quem
3566 1502 3682 1549 tom.
3709 1497 3757 1551 IX

2214 1569 2382 1626 italia:
2409 1587 2580 1627 sacrae
2606 1573 2709 1627 col.
2739 1575 2845 1629 4°27
2878 1587 2932 1630 et
2952 1592 3069 1647 seq.
3096 1589 3310 1646 exstat,
3340 1581 3445 1637 huc
3477 1585 3756 1643 transferre.

2216 1658 2290 1714 lla
2321 1662 2518 1717 habet:
2558 1681 2577 1714 ι
2621 1662 2878 1720 Urbanus
2907 1669 3226 1739 episcopus,
3287 1685 3480 1727 servus
3519 1691 3760 1735 servorum

519 1752 587 1808 de
633 1729 778 1808 libro
796 1755 1116 1810 viventium.
1168 1756 1604 1812 Asseutieatibus
1653 1775 1782 1814 vero
1830 1769 1885 1814 et
1920 1761 2101 1816 defen-

2213 1748 2342 1816 Dei,
2372 1753 2582 1808 dilectis
2621 1755 2674 1808 in
2715 1729 2954 1812 Christo'
2981 1729 3109 1814 filiis
3155 1729 3394 1816 Βέιηιοηί
3459 1772 3513 1818 ct
3555 1765 3759 1828 [.anviuo

519 1843 772 1899 dentibus
823 1861 927 1915 pax
966 1855 1021 1901 et
1054 1848 1160 1902 vita
1221 1863 1344 1902 cum
1394 1851 1608 1906 vivente
1649 1861 1702 1906 et.
1751 1863 2010 1923 regnante
2053 1855 2106 1908 in

517 1935 713 1988 saecula
744 1935 1084 1991 smeulorum.
1117 1939 1313 1994 Amen.
1361 1959 1379 1992 ι

590 2024 716 2079 650.
760 2024 1003 2094 Diploma
1035 2027 1138 2081 hoc
1161 2045 1252 2082 seti
1293 2029 1662 2100 privilegium,
1717 2032 1856 2100 quod
1910 2033 2104 2100 nullas,

518 2130 694 2185 neque
724 2117 881 2170 initio
909 2157 924 2183 ,
968 2134 1144 2190 neque
1174 2120 1227 2173 in
1253 2121 1359 2176 fine
1391 2133 1548 2177 notas
1575 2124 1866 2179 chronieas
1895 2126 1997 2181 sibi
2022 2129 2108 2183 hic

515 2210 801 2279 adjunctas
817 2212 1069 2278 exhibet,
1098 2228 1239 2268 anno
1264 2215 1419 2284 1098,
1443 2217 1626 2272 indict.
1655 2220 1708 2284 6,
1738 2219 1963 2289 septimo
1989 2221 2108 2275 idus

518 2297 642 2352 Maii
671 2315 764 2355 seu
789 2317 930 2355 nona
965 2304 1163 2358 mensis
1196 2306 1354 2373 hujus
1383 2306 1471 2362 die
1509 2307 1694 2362 datum
1744 2309 1918 2364 notari
1964 2308 2107 2363 aflir—

517 2401 631 2446 mat
660 2393 1056 2450 Carthusiauus
1094 2411 1429 2467 anonymus,
1457 2415 1487 2453 e
1516 2397 1668 2468 Cujus
1699 2399 1827 2454 illml
1855 2441 1870 2465 ,
1913 2409 1968 2456 ut
1991 2403 2104 2471 jam

519 2483 740 2549 monui,
804 2485 1094 2542 Annalium
1165 2489 1632 2545 Carthusiensium
1706 2492 1844 2547 libro
1909 2505 2106 2564 quarto

519 2573 790 2630 hactenus
831 2592 933 2630 non
975 2577 1190 2650 vulgato
1233 2583 1694 2637 communicatum
1741 2599 1949 2639 mecum
1985 2584 2104 2639 fuit.

519 2664 723 2720 Verum
765 2677 990 2724 notasne
1040 2671 1472 2728 illasrhrouica's
1524 2675 1575 2728 in
1617 2675 1758 2744 ipso.
1807 2678 1950 2746 quod
2002 2678 2102 2732 sibi

517 2757 768 2825 pra-luxit
791 2797 808 2826 ,
838 2760 1103 2831 privilegii
1137 2762 1280 2816 illius
1325 2779 1418 2816 seu
1445 2766 1778 2834 antographo
1800 2783 1891 2820 seu
1922 2784 2108 2822 exciu-

519 2845 687 2914 plari,
719 2862 784 2900 an
815 2849 975 2916 alibi,
1022 2851 1322 2918 invenerit,
1381 2869 1486 2908 non
1518 2856 1700 2910 edicit.
1760 2858 1894 2913 Ilinc
1931 2860 2106 2929 primo

520 2951 590 2988 an
618 2934 1036 2994 instrumentum
1061 2941 1188 2996 ilhtd
1207 2959 1347 2996 anno
1373 2943 1508 2997 1098
1531 2943 1714 3000 datum
1742 2962 1866 3002 vere
1890 2947 2102 3017 fuisset,

517 3023 648 3080 Inesi
679 3025 872 3082 dubius
893 3069 906 3089 ,
943 3029 1116 3085 donec
1143 3032 1388 3085 eamdem
1421 3034 1468 3086 ei
1492 3035 1754 3102 cpoeham
1784 3038 1851 3091 ab
1881 3037 2104 3109 Ughello

519 3121 652 3168 tom.
702 3115 773 3170 IX
819 3118 987 3174 Italia:
1022 3121 1316 3176 sacraeeol.
1368 3123 1472 3176 427
1525 3127 1790 3197 assignari
1838 3133 2104 3200 comperi.

517 3201 755 3272 Verum,
810 3209 912 3262 etsi
937 3210 1154 3279 quidem
1183 3212 1461 3282 diplomati
1517 3216 1602 3268 isti
1658 3233 1751 3272 seu
1779 3217 2056 3275 beneficiis
2087 3261 2102 3287 ,

515 3311 610 3366 per
639 3297 689 3351 id
716 3297 920 3354 Sancto
941 3301 1155 3356 collatis
1181 3345 1195 3368 ,
1229 3303 1484 3374 Ugltellus
1514 3317 1568 3361 et
1597 3307 1847 3362 laudatus
1877 3310 2106 3368 Cartltu-

516 3385 702 3441 siauos
731 3405 1034 3460 anonymus
1080 3395 1326 3448 eumdem
1356 3412 1586 3458 annum,
1625 3398 1701 3452 uti
1731 3399 1894 3453 etiam
1936 3401 2080 3456 indie

517 3477 750 3544 tionem,
783 3481 1094 3552 assignent,
1143 3484 1194 3538 in
1239 3501 1426 3540 meme
1475 3496 1685 3552 tamen,
1735 3503 1842 3558 quo
1891 3491 1942 3544 id
1987 3493 2102 3547 dari

515 3572 833 3643 contigerit,
864 3575 1176 3642 neutiquam
1209 3585 1530 3631 consonant.
1568 3577 1663 3631 llic
1707 3581 1883 3646 enim,
1911 3582 2100 3650 utjatn

515 3664 702 3729 docui,
735 3682 876 3720 noua
917 3666 1038 3721 Maii
1073 3669 1191 3731 die,
1247 3669 1337 3722 ille
1375 3678 1566 3722 contra
1618 3687 1757 3724 noua
1796 3673 1969 3728 Martii
2017 3676 2102 3731 die

514 3756 854 3828 privilegium
879 3757 1064 3812 datum
1095 3759 1354 3813 affirmat.
1379 3760 1480 3813 Ast
1508 3761 1734 3816 debetne
1756 3765 1822 3818 ob
1842 3765 1892 3818 id
1912 3768 2102 3821 discri-

515 3846 678 3900 miuis
735 3858 1140 3902 monumentum
1202 3849 1330 3902 illud
1359 3851 1643 3920 antiquum
1689 3870 1785 3924 pro
1849 3867 2102 3926 suspecto

514 3934 755 3990 haberi?
813 3936 1072 3992 Camillus
1120 3936 1446 4008 Peregrinus
1505 3940 1556 3994 in
1625 3944 2098 4013 adnotationibus,

514 4041 649 4095 quas
673 4028 737 4081 ad
780 4027 914 4098 Lupi
959 4027 1290 4097 Protospatu:
1316 4030 1608 4086 chronicon
1639 4033 1704 4087 ad
1733 4050 1932 4090 aunmn
1964 4037 2100 4094 i093

419 4143 422 4146 -
514 4117 740 4196 adjecit,
785 4118 858 4170 ita
894 4119 1185 4172 observat:
1221 4137 1240 4170 ι
1277 4119 1519 4176 Mensem
1557 4122 1809 4179 Martium
1841 4143 1938 4197 pro
1962 4127 2100 4184 Maio

513 4222 656 4276 smpe
684 4207 821 4262 alias
851 4209 1188 4278 suppositum
1217 4251 1231 4276 ,
1274 4212 1618 4270 manifestum
1677 4228 1790 4285 est;
1845 4219 2007 4290 idque
2034 4236 2102 4276 ex

515 4312 576 4350 ea
607 4296 744 4350 forte
784 4297 1075 4354 occasione
1112 4307 1329 4367 uatum,
1381 4305 1552 4372 quod,
1611 4309 1829 4363 nomina
1881 4312 2100 4380 propria

2209 1843 2434 1898 salutem
2462 1846 2893 1915 etapostolieam
2946 1850 3396 1907 bened'ctionem.
3451 1853 3588 1922 Quia
3628 1859 3758 1929 igitur

2211 1935 2378 1989 nostri
2408 1934 2571 1990 officii
2607 1936 2864 2002 interest,
2898 1954 3179 1995 servorum
3219 1943 3311 1996 Dei
3349 1945 3522 2013 quieti
3565 1957 3617 2002 et
3643 1965 3760 2005 com-

2211 2026 2413 2092 modis,
2443 2035 2604 2096 prout
2627 2027 2678 2080 iu
2707 2028 2934 2084 Domino
2959 2031 3311 2107 possederit,
3337 2035 3637 2103 providere,
3658 2042 3760 2109 peti-

2212 2116 2450 2172 tionibus
2478 2119 2702 2184 vestris,
2734 2119 2825 2175 filii
2851 2122 2900 2174 iu
2931 2121 3149 2178 Christo
3173 2123 3445 2179 carissimi
3471 2143 3536 2182 ac
3557 2144 3759 2186 reveren-

2209 2209 2418 2265 dissimi
2437 2252 2450 2276 ,
2477 2211 2775 2266 clementer
2802 2213 3114 2269 annuimus.
3141 2215 3246 2270 Per
3269 2216 3432 2287 hujus
3466 2218 3625 2290 igitur
3659 2237 3759 2292 apo-

2209 2302 2384 2357 stolici
2415 2304 2675 2374 privilegii
2704 2305 2953 2374 paginam
2983 2308 3276 2376 apostolica
3317 2312 3640 2367 auctoritate
3655 2329 3758 2370 cou-

2208 2397 2489 2461 cedimus,
2541 2405 2597 2452 et
2647 2397 2858 2452 firmam
2917 2408 2972 2454 et
3023 2401 3271 2455 stabilem
3303 2403 3442 2458 etin
3479 2417 3760 2476 perpetuum

2209 2501 2617 2556 permansuram
2657 2488 3046 2546 confirmamus
3099 2493 3446 2548 donationem
3494 2505 3759 2564 terrarum,

2207 2593 2326 2648 qua:
2355 2579 2506 2633 vobis
2534 2579 2670 2632 datm
2693 2593 2819 2634 sunt
2866 2581 2918 2634 in
2971 2582 3325 2652 Squiltacensi
3373 2587 3673 2655 territorio,
3722 2601 3762 2646 et

2206 2673 2527 2740 conscripta:
2548 2683 2601 2725 et
2627 2672 3000 2726 determinatio
3023 2682 3079 2728 et
3095 2674 3390 2746 designatio
3407 2694 3505 2750 per
3529 2682 3761 2737 terminos

2207 2769 2386 2816 certos
2415 2777 2443 2814 a
2472 2760 2669 2815 dilecto
2697 2773 2886 2817 nostro
2924 2763 3034 2818 filio
3076 2763 3142 2818 Β.
3174 2767 3402 2834 comite,
3453 2779 3534 2834 et,
3589 2769 3764 2828 Joanne

2208 2851 2484 2906 confralre
2505 2862 2692 2908 nostro
2707 2893 2722 2920 ,
2754 2852 3111 2924 Squillacensi
3133 2857 3418 2930 episcopo,
3442 2863 3760 2932 concedente,

2205 2954 2259 3000 et
2291 2945 2630 3000 confirmata.

2286 3025 2411 3089 652.
2457 3055 2474 3086 ι
2509 3034 2774 3101 Quocirca
2799 3040 3056 3108 prmdicta
3083 3042 3410 3098 auctoritate
3431 3046 3760 3118 pracipimus,

2207 3127 2494 3180 szatuimus
2525 3137 2579 3180 et
2608 3142 2700 3192 ea,
2745 3144 2864 3198 quae
2892 3131 3044 3186 vobis
3074 3147 3331 3189 concessa
3361 3146 3488 3192 sunt
3515 3178 3530 3203 ,
3575 3138 3760 3194 licentia

2207 3217 2580 3272 interdicimus
2602 3259 2617 3284 ,
2669 3229 2727 3273 ut
2755 3235 2785 3274 a
2815 3222 2902 3276 die
2930 3223 2981 3277 in
3014 3236 3176 3280 antea
3206 3242 3382 3298 neque
3425 3232 3605 3285 comiti
3645 3232 3760 3302 ipsi,

2207 3326 2379 3377 neque
2413 3309 2571 3362 alicui
2600 3310 2874 3366 hiet-edoni
2901 3329 3122 3370 suorum
3150 3320 3524 3388 supradictam
3553 3333 3757 3378 vestram

2205 3399 2550 3454 donationem
2578 3409 2633 3454 et
2656 3402 2793 3456 hanc
2815 3415 3057 3460 nostram
3084 3409 3552 3467 continuationem
3589 3413 3761 3468 violare

2205 3491 2288 3544 vel
2323 3491 2605 3545 dearctare
2637 3491 2816 3548 iiccat.
2875 3494 3060 3566 Neque
3093 3498 3159 3553 de
3187 3499 3304 3564 his,
3355 3517 3476 3571 qua:
3504 3504 3760 3559 confirma-

2205 3600 2362 3648 mus,
2409 3585 2584 3655 aliqua
2637 3601 2695 3641 re
2739 3587 3060 3644 introinittat
3109 3607 3398 3660 personam
3454 3597 3566 3650 sine
3609 3608 3760 3652 vestra

2204 3673 2510 3740 voluntate,
2568 3685 2832 3743 quatenus
2885 3680 3273 3751 omnipotentis
3302 3684 3393 3740 Dei
3439 3687 3760 3756 speculationi

2204 3759 2478 3814 utentibus
2504 3761 2687 3819 liberis
2718 3761 3022 3835 iusistatis',
3053 3778 3108 3824 et
3142 3774 3208 3828 ad
3250 3773 3370 3842 ejus
3413 3777 3567 3833 faciei
3605 3779 3762 3833 dulce—

2203 3851 2412 3919 dinem,
2443 3853 2558 3924 ipso
2586 3869 2909 3927 praestante,
2967 3866 3252 3934 pervenire
3303 3869 3543 3926 valeatis.
3593 3871 3760 3942 Siqua

2203 3957 2330 3998 vero
2358 3961 2587 4015 persona
2637 3958 2729 4002 aut
2779 3951 2951 4007 lueres
2992 3956 3208 4012 comitis
3248 3958 3420 4029 ipsam
3475 3963 3758 4030 violaverit,

2202 4035 2304 4088 nisi
2335 4037 2399 4088 ad
2422 4039 2742 4105 condignam
2765 4046 2974 4099 venerit
2995 4048 3442 4120 satisfactionem,
3469 4071 3586 4110 eum
3615 4059 3760 4111 houo~

2203 4123 2278 4178 ris
2311 4126 2390 4179 vel
2414 4127 2577 4182 officii
2602 4132 2682 4184 sui
2715 4134 2956 4203 periculo
2985 4139 3272 4208 subjacere
3305 4144 3642 4201 decernimus
3665 4187 3680 4211 ,
3716 4157 3760 4200 et

2201 4231 2230 4270 a
2261 4215 2477 4275 Christo
2502 4236 2566 4277 ac
2600 4224 2842 4281 ecclesia:
2875 4242 3103 4299 corpore
3153 4246 3470 4305 segregatus
3515 4248 3666 4308 atque
3714 4239 3756 4291 in

2200 4320 2404 4367 interno
2460 4316 2711 4370 examine
2767 4319 3011 4376 distriete
3071 4324 3355 4394 subjaceat
3415 4329 3598 4384 ultioni
3659 4332 3758 4385 sine

513 4406 638 4444 cum
664 4389 764 4444 sub
793 4387 1246 4447 Nortmannorum
1290 4403 1450 4451 mlate
1497 4399 1817 4468 capitalibus
1857 4410 2096 4458 tantum-
2127 4419 2175 4479 ι)
2203 4401 2601 4462 intermissione
2629 4418 2682 4464 et
2709 4412 2974 4479 remedio;
3007 4421 3456 4477 conservantibus
3487 4433 3653 4478 autem
3683 4425 3756 4494 pie

513 4479 676 4534 modo
732 4479 931 4536 litteris
982 4482 1211 4552 depictis
1268 4489 1808 4557 compendiarcntur,
1868 4491 2094 4550 Martius

512 4571 745 4637 mensis,
793 4573 870 4627 sic
909 4573 1240 4646 descriptus,
1282 4595 1378 4647 pro
1421 4579 1560 4634 Maio
1613 4597 1643 4636 a
1701 4585 2094 4643 recentioribus

512 4663 754 4719 librariis
783 4681 924 4734 saepe
957 4683 1182 4723 nmnero
1214 4681 1298 4723 est
1326 4685 1602 4743 acceptus.
1648 4674 1799 4731 Sicut
1829 4678 1880 4730 in
1905 4677 2096 4734 Kalen-

512 4756 663 4810 dario
692 4757 898 4824 antiqui
922 4759 1084 4812 etiam
1119 4760 1377 4816 Breviarii
1403 4766 1694 4835 tlampaui,
1761 4770 1810 4822 in
1847 4785 1952 4838 quo
2022 4771 2096 4828 fe-

511 4855 652 4900 stum
682 4847 741 4901 S.
784 4846 1113 4905 Potentiauae
1165 4854 1389 4924 virginis
1419 4872 1701 4926 perperam
1763 4871 1982 4916 notatur
2026 4864 2091 4918 ad

509 4933 652 4988 diem
676 4934 742 4989 l9
770 4933 978 5001 Martii,
1009 4939 1152 5006 quod
1179 4941 1376 4994 colitur
1408 4941 1472 4996 19
1500 4943 1643 4996 Maii.
1677 4965 1694 4996 ι
1722 4945 1884 5001 Forte
1912 4948 2093 5020 itaque

511 5027 747 5094 Iliensis,
806 5044 912 5097 quo
961 5027 1186 5085 Joannis
1235 5031 1300 5086 de
1348 5030 1654 5103 Nicephoro
1705 5036 2089 5108 privilegium,

509 5135 668 5190 supra
705 5121 811 5175 huc
855 5124 1237 5192 transcriptum
1264 5165 1278 5188 ,
1310 5124 1368 5178 S.
1401 5125 1636 5180 Brunoni
1680 5130 1865 5183 datum
1892 5131 2088 5197 fuerit,

509 5210 684 5264 littera
703 5213 914 5281 capitali
937 5213 983 5266 Μ
1011 5215 1261 5283 primitus
1282 5217 1544 5271 duntaxat
1569 5217 1730 5273 fuerit
1777 5236 2088 5292 expressus,

507 5303 740 5374 hincque
759 5307 809 5359 id
839 5307 1184 5362 librariorum
1207 5323 1300 5361 seu
1325 5308 1745 5365 deseribentium
1762 5313 1852 5366 alii
1875 5316 2089 5384 quidem

505 5410 691 5450 niense
729 5395 899 5463 Maio,
951 5395 1041 5450 alii
1070 5404 1262 5452 contra
1296 5415 1481 5455 mense
1507 5401 1701 5459 Martio
1730 5405 1910 5459 datum
1938 5417 2090 5462 nota-

505 5486 632 5540 rint.
674 5496 678 5502 ’

573 5579 696 5634 651.
737 5579 858 5634 Jam
879 5593 1035 5644 vero,
1069 5594 1190 5633 cum
1223 5595 1308 5636 res
1337 5582 1408 5637 ita
1432 5585 1658 5654 habeat,
1714 5605 1819 5645 nou
1846 5601 1930 5645 est
1960 5608 2090 5648 sane

503 5687 594 5729 cur
631 5674 911 5742 antiquum
949 5670 1076 5728 illud
1104 5687 1540 5750 DlOlelillClllUttt,
1567 5683 1710 5755 quod
1739 5699 1923 5742 mense
1947 5687 2086 5746 Maio

2196 4509 2225 4546 a
2265 4496 2374 4549 Deo
2422 4508 2476 4552 et
2522 4500 2894 4558 misericordia
2938 4506 3052 4574 ejus
3101 4512 3460 4577 praesentibus
3490 4524 3543 4570 et
3584 4516 3756 4570 futuris

2196 4585 2408 4642 saeculis
2457 4601 2827 4645 conservetur.
2891 4595 3085 4651 Amen.
3141 4599 3198 4653 Si
3254 4616 3384 4657 vero
3441 4615 3544 4658 tam
3591 4607 3754 4675 legalis

2195 4690 2374 4732 comes
2396 4719 2410 4744 ,
2443 4689 2534 4733 aut
2564 4681 2682 4750 ejus
2713 4683 2886 4740 haeres
2915 4687 3114 4744 addere
3142 4692 3346 4762 aliquid
3396 4697 3518 4752 huic
3548 4699 3756 4754 voluerit

2195 4765 2473 4822 donationi
2495 4809 2508 4834 ,
2544 4771 2643 4826 sub
2673 4771 2775 4828 hac
2797 4784 2980 4830 nostra
3005 4781 3418 4842 confirmatione
3453 4798 3615 4842 ratum
3649 4803 3754 4843 esse

2195 4860 2502 4916 statuimus.

2267 4949 2517 5007 Urbanus
2559 4956 2836 5013 catholicae
2858 4959 3004 5018 Eccl.
3033 4965 3335 5038 cpiscopus.

2266 5042 2374 5112 Ego
2408 5044 2692 5103 Rainerius
2737 5053 2885 5106 card.
2914 5057 3228 5128 subscripsi.

2265 5132 2374 5203 Ego
2398 5133 2634 5191 Joannes
2681 5142 2828 5194 card.
2857 5142 2957 5198 SS.

2265 5223 2375 5295 Ego
2400 5227 2680 5296 Alphauus
2704 5232 3079 5290 Saleruitauus
3112 5238 3438 5310 archiepisc.
3464 5244 3558 5300 SS.

2265 5316 2374 5385 ligo
2398 5319 2621 5376 Amatus
2671 5325 2978 5393 capellanus
3007 5338 3061 5383 et
3087 5333 3342 5389 sacerdos
3374 5336 3472 5392 SS.

2262 5407 2375 5478 Ego
2410 5410 2502 5465 Dis
2534 5413 2850 5483 Capellanus
2879 5419 2977 5473 SS.

2263 5501 2375 5571 Ego
2403 5501 2785 5561 Constantinus
2805 5509 3120 5567 Catacensis
3143 5517 3312 5586 episc.
3344 5519 3447 5576 SS.

2193 5591 2381 5648 Datum
2421 5595 2632 5652 Salerni
2655 5615 2838 5657 mense
2861 5601 3198 5682 Septembri,
3241 5611 3434 5673 indiet.
3456 5614 3508 5686 6,
3527 5629 3654 5673 anno
3683 5611 3746 5669 ab

2192 5687 2568 5747 lucaruatione
2596 5692 2872 5753 Dominica
2903 5695 3064 5758 1098.
3111 5718 3147 5770 »κ
