3846 6316
166 311 249 367 539
949 264 952 268 λ
1612 306 1613 309 γ
1654 294 1858 357 ACTA.

3295 305 3406 362 390

216 420 323 478 633.
360 415 673 473 Ruinartins
712 416 765 472 in
794 415 997 472 Urbani
1046 414 1086 469 ll
1126 428 1276 484 papae
1302 411 1456 476 Vita,
1490 419 1710 465 narrato
1739 416 1786 475 Α
1819 409 1949 464 mite
1968 409 2225 483 Rogerio,
2241 412 2353 469 sive
2381 412 2450 469 ab
2474 410 3015 483 aliisquibuscunque
3036 412 3407 472 inTurritanae

163 510 393 582 pontificis
420 508 583 577 hujus
614 523 737 563 cum
790 506 1027 577 Rogcrio
1052 548 1067 571 ,
1121 504 1385 560 Calabriae
1429 510 1484 575 et
1515 499 1711 555 Sicilia:

162 604 351 667 comite,
380 610 501 671 post
536 598 774 668 Capuam
809 614 994 653 mense
1030 597 1191 653 Juuio
1238 594 1365 649 anni
1418 594 1585 659 1098,
1634 592 1713 647 ιιιί

161 694 275 748 infra
298 691 533 763 probabo
560 731 577 757 ,
606 706 635 744 a
671 691 917 760 principe
955 691 1047 743 illo
1072 696 1459 758 expugnatam,
1498 686 1552 740 in
1580 685 1713 740 urbe

160 783 463 839 Salernitana
491 796 822 851 congressu,
851 795 976 849 pag.
1006 779 1112 833 299
1139 780 1206 833 ad
1228 777 1479 833 eumdem
1512 791 1712 829 annum

160 873 270 928 1098
314 873 382 925 ita
429 881 742 926 memorat:
790 888 808 920 ι
849 869 1016 923 Paulo
1062 877 1184 939 post
1237 869 1291 923 id
1342 879 1585 937 tempus,
1625 867 1713 920 die

158 962 412 1019 scilicet‘20
432 962 563 1016 Julii
590 962 867 1031 sequentis
890 960 1130 1031 pontifex
1162 961 1228 1015 ad
1251 960 1476 1014 alterius
1494 958 1712 1027 Rogerii

156 1069 317 1125 nempe
336 1055 486 1108 ducis
512 1054 757 1124 Apuliae,
795 1063 849 1107 et
880 1051 1059 1106 Alfani
1088 1050 1485 1120 archiepise0pi
1517 1063 1711 1119 preces

158 1150 332 1219 insigne
359 1148 704 1217 privilegium
743 1145 1102 1201 Salernitatne
1134 1145 1375 1200 ecclesiae
1400 1142 1672 1199 concessit
1694 1182 1709 1208 ,

158 1242 319 1296 collato
363 1241 412 1295 ei
458 1240 700 1309 primatu
761 1239 815 1292 in
866 1238 1001 1292 duas
1052 1236 1402 1306 metropoles,
1453 1233 1712 1304 Compsa-

156 1347 257 1388 nam
283 1341 333 1385 et
376 1330 812 1385 Aclterouttnam
837 1369 852 1394 ,
888 1344 1009 1398 quae
1058 1328 1187 1382 olim
1220 1328 1317 1397 ipsi
1362 1327 1484 1394 jure
1512 1334 1713 1379 metro-

156 1424 343 1495 politico
392 1423 658 1491 subjecta:
704 1421 938 1476 fuerant.
1013 1421 1145 1475 Data
1193 1429 1277 1475 est
1322 1419 1466 1474 bulla
1515 1418 1601 1473 die
1646 1417 1713 1471 15

156 1516 384 1572 Kalendas
440 1516 676 1585 Augusti
727 1529 869 1568 anno
914 1513 1087 1574 1099.
1135 1523 1194 1566 ιιι
1251 1512 1544 1581 praeferunt
1595 1510 1714 1580 ejus

152 1606 486 1675 exemplaria,
534 1605 634 1659 sed
662 1605 816 1673 quia
866 1618 1051 1659 mense
1096 1602 1288 1656 Martio
1336 1603 1461 1655 anni
1513 1615 1714 1670 praece-

156 1699 298 1753 dentis
347 1696 694 1751 incltoandus
743 1706 857 1759 est,
919 1704 980 1748 ut
1039 1694 1105 1749 ad
1149 1703 1469 1763 praesentem
1510 1706 1711 1744 annum

1816 503 1869 557 in
1902 503 2151 559 Calabria
2180 506 2348 560 eremi
2393 504 2634 563 favorem
2668 505 3015 575 impetravit,
3070 506 3274 560 nullum
3323 519 3408 563 est

1814 595 2076 650 illustrius
2102 597 2379 667 magisque
2408 612 2439 649 a
2462 595 2824 665 scriptoribus
2854 595 3213 664 celebratum,
3239 613 3407 667 quam

1813 688 1955 758 quod
1976 688 2246 758 Capuana:
2280 688 2581 744 obsidionis
2600 687 2890 742 occasione
2926 687 2996 740 ab
3036 687 3129 741 illo
3160 688 3407 760 principe

1814 793 1992 843 anno,
2027 781 2101 832 uti
2159 778 2296 832 infra
2349 778 2630 847 probabo,
2683 777 2821 832 1099
2866 776 3125 832 obtinuit.
3156 777 3406 846 Accidit,

1815 869 1989 938 inquit
2023 868 2334 923 Gaufredus
2379 868 2669 922 Malatcrra
2693 867 2947 923 Historia:
2970 867 3167 924 Siculae
3193 870 3289 925 lib.
3324 887 3406 936 tv,

1814 975 1932 1026 cap.
1957 961 2053 1026 26,
2086 978 2106 1012 ι
2138 969 2191 1014 ut
2229 959 2495 1015 Ricardus
2519 958 2740 1015 Juvenis
2766 1001 2781 1028 ,
2834 958 3086 1015 Jordanis
3149 961 3409 1031 principis

1817 1052 2000 1117 ﬁlius,
2066 1053 2320 1123 princeps
2359 1061 2414 1106 et
2468 1052 2583 1122 ipse
2631 1053 2887 1120 Aversze,
2936 1054 3191 1110 (leftncto
3245 1066 3396 1125 patre

1814 1145 2010 1208 orbus,
2065 1145 2292 1214 pusillus
2329 1153 2642 1213 superstes,
2695 1144 2886 1200 fraude
2925 1146 3405 1217 Longobatdarntn

1815 1236 1949 1291 urbe
1984 1235 2235 1306 Capuana
2290 1236 2487 1306 injuste
2533 1234 2644 1305 jam
2692 1236 2894 1291 dudum
2944 1236 3224 1305 privatus,
3283 1252 3411 1293 cum

1809 1325 1922 1395 jam
1955 1326 2023 1379 ad
2055 1326 2445 1395 intelligibilem
2475 1335 2690 1381 aetatem
2727 1326 3064 1394 pervenisset
3091 1366 3105 1391 ,
3146 1327 3406 1381 damnum

1815 1416 1917 1471 sibi
1955 1416 2160 1472 illatum
2186 1418 2373 1473 videns
2395 1428 2448 1472 et
2477 1417 2694 1485 dolens,
2720 1432 2785 1471 ac
2810 1416 2877 1471 de
2906 1419 3221 1472 auctoribus
3245 1417 3410 1473 ultio-

1816 1524 1940 1563 nem
1966 1518 2149 1579 petere
2176 1510 2496 1579 disponens,
2530 1511 2596 1564 ad
2623 1509 2722 1564 sibi
2745 1509 3208 1580 consanguineum
3239 1511 3410 1564 comi-

1817 1610 1923 1655 tem
1955 1602 2240 1672 (Calabriae
2262 1618 2454 1672 nempe
2476 1613 2529 1657 et
2552 1602 2753 1657 Siciliae
2770 1601 3086 1673 Rogerium)
3112 1602 3408 1672 prudentes

1815 1696 1967 1751 viros
1993 1695 2215 1765 supplex
2246 1696 2485 1749 illorsum
2534 1694 2738 1765 (supple
2770 1693 2995 1763 mittit,)
3022 1703 3080 1747 ut
3119 1694 3221 1748 sibi
3253 1694 3412 1748 auxi-

157 1788 359 1844 revocari
384 1788 577 1858 possit.
613 1790 683 1839 At
714 1785 935 1840 iudieiio
970 1785 1045 1851 1,
1096 1801 1217 1854 quae
1269 1785 1339 1839 ibi
1397 1782 1709 1852 apponitur,
1747 1770 1788 1827 Β
1820 1788 1943 1842 lium
1998 1788 2208 1842 laturus
2234 1787 2540 1842 accelerare
2587 1801 2693 1840 non
2749 1784 2961 1841 differat
3014 1801 3137 1841 cum
3183 1787 3409 1841 servitio

155 1880 364 1935 excusari
393 1880 610 1949 nequit,
643 1879 742 1933 nisi
766 1894 920 1932 error
945 1878 999 1932 in
1030 1877 1712 1945 amanuensesrejiciatttr.

154 1972 302 2027 Locus
337 1972 424 2026 ltic
449 1978 605 2025 esset
627 1970 692 2024 de
728 1969 899 2023 altero
931 1968 1134 2023 Urbani
1167 1969 1430 2037 rescripto
1478 1969 1710 2039 agendi,

156 2081 238 2136 quo
260 2066 306 2119 iu
329 2065 561 2136 gratiam
599 2063 839 2134 ejusdem
868 2063 1115 2118 ecclesia:
1144 2064 1425 2134 privilegia
1453 2063 1714 2119 Cavensis

154 2158 424 2213 monasterii
460 2166 833 2222 revocantur,
875 2156 921 2211 si
962 2158 1146 2211 datum
1190 2156 1375 2210 Romae
1416 2172 1520 2210 non
1567 2158 1714 2212 dice-

155 2259 305 2327 retur,
334 2258 385 2303 et
408 2248 648 2302 indictio
683 2247 711 2300 7
736 2288 752 2314 ,
787 2261 949 2316 quam
974 2245 1223 2315 prmfert,
1257 2247 1384 2301 huic
1407 2262 1548 2301 anno
1583 2262 1716 2302 con-

157 2339 305 2393 venire
325 2348 525 2407 posset.
562 2338 643 2392 De
670 2353 736 2393 eo
769 2337 1019 2392 inferius.
1073 2338 1142 2391 At
1192 2337 1463 2391 sincerum
1491 2339 1714 2393 omnino

152 2437 196 2482 et
217 2430 407 2498 penitus
438 2429 727 2483 indubinm
754 2437 838 2483 est
867 2427 997 2482 illud
1023 2469 1039 2494 ,
1087 2429 1230 2498 quod
1256 2442 1442 2482 mense
1470 2428 1717 2499 Septem-

157 2520 385 2590 bribujus
428 2522 560 2575 anni
616 2520 778 2589 (1098
825 2525 1040 2590 nempe)
1083 2519 1329 2575 Urbanus
1363 2529 1552 2574 sancto
1583 2519 1716 2573 Bru-

158 2614 284 2679 noni,
312 2614 805 2669 Carlbusianorum
834 2612 1046 2682 parenti
1072 2653 1086 2677 ,
1113 2612 1206 2682 qui
1232 2620 1357 2667 tunc
1391 2611 1444 2665 in
1482 2611 1715 2681 Squilla-

156 2705 272 2760 censi
298 2719 476 2761 eremo
504 2704 848 2769 morabatur,
867 2703 1163 2769 concessit,
1183 2703 1248 2757 ad
1274 2703 1323 2758 ei
1345 2702 1714 2757 confirmanda

156 2806 198 2851 et
212 2798 479 2853 asserenda
511 2794 702 2851 omnia
733 2797 868 2850 bona
889 2835 904 2861 ,
961 2810 1081 2865 quae
1106 2810 1135 2849 a
1172 2794 1404 2865 [logerio
1435 2794 1632 2848 comite
1662 2801 1717 2848 et

156 2886 359 2955 Joanne,
412 2886 785 2958 Squillacensi
829 2887 1083 2957 episcopo
1110 2926 1151 2952 ,.
1178 2886 1348 2955 ipsius
1388 2883 1716 2938 monasterio

157 2981 313 3050 collata
347 2981 591 3036 fuerant.
657 2978 788 3034 illud
822 2980 1004 3033 datum
1039 2987 1122 3032 est
1164 2976 1376 3032 Salerni
1422 2976 1524 3031 hoc
1573 2991 1718 3031 anno

158 3073 286 3143 (1098
310 3073 604 3138 nimirum,
652 3081 712 3127 ut
750 3072 861 3142 jam
914 3070 1121 3140 monui)
1148 3084 1334 3125 mense
1370 3068 1713 3139 Septembri,

158 3165 409 3223 indictione
440 3167 503 3231 6;
540 3166 688 3220 unde
714 3164 1064 3234 conjicimus,
1106 3161 1384 3217 Urbanum
1412 3176 1475 3217 ea
1500 3162 1552 3215 in
1584 3161 1717 3215 urbe

157 3272 295 3330 usque
314 3258 377 3313 ad
397 3258 647 3313 Barense
673 3256 985 3320 concilium,
1025 3274 1044 3307 ι
1081 3255 1223 3324 quod
1246 3254 1390 3309 dicto
1413 3267 1555 3307 anno
1582 3250 1719 3307 1098

158 3367 310 3407 mense
336 3351 568 3408 Octobri
601 3350 932 3405 celebratum
961 3347 1061 3402 fuit
1088 3388 1103 3415 ,
1143 3366 1160 3398 ι
1193 3347 1580 3417 permansisse.
1626 3365 1646 3398 ι

210 3441 319 3496 651.
360 3442 483 3496 ιιωο
512 3442 588 3495 de
612 3455 776 3509 supra
810 3438 1068 3503 recitato,
1113 3437 1257 3507 quod
1304 3436 1554 3492 Urbanus
1580 3449 1719 3506 papa

157 3536 445 3594 S.Brunoni
477 3537 793 3600 concessit,
839 3535 1127 3607 diplomate
1152 3533 1490 3591 Ruinartius.
1538 3534 1718 3604 Atque

159 3645 207 3684 ex
235 3631 308 3686 bis
335 3631 559 3701 quidem
599 3629 899 3695 habemus,
950 3644 1093 3684 anno
1135 3628 1272 3684 1098
1321 3626 1561 3692 Salerni,
1614 3640 1720 3697 quo

159 3720 251 3776 loco
299 3732 349 3776 et
406 3738 559 3776 anno
608 3722 840 3791 diploma
892 3722 1074 3775 datum
1137 3729 1388 3785 notatur,
1442 3718 1718 3773 Urbanum

160 3812 425 3877 exstitisse;
459 3822 522 3868 ut
559 3809 738 3876 forte,
788 3828 910 3866 cum
964 3810 1159 3865 civitas
1213 3808 1305 3863 illa
1358 3824 1387 3862 a
1430 3807 1719 3862 Turritana

160 3920 313 3959 eremo
353 3923 457 3960 non
497 3904 794 3959 admodum
838 3905 909 3957 sit
942 3912 1178 3967 remota,
1231 3902 1464 3956 Sanctus
1494 3911 1678 3956 noster
1702 3942 1717 3966 ,

162 3992 285 4060 cujus
311 4011 371 4050 ac
397 3996 631 4050 Lanvini
660 3995 918 4065 petitione
941 4008 1063 4049 sese
1083 4034 1097 4059 ,
1131 3994 1273 4063 quod
1311 3993 1422 4061 jam
1463 3994 1717 4060 recitavi,

161 4086 466 4158 privilegium
521 4086 738 4141 dedisse
784 4083 1024 4154 pontifex
1055 4084 1261 4148 innuit,
1292 4083 1577 4138 Salernum
1601 4100 1720 4139 sese

164 4181 214 4233 ad
239 4181 369 4236 hunc
397 4197 521 4237 cum
554 4180 802 4233 Lanvino
843 4189 969 4232 tunc
1019 4176 1339 4241 contulerit,
1391 4176 1719 4246 Barensique

163 4275 384 4339 concilio,
422 4272 567 4329 haud
600 4273 799 4326 dudum
831 4282 953 4340 post
985 4271 1170 4325 datum
1196 4268 1537 4339 privilegium
1581 4268 1720 4323 cele-

164 4362 325 4429 ltrato,
351 4363 691 4427 interfuerit;
725 4362 867 4431 quod
896 4376 1029 4415 vero
1072 4360 1140 4415 ad
1192 4369 1347 4414 notas
1399 4358 1713 4422 eltronicas,

1815 1895 1935 1935 suo.
1977 1900 1996 1932 ι
2034 1880 2228 1934 Comes
2252 1877 2637 1949 consanguinei
2666 1877 2747 1932 sui
2782 1877 3051 1948 legatione
3095 1886 3273 1933 motus
3302 1893 3407 1933 non

1814 1973 2069 2043 exiguum
2099 1972 2315 2042 collegit
2343 1970 2640 2026 exercitum
2661 2010 2676 2037 ,
2710 1970 2920 2040 hocque
2946 1968 2999 2024 in
3033 1969 3177 2023 illius
3212 1984 3410 2039 suppe-

1819 2065 1922 2119 tias
1955 2065 2009 2119 in
2040 2064 2393 2133 Campaniam
2426 2061 2659 2117 adducto
2682 2102 2698 2129 ,
2728 2070 2784 2117 et
2814 2076 2934 2117 cum
2967 2061 3183 2132 Roget-ii
3215 2062 3368 2116 ducis
3390 2101 3406 2126 ,

1816 2156 1969 2226 cujus
1998 2167 2223 2227 patruus
2252 2165 2401 2219 erat,
2435 2170 2497 2210 ac
2526 2154 2788 2209 Ricltardi
2825 2154 3091 2210 Aversani
3117 2154 3405 2226 principis,

1816 2249 2032 2320 cognati
2085 2249 2201 2315 sui,
2253 2248 2423 2317 copiis
2472 2248 2762 2317 conjuncta
2813 2245 3084 2317 Capuam,
3144 2247 3221 2301 uti
3269 2244 3408 2300 infra

1790 2343 2020 2397 docebo
2049 2383 2062 2408 ,
2104 2356 2246 2396 anno
2277 2340 2413 2396 1098
2442 2340 2657 2396 obsedit
2711 2353 2776 2394 ac
2830 2340 3177 2411 expugnavit.
3208 2340 3408 2394 Verum

1815 2433 2110 2489 obsidionis
2154 2444 2395 2503 tempore
2433 2447 2684 2503 magnum
2729 2446 2913 2488 comes
2947 2433 3413 2502 ineurritpcricn-

1818 2524 1947 2579 lum.
1976 2527 2198 2597 Sergius
2218 2525 2460 2591 Graecus,
2484 2539 2644 2595 quem
2672 2524 2925 2580 ducentis
2948 2526 3185 2580 nationis
3208 2524 3411 2581 Grzncm

1822 2618 2104 2689 armigeris
2132 2617 2451 2688 prchecerat
2469 2658 2482 2681 ,
2513 2616 2744 2687 pecunia
2778 2632 2899 2671 cum
2921 2616 3194 2686 Capuanis
3220 2628 3411 2687 pactus

1817 2720 1968 2775 erat,
2000 2725 2120 2766 sese
2160 2711 2270 2776 eis,
2301 2725 2407 2781 quo
2432 2709 2607 2765 noctis
2636 2718 2881 2780 tempore
2912 2710 2964 2763 in
2995 2708 3211 2780 Rogerii
3257 2724 3413 2765 exer-

1818 2804 1983 2859 citum
2008 2818 2075 2857 ex
2104 2803 2394 2873 improviso
2433 2802 2735 2871 irrumpere
2763 2841 2779 2864 ,
2826 2801 3006 2870 itaque
3047 2816 3170 2855 cum
3205 2802 3414 2857 caedere

1821 2912 1883 2952 ac
1921 2897 2169 2950 comitem
2204 2897 2377 2965 ipsum
2410 2908 2605 2950 necare
2652 2904 2901 2963 possent,
2956 2895 3164 2949 aditum
3194 2906 3413 2966 aperui-

1820 3005 1961 3043 rum.
1993 2988 2108 3043 Nox
2142 2988 2255 3056 jam
2288 2990 2510 3053 aderat,
2557 3003 2664 3059 qua
2710 2987 2960 3042 effectum
2998 2989 3259 3044 sortitura
3294 2999 3414 3044 erat

1744 3117 1787 3179 Ο
1821 3082 2088 3153 proditio,
2127 3082 2615 3151 Capuanorum'que
2671 3080 2867 3149 c0piac,
2930 3088 3018 3145 ut,
3088 3081 3232 3151 quod
3286 3096 3411 3137 cum

1822 3174 1970 3230 ltisce
2014 3172 2235 3244 Sergius
2264 3181 2454 3241 pactus
2498 3177 2649 3234 erat,
2700 3180 3171 3242 exsequerentur,
3211 3182 3417 3243 paratae

1820 3267 2135 3331 adstabant,
2192 3263 2422 3321 cum'S.
2471 3262 2655 3317 Bruno
2688 3277 2781 3318 seu
2821 3264 2999 3333 potius
3030 3279 3097 3319 ex
3134 3265 3410 3329 dicendis,

1828 3360 2159 3414 facientibus
2190 3358 2241 3413 id
2270 3357 2429 3428 hujus
2472 3356 2682 3411 meritis
2709 3372 2771 3410 ac
2799 3356 3049 3425 precibus
3072 3397 3087 3421 ,
3139 3357 3239 3412 sub
3284 3355 3416 3411 Bru-

1821 3454 1978 3509 nonis
2037 3453 2220 3507 habitu
2268 3466 2334 3506 ac
2385 3450 2568 3522 specie
2618 3449 2839 3521 angelus
2867 3449 3055 3505 comiti
3101 3449 3156 3504 in
3209 3452 3416 3507 somnis

1821 3543 2098 3614 apparuit,
2133 3542 2577 3613 imminentisque
2616 3541 2841 3611 periculi
2889 3555 3012 3595 eum
3054 3542 3413 3596 commonuit.

1821 3634 2014 3690 Comes
2041 3634 2165 3688 hinc
2197 3634 2395 3688 timore
2430 3631 2741 3703 perculsus,
2780 3633 2964 3702 itaque
2999 3630 3415 3702 expergefactus

1823 3726 2020 3781 milites
2047 3726 2245 3781 excivit
2277 3728 2344 3779 ad
2375 3739 2557 3790 arma,
2607 3732 2846 3779 structas
2900 3723 3001 3780 sibi
3046 3723 3269 3780 insidias
3294 3724 3418 3778 dis-

1822 3819 1987 3891 pulit,
2054 3818 2237 3872 hostes
2278 3815 2523 3884 fugavit,
2582 3813 2872 3884 plerosque
2918 3814 3237 3885 proditionis
3292 3830 3415 3871 reos

1823 3911 1994 3981 cepit,
2034 3910 2385 3978 Capuamque
2414 3906 2558 3961 haud
2581 3905 2779 3959 dudum
2805 3916 2927 3975 post
2953 3906 3187 3977 subegit.

1894 4002 2017 4056 656.
2059 4001 2170 4055 liae
2220 4012 2384 4069 porro
2428 3996 2495 4050 ad
2550 3995 2762 4051 felicem
2812 3995 3016 4049 exitum
3067 3995 3413 4065 expeditione

1820 4095 2076 4164 perducta
2098 4132 2113 4157 ,
2155 4091 2332 4159 primo
2359 4103 2418 4144 se
2440 4086 2726 4143 Salernum
2746 4128 2760 4153 ,
2803 4086 2891 4141 ubi
2921 4101 3042 4141 cum
3070 4102 3134 4141 eo
3162 4085 3414 4141 Urbanus

1820 4185 1862 4239 ll
1897 4198 2031 4254 papa
2055 4182 2377 4251 colloquium
2403 4177 2623 4242 habuit,
2656 4186 2819 4248 atque
2841 4176 3120 4246 aliquanto
3155 4174 3413 4242 temporis

1820 4277 1994 4347 spatio
2023 4274 2121 4328 fuit
2147 4282 2420 4335 versatus,
2454 4284 2518 4323 ac
2544 4267 2739 4322 deinde
2767 4265 3119 4333 Squillacium
3159 4263 3210 4316 in
3251 4260 3410 4315 Cala-

1821 4372 1992 4425 briam
2026 4366 2283 4423 contulit.
2339 4364 2582 4431 Cumque
2637 4359 2710 4413 ibi
2752 4355 3159 4428 quatuordccim
3196 4354 3409 4408 dierum

164 4455 327 4523 quibus
364 4456 708 4527 privilegium
752 4452 1083 4523 pontificium
1120 4452 1368 4522 signatur
1391 4490 1405 4515 ,
1450 4449 1714 4519 pertinet,
1747 4465 1796 4525 ι)
1826 4459 1999 4529 spatio
2030 4457 2258 4511 adversa
2289 4451 2594 4505 valetudine
2627 4447 2933 4511 laboraret,
2975 4443 3031 4500 S.
3064 4443 3268 4508 Bruno,
3303 4459 3411 4514 quo

164 4562 262 4600 cum
302 4548 554 4603 Urbanus
608 4546 648 4599 ll
696 4560 864 4615 papa,
921 4542 1373 4613 quemadmodum
1424 4555 1573 4593 num.
1616 4538 1719 4594 569

168 4634 326 4702 docui,
366 4637 662 4692 indictione
703 4634 945 4689 Ctesarea
994 4648 1087 4686 seu
1118 4630 1560 4686 Constantiniana
1590 4644 1719 4685 usus

167 4727 250 4791 sit,
279 4729 537 4799 hujusque
562 4725 774 4797 generis
806 4722 1026 4777 indictio
1051 4722 1275 4791 septima
1301 4761 1315 4784 ,
1375 4734 1481 4775 non
1533 4730 1715 4786 sexta,

167 4834 188 4871 a
211 4820 455 4890 vigesima
486 4827 684 4888 quarta
713 4813 1048 4884 Septembris
1092 4812 1216 4865 anni
1247 4810 1384 4865 1098
1429 4810 1516 4864 die
1550 4824 1722 4879 usque

168 4913 221 4964 ad
238 4914 475 4968 eumdem
518 4908 852 4981 Septembris
889 4907 1015 4961 anni
1051 4905 1328 4976 sequentis
1374 4904 1513 4959 diem
1558 4903 1721 4959 fuerit

169 4999 210 5053 in
234 5016 381 5058 cursu
400 5044 414 5068 ,
443 5016 783 5069 consequens
796 5010 879 5055 est
915 5008 973 5051 ut
997 4997 1331 5067 privilegium
1356 4993 1717 5064 pontificium,

170 5102 322 5161 utpote
346 5108 489 5148 anno
534 5092 697 5157 1098,
744 5090 1038 5145 indictione
1089 5098 1239 5144 sexta
1289 5102 1580 5156 menseqne
1626 5087 1723 5140 Sc-

171 5186 368 5250 ptembri
393 5195 665 5250 notatum,
700 5197 888 5237 mense
914 5184 1017 5236 hoc
1034 5181 1099 5236 ad
1134 5179 1446 5251 vigesimum
1472 5187 1717 5249 quartam

172 5279 287 5332 diem
313 5280 544 5335 nondum
580 5285 833 5349 provecto
866 5276 1048 5329 datum
1082 5273 1264 5328 fuerit.

176 5368 198 5439 ς
222 5369 446 5426 XXXIX.
490 5370 713 5426 Sanctus
737 5370 973 5423 comitem
1006 5363 1720 5439 Rogerinntprmsentissinto

227 5444 439 5509 periculo
472 5460 562 5508 per
598 5443 842 5495 visionem
866 5481 880 5505 ,
922 5455 1024 5506 qua
1054 5434 1213 5506 hujus
1244 5435 1393 5509 illum
1424 5444 1596 5487 mouet
1617 5475 1630 5495 ,
1664 5434 1719 5486 in

231 5506 479 5567 Obsidione
496 5512 750 5582 Capuam;
771 5510 977 5582 liberat,
1004 5506 1413 5582 ttovtuttque‘ltac
1426 5519 1717 5582 occasione,

231 5598 317 5650 quo
343 5574 650 5651 plurima'et'
697 5584 829 5636 bona
872 5578 1131 5650 Rogeritts
1188 5574 1387 5647 confert
1414 5616 1427 5642 ,
1486 5574 1719 5645 diploma

233 5654 421 5707 obtinet.

238 5745 501 5804 035.1nter
520 5748 698 5804 omnia
727 5744 1041 5819 diplomata,
1071 5758 1186 5815 quze
1202 5740 1432 5799 Sanctus
1458 5739 1568 5798 sive
1589 5755 1617 5795 a
1638 5753 1723 5797 co-

1822 4565 1942 4605 cum
1969 4550 2019 4602 in
2057 4546 2229 4601 morbi
2258 4542 2519 4599 molestiis
2549 4539 2959 4604 consolaretur,
3006 4536 3074 4591 ad
3101 4535 3411 4592 amantissi-

1820 4656 1966 4696 mum
1996 4640 2077 4695 sui
2108 4639 2439 4710 principem,
2493 4645 2727 4705 quatuor
2779 4632 2900 4687 aliis
2932 4630 3199 4701 religiosis
3239 4631 3406 4686 eremi

1821 4734 2121 4790 Calabriuaa
2187 4731 2374 4788 incolis
2441 4730 2545 4785 sibi
2601 4726 2909 4799 adjunctis,
2966 4726 3137 4781 venit.
3216 4724 3409 4781 Comes

1822 4839 2066 4883 sanctum
2124 4824 2310 4880 Virum
2371 4823 2760 4893 benignissime
2815 4820 2881 4876 de
2948 4834 3098 4874 more
3154 4819 3404 4888 excepit,

1822 4922 1977 4990 eique
2000 4960 2014 4984 ,
2040 4920 2182 4989 quod
2215 4918 2297 4973 sui
2329 4916 2493 4973 etiam
2538 4915 2734 4971 absens
2759 4916 2810 4970 in
2848 4912 3129 4969 obsidione
3157 4912 3406 4981 Capuana

1823 5027 2004 5066 curam
2031 5011 2329 5081 gessisset,
2390 5023 2633 5063 summas
2690 5007 2894 5078 gratias
2946 5006 3087 5075 egit,
3137 5004 3303 5057 multa
3356 5001 3403 5056 ei

1822 5100 1958 5171 grati
1990 5100 2156 5154 animi
2183 5114 2311 5170 ergo
2337 5098 2477 5153 dona
2505 5096 2759 5151 offerens.
2798 5096 2995 5150 Verum
3038 5094 3150 5147 lnec
3189 5091 3403 5153 Bruno.

1824 5192 1913 5261 qui
1945 5207 2051 5246 non
2089 5205 2173 5255 se,
2201 5191 2292 5245 sed
2319 5189 2564 5259 angelum
2587 5228 2602 5255 ,
2646 5186 2983 5258 principibus
3014 5192 3257 5251 tempore
3286 5181 3408 5250 beli

1822 5283 2156 5346 adstantem,
2183 5282 2234 5334 in
2265 5281 2545 5335 obsidione
2567 5280 2822 5349 Capuana
2854 5276 3037 5332 comiti
3068 5272 3408 5343 apparuisse,

1823 5374 2201 5438 asseverabat,
2226 5372 2395 5427 noluit
2419 5373 2685 5441 accipere.
2718 5371 3001 5430 Attamen,
3059 5382 3182 5422 cum
3222 5374 3408 5436 postea

1824 5464 2058 5520 Sanctus
2086 5464 2260 5533 aliqua
2294 5461 2488 5517 saltem
2513 5476 2541 5515 a
2564 5461 2758 5515 comite
2790 5459 2891 5513 sibi
2950 5456 3142 5511 donari
3183 5470 3409 5511 consen-

1824 5556 2021 5620 sisset,
2053 5555 2178 5610 dato
2206 5553 2292 5608 hic
2313 5552 2603 5623 diplomate
2635 5551 2936 5605 Turritanze
2971 5547 3139 5603 eremi
3186 5562 3408 5618 posses-

1824 5650 2002 5704 siones
2024 5647 2295 5703 auctiores
2320 5647 2495 5716 longe,
2520 5660 2679 5713 quam
2701 5653 2825 5697 ante
2848 5642 3076 5697 fuissent
3101 5683 3115 5707 ,
3151 5640 3407 5706 red.lidit,

1827 5739 2131 5809 militesque
2164 5734 2483 5808 proditionis
2528 5733 2793 5804 Capuanae
2831 5746 2956 5791 reos
2980 5772 2997 5803 ,
3046 5747 3181 5805 quos
3223 5747 3407 5790 secum
