  <div class='ocr_page' id='page_1' title='image "/cluster/home/n/w/nwhite01/storage/ocr_20150623/152/hvd.32044015473804/201.png"; bbox 0 0 3846 6316; ppageno 0'>
   <div class='ocr_carea' id='block_1_1' title="bbox 463 233 564 290">
    <p class='ocr_par' dir='ltr' id='par_1_1' title="bbox 463 233 564 290">
     <span class='ocr_line' id='line_1_1' title="bbox 463 233 564 290; baseline -0.04 1"><span class='ocrx_word' id='word_1_1' title='bbox 463 233 564 290; x_wconf 84' lang='lat'><strong>&#39;59!</strong></span> 
     </span>
    </p>
   </div>
   <div class='ocr_carea' id='block_1_2' title="bbox 1249 179 2900 310">
    <p class='ocr_par' dir='ltr' id='par_1_2' title="bbox 1249 179 2900 310">
     <span class='ocr_line' id='line_1_2' title="bbox 1249 179 2900 310; baseline -0.001 -28"><span class='ocrx_word' id='word_1_2' title='bbox 1249 229 1304 282; x_wconf 93' lang='lat' dir='ltr'><strong>S.</strong></span> <span class='ocrx_word' id='word_1_3' title='bbox 1347 226 1691 284; x_wconf 78' lang='lat' dir='ltr'><strong>BRUNONIS</strong></span> <span class='ocrx_word' id='word_1_4' title='bbox 1718 223 2362 282; x_wconf 62' lang='lat' dir='ltr'><strong>CAIKTIIUSMNORUM</strong></span> <span class='ocrx_word' id='word_1_5' title='bbox 2412 179 2900 310; x_wconf 68' lang='lat' dir='ltr'><strong>INSTITUTQBIS</strong></span> 
     </span>
    </p>
   </div>
   <div class='ocr_carea' id='block_1_3' title="bbox 3617 233 3709 286">
    <p class='ocr_par' dir='ltr' id='par_1_3' title="bbox 3617 233 3709 286">
     <span class='ocr_line' id='line_1_3' title="bbox 3617 233 3709 286; baseline 0 0"><span class='ocrx_word' id='word_1_6' title='bbox 3617 233 3709 286; x_wconf 69' lang='lat'><strong>592</strong></span> 
     </span>
    </p>
   </div>
   <div class='ocr_carea' id='block_1_4' title="bbox 458 348 3705 423">
    <p class='ocr_par' dir='ltr' id='par_1_4' title="bbox 458 348 3705 423">
     <span class='ocr_line' id='line_1_4' title="bbox 458 348 3705 423; baseline 0.001 -17"><span class='ocrx_word' id='word_1_7' title='bbox 458 367 524 406; x_wconf 84' lang='lat' dir='ltr'><strong>ex</strong></span> <span class='ocrx_word' id='word_1_8' title='bbox 560 353 658 406; x_wconf 89' lang='lat' dir='ltr'><strong>hac</strong></span> <span class='ocrx_word' id='word_1_9' title='bbox 681 349 1029 420; x_wconf 77' lang='lat' dir='ltr'><strong>Squillacinm</strong></span> <span class='ocrx_word' id='word_1_10' title='bbox 1055 361 1228 406; x_wconf 85' lang='lat' dir='ltr'><strong>morte</strong></span> <span class='ocrx_word' id='word_1_11' title='bbox 1258 351 1573 421; x_wconf 66' lang='lat' dir='ltr'><strong>plectendos</strong></span> <span class='ocrx_word' id='word_1_12' title='bbox 1604 353 1868 414; x_wconf 87' lang='lat' dir='ltr'><strong>duxerat,</strong></span> <span class='ocrx_word' id='word_1_13' title='bbox 1911 351 2045 402; x_wconf 72' lang='lat' dir='ltr'><strong>vita-</strong></span> <span class='ocrx_word' id='word_1_14' title='bbox 2079 351 2120 406; x_wconf 86' lang='lat' dir='ltr'><strong>A</strong></span> <span class='ocrx_word' id='word_1_15' title='bbox 2151 356 2257 400; x_wconf 89' lang='lat' dir='ltr'><strong>tum</strong></span> <span class='ocrx_word' id='word_1_16' title='bbox 2283 357 2336 401; x_wconf 90' lang='lat' dir='ltr'><strong>et</strong></span> <span class='ocrx_word' id='word_1_17' title='bbox 2359 349 2664 417; x_wconf 84' lang='lat' dir='ltr'><strong>clangorem</strong></span> <span class='ocrx_word' id='word_1_18' title='bbox 2685 349 2952 419; x_wconf 70' lang='lat' dir='ltr'><strong>fugientes</strong></span> <span class='ocrx_word' id='word_1_19' title='bbox 2978 349 3178 420; x_wconf 82' lang='lat' dir='ltr'><strong>impius</strong></span> <span class='ocrx_word' id='word_1_20' title='bbox 3200 348 3450 422; x_wconf 86' lang='lat' dir='ltr'><strong>Sergius,</strong></span> <span class='ocrx_word' id='word_1_21' title='bbox 3500 349 3705 423; x_wconf 78' lang='lat' dir='ltr'><strong>ejusque</strong></span> 
     </span>
    </p>
   </div>
   <div class='ocr_carea' id='block_1_5' title="bbox 458 442 2043 512">
    <p class='ocr_par' dir='ltr' id='par_1_5' title="bbox 458 442 2043 512">
     <span class='ocr_line' id='line_1_5' title="bbox 458 442 2043 512; baseline -0.002 -15"><span class='ocrx_word' id='word_1_22' title='bbox 458 458 564 512; x_wconf 89' lang='lat' dir='ltr'><strong>que</strong></span> <span class='ocrx_word' id='word_1_23' title='bbox 599 450 809 508; x_wconf 87' lang='lat' dir='ltr'><strong>tmnen,</strong></span> <span class='ocrx_word' id='word_1_24' title='bbox 871 442 1074 500; x_wconf 90' lang='lat' dir='ltr'><strong>Sancto</strong></span> <span class='ocrx_word' id='word_1_25' title='bbox 1105 453 1290 498; x_wconf 87' lang='lat' dir='ltr'><strong>nostro</strong></span> <span class='ocrx_word' id='word_1_26' title='bbox 1322 443 1686 498; x_wconf 88' lang='lat' dir='ltr'><strong>intercedente</strong></span> <span class='ocrx_word' id='word_1_27' title='bbox 1707 483 1720 507; x_wconf 91' lang='lat'><strong>,</strong></span> <span class='ocrx_word' id='word_1_28' title='bbox 1779 443 2043 496; x_wconf 89' lang='lat' dir='ltr'><strong>donarat.</strong></span> 
     </span>
    </p>
   </div>
   <div class='ocr_carea' id='block_1_6' title="bbox 457 524 2039 604">
    <p class='ocr_par' dir='ltr' id='par_1_6' title="bbox 457 524 2039 604">
     <span class='ocr_line' id='line_1_6' title="bbox 457 524 2039 604; baseline -0.003 -16"><span class='ocrx_word' id='word_1_29' title='bbox 457 551 509 588; x_wconf 78' lang='lat' dir='ltr'><strong>et</strong></span> <span class='ocrx_word' id='word_1_30' title='bbox 549 533 962 604; x_wconf 71' lang='lat' dir='ltr'><strong>&#39;l&#39;urritanaeque</strong></span> <span class='ocrx_word' id='word_1_31' title='bbox 1011 548 1195 589; x_wconf 86' lang='lat' dir='ltr'><strong>eremo</strong></span> <span class='ocrx_word' id='word_1_32' title='bbox 1248 533 1300 586; x_wconf 92' lang='lat' dir='ltr'><strong>in</strong></span> <span class='ocrx_word' id='word_1_33' title='bbox 1357 524 1672 587; x_wconf 84' lang='lat' dir='ltr'><strong>servitutem</strong></span> <span class='ocrx_word' id='word_1_34' title='bbox 1728 541 2039 602; x_wconf 81' lang='lat' dir='ltr'><strong>perpetuam</strong></span> 
     </span>
    </p>
   </div>
   <div class='ocr_carea' id='block_1_7' title="bbox 461 620 2045 690">
    <p class='ocr_par' dir='ltr' id='par_1_7' title="bbox 461 620 2045 690">
     <span class='ocr_line' id='line_1_7' title="bbox 461 620 2045 690; baseline -0.001 -15"><span class='ocrx_word' id='word_1_35' title='bbox 461 622 698 676; x_wconf 83' lang='lat' dir='ltr'><strong>tradidit.</strong></span> <span class='ocrx_word' id='word_1_36' title='bbox 732 622 994 676; x_wconf 90' lang='lat' dir='ltr'><strong>Constant</strong></span> <span class='ocrx_word' id='word_1_37' title='bbox 1039 625 1156 678; x_wconf 68' lang='lat' dir='ltr'><strong>haec</strong></span> <span class='ocrx_word' id='word_1_38' title='bbox 1199 623 1380 676; x_wconf 86' lang='lat' dir='ltr'><strong>omnia</strong></span> <span class='ocrx_word' id='word_1_39' title='bbox 1410 622 1604 690; x_wconf 81' lang='lat' dir='ltr'><strong>partim</strong></span> <span class='ocrx_word' id='word_1_40' title='bbox 1657 635 1723 675; x_wconf 83' lang='lat' dir='ltr'><strong>ex</strong></span> <span class='ocrx_word' id='word_1_41' title='bbox 1770 620 2045 676; x_wconf 81' lang='lat' dir='ltr'><strong>Gaufredo</strong></span> 
     </span>
    </p>
   </div>
   <div class='ocr_carea' id='block_1_8' title="bbox 459 709 2040 782">
    <p class='ocr_par' dir='ltr' id='par_1_8' title="bbox 459 709 2040 782">
     <span class='ocr_line' id='line_1_8' title="bbox 459 709 2040 782; baseline -0.001 -18"><span class='ocrx_word' id='word_1_42' title='bbox 459 711 749 765; x_wconf 81' lang='lat' dir='ltr'><strong>Malaterra</strong></span> <span class='ocrx_word' id='word_1_43' title='bbox 783 726 904 782; x_wconf 87' lang='lat' dir='ltr'><strong>cap.</strong></span> <span class='ocrx_word' id='word_1_44' title='bbox 929 712 1176 781; x_wconf 85' lang='lat' dir='ltr'><strong>proxime</strong></span> <span class='ocrx_word' id='word_1_45' title='bbox 1195 711 1294 766; x_wconf 87' lang='lat' dir='ltr'><strong>cit.</strong></span> <span class='ocrx_word' id='word_1_46' title='bbox 1319 723 1372 766; x_wconf 89' lang='lat' dir='ltr'><strong>et</strong></span> <span class='ocrx_word' id='word_1_47' title='bbox 1392 711 1601 766; x_wconf 89' lang='lat' dir='ltr'><strong>duobus</strong></span> <span class='ocrx_word' id='word_1_48' title='bbox 1627 724 1804 780; x_wconf 89' lang='lat' dir='ltr'><strong>seqq.,</strong></span> <span class='ocrx_word' id='word_1_49' title='bbox 1843 709 2040 779; x_wconf 88' lang='lat' dir='ltr'><strong>partim</strong></span> 
     </span>
    </p>
   </div>
   <div class='ocr_carea' id='block_1_9' title="bbox 459 801 2040 872">
    <p class='ocr_par' dir='ltr' id='par_1_9' title="bbox 459 801 2040 872">
     <span class='ocr_line' id='line_1_9' title="bbox 459 801 2040 872; baseline -0.001 -16"><span class='ocrx_word' id='word_1_50' title='bbox 459 818 528 856; x_wconf 87' lang='lat' dir='ltr'><strong>ex</strong></span> <span class='ocrx_word' id='word_1_51' title='bbox 577 818 690 872; x_wconf 84' lang='lat' dir='ltr'><strong>Ipso</strong></span> <span class='ocrx_word' id='word_1_52' title='bbox 718 843 732 868; x_wconf 93' lang='lat'><strong>,</strong></span> <span class='ocrx_word' id='word_1_53' title='bbox 785 803 930 872; x_wconf 91' lang='lat' dir='ltr'><strong>quod</strong></span> <span class='ocrx_word' id='word_1_54' title='bbox 959 843 972 867; x_wconf 92' lang='lat'><strong>,</strong></span> <span class='ocrx_word' id='word_1_55' title='bbox 1023 801 1168 857; x_wconf 90' lang='lat' dir='ltr'><strong>dicta</strong></span> <span class='ocrx_word' id='word_1_56' title='bbox 1229 803 1422 861; x_wconf 88' lang='lat' dir='ltr'><strong>bellica</strong></span> <span class='ocrx_word' id='word_1_57' title='bbox 1469 803 1808 871; x_wconf 84' lang='lat' dir='ltr'><strong>expeditione</strong></span> <span class='ocrx_word' id='word_1_58' title='bbox 1855 803 2040 866; x_wconf 87' lang='lat' dir='ltr'><strong>linita,</strong></span> 
     </span>
    </p>
   </div>
   <div class='ocr_carea' id='block_1_10' title="bbox 461 891 2043 964">
    <p class='ocr_par' dir='ltr' id='par_1_10' title="bbox 461 891 2043 964">
     <span class='ocr_line' id='line_1_10' title="bbox 461 891 2043 964; baseline -0.003 -16"><span class='ocrx_word' id='word_1_59' title='bbox 461 893 672 958; x_wconf 82' lang='lat' dir='ltr'><strong>Sancto</strong></span> <span class='ocrx_word' id='word_1_60' title='bbox 695 903 884 948; x_wconf 88' lang='lat' dir='ltr'><strong>nostro</strong></span> <span class='ocrx_word' id='word_1_61' title='bbox 921 893 1188 964; x_wconf 82' lang='lat' dir='ltr'><strong>Rogerius</strong></span> <span class='ocrx_word' id='word_1_62' title='bbox 1215 907 1398 947; x_wconf 90' lang='lat' dir='ltr'><strong>comes</strong></span> <span class='ocrx_word' id='word_1_63' title='bbox 1420 893 1602 957; x_wconf 88' lang='lat' dir='ltr'><strong>dedit,</strong></span> <span class='ocrx_word' id='word_1_64' title='bbox 1631 891 1939 962; x_wconf 83' lang='lat' dir='ltr'><strong>diplomate.</strong></span> <span class='ocrx_word' id='word_1_65' title='bbox 1966 892 2043 944; x_wconf 83' lang='lat' dir='ltr'><strong>Ac</strong></span> 
     </span>
    </p>
   </div>
   <div class='ocr_carea' id='block_1_11' title="bbox 459 980 2038 1053">
    <p class='ocr_par' dir='ltr' id='par_1_11' title="bbox 459 980 2038 1053">
     <span class='ocr_line' id='line_1_11' title="bbox 459 980 2038 1053; baseline -0.004 -15"><span class='ocrx_word' id='word_1_66' title='bbox 459 985 512 1038; x_wconf 88' lang='lat' dir='ltr'><strong>id</strong></span> <span class='ocrx_word' id='word_1_67' title='bbox 550 985 902 1053; x_wconf 91' lang='lat' dir='ltr'><strong>quidemtum</strong></span> <span class='ocrx_word' id='word_1_68' title='bbox 929 983 1032 1053; x_wconf 86' lang='lat' dir='ltr'><strong>hac</strong></span> <span class='ocrx_word' id='word_1_69' title='bbox 1059 983 1124 1037; x_wconf 90' lang='lat' dir='ltr'><strong>de</strong></span> <span class='ocrx_word' id='word_1_70' title='bbox 1149 997 1310 1037; x_wconf 88' lang='lat' dir='ltr'><strong>causa</strong></span> <span class='ocrx_word' id='word_1_71' title='bbox 1331 1021 1346 1048; x_wconf 91' lang='lat'><strong>,</strong></span> <span class='ocrx_word' id='word_1_72' title='bbox 1389 990 1500 1036; x_wconf 86' lang='lat' dir='ltr'><strong>tum</strong></span> <span class='ocrx_word' id='word_1_73' title='bbox 1523 981 1666 1050; x_wconf 88' lang='lat' dir='ltr'><strong>quod</strong></span> <span class='ocrx_word' id='word_1_74' title='bbox 1711 997 1738 1033; x_wconf 92' lang='lat' dir='ltr'><strong>a</strong></span> <span class='ocrx_word' id='word_1_75' title='bbox 1771 980 2038 1043; x_wconf 85' lang='lat' dir='ltr'><strong>Puteano,</strong></span> 
     </span>
    </p>
   </div>
   <div class='ocr_carea' id='block_1_12' title="bbox 461 1070 2042 1140">
    <p class='ocr_par' dir='ltr' id='par_1_12' title="bbox 461 1070 2042 1140">
     <span class='ocr_line' id='line_1_12' title="bbox 461 1070 2042 1140; baseline -0.003 -12"><span class='ocrx_word' id='word_1_76' title='bbox 461 1074 888 1140; x_wconf 78' lang='lat' dir='ltr'><strong>Blomenveuna,</strong></span> <span class='ocrx_word' id='word_1_77' title='bbox 945 1073 1105 1128; x_wconf 90' lang='lat' dir='ltr'><strong>Surio</strong></span> <span class='ocrx_word' id='word_1_78' title='bbox 1133 1073 1186 1126; x_wconf 91' lang='lat' dir='ltr'><strong>in</strong></span> <span class='ocrx_word' id='word_1_79' title='bbox 1216 1072 1484 1126; x_wconf 90' lang='lat' dir='ltr'><strong>contextis</strong></span> <span class='ocrx_word' id='word_1_80' title='bbox 1533 1087 1564 1125; x_wconf 93' lang='lat' dir='ltr'><strong>a</strong></span> <span class='ocrx_word' id='word_1_81' title='bbox 1594 1084 1654 1125; x_wconf 88' lang='lat' dir='ltr'><strong>se</strong></span> <span class='ocrx_word' id='word_1_82' title='bbox 1691 1071 1749 1124; x_wconf 90' lang='lat' dir='ltr'><strong>S.</strong></span> <span class='ocrx_word' id='word_1_83' title='bbox 1779 1070 2042 1124; x_wconf 81' lang='lat' dir='ltr'><strong>Britannis</strong></span> 
     </span>
    </p>
   </div>
   <div class='ocr_carea' id='block_1_13' title="bbox 465 1162 2042 1232">
    <p class='ocr_par' dir='ltr' id='par_1_13' title="bbox 465 1162 2042 1232">
     <span class='ocr_line' id='line_1_13' title="bbox 465 1162 2042 1232; baseline -0.002 -16"><span class='ocrx_word' id='word_1_84' title='bbox 465 1163 621 1228; x_wconf 88' lang='lat' dir='ltr'><strong>\&quot;itis,</strong></span> <span class='ocrx_word' id='word_1_85' title='bbox 648 1165 882 1218; x_wconf 83' lang='lat' dir='ltr'><strong>Barouio</strong></span> <span class='ocrx_word' id='word_1_86' title='bbox 912 1165 961 1217; x_wconf 92' lang='lat' dir='ltr'><strong>in</strong></span> <span class='ocrx_word' id='word_1_87' title='bbox 989 1163 1285 1232; x_wconf 81' lang='lat' dir='ltr'><strong>Annalibus</strong></span> <span class='ocrx_word' id='word_1_88' title='bbox 1307 1162 1721 1223; x_wconf 72' lang='lat' dir='ltr'><strong>eCclesiastieis,</strong></span> <span class='ocrx_word' id='word_1_89' title='bbox 1749 1162 2042 1214; x_wconf 74' lang='lat' dir='ltr'><strong>Summon~</strong></span> 
     </span>
    </p>
   </div>
   <div class='ocr_carea' id='block_1_14' title="bbox 461 1249 2042 1325">
    <p class='ocr_par' dir='ltr' id='par_1_14' title="bbox 461 1249 2042 1325">
     <span class='ocr_line' id='line_1_14' title="bbox 461 1249 2042 1325; baseline -0.004 -17"><span class='ocrx_word' id='word_1_90' title='bbox 461 1255 538 1310; x_wconf 89' lang='lat' dir='ltr'><strong>tio</strong></span> <span class='ocrx_word' id='word_1_91' title='bbox 563 1257 616 1308; x_wconf 88' lang='lat' dir='ltr'><strong>in</strong></span> <span class='ocrx_word' id='word_1_92' title='bbox 647 1255 980 1325; x_wconf 88' lang='lat' dir='ltr'><strong>Neapolitani</strong></span> <span class='ocrx_word' id='word_1_93' title='bbox 1013 1254 1164 1323; x_wconf 90' lang='lat' dir='ltr'><strong>regni</strong></span> <span class='ocrx_word' id='word_1_94' title='bbox 1192 1253 1449 1317; x_wconf 81' lang='lat' dir='ltr'><strong>Historia,</strong></span> <span class='ocrx_word' id='word_1_95' title='bbox 1482 1252 1708 1320; x_wconf 87' lang='lat' dir='ltr'><strong>aliisque</strong></span> <span class='ocrx_word' id='word_1_96' title='bbox 1733 1249 1842 1304; x_wconf 80' lang='lat' dir='ltr'><strong>fere</strong></span> <span class='ocrx_word' id='word_1_97' title='bbox 1863 1249 2042 1303; x_wconf 91' lang='lat' dir='ltr'><strong>omni-</strong></span> 
     </span>
    </p>
   </div>
   <div class='ocr_carea' id='block_1_15' title="bbox 463 1342 2040 1414">
    <p class='ocr_par' dir='ltr' id='par_1_15' title="bbox 463 1342 2040 1414">
     <span class='ocr_line' id='line_1_15' title="bbox 463 1342 2040 1414; baseline -0.004 -14"><span class='ocrx_word' id='word_1_98' title='bbox 463 1346 567 1400; x_wconf 91' lang='lat' dir='ltr'><strong>bus</strong></span> <span class='ocrx_word' id='word_1_99' title='bbox 589 1345 980 1414; x_wconf 84' lang='lat' dir='ltr'><strong>scriptoribus,</strong></span> <span class='ocrx_word' id='word_1_100' title='bbox 1033 1359 1062 1397; x_wconf 91' lang='lat' dir='ltr'><strong>a</strong></span> <span class='ocrx_word' id='word_1_101' title='bbox 1096 1342 1292 1412; x_wconf 83' lang='lat' dir='ltr'><strong>quibus</strong></span> <span class='ocrx_word' id='word_1_102' title='bbox 1345 1350 1712 1406; x_wconf 83' lang='lat' dir='ltr'><strong>memoratur,</strong></span> <span class='ocrx_word' id='word_1_103' title='bbox 1770 1355 1834 1394; x_wconf 88' lang='lat' dir='ltr'><strong>ex</strong></span> <span class='ocrx_word' id='word_1_104' title='bbox 1889 1349 2040 1409; x_wconf 88' lang='lat' dir='ltr'><strong>parte</strong></span> 
     </span>
    </p>
   </div>
   <div class='ocr_carea' id='block_1_16' title="bbox 461 1431 2039 1502">
    <p class='ocr_par' dir='ltr' id='par_1_16' title="bbox 461 1431 2039 1502">
     <span class='ocr_line' id='line_1_16' title="bbox 461 1431 2039 1502; baseline -0.004 -11"><span class='ocrx_word' id='word_1_105' title='bbox 461 1437 726 1491; x_wconf 82' lang='lat' dir='ltr'><strong>duntaxat</strong></span> <span class='ocrx_word' id='word_1_106' title='bbox 773 1437 1123 1499; x_wconf 83' lang='lat' dir='ltr'><strong>exhibeatur,</strong></span> <span class='ocrx_word' id='word_1_107' title='bbox 1176 1435 1446 1502; x_wconf 85' lang='lat' dir='ltr'><strong>integrum</strong></span> <span class='ocrx_word' id='word_1_108' title='bbox 1468 1449 1498 1487; x_wconf 92' lang='lat' dir='ltr'><strong>e</strong></span> <span class='ocrx_word' id='word_1_109' title='bbox 1531 1431 1819 1486; x_wconf 68' lang='lat' dir='ltr'><strong>Mor-liensii</strong></span> <span class='ocrx_word' id='word_1_110' title='bbox 1853 1446 2039 1485; x_wconf 86' lang='lat' dir='ltr'><strong>recen-</strong></span> 
     </span>
    </p>
   </div>
   <div class='ocr_carea' id='block_1_17' title="bbox 425 1515 2038 1597">
    <p class='ocr_par' dir='ltr' id='par_1_17' title="bbox 425 1515 2038 1597">
     <span class='ocr_line' id='line_1_17' title="bbox 425 1515 2038 1597; baseline -0.003 -16"><span class='ocrx_word' id='word_1_111' title='bbox 425 1515 616 1581; x_wconf 25' lang='lat' dir='ltr'><strong>lsione</strong></span> <span class='ocrx_word' id='word_1_112' title='bbox 652 1526 680 1597; x_wconf 59' lang='grc' dir='ltr'>ᾗ</span> <span class='ocrx_word' id='word_1_113' title='bbox 721 1526 1003 1594; x_wconf 80' lang='lat' dir='ltr'><strong>praesenti,</strong></span> <span class='ocrx_word' id='word_1_114' title='bbox 1058 1524 1252 1579; x_wconf 89' lang='lat' dir='ltr'><strong>additis</strong></span> <span class='ocrx_word' id='word_1_115' title='bbox 1303 1524 1466 1578; x_wconf 89' lang='lat' dir='ltr'><strong>etiam</strong></span> <span class='ocrx_word' id='word_1_116' title='bbox 1516 1523 1584 1576; x_wconf 90' lang='lat' dir='ltr'><strong>ad</strong></span> <span class='ocrx_word' id='word_1_117' title='bbox 1633 1523 1868 1586; x_wconf 83' lang='lat' dir='ltr'><strong>calcem,</strong></span> <span class='ocrx_word' id='word_1_118' title='bbox 1919 1537 2038 1589; x_wconf 65' lang='lat' dir='ltr'><strong>qua:</strong></span> 
     </span>
    </p>
   </div>
   <div class='ocr_carea' id='block_1_18' title="bbox 457 1614 2037 1686">
    <p class='ocr_par' dir='ltr' id='par_1_18' title="bbox 457 1614 2037 1686">
     <span class='ocr_line' id='line_1_18' title="bbox 457 1614 2037 1686; baseline -0.004 -12"><span class='ocrx_word' id='word_1_119' title='bbox 457 1619 740 1674; x_wconf 58' lang='lat' dir='ltr'><strong>commode</strong></span> <span class='ocrx_word' id='word_1_120' title='bbox 767 1618 818 1671; x_wconf 90' lang='lat' dir='ltr'><strong>in</strong></span> <span class='ocrx_word' id='word_1_121' title='bbox 851 1619 902 1671; x_wconf 92' lang='lat' dir='ltr'><strong>id</strong></span> <span class='ocrx_word' id='word_1_122' title='bbox 932 1618 1017 1672; x_wconf 90' lang='lat' dir='ltr'><strong>hic</strong></span> <span class='ocrx_word' id='word_1_123' title='bbox 1041 1617 1234 1670; x_wconf 72' lang='lat' dir='ltr'><strong>notari</strong></span> <span class='ocrx_word' id='word_1_124' title='bbox 1263 1624 1551 1686; x_wconf 87' lang='lat' dir='ltr'><strong>poterunt,</strong></span> <span class='ocrx_word' id='word_1_125' title='bbox 1603 1614 1820 1669; x_wconf 88' lang='lat' dir='ltr'><strong>lectoris</strong></span> <span class='ocrx_word' id='word_1_126' title='bbox 1865 1614 2037 1668; x_wconf 89' lang='lat' dir='ltr'><strong>oculis</strong></span> 
     </span>
    </p>
   </div>
   <div class='ocr_carea' id='block_1_19' title="bbox 2149 440 3711 514">
    <p class='ocr_par' dir='ltr' id='par_1_19' title="bbox 2149 440 3711 514">
     <span class='ocr_line' id='line_1_19' title="bbox 2149 440 3711 514; baseline 0.007 -22"><span class='ocrx_word' id='word_1_127' title='bbox 2149 453 2408 507; x_wconf 88' lang='lat' dir='ltr'><strong>sequaces</strong></span> <span class='ocrx_word' id='word_1_128' title='bbox 2430 440 2698 494; x_wconf 90' lang='lat' dir='ltr'><strong>subsecuti</strong></span> <span class='ocrx_word' id='word_1_129' title='bbox 2725 449 2849 495; x_wconf 90' lang='lat' dir='ltr'><strong>sunt</strong></span> <span class='ocrx_word' id='word_1_130' title='bbox 2874 442 3173 512; x_wconf 84' lang='lat' dir='ltr'><strong>principem</strong></span> <span class='ocrx_word' id='word_1_131' title='bbox 3201 443 3428 511; x_wconf 72' lang='lat' dir='ltr'><strong>Capum,</strong></span> <span class='ocrx_word' id='word_1_132' title='bbox 3451 457 3672 514; x_wconf 67' lang='lat' dir='ltr'><strong>Speranti</strong></span> <span class='ocrx_word' id='word_1_133' title='bbox 3689 465 3711 503; x_wconf 90' lang='lat' dir='ltr'><strong>s</strong></span> 
     </span>
    </p>
   </div>
   <div class='ocr_carea' id='block_1_20' title="bbox 2149 530 3713 602">
    <p class='ocr_par' dir='ltr' id='par_1_20' title="bbox 2149 530 3713 602">
     <span class='ocr_line' id='line_1_20' title="bbox 2149 530 3713 602; baseline 0.008 -20"><span class='ocrx_word' id='word_1_134' title='bbox 2149 530 2200 583; x_wconf 93' lang='lat' dir='ltr'><strong>in</strong></span> <span class='ocrx_word' id='word_1_135' title='bbox 2229 531 2424 584; x_wconf 89' lang='lat' dir='ltr'><strong>dictam</strong></span> <span class='ocrx_word' id='word_1_136' title='bbox 2452 531 2722 586; x_wconf 84' lang='lat' dir='ltr'><strong>civitatem</strong></span> <span class='ocrx_word' id='word_1_137' title='bbox 2750 533 3060 602; x_wconf 77' lang='lat' dir='ltr'><strong>confugium</strong></span> <span class='ocrx_word' id='word_1_138' title='bbox 3111 550 3238 590; x_wconf 86' lang='lat' dir='ltr'><strong>sese</strong></span> <span class='ocrx_word' id='word_1_139' title='bbox 3287 535 3593 602; x_wconf 85' lang='lat' dir='ltr'><strong>habituros;</strong></span> <span class='ocrx_word' id='word_1_140' title='bbox 3636 557 3713 594; x_wconf 89' lang='lat' dir='ltr'><strong>rc-</strong></span> 
     </span>
    </p>
   </div>
   <div class='ocr_carea' id='block_1_21' title="bbox 2149 622 3712 684">
    <p class='ocr_par' dir='ltr' id='par_1_21' title="bbox 2149 622 3712 684">
     <span class='ocr_line' id='line_1_21' title="bbox 2149 622 3712 684; baseline 0.005 -10"><span class='ocrx_word' id='word_1_141' title='bbox 2149 630 2341 684; x_wconf 88' lang='lat' dir='ltr'><strong>perunt</strong></span> <span class='ocrx_word' id='word_1_142' title='bbox 2367 629 2545 674; x_wconf 90' lang='lat' dir='ltr'><strong>autem</strong></span> <span class='ocrx_word' id='word_1_143' title='bbox 2570 622 2770 676; x_wconf 88' lang='lat' dir='ltr'><strong>milites</strong></span> <span class='ocrx_word' id='word_1_144' title='bbox 2804 622 2943 677; x_wconf 90' lang='lat' dir='ltr'><strong>inter</strong></span> <span class='ocrx_word' id='word_1_145' title='bbox 2967 623 3286 679; x_wconf 83' lang='lat' dir='ltr'><strong>vulneratos</strong></span> <span class='ocrx_word' id='word_1_146' title='bbox 3317 633 3372 680; x_wconf 92' lang='lat' dir='ltr'><strong>et</strong></span> <span class='ocrx_word' id='word_1_147' title='bbox 3417 641 3574 682; x_wconf 82' lang='lat' dir='ltr'><strong>sanos</strong></span> <span class='ocrx_word' id='word_1_148' title='bbox 3598 643 3712 682; x_wconf 78' lang='lat' dir='ltr'><strong>cru-</strong></span> 
     </span>
    </p>
   </div>
   <div class='ocr_carea' id='block_1_22' title="bbox 2148 712 3712 782">
    <p class='ocr_par' dir='ltr' id='par_1_22' title="bbox 2148 712 3712 782">
     <span class='ocr_line' id='line_1_22' title="bbox 2148 712 3712 782; baseline 0.006 -17"><span class='ocrx_word' id='word_1_149' title='bbox 2148 720 2342 766; x_wconf 89' lang='lat' dir='ltr'><strong>tumet</strong></span> <span class='ocrx_word' id='word_1_150' title='bbox 2380 712 2659 782; x_wconf 76' lang='lat' dir='ltr'><strong>sexaginta</strong></span> <span class='ocrx_word' id='word_1_151' title='bbox 2715 713 2848 766; x_wconf 91' lang='lat' dir='ltr'><strong>duos</strong></span> <span class='ocrx_word' id='word_1_152' title='bbox 2871 728 2901 766; x_wconf 87' lang='lat' dir='ltr'><strong>a</strong></span> <span class='ocrx_word' id='word_1_153' title='bbox 2925 715 3121 782; x_wconf 89' lang='lat' dir='ltr'><strong>quibus</strong></span> <span class='ocrx_word' id='word_1_154' title='bbox 3169 715 3443 771; x_wconf 89' lang='lat' dir='ltr'><strong>visionem</strong></span> <span class='ocrx_word' id='word_1_155' title='bbox 3479 716 3588 772; x_wconf 64' lang='lat' dir='ltr'><strong>fore</strong></span> <span class='ocrx_word' id='word_1_156' title='bbox 3635 735 3712 775; x_wconf 77' lang='lat' dir='ltr'><strong>te-</strong></span> 
     </span>
    </p>
   </div>
   <div class='ocr_carea' id='block_1_23' title="bbox 2146 799 3714 869">
    <p class='ocr_par' dir='ltr' id='par_1_23' title="bbox 2146 799 3714 869">
     <span class='ocr_line' id='line_1_23' title="bbox 2146 799 3714 869; baseline 0.004 -15"><span class='ocrx_word' id='word_1_157' title='bbox 2146 815 2258 854; x_wconf 90' lang='lat' dir='ltr'><strong>ram</strong></span> <span class='ocrx_word' id='word_1_158' title='bbox 2291 800 2655 869; x_wconf 86' lang='lat' dir='ltr'><strong>probavimus.</strong></span> <span class='ocrx_word' id='word_1_159' title='bbox 2683 799 2955 856; x_wconf 82' lang='lat' dir='ltr'><strong>Reversus</strong></span> <span class='ocrx_word' id='word_1_160' title='bbox 2985 818 3126 867; x_wconf 90' lang='lat' dir='ltr'><strong>sum,</strong></span> <span class='ocrx_word' id='word_1_161' title='bbox 3174 803 3292 858; x_wconf 89' lang='lat' dir='ltr'><strong>Deo</strong></span> <span class='ocrx_word' id='word_1_162' title='bbox 3322 805 3555 869; x_wconf 81' lang='lat' dir='ltr'><strong>volente,</strong></span> <span class='ocrx_word' id='word_1_163' title='bbox 3581 808 3714 861; x_wconf 84' lang='lat' dir='ltr'><strong>vice-</strong></span> 
     </span>
    </p>
   </div>
   <div class='ocr_carea' id='block_1_24' title="bbox 2143 892 3712 969">
    <p class='ocr_par' dir='ltr' id='par_1_24' title="bbox 2143 892 3712 969">
     <span class='ocr_line' id='line_1_24' title="bbox 2143 892 3712 969; baseline 0.008 -22"><span class='ocrx_word' id='word_1_164' title='bbox 2143 893 2281 947; x_wconf 90' lang='lat' dir='ltr'><strong>simo</strong></span> <span class='ocrx_word' id='word_1_165' title='bbox 2311 908 2456 947; x_wconf 88' lang='lat' dir='ltr'><strong>nono</strong></span> <span class='ocrx_word' id='word_1_166' title='bbox 2484 892 2608 947; x_wconf 83' lang='lat' dir='ltr'><strong>Julii</strong></span> <span class='ocrx_word' id='word_1_167' title='bbox 2654 895 2854 949; x_wconf 88' lang='lat' dir='ltr'><strong>mensis</strong></span> <span class='ocrx_word' id='word_1_168' title='bbox 2883 895 3240 966; x_wconf 86' lang='lat' dir='ltr'><strong>Squillacium</strong></span> <span class='ocrx_word' id='word_1_169' title='bbox 3269 939 3284 963; x_wconf 95' lang='lat'><strong>,</strong></span> <span class='ocrx_word' id='word_1_170' title='bbox 3339 910 3462 969; x_wconf 88' lang='lat' dir='ltr'><strong>pcst</strong></span> <span class='ocrx_word' id='word_1_171' title='bbox 3497 903 3712 960; x_wconf 87' lang='lat' dir='ltr'><strong>habitam</strong></span> 
     </span>
    </p>
   </div>
   <div class='ocr_carea' id='block_1_25' title="bbox 2143 982 3711 1056">
    <p class='ocr_par' dir='ltr' id='par_1_25' title="bbox 2143 982 3711 1056">
     <span class='ocr_line' id='line_1_25' title="bbox 2143 982 3711 1056; baseline 0.008 -19"><span class='ocrx_word' id='word_1_172' title='bbox 2143 982 2336 1052; x_wconf 81' lang='lat' dir='ltr'><strong>Capuae</strong></span> <span class='ocrx_word' id='word_1_173' title='bbox 2361 982 2664 1049; x_wconf 89' lang='lat' dir='ltr'><strong>civitatem,</strong></span> <span class='ocrx_word' id='word_1_174' title='bbox 2691 985 2784 1040; x_wconf 88' lang='lat' dir='ltr'><strong>ubi</strong></span> <span class='ocrx_word' id='word_1_175' title='bbox 2824 984 2898 1039; x_wconf 78' lang='lat' dir='ltr'><strong>iui</strong></span> <span class='ocrx_word' id='word_1_176' title='bbox 2926 1001 3023 1055; x_wconf 88' lang='lat' dir='ltr'><strong>per</strong></span> <span class='ocrx_word' id='word_1_177' title='bbox 3051 988 3388 1056; x_wconf 87' lang='lat' dir='ltr'><strong>quindenam</strong></span> <span class='ocrx_word' id='word_1_178' title='bbox 3426 994 3711 1049; x_wconf 88' lang='lat' dir='ltr'><strong>continuam</strong></span> 
     </span>
    </p>
   </div>
   <div class='ocr_carea' id='block_1_26' title="bbox 2143 1073 3714 1147">
    <p class='ocr_par' dir='ltr' id='par_1_26' title="bbox 2143 1073 3714 1147">
     <span class='ocr_line' id='line_1_26' title="bbox 2143 1073 3714 1147; baseline 0.009 -20"><span class='ocrx_word' id='word_1_179' title='bbox 2143 1073 2477 1140; x_wconf 78' lang='lat' dir='ltr'><strong>infirmatus;</strong></span> <span class='ocrx_word' id='word_1_180' title='bbox 2506 1076 2655 1129; x_wconf 86' lang='lat' dir='ltr'><strong>venit</strong></span> <span class='ocrx_word' id='word_1_181' title='bbox 2685 1091 2813 1130; x_wconf 82' lang='lat' dir='ltr'><strong>vero</strong></span> <span class='ocrx_word' id='word_1_182' title='bbox 2837 1077 2906 1131; x_wconf 85' lang='lat' dir='ltr'><strong>ad</strong></span> <span class='ocrx_word' id='word_1_183' title='bbox 2939 1093 3024 1130; x_wconf 89' lang='lat' dir='ltr'><strong>me</strong></span> <span class='ocrx_word' id='word_1_184' title='bbox 3043 1076 3155 1147; x_wconf 89' lang='lat' dir='ltr'><strong>jam</strong></span> <span class='ocrx_word' id='word_1_185' title='bbox 3182 1079 3370 1134; x_wconf 85' lang='lat' dir='ltr'><strong>dictus</strong></span> <span class='ocrx_word' id='word_1_186' title='bbox 3415 1085 3714 1143; x_wconf 76' lang='lat' dir='ltr'><strong>venerabilis</strong></span> 
     </span>
    </p>
   </div>
   <div class='ocr_carea' id='block_1_27' title="bbox 2142 1163 3711 1245">
    <p class='ocr_par' dir='ltr' id='par_1_27' title="bbox 2142 1163 3711 1245">
     <span class='ocr_line' id='line_1_27' title="bbox 2142 1163 3711 1245; baseline 0.011 -30"><span class='ocrx_word' id='word_1_187' title='bbox 2142 1173 2296 1230; x_wconf 89' lang='lat' dir='ltr'><strong>pater</strong></span> <span class='ocrx_word' id='word_1_188' title='bbox 2328 1163 2530 1228; x_wconf 81' lang='lat' dir='ltr'><strong>Bruuo,</strong></span> <span class='ocrx_word' id='word_1_189' title='bbox 2581 1179 2702 1219; x_wconf 91' lang='lat' dir='ltr'><strong>cum</strong></span> <span class='ocrx_word' id='word_1_190' title='bbox 2757 1176 2991 1234; x_wconf 84' lang='lat' dir='ltr'><strong>quatuor</strong></span> <span class='ocrx_word' id='word_1_191' title='bbox 3043 1167 3110 1222; x_wconf 90' lang='lat' dir='ltr'><strong>de</strong></span> <span class='ocrx_word' id='word_1_192' title='bbox 3161 1168 3434 1225; x_wconf 78' lang='lat' dir='ltr'><strong>fratribus</strong></span> <span class='ocrx_word' id='word_1_193' title='bbox 3473 1175 3600 1238; x_wconf 90' lang='lat' dir='ltr'><strong>suis,</strong></span> <span class='ocrx_word' id='word_1_194' title='bbox 3633 1185 3711 1245; x_wconf 87' lang='lat' dir='ltr'><strong>qui</strong></span> 
     </span>
    </p>
   </div>
   <div class='ocr_carea' id='block_1_28' title="bbox 2141 1255 3708 1328">
    <p class='ocr_par' dir='ltr' id='par_1_28' title="bbox 2141 1255 3708 1328">
     <span class='ocr_line' id='line_1_28' title="bbox 2141 1255 3708 1328; baseline 0.01 -22"><span class='ocrx_word' id='word_1_195' title='bbox 2141 1267 2230 1307; x_wconf 90' lang='lat' dir='ltr'><strong>me</strong></span> <span class='ocrx_word' id='word_1_196' title='bbox 2266 1255 2471 1309; x_wconf 84' lang='lat' dir='ltr'><strong>sanctis</strong></span> <span class='ocrx_word' id='word_1_197' title='bbox 2493 1255 2810 1326; x_wconf 82' lang='lat' dir='ltr'><strong>devotisqne</strong></span> <span class='ocrx_word' id='word_1_198' title='bbox 2836 1257 3121 1326; x_wconf 89' lang='lat' dir='ltr'><strong>colloquiis</strong></span> <span class='ocrx_word' id='word_1_199' title='bbox 3147 1259 3422 1314; x_wconf 89' lang='lat' dir='ltr'><strong>consolati</strong></span> <span class='ocrx_word' id='word_1_200' title='bbox 3451 1272 3592 1328; x_wconf 87' lang='lat' dir='ltr'><strong>sunt;</strong></span> <span class='ocrx_word' id='word_1_201' title='bbox 3635 1268 3708 1321; x_wconf 89' lang='lat' dir='ltr'><strong>cui</strong></span> 
     </span>
    </p>
   </div>
   <div class='ocr_carea' id='block_1_29' title="bbox 2141 1345 3713 1426">
    <p class='ocr_par' dir='ltr' id='par_1_29' title="bbox 2141 1345 3713 1426">
     <span class='ocr_line' id='line_1_29' title="bbox 2141 1345 3713 1426; baseline 0.009 -29"><span class='ocrx_word' id='word_1_202' title='bbox 2141 1345 2438 1400; x_wconf 89' lang='lat' dir='ltr'><strong>reverendo</strong></span> <span class='ocrx_word' id='word_1_203' title='bbox 2467 1345 2605 1412; x_wconf 86' lang='lat' dir='ltr'><strong>viro,</strong></span> <span class='ocrx_word' id='word_1_204' title='bbox 2642 1358 2696 1402; x_wconf 88' lang='lat' dir='ltr'><strong>et</strong></span> <span class='ocrx_word' id='word_1_205' title='bbox 2715 1346 2976 1402; x_wconf 85' lang='lat' dir='ltr'><strong>visionem</strong></span> <span class='ocrx_word' id='word_1_206' title='bbox 3026 1349 3208 1413; x_wconf 89' lang='lat' dir='ltr'><strong>retuli,</strong></span> <span class='ocrx_word' id='word_1_207' title='bbox 3260 1357 3321 1403; x_wconf 86' lang='lat' dir='ltr'><strong>et</strong></span> <span class='ocrx_word' id='word_1_208' title='bbox 3375 1351 3598 1408; x_wconf 72' lang='lat' dir='ltr'><strong>humiles</strong></span> <span class='ocrx_word' id='word_1_209' title='bbox 3640 1358 3713 1426; x_wconf 78' lang='lat' dir='ltr'><strong>egi</strong></span> 
     </span>
    </p>
   </div>
   <div class='ocr_carea' id='block_1_30' title="bbox 2141 1436 3714 1503">
    <p class='ocr_par' dir='ltr' id='par_1_30' title="bbox 2141 1436 3714 1503">
     <span class='ocr_line' id='line_1_30' title="bbox 2141 1436 3714 1503; baseline 0.007 -15"><span class='ocrx_word' id='word_1_210' title='bbox 2141 1436 2366 1503; x_wconf 83' lang='lat' dir='ltr'><strong>gratias,</strong></span> <span class='ocrx_word' id='word_1_211' title='bbox 2397 1436 2538 1502; x_wconf 90' lang='lat' dir='ltr'><strong>quod</strong></span> <span class='ocrx_word' id='word_1_212' title='bbox 2563 1451 2649 1490; x_wconf 91' lang='lat' dir='ltr'><strong>me</strong></span> <span class='ocrx_word' id='word_1_213' title='bbox 2675 1436 2838 1490; x_wconf 90' lang='lat' dir='ltr'><strong>etiam</strong></span> <span class='ocrx_word' id='word_1_214' title='bbox 2873 1437 3098 1492; x_wconf 83' lang='lat' dir='ltr'><strong>absente</strong></span> <span class='ocrx_word' id='word_1_215' title='bbox 3128 1452 3324 1492; x_wconf 88' lang='lat' dir='ltr'><strong>curam</strong></span> <span class='ocrx_word' id='word_1_216' title='bbox 3352 1439 3404 1493; x_wconf 92' lang='lat' dir='ltr'><strong>in</strong></span> <span class='ocrx_word' id='word_1_217' title='bbox 3441 1442 3554 1496; x_wconf 89' lang='lat' dir='ltr'><strong>suis</strong></span> <span class='ocrx_word' id='word_1_218' title='bbox 3607 1458 3714 1499; x_wconf 87' lang='lat' dir='ltr'><strong>ora-</strong></span> 
     </span>
    </p>
   </div>
   <div class='ocr_carea' id='block_1_31' title="bbox 2143 1523 3712 1597">
    <p class='ocr_par' dir='ltr' id='par_1_31' title="bbox 2143 1523 3712 1597">
     <span class='ocr_line' id='line_1_31' title="bbox 2143 1523 3712 1597; baseline 0.007 -19"><span class='ocrx_word' id='word_1_219' title='bbox 2143 1523 2379 1578; x_wconf 89' lang='lat' dir='ltr'><strong>tionibus</strong></span> <span class='ocrx_word' id='word_1_220' title='bbox 2411 1524 2708 1579; x_wconf 90' lang='lat' dir='ltr'><strong>habuisset.</strong></span> <span class='ocrx_word' id='word_1_221' title='bbox 2755 1525 2855 1590; x_wconf 89' lang='lat' dir='ltr'><strong>Qui</strong></span> <span class='ocrx_word' id='word_1_222' title='bbox 2887 1541 2945 1581; x_wconf 88' lang='lat' dir='ltr'><strong>se</strong></span> <span class='ocrx_word' id='word_1_223' title='bbox 2977 1527 3276 1582; x_wconf 90' lang='lat' dir='ltr'><strong>humilians</strong></span> <span class='ocrx_word' id='word_1_224' title='bbox 3329 1533 3578 1597; x_wconf 88' lang='lat' dir='ltr'><strong>asseruit,</strong></span> <span class='ocrx_word' id='word_1_225' title='bbox 3621 1549 3712 1590; x_wconf 89' lang='lat' dir='ltr'><strong>non</strong></span> 
     </span>
    </p>
   </div>
   <div class='ocr_carea' id='block_1_32' title="bbox 2141 1612 3713 1692">
    <p class='ocr_par' dir='ltr' id='par_1_32' title="bbox 2141 1612 3713 1692">
     <span class='ocr_line' id='line_1_32' title="bbox 2141 1612 3713 1692; baseline 0.008 -26"><span class='ocrx_word' id='word_1_226' title='bbox 2141 1612 2316 1682; x_wconf 89' lang='lat' dir='ltr'><strong>ipsum</strong></span> <span class='ocrx_word' id='word_1_227' title='bbox 2348 1612 2461 1668; x_wconf 85' lang='lat' dir='ltr'><strong>fore</strong></span> <span class='ocrx_word' id='word_1_228' title='bbox 2489 1612 2586 1686; x_wconf 82' lang='grc' dir='ltr'>[ιιι.</span> <span class='ocrx_word' id='word_1_229' title='bbox 2611 1613 2824 1687; x_wconf 80' lang='lat' dir='ltr'><strong>fuisse],</strong></span> <span class='ocrx_word' id='word_1_230' title='bbox 2853 1631 3013 1685; x_wconf 82' lang='lat' dir='ltr'><strong>quem</strong></span> <span class='ocrx_word' id='word_1_231' title='bbox 3049 1619 3284 1686; x_wconf 85' lang='lat' dir='ltr'><strong>credidi,</strong></span> <span class='ocrx_word' id='word_1_232' title='bbox 3338 1621 3435 1674; x_wconf 88' lang='lat' dir='ltr'><strong>sed</strong></span> <span class='ocrx_word' id='word_1_233' title='bbox 3486 1623 3713 1692; x_wconf 76' lang='lat' dir='ltr'><strong>angelum</strong></span> 
     </span>
    </p>
   </div>
   <div class='ocr_carea' id='block_1_33' title="bbox 459 1687 3712 1783">
    <p class='ocr_par' dir='ltr' id='par_1_33' title="bbox 459 1687 3712 1783">
     <span class='ocr_line' id='line_1_33' title="bbox 459 1687 3712 1783; baseline 0.002 -21"><span class='ocrx_word' id='word_1_234' title='bbox 459 1707 757 1776; x_wconf 75' lang='lat' dir='ltr'><strong>subjicere;</strong></span> <span class='ocrx_word' id='word_1_235' title='bbox 801 1707 1169 1762; x_wconf 80' lang='lat' dir='ltr'><strong>deﬁnitionem</strong></span> <span class='ocrx_word' id='word_1_236' title='bbox 1215 1714 1396 1760; x_wconf 87' lang='lat' dir='ltr'><strong>autem</strong></span> <span class='ocrx_word' id='word_1_237' title='bbox 1447 1705 1734 1774; x_wconf 86' lang='lat' dir='ltr'><strong>temporis,</strong></span> <span class='ocrx_word' id='word_1_238' title='bbox 1795 1713 1903 1758; x_wconf 91' lang='lat' dir='ltr'><strong>tum</strong></span> <span class='ocrx_word' id='word_1_239' title='bbox 1935 1717 2042 1772; x_wconf 82' lang='lat' dir='ltr'><strong>qno</strong></span> <span class='ocrx_word' id='word_1_240' title='bbox 2077 1687 2118 1745; x_wconf 80' lang='grc' dir='ltr'>Β</span> <span class='ocrx_word' id='word_1_241' title='bbox 2151 1701 2268 1768; x_wconf 91' lang='lat' dir='ltr'><strong>Dei,</strong></span> <span class='ocrx_word' id='word_1_242' title='bbox 2296 1703 2387 1772; x_wconf 88' lang='lat' dir='ltr'><strong>qui</strong></span> <span class='ocrx_word' id='word_1_243' title='bbox 2415 1712 2524 1757; x_wconf 88' lang='lat' dir='ltr'><strong>stat</strong></span> <span class='ocrx_word' id='word_1_244' title='bbox 2555 1720 2652 1774; x_wconf 88' lang='lat' dir='ltr'><strong>pro</strong></span> <span class='ocrx_word' id='word_1_245' title='bbox 2678 1705 3013 1775; x_wconf 79' lang='lat' dir='ltr'><strong>principibus</strong></span> <span class='ocrx_word' id='word_1_246' title='bbox 3044 1716 3292 1777; x_wconf 89' lang='lat' dir='ltr'><strong>tempore</strong></span> <span class='ocrx_word' id='word_1_247' title='bbox 3331 1709 3478 1766; x_wconf 90' lang='lat' dir='ltr'><strong>belli.</strong></span> <span class='ocrx_word' id='word_1_248' title='bbox 3529 1687 3712 1783; x_wconf 57' lang='lat' dir='ltr'><strong>liogavi</strong></span> 
     </span>
    </p>
   </div>
   <div class='ocr_carea' id='block_1_34' title="bbox 459 1793 2046 1865">
    <p class='ocr_par' dir='ltr' id='par_1_34' title="bbox 459 1793 2046 1865">
     <span class='ocr_line' id='line_1_34' title="bbox 459 1793 2046 1865; baseline -0.004 -13"><span class='ocrx_word' id='word_1_249' title='bbox 459 1798 648 1852; x_wconf 87' lang='lat' dir='ltr'><strong>datum</strong></span> <span class='ocrx_word' id='word_1_250' title='bbox 681 1798 809 1852; x_wconf 90' lang='lat' dir='ltr'><strong>illud</strong></span> <span class='ocrx_word' id='word_1_251' title='bbox 835 1797 998 1850; x_wconf 81' lang='lat' dir='ltr'><strong>fuerit</strong></span> <span class='ocrx_word' id='word_1_252' title='bbox 1021 1837 1036 1861; x_wconf 92' lang='lat'><strong>,</strong></span> <span class='ocrx_word' id='word_1_253' title='bbox 1089 1805 1201 1850; x_wconf 90' lang='lat' dir='ltr'><strong>tum</strong></span> <span class='ocrx_word' id='word_1_254' title='bbox 1234 1811 1340 1865; x_wconf 90' lang='lat' dir='ltr'><strong>quo</strong></span> <span class='ocrx_word' id='word_1_255' title='bbox 1369 1795 1576 1849; x_wconf 85' lang='lat' dir='ltr'><strong>obsidio</strong></span> <span class='ocrx_word' id='word_1_256' title='bbox 1615 1795 1865 1862; x_wconf 87' lang='lat' dir='ltr'><strong>Capuana</strong></span> <span class='ocrx_word' id='word_1_257' title='bbox 1903 1793 2046 1848; x_wconf 82' lang='lat' dir='ltr'><strong>acci-</strong></span> 
     </span>
    </p>
   </div>
   <div class='ocr_carea' id='block_1_35' title="bbox 461 1883 2044 1958">
    <p class='ocr_par' dir='ltr' id='par_1_35' title="bbox 461 1883 2044 1958">
     <span class='ocr_line' id='line_1_35' title="bbox 461 1883 2044 1958; baseline -0.005 -15"><span class='ocrx_word' id='word_1_258' title='bbox 461 1889 604 1943; x_wconf 87' lang='lat' dir='ltr'><strong>derit</strong></span> <span class='ocrx_word' id='word_1_259' title='bbox 634 1903 696 1943; x_wconf 90' lang='lat' dir='ltr'><strong>ac</strong></span> <span class='ocrx_word' id='word_1_260' title='bbox 724 1889 877 1958; x_wconf 87' lang='lat' dir='ltr'><strong>proin</strong></span> <span class='ocrx_word' id='word_1_261' title='bbox 911 1887 968 1942; x_wconf 92' lang='lat' dir='ltr'><strong>S.</strong></span> <span class='ocrx_word' id='word_1_262' title='bbox 1001 1887 1212 1950; x_wconf 86' lang='lat' dir='ltr'><strong>Bruno,</strong></span> <span class='ocrx_word' id='word_1_263' title='bbox 1259 1886 1443 1941; x_wconf 89' lang='lat' dir='ltr'><strong>comiti</strong></span> <span class='ocrx_word' id='word_1_264' title='bbox 1472 1884 1703 1954; x_wconf 79' lang='lat' dir='ltr'><strong>Rogerio</strong></span> <span class='ocrx_word' id='word_1_265' title='bbox 1751 1884 1805 1938; x_wconf 91' lang='lat' dir='ltr'><strong>in</strong></span> <span class='ocrx_word' id='word_1_266' title='bbox 1839 1883 2044 1938; x_wconf 88' lang='lat' dir='ltr'><strong>somnis</strong></span> 
     </span>
    </p>
   </div>
   <div class='ocr_carea' id='block_1_36' title="bbox 461 1975 2044 2052">
    <p class='ocr_par' dir='ltr' id='par_1_36' title="bbox 461 1975 2044 2052">
     <span class='ocr_line' id='line_1_36' title="bbox 461 1975 2044 2052; baseline -0.004 -16"><span class='ocrx_word' id='word_1_267' title='bbox 461 1996 760 2052; x_wconf 76' lang='lat' dir='ltr'><strong>apparens,</strong></span> <span class='ocrx_word' id='word_1_268' title='bbox 801 1981 1102 2036; x_wconf 88' lang='lat' dir='ltr'><strong>imminenti</strong></span> <span class='ocrx_word' id='word_1_269' title='bbox 1127 1979 1366 2051; x_wconf 88' lang='lat' dir='ltr'><strong>periculo</strong></span> <span class='ocrx_word' id='word_1_270' title='bbox 1415 1993 1539 2032; x_wconf 90' lang='lat' dir='ltr'><strong>eum</strong></span> <span class='ocrx_word' id='word_1_271' title='bbox 1588 1978 1878 2048; x_wconf 89' lang='lat' dir='ltr'><strong>eripuerit,</strong></span> <span class='ocrx_word' id='word_1_272' title='bbox 1931 1975 2044 2048; x_wconf 87' lang='lat' dir='ltr'><strong>in§</strong></span> 
     </span>
    </p>
   </div>
   <div class='ocr_carea' id='block_1_37' title="bbox 425 2067 2044 2141">
    <p class='ocr_par' dir='ltr' id='par_1_37' title="bbox 425 2067 2044 2141">
     <span class='ocr_line' id='line_1_37' title="bbox 425 2067 2044 2141; baseline -0.004 -15"><span class='ocrx_word' id='word_1_273' title='bbox 425 2131 430 2138; x_wconf 52' lang='grc'><strong><em>,</em></strong></span> <span class='ocrx_word' id='word_1_274' title='bbox 461 2081 776 2141; x_wconf 79' lang='lat' dir='ltr'><strong>Sequentem</strong></span> <span class='ocrx_word' id='word_1_275' title='bbox 804 2111 818 2134; x_wconf 92' lang='lat'><strong>,</strong></span> <span class='ocrx_word' id='word_1_276' title='bbox 854 2086 920 2126; x_wconf 90' lang='lat' dir='ltr'><strong>ne</strong></span> <span class='ocrx_word' id='word_1_277' title='bbox 958 2071 1196 2140; x_wconf 88' lang='lat' dir='ltr'><strong>alioquin</strong></span> <span class='ocrx_word' id='word_1_278' title='bbox 1233 2085 1471 2140; x_wconf 83' lang='lat' dir='ltr'><strong>praesens</strong></span> <span class='ocrx_word' id='word_1_279' title='bbox 1502 2070 1554 2124; x_wconf 90' lang='lat' dir='ltr'><strong>in</strong></span> <span class='ocrx_word' id='word_1_280' title='bbox 1597 2067 2044 2123; x_wconf 87' lang='lat' dir='ltr'><strong>nimiammolem</strong></span> 
     </span>
    </p>
   </div>
   <div class='ocr_carea' id='block_1_38' title="bbox 461 2162 1344 2230">
    <p class='ocr_par' dir='ltr' id='par_1_38' title="bbox 461 2162 1344 2230">
     <span class='ocr_line' id='line_1_38' title="bbox 461 2162 1344 2230; baseline -0.005 -10"><span class='ocrx_word' id='word_1_281' title='bbox 461 2174 771 2230; x_wconf 84' lang='lat' dir='ltr'><strong>excrescat,</strong></span> <span class='ocrx_word' id='word_1_282' title='bbox 799 2162 1017 2220; x_wconf 83' lang='lat' dir='ltr'><strong>dill‘erre</strong></span> <span class='ocrx_word' id='word_1_283' title='bbox 1037 2174 1121 2218; x_wconf 90' lang='lat' dir='ltr'><strong>est</strong></span> <span class='ocrx_word' id='word_1_284' title='bbox 1141 2164 1344 2224; x_wconf 83' lang='lat' dir='ltr'><strong>visum.</strong></span> 
     </span>
    </p>
   </div>
   <div class='ocr_carea' id='block_1_39' title="bbox 535 2251 2044 2325">
    <p class='ocr_par' dir='ltr' id='par_1_39' title="bbox 535 2251 2044 2325">
     <span class='ocr_line' id='line_1_39' title="bbox 535 2251 2044 2325; baseline -0.003 -17"><span class='ocrx_word' id='word_1_285' title='bbox 535 2255 658 2309; x_wconf 75' lang='lat'><strong>(337.</strong></span> <span class='ocrx_word' id='word_1_286' title='bbox 703 2254 794 2309; x_wconf 90' lang='lat' dir='ltr'><strong>Sic</strong></span> <span class='ocrx_word' id='word_1_287' title='bbox 822 2255 1002 2325; x_wconf 82' lang='lat' dir='ltr'><strong>itaque</strong></span> <span class='ocrx_word' id='word_1_288' title='bbox 1041 2263 1448 2309; x_wconf 85' lang='lat' dir='ltr'><strong>monumentum</strong></span> <span class='ocrx_word' id='word_1_289' title='bbox 1500 2253 1629 2308; x_wconf 88' lang='lat' dir='ltr'><strong>illud</strong></span> <span class='ocrx_word' id='word_1_290' title='bbox 1679 2253 1886 2308; x_wconf 89' lang='lat' dir='ltr'><strong>habet:</strong></span> <span class='ocrx_word' id='word_1_291' title='bbox 1931 2269 1949 2302; x_wconf 77' lang='grc' dir='ltr'><strong>ι</strong></span> <span class='ocrx_word' id='word_1_292' title='bbox 1987 2251 2044 2306; x_wconf 85' lang='grc' dir='ltr'><strong>ιιι</strong></span> 
     </span>
    </p>
   </div>
   <div class='ocr_carea' id='block_1_40' title="bbox 461 2336 2044 2400">
    <p class='ocr_par' dir='ltr' id='par_1_40' title="bbox 461 2336 2044 2400">
     <span class='ocr_line' id='line_1_40' title="bbox 461 2336 2044 2400; baseline -0.002 0"><span class='ocrx_word' id='word_1_293' title='bbox 461 2346 682 2400; x_wconf 87' lang='lat' dir='ltr'><strong>nomine</strong></span> <span class='ocrx_word' id='word_1_294' title='bbox 715 2347 804 2399; x_wconf 89' lang='lat' dir='ltr'><strong>Dei</strong></span> <span class='ocrx_word' id='word_1_295' title='bbox 835 2347 1025 2400; x_wconf 71' lang='lat' dir='ltr'><strong>aeterni</strong></span> <span class='ocrx_word' id='word_1_296' title='bbox 1062 2355 1116 2400; x_wconf 92' lang='lat' dir='ltr'><strong>et</strong></span> <span class='ocrx_word' id='word_1_297' title='bbox 1141 2346 1440 2400; x_wconf 68' lang='lat' dir='ltr'><strong>Salv-eloris</strong></span> <span class='ocrx_word' id='word_1_298' title='bbox 1463 2336 1631 2400; x_wconf 80' lang='lat' dir='ltr'><strong>nostri</strong></span> <span class='ocrx_word' id='word_1_299' title='bbox 1659 2343 1786 2398; x_wconf 85' lang='lat' dir='ltr'><strong>Jesu</strong></span> <span class='ocrx_word' id='word_1_300' title='bbox 1823 2344 2044 2399; x_wconf 89' lang='lat' dir='ltr'><strong>Christi.</strong></span> 
     </span>
    </p>
   </div>
   <div class='ocr_carea' id='block_1_41' title="bbox 463 2429 2048 2500">
    <p class='ocr_par' dir='ltr' id='par_1_41' title="bbox 463 2429 2048 2500">
     <span class='ocr_line' id='line_1_41' title="bbox 463 2429 2048 2500; baseline -0.002 -15"><span class='ocrx_word' id='word_1_301' title='bbox 463 2434 623 2492; x_wconf 81' lang='lat' dir='ltr'><strong>Anno</strong></span> <span class='ocrx_word' id='word_1_302' title='bbox 645 2431 720 2500; x_wconf 83' lang='lat' dir='ltr'><strong>ab_</strong></span> <span class='ocrx_word' id='word_1_303' title='bbox 743 2429 1368 2498; x_wconf 77' lang='lat' dir='ltr'><strong>lncarnationeejusdem</strong></span> <span class='ocrx_word' id='word_1_304' title='bbox 1395 2431 1676 2483; x_wconf 89' lang='lat' dir='ltr'><strong>millesimo</strong></span> <span class='ocrx_word' id='word_1_305' title='bbox 1700 2429 2048 2499; x_wconf 79' lang='lat' dir='ltr'><strong>nonagesimo</strong></span> 
     </span>
    </p>
   </div>
   <div class='ocr_carea' id='block_1_42' title="bbox 461 2521 2046 2594">
    <p class='ocr_par' dir='ltr' id='par_1_42' title="bbox 461 2521 2046 2594">
     <span class='ocr_line' id='line_1_42' title="bbox 461 2521 2046 2594; baseline -0.003 -16"><span class='ocrx_word' id='word_1_306' title='bbox 461 2535 654 2578; x_wconf 86' lang='lat' dir='ltr'><strong>octavo</strong></span> <span class='ocrx_word' id='word_1_307' title='bbox 672 2563 686 2586; x_wconf 91' lang='lat'><strong>,</strong></span> <span class='ocrx_word' id='word_1_308' title='bbox 721 2523 1013 2578; x_wconf 83' lang='lat' dir='ltr'><strong>indictione</strong></span> <span class='ocrx_word' id='word_1_309' title='bbox 1039 2533 1221 2588; x_wconf 88' lang='lat' dir='ltr'><strong>sexta,</strong></span> <span class='ocrx_word' id='word_1_310' title='bbox 1251 2522 1516 2594; x_wconf 86' lang='lat' dir='ltr'><strong>gloriosus</strong></span> <span class='ocrx_word' id='word_1_311' title='bbox 1539 2537 1632 2576; x_wconf 84' lang='lat' dir='ltr'><strong>rex</strong></span> <span class='ocrx_word' id='word_1_312' title='bbox 1659 2521 1822 2576; x_wconf 86' lang='lat' dir='ltr'><strong>David</strong></span> <span class='ocrx_word' id='word_1_313' title='bbox 1853 2522 2046 2590; x_wconf 89' lang='lat' dir='ltr'><strong>spiritu</strong></span> 
     </span>
    </p>
   </div>
   <div class='ocr_carea' id='block_1_43' title="bbox 463 2612 2050 2682">
    <p class='ocr_par' dir='ltr' id='par_1_43' title="bbox 463 2612 2050 2682">
     <span class='ocr_line' id='line_1_43' title="bbox 463 2612 2050 2682; baseline -0.001 -14"><span class='ocrx_word' id='word_1_314' title='bbox 463 2622 865 2680; x_wconf 68' lang='lat' dir='ltr'><strong>prtevenlusn</strong></span> <span class='ocrx_word' id='word_1_315' title='bbox 921 2612 1196 2680; x_wconf 84' lang='lat' dir='ltr'><strong>Narrabo,</strong></span> <span class='ocrx_word' id='word_1_316' title='bbox 1265 2613 1468 2682; x_wconf 89' lang='lat' dir='ltr'><strong>inquit,</strong></span> <span class='ocrx_word' id='word_1_317' title='bbox 1529 2613 1709 2666; x_wconf 88' lang='lat' dir='ltr'><strong>omnia</strong></span> <span class='ocrx_word' id='word_1_318' title='bbox 1783 2613 2050 2667; x_wconf 67' lang='lat' dir='ltr'><strong>mirabilia</strong></span> 
     </span>
    </p>
   </div>
   <div class='ocr_carea' id='block_1_44' title="bbox 470 2705 2051 2777">
    <p class='ocr_par' dir='ltr' id='par_1_44' title="bbox 470 2705 2051 2777">
     <span class='ocr_line' id='line_1_44' title="bbox 470 2705 2051 2777; baseline 0 -19"><span class='ocrx_word' id='word_1_319' title='bbox 470 2715 656 2770; x_wconf 65' lang='lat' dir='ltr'><strong>«tua,»</strong></span> <span class='ocrx_word' id='word_1_320' title='bbox 695 2713 918 2776; x_wconf 90' lang='lat' dir='ltr'><strong>propter</strong></span> <span class='ocrx_word' id='word_1_321' title='bbox 939 2706 1081 2775; x_wconf 89' lang='lat' dir='ltr'><strong>quod</strong></span> <span class='ocrx_word' id='word_1_322' title='bbox 1112 2721 1211 2777; x_wconf 84' lang='lat' dir='ltr'><strong>ego</strong></span> <span class='ocrx_word' id='word_1_323' title='bbox 1237 2705 1501 2776; x_wconf 81' lang='lat' dir='ltr'><strong>Rogerius</strong></span> <span class='ocrx_word' id='word_1_324' title='bbox 1531 2705 1710 2760; x_wconf 90' lang='lat' dir='ltr'><strong>divina</strong></span> <span class='ocrx_word' id='word_1_325' title='bbox 1745 2705 2051 2759; x_wconf 87' lang='lat' dir='ltr'><strong>miscricor—</strong></span> 
     </span>
    </p>
   </div>
   <div class='ocr_carea' id='block_1_45' title="bbox 463 2793 2051 2867">
    <p class='ocr_par' dir='ltr' id='par_1_45' title="bbox 463 2793 2051 2867">
     <span class='ocr_line' id='line_1_45' title="bbox 463 2793 2051 2867; baseline -0.001 -17"><span class='ocrx_word' id='word_1_326' title='bbox 463 2796 552 2850; x_wconf 86' lang='lat' dir='ltr'><strong>dia</strong></span> <span class='ocrx_word' id='word_1_327' title='bbox 577 2811 760 2850; x_wconf 87' lang='lat' dir='ltr'><strong>comes</strong></span> <span class='ocrx_word' id='word_1_328' title='bbox 787 2793 1050 2849; x_wconf 73' lang='lat' dir='ltr'><strong>Calabrim</strong></span> <span class='ocrx_word' id='word_1_329' title='bbox 1079 2803 1133 2848; x_wconf 89' lang='lat' dir='ltr'><strong>et</strong></span> <span class='ocrx_word' id='word_1_330' title='bbox 1179 2795 1377 2849; x_wconf 85' lang='lat' dir='ltr'><strong>Sicili:e</strong></span> <span class='ocrx_word' id='word_1_331' title='bbox 1406 2804 1590 2850; x_wconf 90' lang='lat' dir='ltr'><strong>notum</strong></span> <span class='ocrx_word' id='word_1_332' title='bbox 1630 2793 1724 2866; x_wconf 80' lang='grc' dir='ltr'><strong>[αι.</strong></span> <span class='ocrx_word' id='word_1_333' title='bbox 1754 2793 1900 2867; x_wconf 76' lang='lat' dir='ltr'><strong>uota]</strong></span> <span class='ocrx_word' id='word_1_334' title='bbox 1931 2809 2051 2849; x_wconf 88' lang='lat' dir='ltr'><strong>esse</strong></span> 
     </span>
    </p>
   </div>
   <div class='ocr_carea' id='block_1_46' title="bbox 467 2886 2053 2957">
    <p class='ocr_par' dir='ltr' id='par_1_46' title="bbox 467 2886 2053 2957">
     <span class='ocr_line' id='line_1_46' title="bbox 467 2886 2053 2957; baseline 0.001 -17"><span class='ocrx_word' id='word_1_335' title='bbox 467 2887 593 2941; x_wconf 84' lang='lat' dir='ltr'><strong>volo</strong></span> <span class='ocrx_word' id='word_1_336' title='bbox 655 2887 906 2942; x_wconf 89' lang='lat' dir='ltr'><strong>omnibus</strong></span> <span class='ocrx_word' id='word_1_337' title='bbox 955 2887 1200 2941; x_wconf 66' lang='lat' dir='ltr'><strong>ﬁdeiibus</strong></span> <span class='ocrx_word' id='word_1_338' title='bbox 1239 2886 1567 2942; x_wconf 82' lang='lat' dir='ltr'><strong>Christianis</strong></span> <span class='ocrx_word' id='word_1_339' title='bbox 1616 2886 1876 2943; x_wconf 84' lang='lat' dir='ltr'><strong>beneﬁcia</strong></span> <span class='ocrx_word' id='word_1_340' title='bbox 1933 2901 2053 2957; x_wconf 78' lang='lat' dir='ltr'><strong>quae</strong></span> 
     </span>
    </p>
   </div>
   <div class='ocr_carea' id='block_1_47' title="bbox 467 2975 2048 3048">
    <p class='ocr_par' dir='ltr' id='par_1_47' title="bbox 467 2975 2048 3048">
     <span class='ocr_line' id='line_1_47' title="bbox 467 2975 2048 3048; baseline -0.003 -14"><span class='ocrx_word' id='word_1_341' title='bbox 467 2979 602 3034; x_wconf 75' lang='lat' dir='ltr'><strong>mihi</strong></span> <span class='ocrx_word' id='word_1_342' title='bbox 633 2980 900 3048; x_wconf 79' lang='lat' dir='ltr'><strong>peccatori</strong></span> <span class='ocrx_word' id='word_1_343' title='bbox 933 2975 1206 3033; x_wconf 78' lang='lat' dir='ltr'><strong>concessit</strong></span> <span class='ocrx_word' id='word_1_344' title='bbox 1235 2977 1379 3033; x_wconf 90' lang='lat' dir='ltr'><strong>Deus</strong></span> <span class='ocrx_word' id='word_1_345' title='bbox 1405 2977 1739 3034; x_wconf 86' lang='lat' dir='ltr'><strong>orationibus</strong></span> <span class='ocrx_word' id='word_1_346' title='bbox 1771 2977 2048 3032; x_wconf 81' lang='lat' dir='ltr'><strong>revu&#39;endi</strong></span> 
     </span>
    </p>
   </div>
   <div class='ocr_carea' id='block_1_48' title="bbox 464 3069 2048 3140">
    <p class='ocr_par' dir='ltr' id='par_1_48' title="bbox 464 3069 2048 3140">
     <span class='ocr_line' id='line_1_48' title="bbox 464 3069 2048 3140; baseline 0 -19"><span class='ocrx_word' id='word_1_347' title='bbox 464 3073 564 3126; x_wconf 81' lang='lat' dir='ltr'><strong>viri</strong></span> <span class='ocrx_word' id='word_1_348' title='bbox 619 3071 678 3124; x_wconf 71' lang='grc' dir='ltr'><strong>ι’.</strong></span> <span class='ocrx_word' id='word_1_349' title='bbox 732 3071 1035 3134; x_wconf 88' lang='lat' dir='ltr'><strong>Brunonis,</strong></span> <span class='ocrx_word' id='word_1_350' title='bbox 1115 3070 1346 3140; x_wconf 88' lang='lat' dir='ltr'><strong>piissimi</strong></span> <span class='ocrx_word' id='word_1_351' title='bbox 1407 3069 1584 3123; x_wconf 89' lang='lat' dir='ltr'><strong>Patris</strong></span> <span class='ocrx_word' id='word_1_352' title='bbox 1644 3069 1892 3124; x_wconf 81' lang='lat' dir='ltr'><strong>Fratrum</strong></span> <span class='ocrx_word' id='word_1_353' title='bbox 1957 3069 2048 3136; x_wconf 87' lang='lat' dir='ltr'><strong>qui</strong></span> 
     </span>
    </p>
   </div>
   <div class='ocr_carea' id='block_1_49' title="bbox 464 3158 2051 3236">
    <p class='ocr_par' dir='ltr' id='par_1_49' title="bbox 464 3158 2051 3236">
     <span class='ocr_line' id='line_1_49' title="bbox 464 3158 2051 3236; baseline -0.001 -22"><span class='ocrx_word' id='word_1_354' title='bbox 464 3161 712 3216; x_wconf 85' lang='lat' dir='ltr'><strong>habitant</strong></span> <span class='ocrx_word' id='word_1_355' title='bbox 764 3162 815 3215; x_wconf 92' lang='lat' dir='ltr'><strong>in</strong></span> <span class='ocrx_word' id='word_1_356' title='bbox 859 3160 1104 3216; x_wconf 89' lang='lat' dir='ltr'><strong>ecclesiis</strong></span> <span class='ocrx_word' id='word_1_357' title='bbox 1132 3169 1333 3214; x_wconf 76' lang='lat' dir='ltr'><strong>sancta:</strong></span> <span class='ocrx_word' id='word_1_358' title='bbox 1384 3158 1564 3226; x_wconf 62' lang='lat' dir='ltr'><strong>Magia:</strong></span> <span class='ocrx_word' id='word_1_359' title='bbox 1596 3159 1661 3213; x_wconf 89' lang='lat' dir='ltr'><strong>de</strong></span> <span class='ocrx_word' id='word_1_360' title='bbox 1707 3174 1932 3224; x_wconf 88' lang='lat' dir='ltr'><strong>eremo,</strong></span> <span class='ocrx_word' id='word_1_361' title='bbox 1997 3169 2051 3236; x_wconf 84' lang='lat' dir='ltr'><strong>et</strong></span> 
     </span>
    </p>
   </div>
   <div class='ocr_carea' id='block_1_50' title="bbox 466 3251 2050 3324">
    <p class='ocr_par' dir='ltr' id='par_1_50' title="bbox 466 3251 2050 3324">
     <span class='ocr_line' id='line_1_50' title="bbox 466 3251 2050 3324; baseline -0.003 -16"><span class='ocrx_word' id='word_1_362' title='bbox 466 3255 639 3309; x_wconf 83' lang='lat' dir='ltr'><strong>sancti</strong></span> <span class='ocrx_word' id='word_1_363' title='bbox 681 3254 1100 3324; x_wconf 83' lang='lat' dir='ltr'><strong>protomartyris</strong></span> <span class='ocrx_word' id='word_1_364' title='bbox 1149 3251 1455 3321; x_wconf 86' lang='lat' dir='ltr'><strong>Stephani,</strong></span> <span class='ocrx_word' id='word_1_365' title='bbox 1504 3265 1623 3320; x_wconf 68' lang='lat' dir='ltr'><strong>qua:</strong></span> <span class='ocrx_word' id='word_1_366' title='bbox 1660 3252 1778 3306; x_wconf 82' lang='lat' dir='ltr'><strong>sitae</strong></span> <span class='ocrx_word' id='word_1_367' title='bbox 1817 3263 1942 3306; x_wconf 89' lang='lat' dir='ltr'><strong>sunt</strong></span> <span class='ocrx_word' id='word_1_368' title='bbox 1997 3251 2050 3304; x_wconf 89' lang='lat' dir='ltr'><strong>in</strong></span> 
     </span>
    </p>
   </div>
   <div class='ocr_carea' id='block_1_51' title="bbox 469 3341 2050 3412">
    <p class='ocr_par' dir='ltr' id='par_1_51' title="bbox 469 3341 2050 3412">
     <span class='ocr_line' id='line_1_51' title="bbox 469 3341 2050 3412; baseline -0.002 -14"><span class='ocrx_word' id='word_1_369' title='bbox 469 3354 613 3400; x_wconf 88' lang='lat' dir='ltr'><strong>terra</strong></span> <span class='ocrx_word' id='word_1_370' title='bbox 662 3361 779 3398; x_wconf 87' lang='lat' dir='ltr'><strong>mea</strong></span> <span class='ocrx_word' id='word_1_371' title='bbox 836 3345 977 3398; x_wconf 89' lang='lat' dir='ltr'><strong>inter</strong></span> <span class='ocrx_word' id='word_1_372' title='bbox 1048 3343 1303 3412; x_wconf 89' lang='lat' dir='ltr'><strong>oppidum</strong></span> <span class='ocrx_word' id='word_1_373' title='bbox 1365 3341 1508 3410; x_wconf 86' lang='lat' dir='ltr'><strong>quod</strong></span> <span class='ocrx_word' id='word_1_374' title='bbox 1567 3342 1766 3395; x_wconf 89' lang='lat' dir='ltr'><strong>dicitur</strong></span> <span class='ocrx_word' id='word_1_375' title='bbox 1823 3342 2050 3407; x_wconf 86' lang='lat' dir='ltr'><strong>Stilum,</strong></span> 
     </span>
    </p>
   </div>
   <div class='ocr_carea' id='block_1_52' title="bbox 467 3430 2055 3500">
    <p class='ocr_par' dir='ltr' id='par_1_52' title="bbox 467 3430 2055 3500">
     <span class='ocr_line' id='line_1_52' title="bbox 467 3430 2055 3500; baseline -0.004 -10"><span class='ocrx_word' id='word_1_376' title='bbox 467 3447 522 3490; x_wconf 83' lang='lat' dir='ltr'><strong>ct</strong></span> <span class='ocrx_word' id='word_1_377' title='bbox 552 3437 808 3488; x_wconf 83' lang='lat' dir='ltr'><strong>Arenam.</strong></span> <span class='ocrx_word' id='word_1_378' title='bbox 859 3436 994 3488; x_wconf 88' lang='lat' dir='ltr'><strong>Cum</strong></span> <span class='ocrx_word' id='word_1_379' title='bbox 1027 3446 1200 3486; x_wconf 77' lang='lat' dir='ltr'><strong>essent</strong></span> <span class='ocrx_word' id='word_1_380' title='bbox 1229 3432 1281 3485; x_wconf 90' lang='lat' dir='ltr'><strong>in</strong></span> <span class='ocrx_word' id='word_1_381' title='bbox 1315 3430 1594 3485; x_wconf 78' lang='lat' dir='ltr'><strong>obsidione</strong></span> <span class='ocrx_word' id='word_1_382' title='bbox 1624 3431 1819 3500; x_wconf 72' lang='lat' dir='ltr'><strong>Capua:</strong></span> <span class='ocrx_word' id='word_1_383' title='bbox 1861 3431 2055 3484; x_wconf 76' lang='lat' dir='ltr'><strong>Kalen-</strong></span> 
     </span>
    </p>
   </div>
   <div class='ocr_carea' id='block_1_53' title="bbox 467 3523 2051 3594">
    <p class='ocr_par' dir='ltr' id='par_1_53' title="bbox 467 3523 2051 3594">
     <span class='ocr_line' id='line_1_53' title="bbox 467 3523 2051 3594; baseline -0.001 -12"><span class='ocrx_word' id='word_1_384' title='bbox 467 3528 553 3583; x_wconf 75' lang='lat' dir='ltr'><strong>dis</strong></span> <span class='ocrx_word' id='word_1_385' title='bbox 603 3526 810 3589; x_wconf 74' lang='lat' dir='ltr'><strong>Martii,</strong></span> <span class='ocrx_word' id='word_1_386' title='bbox 863 3535 916 3580; x_wconf 89' lang='lat' dir='ltr'><strong>et</strong></span> <span class='ocrx_word' id='word_1_387' title='bbox 944 3523 1306 3594; x_wconf 77' lang='lat' dir='ltr'><strong>prmfecissem</strong></span> <span class='ocrx_word' id='word_1_388' title='bbox 1355 3523 1603 3594; x_wconf 82' lang='lat' dir='ltr'><strong>Sergium</strong></span> <span class='ocrx_word' id='word_1_389' title='bbox 1634 3525 1852 3580; x_wconf 87' lang='lat' dir='ltr'><strong>natione</strong></span> <span class='ocrx_word' id='word_1_390' title='bbox 1899 3524 2051 3580; x_wconf 74' lang='lat' dir='ltr'><strong>Grac-</strong></span> 
     </span>
    </p>
   </div>
   <div class='ocr_carea' id='block_1_54' title="bbox 465 3617 2053 3688">
    <p class='ocr_par' dir='ltr' id='par_1_54' title="bbox 465 3617 2053 3688">
     <span class='ocr_line' id='line_1_54' title="bbox 465 3617 2053 3688; baseline -0.001 -14"><span class='ocrx_word' id='word_1_391' title='bbox 465 3636 592 3674; x_wconf 89' lang='lat' dir='ltr'><strong>cum</strong></span> <span class='ocrx_word' id='word_1_392' title='bbox 668 3618 968 3687; x_wconf 86' lang='lat' dir='ltr'><strong>principem</strong></span> <span class='ocrx_word' id='word_1_393' title='bbox 1040 3632 1203 3686; x_wconf 89' lang='lat' dir='ltr'><strong>supra</strong></span> <span class='ocrx_word' id='word_1_394' title='bbox 1271 3617 1532 3673; x_wconf 82' lang='lat' dir='ltr'><strong>ducentos</strong></span> <span class='ocrx_word' id='word_1_395' title='bbox 1597 3619 1896 3688; x_wconf 88' lang='lat' dir='ltr'><strong>armigeros</strong></span> <span class='ocrx_word' id='word_1_396' title='bbox 1955 3635 2053 3672; x_wconf 92' lang='lat' dir='ltr'><strong>ua-</strong></span> 
     </span>
    </p>
   </div>
   <div class='ocr_carea' id='block_1_55' title="bbox 471 3709 2052 3781">
    <p class='ocr_par' dir='ltr' id='par_1_55' title="bbox 471 3709 2052 3781">
     <span class='ocr_line' id='line_1_55' title="bbox 471 3709 2052 3781; baseline 0 -17"><span class='ocrx_word' id='word_1_397' title='bbox 471 3711 636 3764; x_wconf 90' lang='lat' dir='ltr'><strong>tionis</strong></span> <span class='ocrx_word' id='word_1_398' title='bbox 687 3724 828 3774; x_wconf 63' lang='lat' dir='ltr'><strong>sure,</strong></span> <span class='ocrx_word' id='word_1_399' title='bbox 879 3718 933 3762; x_wconf 91' lang='lat' dir='ltr'><strong>ct</strong></span> <span class='ocrx_word' id='word_1_400' title='bbox 977 3709 1250 3763; x_wconf 85' lang='lat' dir='ltr'><strong>exercitus</strong></span> <span class='ocrx_word' id='word_1_401' title='bbox 1309 3711 1662 3765; x_wconf 86' lang='lat' dir='ltr'><strong>excubiarum</strong></span> <span class='ocrx_word' id='word_1_402' title='bbox 1709 3711 2052 3781; x_wconf 85' lang='lat' dir='ltr'><strong>magistrum,</strong></span> 
     </span>
    </p>
   </div>
   <div class='ocr_carea' id='block_1_56' title="bbox 472 3785 2050 3874">
    <p class='ocr_par' dir='ltr' id='par_1_56' title="bbox 472 3785 2050 3874">
     <span class='ocr_line' id='line_1_56' title="bbox 472 3785 2050 3874; baseline 0.003 -21"><span class='ocrx_word' id='word_1_403' title='bbox 472 3801 563 3870; x_wconf 87' lang='lat' dir='ltr'><strong>qui</strong></span> <span class='ocrx_word' id='word_1_404' title='bbox 619 3785 856 3855; x_wconf 72' lang='lat' dir='ltr'><strong>satanica</strong></span> <span class='ocrx_word' id='word_1_405' title='bbox 904 3799 1155 3854; x_wconf 85' lang='lat' dir='ltr'><strong>suasione</strong></span> <span class='ocrx_word' id='word_1_406' title='bbox 1207 3812 1516 3871; x_wconf 66' lang='lat' dir='ltr'><strong>praeventus</strong></span> <span class='ocrx_word' id='word_1_407' title='bbox 1561 3803 1790 3873; x_wconf 88' lang='lat' dir='ltr'><strong>principi</strong></span> <span class='ocrx_word' id='word_1_408' title='bbox 1841 3803 2050 3874; x_wconf 67' lang='lat' dir='ltr'><strong>Capuae,</strong></span> 
     </span>
    </p>
   </div>
   <div class='ocr_carea' id='block_1_57' title="bbox 469 3885 2058 3964">
    <p class='ocr_par' dir='ltr' id='par_1_57' title="bbox 469 3885 2058 3964">
     <span class='ocr_line' id='line_1_57' title="bbox 469 3885 2058 3964; baseline 0.005 -20"><span class='ocrx_word' id='word_1_409' title='bbox 469 3885 807 3960; x_wconf 86' lang='lat' dir='ltr'><strong>promittenti</strong></span> <span class='ocrx_word' id='word_1_410' title='bbox 869 3892 986 3946; x_wconf 91' lang='lat' dir='ltr'><strong>auri</strong></span> <span class='ocrx_word' id='word_1_411' title='bbox 1039 3907 1144 3946; x_wconf 91' lang='lat' dir='ltr'><strong>non</strong></span> <span class='ocrx_word' id='word_1_412' title='bbox 1203 3895 1472 3949; x_wconf 90' lang='lat' dir='ltr'><strong>modicam</strong></span> <span class='ocrx_word' id='word_1_413' title='bbox 1529 3896 1926 3964; x_wconf 84' lang='lat' dir='ltr'><strong>quantitatem,</strong></span> <span class='ocrx_word' id='word_1_414' title='bbox 1989 3899 2058 3952; x_wconf 88' lang='lat' dir='ltr'><strong>ad</strong></span> 
     </span>
    </p>
   </div>
   <div class='ocr_carea' id='block_1_58' title="bbox 471 3985 2060 4056">
    <p class='ocr_par' dir='ltr' id='par_1_58' title="bbox 471 3985 2060 4056">
     <span class='ocr_line' id='line_1_58' title="bbox 471 3985 2060 4056; baseline 0.003 -18"><span class='ocrx_word' id='word_1_415' title='bbox 471 3985 838 4039; x_wconf 90' lang='lat' dir='ltr'><strong>invadendum</strong></span> <span class='ocrx_word' id='word_1_416' title='bbox 869 4001 954 4040; x_wconf 90' lang='lat' dir='ltr'><strong>me</strong></span> <span class='ocrx_word' id='word_1_417' title='bbox 1009 4001 1298 4056; x_wconf 89' lang='lat' dir='ltr'><strong>meumque</strong></span> <span class='ocrx_word' id='word_1_418' title='bbox 1327 3987 1648 4054; x_wconf 87' lang='lat' dir='ltr'><strong>exercitum,</strong></span> <span class='ocrx_word' id='word_1_419' title='bbox 1672 3997 1832 4044; x_wconf 91' lang='lat' dir='ltr'><strong>noctu</strong></span> <span class='ocrx_word' id='word_1_420' title='bbox 1851 3989 2060 4043; x_wconf 90' lang='lat' dir='ltr'><strong>aditum</strong></span> 
     </span>
    </p>
   </div>
   <div class='ocr_carea' id='block_1_59' title="bbox 469 4077 2061 4150">
    <p class='ocr_par' dir='ltr' id='par_1_59' title="bbox 469 4077 2061 4150">
     <span class='ocr_line' id='line_1_59' title="bbox 469 4077 2061 4150; baseline 0.004 -20"><span class='ocrx_word' id='word_1_421' title='bbox 469 4086 556 4130; x_wconf 90' lang='lat' dir='ltr'><strong>est</strong></span> <span class='ocrx_word' id='word_1_422' title='bbox 581 4077 851 4148; x_wconf 82' lang='lat' dir='ltr'><strong>pollicitus</strong></span> <span class='ocrx_word' id='word_1_423' title='bbox 877 4093 936 4132; x_wconf 89' lang='lat' dir='ltr'><strong>se</strong></span> <span class='ocrx_word' id='word_1_424' title='bbox 961 4080 1224 4149; x_wconf 72' lang='lat' dir='ltr'><strong>prmbere.</strong></span> <span class='ocrx_word' id='word_1_425' title='bbox 1249 4078 1365 4134; x_wconf 89' lang='lat' dir='ltr'><strong>Nox</strong></span> <span class='ocrx_word' id='word_1_426' title='bbox 1398 4081 1719 4150; x_wconf 89' lang='lat' dir='ltr'><strong>proditionis</strong></span> <span class='ocrx_word' id='word_1_427' title='bbox 1760 4081 1978 4136; x_wconf 81' lang='lat' dir='ltr'><strong>advenit</strong></span> <span class='ocrx_word' id='word_1_428' title='bbox 2006 4093 2061 4137; x_wconf 91' lang='lat' dir='ltr'><strong>et</strong></span> 
     </span>
    </p>
   </div>
   <div class='ocr_carea' id='block_1_60' title="bbox 471 4168 2058 4246">
    <p class='ocr_par' dir='ltr' id='par_1_60' title="bbox 471 4168 2058 4246">
     <span class='ocr_line' id='line_1_60' title="bbox 471 4168 2058 4246; baseline 0.001 -24"><span class='ocrx_word' id='word_1_429' title='bbox 471 4169 722 4240; x_wconf 86' lang='lat' dir='ltr'><strong>princeps</strong></span> <span class='ocrx_word' id='word_1_430' title='bbox 749 4168 1194 4246; x_wconf 72' lang='lat' dir='ltr'><strong>Capuzeejusqne</strong></span> <span class='ocrx_word' id='word_1_431' title='bbox 1224 4170 1502 4225; x_wconf 86' lang='lat' dir='ltr'><strong>exercitus</strong></span> <span class='ocrx_word' id='word_1_432' title='bbox 1525 4169 1682 4240; x_wconf 80' lang='lat' dir='ltr'><strong>juxta</strong></span> <span class='ocrx_word' id='word_1_433' title='bbox 1729 4171 2058 4241; x_wconf 90' lang='lat' dir='ltr'><strong>promissum</strong></span> 
     </span>
    </p>
   </div>
   <div class='ocr_carea' id='block_1_61' title="bbox 472 4260 2058 4331">
    <p class='ocr_par' dir='ltr' id='par_1_61' title="bbox 472 4260 2058 4331">
     <span class='ocr_line' id='line_1_61' title="bbox 472 4260 2058 4331; baseline 0.001 -16"><span class='ocrx_word' id='word_1_434' title='bbox 472 4270 558 4315; x_wconf 89' lang='lat' dir='ltr'><strong>est</strong></span> <span class='ocrx_word' id='word_1_435' title='bbox 581 4271 800 4331; x_wconf 89' lang='lat' dir='ltr'><strong>paratus</strong></span> <span class='ocrx_word' id='word_1_436' title='bbox 828 4261 895 4314; x_wconf 91' lang='lat' dir='ltr'><strong>ad</strong></span> <span class='ocrx_word' id='word_1_437' title='bbox 923 4276 1100 4325; x_wconf 89' lang='lat' dir='ltr'><strong>arma,</strong></span> <span class='ocrx_word' id='word_1_438' title='bbox 1143 4260 1382 4331; x_wconf 89' lang='lat' dir='ltr'><strong>dumque</strong></span> <span class='ocrx_word' id='word_1_439' title='bbox 1425 4274 1511 4314; x_wconf 89' lang='lat' dir='ltr'><strong>me</strong></span> <span class='ocrx_word' id='word_1_440' title='bbox 1543 4267 1729 4329; x_wconf 88' lang='lat' dir='ltr'><strong>sopori</strong></span> <span class='ocrx_word' id='word_1_441' title='bbox 1771 4262 2058 4326; x_wconf 88' lang='lat' dir='ltr'><strong>dedissem,</strong></span> 
     </span>
    </p>
   </div>
   <div class='ocr_carea' id='block_1_62' title="bbox 2146 1795 3713 1872">
    <p class='ocr_par' dir='ltr' id='par_1_62' title="bbox 2146 1795 3713 1872">
     <span class='ocr_line' id='line_1_62' title="bbox 2146 1795 3713 1872; baseline 0.008 -26"><span class='ocrx_word' id='word_1_442' title='bbox 2146 1807 2362 1863; x_wconf 86' lang='lat' dir='ltr'><strong>quoque</strong></span> <span class='ocrx_word' id='word_1_443' title='bbox 2384 1795 2679 1859; x_wconf 87' lang='lat' dir='ltr'><strong>humiliter,</strong></span> <span class='ocrx_word' id='word_1_444' title='bbox 2705 1804 2763 1850; x_wconf 91' lang='lat' dir='ltr'><strong>ut</strong></span> <span class='ocrx_word' id='word_1_445' title='bbox 2784 1811 2882 1866; x_wconf 89' lang='lat' dir='ltr'><strong>pro</strong></span> <span class='ocrx_word' id='word_1_446' title='bbox 2909 1797 3000 1852; x_wconf 91' lang='lat' dir='ltr'><strong>Dei</strong></span> <span class='ocrx_word' id='word_1_447' title='bbox 3031 1814 3221 1854; x_wconf 90' lang='lat' dir='ltr'><strong>amore</strong></span> <span class='ocrx_word' id='word_1_448' title='bbox 3260 1799 3314 1855; x_wconf 89' lang='lat' dir='ltr'><strong>in</strong></span> <span class='ocrx_word' id='word_1_449' title='bbox 3365 1809 3511 1856; x_wconf 82' lang='lat' dir='ltr'><strong>terra</strong></span> <span class='ocrx_word' id='word_1_450' title='bbox 3555 1800 3713 1872; x_wconf 89' lang='lat' dir='ltr'><strong>Squil-</strong></span> 
     </span>
    </p>
   </div>
   <div class='ocr_carea' id='block_1_63' title="bbox 2145 1881 3707 1958">
    <p class='ocr_par' dir='ltr' id='par_1_63' title="bbox 2145 1881 3707 1958">
     <span class='ocr_line' id='line_1_63' title="bbox 2145 1881 3707 1958; baseline 0.007 -24"><span class='ocrx_word' id='word_1_451' title='bbox 2145 1881 2266 1937; x_wconf 84' lang='lat' dir='ltr'><strong>lacii</strong></span> <span class='ocrx_word' id='word_1_452' title='bbox 2294 1895 2505 1938; x_wconf 88' lang='lat' dir='ltr'><strong>sumere</strong></span> <span class='ocrx_word' id='word_1_453' title='bbox 2525 1883 2839 1952; x_wconf 84' lang='lat' dir='ltr'><strong>dignaretur</strong></span> <span class='ocrx_word' id='word_1_454' title='bbox 2862 1885 3043 1957; x_wconf 89' lang='lat' dir='ltr'><strong>largos</strong></span> <span class='ocrx_word' id='word_1_455' title='bbox 3065 1887 3337 1952; x_wconf 82' lang='lat' dir='ltr'><strong>redditus,</strong></span> <span class='ocrx_word' id='word_1_456' title='bbox 3380 1905 3516 1958; x_wconf 90' lang='lat' dir='ltr'><strong>quos</strong></span> <span class='ocrx_word' id='word_1_457' title='bbox 3556 1891 3707 1947; x_wconf 85' lang='lat' dir='ltr'><strong>dona-</strong></span> 
     </span>
    </p>
   </div>
   <div class='ocr_carea' id='block_1_64' title="bbox 2146 1973 3716 2047">
    <p class='ocr_par' dir='ltr' id='par_1_64' title="bbox 2146 1973 3716 2047">
     <span class='ocr_line' id='line_1_64' title="bbox 2146 1973 3716 2047; baseline 0.006 -19"><span class='ocrx_word' id='word_1_458' title='bbox 2146 1973 2298 2038; x_wconf 87' lang='lat' dir='ltr'><strong>bam;</strong></span> <span class='ocrx_word' id='word_1_459' title='bbox 2327 1988 2564 2029; x_wconf 89' lang='lat' dir='ltr'><strong>renuens</strong></span> <span class='ocrx_word' id='word_1_460' title='bbox 2585 1974 2674 2030; x_wconf 91' lang='lat' dir='ltr'><strong>ille</strong></span> <span class='ocrx_word' id='word_1_461' title='bbox 2706 1976 2967 2044; x_wconf 89' lang='lat' dir='ltr'><strong>recipere,</strong></span> <span class='ocrx_word' id='word_1_462' title='bbox 2992 1977 3210 2032; x_wconf 86' lang='lat' dir='ltr'><strong>dicebat</strong></span> <span class='ocrx_word' id='word_1_463' title='bbox 3249 1979 3398 2047; x_wconf 84' lang='lat' dir='ltr'><strong>quod</strong></span> <span class='ocrx_word' id='word_1_464' title='bbox 3419 1980 3484 2033; x_wconf 90' lang='lat' dir='ltr'><strong>ad</strong></span> <span class='ocrx_word' id='word_1_465' title='bbox 3516 1981 3610 2036; x_wconf 89' lang='lat' dir='ltr'><strong>hoc</strong></span> <span class='ocrx_word' id='word_1_466' title='bbox 3635 1983 3716 2036; x_wconf 83' lang='lat' dir='ltr'><strong>do-</strong></span> 
     </span>
    </p>
   </div>
   <div class='ocr_carea' id='block_1_65' title="bbox 2147 2065 3714 2135">
    <p class='ocr_par' dir='ltr' id='par_1_65' title="bbox 2147 2065 3714 2135">
     <span class='ocr_line' id='line_1_65' title="bbox 2147 2065 3714 2135; baseline 0.004 -16"><span class='ocrx_word' id='word_1_467' title='bbox 2147 2080 2292 2119; x_wconf 90' lang='lat' dir='ltr'><strong>mum</strong></span> <span class='ocrx_word' id='word_1_468' title='bbox 2325 2065 2406 2118; x_wconf 92' lang='lat' dir='ltr'><strong>sui</strong></span> <span class='ocrx_word' id='word_1_469' title='bbox 2437 2066 2628 2135; x_wconf 86' lang='lat' dir='ltr'><strong>patris.</strong></span> <span class='ocrx_word' id='word_1_470' title='bbox 2654 2080 2940 2135; x_wconf 89' lang='lat' dir='ltr'><strong>meamque</strong></span> <span class='ocrx_word' id='word_1_471' title='bbox 2993 2067 3303 2134; x_wconf 83' lang='lat' dir='ltr'><strong>dimiserat,</strong></span> <span class='ocrx_word' id='word_1_472' title='bbox 3359 2079 3419 2124; x_wconf 93' lang='lat' dir='ltr'><strong>ut</strong></span> <span class='ocrx_word' id='word_1_473' title='bbox 3472 2085 3502 2124; x_wconf 89' lang='lat' dir='ltr'><strong>a</strong></span> <span class='ocrx_word' id='word_1_474' title='bbox 3554 2071 3714 2127; x_wconf 89' lang='lat' dir='ltr'><strong>mundi</strong></span> 
     </span>
    </p>
   </div>
   <div class='ocr_carea' id='block_1_66' title="bbox 2154 2155 3716 2215">
    <p class='ocr_par' dir='ltr' id='par_1_66' title="bbox 2154 2155 3716 2215">
     <span class='ocr_line' id='line_1_66' title="bbox 2154 2155 3716 2215; baseline 0.004 -7"><span class='ocrx_word' id='word_1_475' title='bbox 2154 2155 2316 2210; x_wconf 88' lang='lat' dir='ltr'><strong>rebus</strong></span> <span class='ocrx_word' id='word_1_476' title='bbox 2347 2164 2644 2210; x_wconf 81' lang='lat' dir='ltr'><strong>extraneas</strong></span> <span class='ocrx_word' id='word_1_477' title='bbox 2671 2155 2974 2212; x_wconf 89' lang='lat' dir='ltr'><strong>deserviret</strong></span> <span class='ocrx_word' id='word_1_478' title='bbox 2997 2157 3166 2212; x_wconf 87' lang='lat' dir='ltr'><strong>libere</strong></span> <span class='ocrx_word' id='word_1_479' title='bbox 3198 2157 3313 2213; x_wconf 87' lang='lat' dir='ltr'><strong>Deo</strong></span> <span class='ocrx_word' id='word_1_480' title='bbox 3341 2175 3460 2214; x_wconf 90' lang='lat' dir='ltr'><strong>suo.</strong></span> <span class='ocrx_word' id='word_1_481' title='bbox 3503 2160 3596 2215; x_wconf 88' lang='lat' dir='ltr'><strong>llic</strong></span> <span class='ocrx_word' id='word_1_482' title='bbox 3617 2161 3716 2215; x_wconf 79' lang='lat' dir='ltr'><strong>fae-</strong></span> 
     </span>
    </p>
   </div>
   <div class='ocr_carea' id='block_1_67' title="bbox 2149 2230 3712 2319">
    <p class='ocr_par' dir='ltr' id='par_1_67' title="bbox 2149 2230 3712 2319">
     <span class='ocr_line' id='line_1_67' title="bbox 2149 2230 3712 2319; baseline 0.003 -20"><span class='ocrx_word' id='word_1_483' title='bbox 2149 2255 2233 2299; x_wconf 88' lang='lat' dir='ltr'><strong>rat</strong></span> <span class='ocrx_word' id='word_1_484' title='bbox 2265 2246 2318 2300; x_wconf 90' lang='lat' dir='ltr'><strong>in</strong></span> <span class='ocrx_word' id='word_1_485' title='bbox 2351 2252 2459 2299; x_wconf 91' lang='lat' dir='ltr'><strong>tota</strong></span> <span class='ocrx_word' id='word_1_486' title='bbox 2508 2260 2628 2300; x_wconf 88' lang='lat' dir='ltr'><strong>mea</strong></span> <span class='ocrx_word' id='word_1_487' title='bbox 2687 2245 2868 2311; x_wconf 87' lang='lat' dir='ltr'><strong>domo,</strong></span> <span class='ocrx_word' id='word_1_488' title='bbox 2921 2247 3078 2317; x_wconf 89' lang='lat' dir='ltr'><strong>quasi</strong></span> <span class='ocrx_word' id='word_1_489' title='bbox 3127 2249 3344 2318; x_wconf 89' lang='lat' dir='ltr'><strong>primus</strong></span> <span class='ocrx_word' id='word_1_490' title='bbox 3388 2260 3444 2304; x_wconf 86' lang='lat' dir='ltr'><strong>et</strong></span> <span class='ocrx_word' id='word_1_491' title='bbox 3495 2230 3712 2319; x_wconf 76' lang='lat' dir='ltr'><strong>magnus.</strong></span> 
     </span>
    </p>
   </div>
   <div class='ocr_carea' id='block_1_68' title="bbox 2150 2335 3714 2411">
    <p class='ocr_par' dir='ltr' id='par_1_68' title="bbox 2150 2335 3714 2411">
     <span class='ocr_line' id='line_1_68' title="bbox 2150 2335 3714 2411; baseline 0.004 -21"><span class='ocrx_word' id='word_1_492' title='bbox 2150 2335 2390 2410; x_wconf 78' lang='lat' dir='ltr'><strong>Tandem</strong></span> <span class='ocrx_word' id='word_1_493' title='bbox 2415 2337 2504 2391; x_wconf 82' lang='lat' dir='ltr'><strong>vix</strong></span> <span class='ocrx_word' id='word_1_494' title='bbox 2534 2353 2657 2391; x_wconf 92' lang='lat' dir='ltr'><strong>cum</strong></span> <span class='ocrx_word' id='word_1_495' title='bbox 2687 2353 2752 2392; x_wconf 91' lang='lat' dir='ltr'><strong>eo</strong></span> <span class='ocrx_word' id='word_1_496' title='bbox 2785 2339 3080 2408; x_wconf 89' lang='lat' dir='ltr'><strong>impetrare</strong></span> <span class='ocrx_word' id='word_1_497' title='bbox 3107 2341 3288 2408; x_wconf 91' lang='lat' dir='ltr'><strong>potui,</strong></span> <span class='ocrx_word' id='word_1_498' title='bbox 3346 2351 3404 2394; x_wconf 86' lang='lat' dir='ltr'><strong>ut</strong></span> <span class='ocrx_word' id='word_1_499' title='bbox 3431 2343 3593 2411; x_wconf 82' lang='lat' dir='ltr'><strong>gratis</strong></span> <span class='ocrx_word' id='word_1_500' title='bbox 3640 2355 3714 2396; x_wconf 88' lang='lat' dir='ltr'><strong>ac-</strong></span> 
     </span>
    </p>
   </div>
   <div class='ocr_carea' id='block_1_69' title="bbox 2148 2427 3461 2495">
    <p class='ocr_par' dir='ltr' id='par_1_69' title="bbox 2148 2427 3461 2495">
     <span class='ocr_line' id='line_1_69' title="bbox 2148 2427 3461 2495; baseline 0.005 -17"><span class='ocrx_word' id='word_1_501' title='bbox 2148 2427 2450 2495; x_wconf 88' lang='lat' dir='ltr'><strong>quiesceret</strong></span> <span class='ocrx_word' id='word_1_502' title='bbox 2478 2442 2692 2481; x_wconf 89' lang='lat' dir='ltr'><strong>sumere</strong></span> <span class='ocrx_word' id='word_1_503' title='bbox 2720 2429 2991 2483; x_wconf 86' lang='lat' dir='ltr'><strong>moJicum</strong></span> <span class='ocrx_word' id='word_1_504' title='bbox 3025 2445 3221 2485; x_wconf 89' lang='lat' dir='ltr'><strong>munus</strong></span> <span class='ocrx_word' id='word_1_505' title='bbox 3256 2446 3461 2486; x_wconf 88' lang='lat' dir='ltr'><strong>meum.</strong></span> 
     </span>
    </p>
   </div>
   <div class='ocr_carea' id='block_1_70' title="bbox 2221 2518 3715 2594">
    <p class='ocr_par' dir='ltr' id='par_1_70' title="bbox 2221 2518 3715 2594">
     <span class='ocr_line' id='line_1_70' title="bbox 2221 2518 3715 2594; baseline 0.005 -22"><span class='ocrx_word' id='word_1_506' title='bbox 2221 2518 2344 2572; x_wconf 77' lang='lat'><strong>639.</strong></span> <span class='ocrx_word' id='word_1_507' title='bbox 2381 2537 2398 2570; x_wconf 77' lang='grc' dir='ltr'><strong>ι</strong></span> <span class='ocrx_word' id='word_1_508' title='bbox 2421 2518 2622 2572; x_wconf 85' lang='lat' dir='ltr'><strong>Donavi</strong></span> <span class='ocrx_word' id='word_1_509' title='bbox 2648 2529 2826 2574; x_wconf 88' lang='lat' dir='ltr'><strong>autem</strong></span> <span class='ocrx_word' id='word_1_510' title='bbox 2853 2520 3025 2575; x_wconf 88' lang='lat' dir='ltr'><strong>eidem</strong></span> <span class='ocrx_word' id='word_1_511' title='bbox 3050 2521 3191 2591; x_wconf 88' lang='lat' dir='ltr'><strong>patri</strong></span> <span class='ocrx_word' id='word_1_512' title='bbox 3224 2522 3490 2588; x_wconf 87' lang='lat' dir='ltr'><strong>Brunoni,</strong></span> <span class='ocrx_word' id='word_1_513' title='bbox 3520 2523 3715 2594; x_wconf 56' lang='lat' dir='ltr'><strong>ejusque</strong></span> 
     </span>
    </p>
   </div>
   <div class='ocr_carea' id='block_1_71' title="bbox 2151 2607 3714 2683">
    <p class='ocr_par' dir='ltr' id='par_1_71' title="bbox 2151 2607 3714 2683">
     <span class='ocr_line' id='line_1_71' title="bbox 2151 2607 3714 2683; baseline 0.004 -22"><span class='ocrx_word' id='word_1_514' title='bbox 2151 2607 2558 2662; x_wconf 85' lang='lat' dir='ltr'><strong>successoribus</strong></span> <span class='ocrx_word' id='word_1_515' title='bbox 2614 2608 2681 2661; x_wconf 90' lang='lat' dir='ltr'><strong>ad</strong></span> <span class='ocrx_word' id='word_1_516' title='bbox 2729 2609 3034 2664; x_wconf 85' lang='lat' dir='ltr'><strong>habendum</strong></span> <span class='ocrx_word' id='word_1_517' title='bbox 3068 2627 3121 2664; x_wconf 88' lang='lat' dir='ltr'><strong>tu</strong></span> <span class='ocrx_word' id='word_1_518' title='bbox 3171 2621 3501 2682; x_wconf 88' lang='lat' dir='ltr'><strong>perpetuum</strong></span> <span class='ocrx_word' id='word_1_519' title='bbox 3540 2615 3714 2683; x_wconf 83' lang='lat' dir='ltr'><strong>absque</strong></span> 
     </span>
    </p>
   </div>
   <div class='ocr_carea' id='block_1_72' title="bbox 2121 2697 3713 2766">
    <p class='ocr_par' dir='ltr' id='par_1_72' title="bbox 2121 2697 3713 2766">
     <span class='ocr_line' id='line_1_72' title="bbox 2121 2697 3713 2766; baseline 0.003 -15"><span class='ocrx_word' id='word_1_520' title='bbox 2121 2755 2126 2762; x_wconf 61' lang='grc'><strong><em>,</em></strong></span> <span class='ocrx_word' id='word_1_521' title='bbox 2155 2697 2433 2766; x_wconf 89' lang='lat' dir='ltr'><strong>temporali</strong></span> <span class='ocrx_word' id='word_1_522' title='bbox 2463 2698 2690 2752; x_wconf 86' lang='lat' dir='ltr'><strong>servitio</strong></span> <span class='ocrx_word' id='word_1_523' title='bbox 2722 2700 3112 2754; x_wconf 89' lang='lat' dir='ltr'><strong>monasterium</strong></span> <span class='ocrx_word' id='word_1_524' title='bbox 3138 2699 3197 2756; x_wconf 90' lang='lat' dir='ltr'><strong>S.</strong></span> <span class='ocrx_word' id='word_1_525' title='bbox 3227 2701 3421 2759; x_wconf 78' lang='lat' dir='ltr'><strong>Jacobi</strong></span> <span class='ocrx_word' id='word_1_526' title='bbox 3475 2704 3540 2759; x_wconf 86' lang='lat' dir='ltr'><strong>de</strong></span> <span class='ocrx_word' id='word_1_527' title='bbox 3587 2703 3713 2756; x_wconf 79' lang='lat' dir='ltr'><strong>Nun-</strong></span> 
     </span>
    </p>
   </div>
   <div class='ocr_carea' id='block_1_73' title="bbox 2155 2787 3713 2863">
    <p class='ocr_par' dir='ltr' id='par_1_73' title="bbox 2155 2787 3713 2863">
     <span class='ocr_line' id='line_1_73' title="bbox 2155 2787 3713 2863; baseline 0.002 -20"><span class='ocrx_word' id='word_1_528' title='bbox 2155 2798 2309 2843; x_wconf 86' lang='lat' dir='ltr'><strong>tauro</strong></span> <span class='ocrx_word' id='word_1_529' title='bbox 2341 2787 2462 2860; x_wconf 84' lang='grc' dir='ltr'>[αι.,</span> <span class='ocrx_word' id='word_1_530' title='bbox 2499 2788 2802 2861; x_wconf 85' lang='lat' dir='ltr'><strong>Mcntauro]</strong></span> <span class='ocrx_word' id='word_1_531' title='bbox 2849 2805 2971 2846; x_wconf 91' lang='lat' dir='ltr'><strong>cum</strong></span> <span class='ocrx_word' id='word_1_532' title='bbox 2997 2800 3198 2857; x_wconf 89' lang='lat' dir='ltr'><strong>castro,</strong></span> <span class='ocrx_word' id='word_1_533' title='bbox 3258 2795 3402 2863; x_wconf 91' lang='lat' dir='ltr'><strong>quod</strong></span> <span class='ocrx_word' id='word_1_534' title='bbox 3430 2803 3510 2849; x_wconf 86' lang='lat' dir='ltr'><strong>est</strong></span> <span class='ocrx_word' id='word_1_535' title='bbox 3551 2794 3713 2849; x_wconf 89' lang='lat' dir='ltr'><strong>subtus</strong></span> 
     </span>
    </p>
   </div>
   <div class='ocr_carea' id='block_1_74' title="bbox 2155 2881 3713 2959">
    <p class='ocr_par' dir='ltr' id='par_1_74' title="bbox 2155 2881 3713 2959">
     <span class='ocr_line' id='line_1_74' title="bbox 2155 2881 3713 2959; baseline 0.001 -24"><span class='ocrx_word' id='word_1_536' title='bbox 2155 2881 2356 2936; x_wconf 90' lang='lat' dir='ltr'><strong>dictum</strong></span> <span class='ocrx_word' id='word_1_537' title='bbox 2387 2882 2802 2946; x_wconf 88' lang='lat' dir='ltr'><strong>monasterium,</strong></span> <span class='ocrx_word' id='word_1_538' title='bbox 2835 2883 3135 2959; x_wconf 87' lang='lat' dir='ltr'><strong>antiquitus</strong></span> <span class='ocrx_word' id='word_1_539' title='bbox 3175 2893 3546 2942; x_wconf 89' lang='lat' dir='ltr'><strong>constructum</strong></span> <span class='ocrx_word' id='word_1_540' title='bbox 3568 2893 3617 2939; x_wconf 90' lang='lat' dir='ltr'><strong>et</strong></span> <span class='ocrx_word' id='word_1_541' title='bbox 3639 2897 3713 2938; x_wconf 85' lang='lat' dir='ltr'><strong>ca-</strong></span> 
     </span>
    </p>
   </div>
   <div class='ocr_carea' id='block_1_75' title="bbox 2093 2972 3711 3051">
    <p class='ocr_par' dir='ltr' id='par_1_75' title="bbox 2093 2972 3711 3051">
     <span class='ocr_line' id='line_1_75' title="bbox 2093 2972 3711 3051; baseline 0.001 -24"><span class='ocrx_word' id='word_1_542' title='bbox 2093 3028 2122 3051; x_wconf 45' lang='grc' dir='ltr'>Ἰ</span> <span class='ocrx_word' id='word_1_543' title='bbox 2156 2984 2328 3028; x_wconf 88' lang='lat' dir='ltr'><strong>strmn</strong></span> <span class='ocrx_word' id='word_1_544' title='bbox 2381 2972 2614 3042; x_wconf 83' lang='lat' dir='ltr'><strong>ligneum</strong></span> <span class='ocrx_word' id='word_1_545' title='bbox 2665 2973 2827 3028; x_wconf 88' lang='lat' dir='ltr'><strong>situm</strong></span> <span class='ocrx_word' id='word_1_546' title='bbox 2867 2973 2920 3026; x_wconf 88' lang='lat' dir='ltr'><strong>in</strong></span> <span class='ocrx_word' id='word_1_547' title='bbox 2972 2975 3257 3030; x_wconf 88' lang='lat' dir='ltr'><strong>cacumine</strong></span> <span class='ocrx_word' id='word_1_548' title='bbox 3312 2975 3512 3032; x_wconf 88' lang='lat' dir='ltr'><strong>montis</strong></span> <span class='ocrx_word' id='word_1_549' title='bbox 3551 2987 3711 3031; x_wconf 82' lang='lat' dir='ltr'><strong>versus</strong></span> 
     </span>
    </p>
   </div>
   <div class='ocr_carea' id='block_1_76' title="bbox 2158 3065 3710 3134">
    <p class='ocr_par' dir='ltr' id='par_1_76' title="bbox 2158 3065 3710 3134">
     <span class='ocr_line' id='line_1_76' title="bbox 2158 3065 3710 3134; baseline 0.002 -15"><span class='ocrx_word' id='word_1_550' title='bbox 2158 3081 2306 3120; x_wconf 87' lang='lat' dir='ltr'><strong>mare</strong></span> <span class='ocrx_word' id='word_1_551' title='bbox 2363 3065 2452 3134; x_wconf 90' lang='lat' dir='ltr'><strong>qui</strong></span> <span class='ocrx_word' id='word_1_552' title='bbox 2485 3078 2639 3118; x_wconf 90' lang='lat' dir='ltr'><strong>mons</strong></span> <span class='ocrx_word' id='word_1_553' title='bbox 2666 3079 2762 3134; x_wconf 88' lang='lat' dir='ltr'><strong>per</strong></span> <span class='ocrx_word' id='word_1_554' title='bbox 2809 3065 3076 3120; x_wconf 87' lang='lat' dir='ltr'><strong>directum</strong></span> <span class='ocrx_word' id='word_1_555' title='bbox 3128 3065 3385 3123; x_wconf 81' lang='lat' dir='ltr'><strong>fabricati</strong></span> <span class='ocrx_word' id='word_1_556' title='bbox 3432 3067 3587 3123; x_wconf 90' lang='lat' dir='ltr'><strong>castri</strong></span> <span class='ocrx_word' id='word_1_557' title='bbox 3633 3066 3710 3122; x_wconf 87' lang='lat' dir='ltr'><strong>de-</strong></span> 
     </span>
    </p>
   </div>
   <div class='ocr_carea' id='block_1_77' title="bbox 2153 3153 3710 3224">
    <p class='ocr_par' dir='ltr' id='par_1_77' title="bbox 2153 3153 3710 3224">
     <span class='ocr_line' id='line_1_77' title="bbox 2153 3153 3710 3224; baseline -0.002 -13"><span class='ocrx_word' id='word_1_558' title='bbox 2153 3155 2385 3219; x_wconf 90' lang='lat' dir='ltr'><strong>scendit,</strong></span> <span class='ocrx_word' id='word_1_559' title='bbox 2419 3155 2560 3224; x_wconf 89' lang='lat' dir='ltr'><strong>quod</strong></span> <span class='ocrx_word' id='word_1_560' title='bbox 2589 3163 2836 3209; x_wconf 88' lang='lat' dir='ltr'><strong>castrum</strong></span> <span class='ocrx_word' id='word_1_561' title='bbox 2865 3153 3114 3211; x_wconf 87' lang='lat' dir='ltr'><strong>Belvider</strong></span> <span class='ocrx_word' id='word_1_562' title='bbox 3141 3172 3170 3209; x_wconf 88' lang='lat' dir='ltr'><strong>a</strong></span> <span class='ocrx_word' id='word_1_563' title='bbox 3204 3157 3312 3214; x_wconf 90' lang='lat' dir='ltr'><strong>loci</strong></span> <span class='ocrx_word' id='word_1_564' title='bbox 3359 3156 3546 3212; x_wconf 91' lang='lat' dir='ltr'><strong>incolis</strong></span> <span class='ocrx_word' id='word_1_565' title='bbox 3595 3170 3710 3211; x_wconf 89' lang='lat' dir='ltr'><strong>nun-</strong></span> 
     </span>
    </p>
   </div>
   <div class='ocr_carea' id='block_1_78' title="bbox 2153 3243 3708 3318">
    <p class='ocr_par' dir='ltr' id='par_1_78' title="bbox 2153 3243 3708 3318">
     <span class='ocr_line' id='line_1_78' title="bbox 2153 3243 3708 3318; baseline -0.003 -17"><span class='ocrx_word' id='word_1_566' title='bbox 2153 3255 2401 3315; x_wconf 85' lang='lat' dir='ltr'><strong>cupatur,</strong></span> <span class='ocrx_word' id='word_1_567' title='bbox 2425 3255 2481 3299; x_wconf 92' lang='lat' dir='ltr'><strong>et</strong></span> <span class='ocrx_word' id='word_1_568' title='bbox 2514 3244 2694 3300; x_wconf 89' lang='lat' dir='ltr'><strong>casale</strong></span> <span class='ocrx_word' id='word_1_569' title='bbox 2725 3244 2781 3300; x_wconf 92' lang='lat' dir='ltr'><strong>S.</strong></span> <span class='ocrx_word' id='word_1_570' title='bbox 2813 3244 3016 3312; x_wconf 76' lang='lat' dir='ltr'><strong>Mariae,</strong></span> <span class='ocrx_word' id='word_1_571' title='bbox 3045 3248 3186 3316; x_wconf 86' lang='lat' dir='ltr'><strong>quod</strong></span> <span class='ocrx_word' id='word_1_572' title='bbox 3210 3258 3295 3303; x_wconf 87' lang='lat' dir='ltr'><strong>est</strong></span> <span class='ocrx_word' id='word_1_573' title='bbox 3314 3249 3382 3304; x_wconf 89' lang='lat' dir='ltr'><strong>ad</strong></span> <span class='ocrx_word' id='word_1_574' title='bbox 3418 3249 3580 3318; x_wconf 87' lang='lat' dir='ltr'><strong>ripam</strong></span> <span class='ocrx_word' id='word_1_575' title='bbox 3601 3243 3708 3299; x_wconf 88' lang='lat' dir='ltr'><strong>dicti</strong></span> 
     </span>
    </p>
   </div>
   <div class='ocr_carea' id='block_1_79' title="bbox 2155 3337 3709 3408">
    <p class='ocr_par' dir='ltr' id='par_1_79' title="bbox 2155 3337 3709 3408">
     <span class='ocr_line' id='line_1_79' title="bbox 2155 3337 3709 3408; baseline -0.003 -16"><span class='ocrx_word' id='word_1_576' title='bbox 2155 3340 2355 3394; x_wconf 88' lang='lat' dir='ltr'><strong>montis</strong></span> <span class='ocrx_word' id='word_1_577' title='bbox 2383 3338 2526 3394; x_wconf 85' lang='lat' dir='ltr'><strong>inter</strong></span> <span class='ocrx_word' id='word_1_578' title='bbox 2551 3337 2827 3394; x_wconf 87' lang='lat' dir='ltr'><strong>Orientem</strong></span> <span class='ocrx_word' id='word_1_579' title='bbox 2860 3348 2914 3394; x_wconf 91' lang='lat' dir='ltr'><strong>et</strong></span> <span class='ocrx_word' id='word_1_580' title='bbox 2939 3339 3257 3408; x_wconf 81' lang='lat' dir='ltr'><strong>Meridicm;</strong></span> <span class='ocrx_word' id='word_1_581' title='bbox 3301 3342 3521 3395; x_wconf 87' lang='lat' dir='ltr'><strong>domum</strong></span> <span class='ocrx_word' id='word_1_582' title='bbox 3569 3337 3709 3392; x_wconf 88' lang='lat' dir='ltr'><strong>etiam</strong></span> 
     </span>
    </p>
   </div>
   <div class='ocr_carea' id='block_1_80' title="bbox 2155 3425 3763 3499">
    <p class='ocr_par' dir='ltr' id='par_1_80' title="bbox 2155 3425 3763 3499">
     <span class='ocr_line' id='line_1_80' title="bbox 2155 3425 3763 3499; baseline -0.006 -15"><span class='ocrx_word' id='word_1_583' title='bbox 2155 3445 2356 3494; x_wconf 89' lang='lat' dir='ltr'><strong>meam,</strong></span> <span class='ocrx_word' id='word_1_584' title='bbox 2385 3445 2506 3499; x_wconf 73' lang='lat' dir='ltr'><strong>qua:</strong></span> <span class='ocrx_word' id='word_1_585' title='bbox 2540 3429 2846 3483; x_wconf 87' lang='lat' dir='ltr'><strong>Buttarium</strong></span> <span class='ocrx_word' id='word_1_586' title='bbox 2877 3430 3096 3498; x_wconf 85' lang='lat' dir='ltr'><strong>dicitur,</strong></span> <span class='ocrx_word' id='word_1_587' title='bbox 3123 3447 3246 3484; x_wconf 89' lang='lat' dir='ltr'><strong>cum</strong></span> <span class='ocrx_word' id='word_1_588' title='bbox 3270 3431 3466 3495; x_wconf 88' lang='lat' dir='ltr'><strong>Buttis,</strong></span> <span class='ocrx_word' id='word_1_589' title='bbox 3519 3443 3626 3497; x_wconf 76' lang='lat' dir='ltr'><strong>qua:</strong></span> <span class='ocrx_word' id='word_1_590' title='bbox 3664 3425 3707 3477; x_wconf 90' lang='lat' dir='ltr'><strong>in</strong></span> <span class='ocrx_word' id='word_1_591' title='bbox 3757 3439 3763 3444; x_wconf 92' lang='grc'><strong>·</strong></span> 
     </span>
    </p>
   </div>
   <div class='ocr_carea' id='block_1_81' title="bbox 2154 3516 3709 3589">
    <p class='ocr_par' dir='ltr' id='par_1_81' title="bbox 2154 3516 3709 3589">
     <span class='ocr_line' id='line_1_81' title="bbox 2154 3516 3709 3589; baseline -0.005 -14"><span class='ocrx_word' id='word_1_592' title='bbox 2154 3537 2218 3576; x_wconf 90' lang='lat' dir='ltr'><strong>ea</strong></span> <span class='ocrx_word' id='word_1_593' title='bbox 2249 3521 2407 3574; x_wconf 90' lang='lat' dir='ltr'><strong>domo</strong></span> <span class='ocrx_word' id='word_1_594' title='bbox 2441 3528 2590 3585; x_wconf 89' lang='lat' dir='ltr'><strong>sunt,</strong></span> <span class='ocrx_word' id='word_1_595' title='bbox 2621 3535 2738 3589; x_wconf 64' lang='lat' dir='ltr'><strong>qua:</strong></span> <span class='ocrx_word' id='word_1_596' title='bbox 2763 3519 2983 3574; x_wconf 83' lang='lat' dir='ltr'><strong>fuerunt</strong></span> <span class='ocrx_word' id='word_1_597' title='bbox 3008 3521 3228 3576; x_wconf 77' lang='lat' dir='ltr'><strong>Roberti</strong></span> <span class='ocrx_word' id='word_1_598' title='bbox 3261 3521 3536 3578; x_wconf 87' lang='lat' dir='ltr'><strong>Guiscardi</strong></span> <span class='ocrx_word' id='word_1_599' title='bbox 3554 3516 3709 3571; x_wconf 83' lang='lat' dir='ltr'><strong>fratris</strong></span> 
     </span>
    </p>
   </div>
   <div class='ocr_carea' id='block_1_82' title="bbox 2157 3610 3708 3680">
    <p class='ocr_par' dir='ltr' id='par_1_82' title="bbox 2157 3610 3708 3680">
     <span class='ocr_line' id='line_1_82' title="bbox 2157 3610 3708 3680; baseline -0.005 -13"><span class='ocrx_word' id='word_1_600' title='bbox 2157 3611 2285 3675; x_wconf 87' lang='lat' dir='ltr'><strong>mei,</strong></span> <span class='ocrx_word' id='word_1_601' title='bbox 2318 3623 2370 3666; x_wconf 90' lang='lat' dir='ltr'><strong>et</strong></span> <span class='ocrx_word' id='word_1_602' title='bbox 2401 3610 2550 3665; x_wconf 88' lang='lat' dir='ltr'><strong>dedit</strong></span> <span class='ocrx_word' id='word_1_603' title='bbox 2577 3611 2705 3664; x_wconf 91' lang='lat' dir='ltr'><strong>mihi</strong></span> <span class='ocrx_word' id='word_1_604' title='bbox 2731 3611 2993 3680; x_wconf 78' lang='lat' dir='ltr'><strong>Rogerius</strong></span> <span class='ocrx_word' id='word_1_605' title='bbox 3013 3614 3141 3675; x_wconf 86' lang='lat' dir='ltr'><strong>dux,</strong></span> <span class='ocrx_word' id='word_1_606' title='bbox 3199 3613 3512 3668; x_wconf 78' lang='lat' dir='ltr'><strong>caris:i:nus</strong></span> <span class='ocrx_word' id='word_1_607' title='bbox 3567 3623 3708 3678; x_wconf 89' lang='lat' dir='ltr'><strong>nepos</strong></span> 
     </span>
    </p>
   </div>
   <div class='ocr_carea' id='block_1_83' title="bbox 2157 3701 3704 3776">
    <p class='ocr_par' dir='ltr' id='par_1_83' title="bbox 2157 3701 3704 3776">
     <span class='ocr_line' id='line_1_83' title="bbox 2157 3701 3704 3776; baseline -0.003 -19"><span class='ocrx_word' id='word_1_608' title='bbox 2157 3719 2330 3757; x_wconf 90' lang='lat' dir='ltr'><strong>meus.</strong></span> <span class='ocrx_word' id='word_1_609' title='bbox 2353 3701 2563 3776; x_wconf 84' lang='lat' dir='ltr'><strong>Casalia</strong></span> <span class='ocrx_word' id='word_1_610' title='bbox 2591 3701 2875 3768; x_wconf 85' lang='lat' dir='ltr'><strong>Mentabri,</strong></span> <span class='ocrx_word' id='word_1_611' title='bbox 2902 3713 2957 3758; x_wconf 89' lang='lat' dir='ltr'><strong>et</strong></span> <span class='ocrx_word' id='word_1_612' title='bbox 2980 3702 3233 3774; x_wconf 87' lang='lat' dir='ltr'><strong>Oliviani,</strong></span> <span class='ocrx_word' id='word_1_613' title='bbox 3265 3717 3321 3762; x_wconf 92' lang='lat' dir='ltr'><strong>et</strong></span> <span class='ocrx_word' id='word_1_614' title='bbox 3363 3703 3704 3774; x_wconf 85' lang='lat' dir='ltr'><strong>Gaspariuam,</strong></span> 
     </span>
    </p>
   </div>
   <div class='ocr_carea' id='block_1_84' title="bbox 2158 3786 3706 3864">
    <p class='ocr_par' dir='ltr' id='par_1_84' title="bbox 2158 3786 3706 3864">
     <span class='ocr_line' id='line_1_84' title="bbox 2158 3786 3706 3864; baseline -0.003 -16"><span class='ocrx_word' id='word_1_615' title='bbox 2158 3794 2248 3848; x_wconf 91' lang='lat' dir='ltr'><strong>ubi</strong></span> <span class='ocrx_word' id='word_1_616' title='bbox 2288 3792 2585 3862; x_wconf 88' lang='lat' dir='ltr'><strong>antiquitus</strong></span> <span class='ocrx_word' id='word_1_617' title='bbox 2615 3786 2795 3847; x_wconf 72' lang='lat' dir='ltr'><strong>cas&#39;ale</strong></span> <span class='ocrx_word' id='word_1_618' title='bbox 2825 3793 3023 3859; x_wconf 75' lang='lat' dir='ltr'><strong>fuerat,</strong></span> <span class='ocrx_word' id='word_1_619' title='bbox 3045 3811 3166 3850; x_wconf 91' lang='lat' dir='ltr'><strong>cum</strong></span> <span class='ocrx_word' id='word_1_620' title='bbox 3188 3797 3440 3850; x_wconf 89' lang='lat' dir='ltr'><strong>omnibus</strong></span> <span class='ocrx_word' id='word_1_621' title='bbox 3463 3793 3706 3864; x_wconf 74' lang='lat' dir='ltr'><strong>pertinen-</strong></span> 
     </span>
    </p>
   </div>
   <div class='ocr_carea' id='block_1_85' title="bbox 2161 3880 3706 3948">
    <p class='ocr_par' dir='ltr' id='par_1_85' title="bbox 2161 3880 3706 3948">
     <span class='ocr_line' id='line_1_85' title="bbox 2161 3880 3706 3948; baseline -0.003 -10"><span class='ocrx_word' id='word_1_622' title='bbox 2161 3885 2248 3939; x_wconf 89' lang='lat' dir='ltr'><strong>tiis</strong></span> <span class='ocrx_word' id='word_1_623' title='bbox 2269 3883 2608 3948; x_wconf 87' lang='lat' dir='ltr'><strong>eorumdem,</strong></span> <span class='ocrx_word' id='word_1_624' title='bbox 2646 3883 2784 3938; x_wconf 90' lang='lat' dir='ltr'><strong>sicut</strong></span> <span class='ocrx_word' id='word_1_625' title='bbox 2816 3885 2902 3939; x_wconf 92' lang='lat' dir='ltr'><strong>hic</strong></span> <span class='ocrx_word' id='word_1_626' title='bbox 2929 3885 3114 3940; x_wconf 65' lang='lat' dir='ltr'><strong>divisae</strong></span> <span class='ocrx_word' id='word_1_627' title='bbox 3163 3889 3514 3942; x_wconf 89' lang='lat' dir='ltr'><strong>scribuntur:</strong></span> <span class='ocrx_word' id='word_1_628' title='bbox 3545 3880 3706 3937; x_wconf 88' lang='lat' dir='ltr'><strong>videli—</strong></span> 
     </span>
    </p>
   </div>
   <div class='ocr_carea' id='block_1_86' title="bbox 2159 3973 3706 4048">
    <p class='ocr_par' dir='ltr' id='par_1_86' title="bbox 2159 3973 3706 4048">
     <span class='ocr_line' id='line_1_86' title="bbox 2159 3973 3706 4048; baseline -0.004 -16"><span class='ocrx_word' id='word_1_629' title='bbox 2159 3985 2246 4032; x_wconf 88' lang='lat' dir='ltr'><strong>cet</strong></span> <span class='ocrx_word' id='word_1_630' title='bbox 2266 3990 2296 4028; x_wconf 91' lang='lat' dir='ltr'><strong>a</strong></span> <span class='ocrx_word' id='word_1_631' title='bbox 2315 3984 2457 4030; x_wconf 87' lang='lat' dir='ltr'><strong>terra</strong></span> <span class='ocrx_word' id='word_1_632' title='bbox 2484 3973 2688 4029; x_wconf 85' lang='lat' dir='ltr'><strong>Coxani</strong></span> <span class='ocrx_word' id='word_1_633' title='bbox 2716 3995 2734 4028; x_wconf 77' lang='grc' dir='ltr'><strong>ι</strong></span> <span class='ocrx_word' id='word_1_634' title='bbox 2765 3986 2897 4043; x_wconf 90' lang='lat' dir='ltr'><strong>etc.,</strong></span> <span class='ocrx_word' id='word_1_635' title='bbox 2917 3977 3363 4048; x_wconf 85' lang='lat' dir='ltr'><strong>(descriptionem</strong></span> <span class='ocrx_word' id='word_1_636' title='bbox 3387 3977 3706 4034; x_wconf 87' lang='lat' dir='ltr'><strong>termiuorum</strong></span> 
     </span>
    </p>
   </div>
   <div class='ocr_carea' id='block_1_87' title="bbox 2165 4065 3706 4135">
    <p class='ocr_par' dir='ltr' id='par_1_87' title="bbox 2165 4065 3706 4135">
     <span class='ocr_line' id='line_1_87' title="bbox 2165 4065 3706 4135; baseline -0.003 -16"><span class='ocrx_word' id='word_1_637' title='bbox 2165 4077 2320 4120; x_wconf 75' lang='lat' dir='ltr'><strong>terrm</strong></span> <span class='ocrx_word' id='word_1_638' title='bbox 2350 4065 2529 4133; x_wconf 89' lang='lat' dir='ltr'><strong>hujus,</strong></span> <span class='ocrx_word' id='word_1_639' title='bbox 2563 4066 2730 4134; x_wconf 91' lang='lat' dir='ltr'><strong>quod,</strong></span> <span class='ocrx_word' id='word_1_640' title='bbox 2763 4075 2822 4120; x_wconf 91' lang='lat' dir='ltr'><strong>ut</strong></span> <span class='ocrx_word' id='word_1_641' title='bbox 2846 4068 2942 4135; x_wconf 86' lang='lat' dir='ltr'><strong>ait,</strong></span> <span class='ocrx_word' id='word_1_642' title='bbox 2971 4068 3105 4122; x_wconf 92' lang='lat' dir='ltr'><strong>nihil</strong></span> <span class='ocrx_word' id='word_1_643' title='bbox 3134 4070 3199 4123; x_wconf 89' lang='lat' dir='ltr'><strong>ad</strong></span> <span class='ocrx_word' id='word_1_644' title='bbox 3225 4086 3342 4126; x_wconf 87' lang='lat' dir='ltr'><strong>rem</strong></span> <span class='ocrx_word' id='word_1_645' title='bbox 3393 4082 3539 4124; x_wconf 89' lang='lat' dir='ltr'><strong>suam</strong></span> <span class='ocrx_word' id='word_1_646' title='bbox 3587 4065 3706 4118; x_wconf 78' lang='lat' dir='ltr'><strong>face-</strong></span> 
     </span>
    </p>
   </div>
   <div class='ocr_carea' id='block_1_88' title="bbox 2164 4155 3704 4229">
    <p class='ocr_par' dir='ltr' id='par_1_88' title="bbox 2164 4155 3704 4229">
     <span class='ocr_line' id='line_1_88' title="bbox 2164 4155 3704 4229; baseline -0.003 -20"><span class='ocrx_word' id='word_1_647' title='bbox 2164 4166 2266 4222; x_wconf 85' lang='lat' dir='ltr'><strong>ret,</strong></span> <span class='ocrx_word' id='word_1_648' title='bbox 2293 4155 2380 4210; x_wconf 90' lang='lat' dir='ltr'><strong>hic</strong></span> <span class='ocrx_word' id='word_1_649' title='bbox 2409 4157 2592 4212; x_wconf 85' lang='lat' dir='ltr'><strong>omisit</strong></span> <span class='ocrx_word' id='word_1_650' title='bbox 2619 4155 2973 4228; x_wconf 82' lang='lat' dir='ltr'><strong>Morkensius)</strong></span> <span class='ocrx_word' id='word_1_651' title='bbox 3011 4177 3024 4209; x_wconf 80' lang='grc' dir='ltr'><strong>ι</strong></span> <span class='ocrx_word' id='word_1_652' title='bbox 3053 4161 3234 4215; x_wconf 89' lang='lat' dir='ltr'><strong>omnia</strong></span> <span class='ocrx_word' id='word_1_653' title='bbox 3263 4173 3442 4216; x_wconf 91' lang='lat' dir='ltr'><strong>autem</strong></span> <span class='ocrx_word' id='word_1_654' title='bbox 3465 4169 3704 4229; x_wconf 69' lang='lat' dir='ltr'><strong>quaeomn-</strong></span> 
     </span>
    </p>
   </div>
   <div class='ocr_carea' id='block_1_89' title="bbox 2163 4246 3704 4322">
    <p class='ocr_par' dir='ltr' id='par_1_89' title="bbox 2163 4246 3704 4322">
     <span class='ocr_line' id='line_1_89' title="bbox 2163 4246 3704 4322; baseline 0 -22"><span class='ocrx_word' id='word_1_655' title='bbox 2163 4263 2266 4318; x_wconf 89' lang='lat' dir='ltr'><strong>que</strong></span> <span class='ocrx_word' id='word_1_656' title='bbox 2295 4249 2432 4302; x_wconf 88' lang='lat' dir='ltr'><strong>intra</strong></span> <span class='ocrx_word' id='word_1_657' title='bbox 2464 4247 2558 4320; x_wconf 88' lang='grc' dir='ltr'>[αι.</span> <span class='ocrx_word' id='word_1_658' title='bbox 2589 4248 2752 4322; x_wconf 85' lang='lat' dir='ltr'><strong>infra]</strong></span> <span class='ocrx_word' id='word_1_659' title='bbox 2779 4251 2876 4305; x_wconf 92' lang='lat' dir='ltr'><strong>hos</strong></span> <span class='ocrx_word' id='word_1_660' title='bbox 2904 4261 3028 4306; x_wconf 87' lang='lat' dir='ltr'><strong>sunt</strong></span> <span class='ocrx_word' id='word_1_661' title='bbox 3057 4254 3339 4321; x_wconf 84' lang='lat' dir='ltr'><strong>terminos,</strong></span> <span class='ocrx_word' id='word_1_662' title='bbox 3399 4263 3502 4308; x_wconf 88' lang='lat' dir='ltr'><strong>tam</strong></span> <span class='ocrx_word' id='word_1_663' title='bbox 3559 4246 3704 4302; x_wconf 74' lang='lat' dir='ltr'><strong>vasa!-</strong></span> 
     </span>
    </p>
   </div>
   <div class='ocr_carea' id='block_1_90' title="bbox 472 4341 3700 4427">
    <p class='ocr_par' dir='ltr' id='par_1_90' title="bbox 472 4341 3700 4427">
     <span class='ocr_line' id='line_1_90' title="bbox 472 4341 3700 4427; baseline 0 -21"><span class='ocrx_word' id='word_1_664' title='bbox 472 4351 754 4420; x_wconf 89' lang='lat' dir='ltr'><strong>interjecto</strong></span> <span class='ocrx_word' id='word_1_665' title='bbox 808 4351 1086 4422; x_wconf 88' lang='lat' dir='ltr'><strong>aliquanto</strong></span> <span class='ocrx_word' id='word_1_666' title='bbox 1135 4352 1310 4406; x_wconf 92' lang='lat' dir='ltr'><strong>noctis</strong></span> <span class='ocrx_word' id='word_1_667' title='bbox 1369 4352 1546 4421; x_wconf 89' lang='lat' dir='ltr'><strong>spatio</strong></span> <span class='ocrx_word' id='word_1_668' title='bbox 1575 4392 1590 4416; x_wconf 95' lang='lat'><strong>,</strong></span> <span class='ocrx_word' id='word_1_669' title='bbox 1649 4352 1860 4408; x_wconf 91' lang='lat' dir='ltr'><strong>adstitit</strong></span> <span class='ocrx_word' id='word_1_670' title='bbox 1900 4354 2062 4407; x_wconf 84' lang='lat' dir='ltr'><strong>cubili</strong></span> <span class='ocrx_word' id='word_1_671' title='bbox 2099 4373 2142 4427; x_wconf 78' lang='grc' dir='ltr'>ι)</span> <span class='ocrx_word' id='word_1_672' title='bbox 2171 4349 2268 4410; x_wconf 84' lang='lat' dir='ltr'><strong>los.</strong></span> <span class='ocrx_word' id='word_1_673' title='bbox 2302 4348 2391 4417; x_wconf 85' lang='lat' dir='ltr'><strong>qui</strong></span> <span class='ocrx_word' id='word_1_674' title='bbox 2424 4347 2477 4400; x_wconf 88' lang='lat' dir='ltr'><strong>in</strong></span> <span class='ocrx_word' id='word_1_675' title='bbox 2502 4346 2658 4401; x_wconf 77' lang='lat' dir='ltr'><strong>dictis</strong></span> <span class='ocrx_word' id='word_1_676' title='bbox 2687 4349 2953 4403; x_wconf 79' lang='lat' dir='ltr'><strong>casalibus</strong></span> <span class='ocrx_word' id='word_1_677' title='bbox 2983 4349 3233 4405; x_wconf 83' lang='lat' dir='ltr'><strong>habitant</strong></span> <span class='ocrx_word' id='word_1_678' title='bbox 3255 4365 3418 4413; x_wconf 91' lang='lat' dir='ltr'><strong>nunc,</strong></span> <span class='ocrx_word' id='word_1_679' title='bbox 3449 4362 3596 4418; x_wconf 82' lang='lat' dir='ltr'><strong>quam</strong></span> <span class='ocrx_word' id='word_1_680' title='bbox 3625 4341 3700 4410; x_wconf 75' lang='grc' dir='ltr'>ιιιιῑ</span> 
     </span>
    </p>
   </div>
   <div class='ocr_carea' id='block_1_91' title="bbox 474 4442 2057 4513">
    <p class='ocr_par' dir='ltr' id='par_1_91' title="bbox 474 4442 2057 4513">
     <span class='ocr_line' id='line_1_91' title="bbox 474 4442 2057 4513; baseline 0.001 -16"><span class='ocrx_word' id='word_1_681' title='bbox 474 4459 595 4498; x_wconf 89' lang='lat' dir='ltr'><strong>meo</strong></span> <span class='ocrx_word' id='word_1_682' title='bbox 625 4445 841 4513; x_wconf 84' lang='lat' dir='ltr'><strong>quidam</strong></span> <span class='ocrx_word' id='word_1_683' title='bbox 876 4459 1041 4496; x_wconf 82' lang='lat' dir='ltr'><strong>senex</strong></span> <span class='ocrx_word' id='word_1_684' title='bbox 1071 4442 1355 4498; x_wconf 84' lang='lat' dir='ltr'><strong>reverendi</strong></span> <span class='ocrx_word' id='word_1_685' title='bbox 1381 4443 1581 4509; x_wconf 91' lang='lat' dir='ltr'><strong>vultus,</strong></span> <span class='ocrx_word' id='word_1_686' title='bbox 1608 4444 1794 4500; x_wconf 89' lang='lat' dir='ltr'><strong>scissis</strong></span> <span class='ocrx_word' id='word_1_687' title='bbox 1817 4445 2057 4500; x_wconf 91' lang='lat' dir='ltr'><strong>vestibus</strong></span> 
     </span>
    </p>
   </div>
   <div class='ocr_carea' id='block_1_92' title="bbox 475 4533 2058 4604">
    <p class='ocr_par' dir='ltr' id='par_1_92' title="bbox 475 4533 2058 4604">
     <span class='ocr_line' id='line_1_92' title="bbox 475 4533 2058 4604; baseline 0 -15"><span class='ocrx_word' id='word_1_688' title='bbox 475 4550 582 4589; x_wconf 87' lang='lat' dir='ltr'><strong>non</strong></span> <span class='ocrx_word' id='word_1_689' title='bbox 622 4535 808 4590; x_wconf 80' lang='lat' dir='ltr'><strong>valens</strong></span> <span class='ocrx_word' id='word_1_690' title='bbox 863 4533 1169 4604; x_wconf 78' lang='lat' dir='ltr'><strong>lachrymas</strong></span> <span class='ocrx_word' id='word_1_691' title='bbox 1213 4535 1508 4590; x_wconf 90' lang='lat' dir='ltr'><strong>continere.</strong></span> <span class='ocrx_word' id='word_1_692' title='bbox 1536 4535 1657 4590; x_wconf 83' lang='lat' dir='ltr'><strong>’Cui</strong></span> <span class='ocrx_word' id='word_1_693' title='bbox 1687 4551 1809 4592; x_wconf 91' lang='lat' dir='ltr'><strong>cum</strong></span> <span class='ocrx_word' id='word_1_694' title='bbox 1841 4535 1895 4590; x_wconf 89' lang='lat' dir='ltr'><strong>in</strong></span> <span class='ocrx_word' id='word_1_695' title='bbox 1938 4537 2058 4591; x_wconf 86' lang='lat' dir='ltr'><strong>visu</strong></span> 
     </span>
    </p>
   </div>
   <div class='ocr_carea' id='block_1_93' title="bbox 473 4626 2059 4699">
    <p class='ocr_par' dir='ltr' id='par_1_93' title="bbox 473 4626 2059 4699">
     <span class='ocr_line' id='line_1_93' title="bbox 473 4626 2059 4699; baseline 0 -16"><span class='ocrx_word' id='word_1_696' title='bbox 473 4630 736 4692; x_wconf 83' lang='lat' dir='ltr'><strong>dicerem,</strong></span> <span class='ocrx_word' id='word_1_697' title='bbox 760 4643 880 4697; x_wconf 61' lang='lat' dir='ltr'><strong>quae</strong></span> <span class='ocrx_word' id='word_1_698' title='bbox 909 4643 1072 4681; x_wconf 90' lang='lat' dir='ltr'><strong>causa</strong></span> <span class='ocrx_word' id='word_1_699' title='bbox 1102 4626 1344 4696; x_wconf 89' lang='lat' dir='ltr'><strong>ploratus</strong></span> <span class='ocrx_word' id='word_1_700' title='bbox 1370 4637 1424 4683; x_wconf 91' lang='lat' dir='ltr'><strong>et</strong></span> <span class='ocrx_word' id='word_1_701' title='bbox 1475 4628 1862 4699; x_wconf 86' lang='lat' dir='ltr'><strong>lacrymarum,</strong></span> <span class='ocrx_word' id='word_1_702' title='bbox 1913 4628 2059 4683; x_wconf 88' lang='lat' dir='ltr'><strong>visus</strong></span> 
     </span>
    </p>
   </div>
   <div class='ocr_carea' id='block_1_94' title="bbox 472 4719 2055 4790">
    <p class='ocr_par' dir='ltr' id='par_1_94' title="bbox 472 4719 2055 4790">
     <span class='ocr_line' id='line_1_94' title="bbox 472 4719 2055 4790; baseline -0.001 -16"><span class='ocrx_word' id='word_1_703' title='bbox 472 4731 558 4774; x_wconf 88' lang='lat' dir='ltr'><strong>est</strong></span> <span class='ocrx_word' id='word_1_704' title='bbox 595 4720 724 4773; x_wconf 90' lang='lat' dir='ltr'><strong>mihi</strong></span> <span class='ocrx_word' id='word_1_705' title='bbox 759 4719 947 4773; x_wconf 89' lang='lat' dir='ltr'><strong>durius</strong></span> <span class='ocrx_word' id='word_1_706' title='bbox 978 4719 1288 4790; x_wconf 77' lang='lat' dir='ltr'><strong>lacrymari.</strong></span> <span class='ocrx_word' id='word_1_707' title='bbox 1322 4719 1525 4775; x_wconf 85' lang='lat' dir='ltr'><strong>llerato</strong></span> <span class='ocrx_word' id='word_1_708' title='bbox 1575 4722 1839 4790; x_wconf 80' lang='lat' dir='ltr'><strong>qtnerenti</strong></span> <span class='ocrx_word' id='word_1_709' title='bbox 1903 4721 2055 4784; x_wconf 90' lang='lat' dir='ltr'><strong>mihi,</strong></span> 
     </span>
    </p>
   </div>
   <div class='ocr_carea' id='block_1_95' title="bbox 475 4809 2059 4880">
    <p class='ocr_par' dir='ltr' id='par_1_95' title="bbox 475 4809 2059 4880">
     <span class='ocr_line' id='line_1_95' title="bbox 475 4809 2059 4880; baseline 0.001 -18"><span class='ocrx_word' id='word_1_710' title='bbox 475 4810 600 4880; x_wconf 86' lang='lat' dir='ltr'><strong>quis</strong></span> <span class='ocrx_word' id='word_1_711' title='bbox 634 4817 780 4864; x_wconf 87' lang='lat' dir='ltr'><strong>esset</strong></span> <span class='ocrx_word' id='word_1_712' title='bbox 800 4809 1074 4878; x_wconf 89' lang='lat' dir='ltr'><strong>ploratus?</strong></span> <span class='ocrx_word' id='word_1_713' title='bbox 1104 4811 1196 4867; x_wconf 91' lang='lat' dir='ltr'><strong>Sic</strong></span> <span class='ocrx_word' id='word_1_714' title='bbox 1223 4813 1301 4866; x_wconf 86' lang='lat' dir='ltr'><strong>ait</strong></span> <span class='ocrx_word' id='word_1_715' title='bbox 1329 4831 1340 4864; x_wconf 91' lang='lat'><strong>:</strong></span> <span class='ocrx_word' id='word_1_716' title='bbox 1379 4812 1508 4866; x_wconf 86' lang='lat' dir='ltr'><strong>Fleo</strong></span> <span class='ocrx_word' id='word_1_717' title='bbox 1535 4814 1745 4866; x_wconf 87' lang='lat' dir='ltr'><strong>animas</strong></span> <span class='ocrx_word' id='word_1_718' title='bbox 1795 4813 2059 4869; x_wconf 77' lang='lat' dir='ltr'><strong>Christia-</strong></span> 
     </span>
    </p>
   </div>
   <div class='ocr_carea' id='block_1_96' title="bbox 476 4900 2064 4970">
    <p class='ocr_par' dir='ltr' id='par_1_96' title="bbox 476 4900 2064 4970">
     <span class='ocr_line' id='line_1_96' title="bbox 476 4900 2064 4970; baseline 0.003 -16"><span class='ocrx_word' id='word_1_719' title='bbox 476 4913 688 4962; x_wconf 86' lang='lat' dir='ltr'><strong>norum,</strong></span> <span class='ocrx_word' id='word_1_720' title='bbox 723 4909 878 4966; x_wconf 89' lang='lat' dir='ltr'><strong>teque</strong></span> <span class='ocrx_word' id='word_1_721' title='bbox 914 4900 1196 4965; x_wconf 88' lang='lat' dir='ltr'><strong>cumillis;</strong></span> <span class='ocrx_word' id='word_1_722' title='bbox 1254 4901 1347 4956; x_wconf 86' lang='lat' dir='ltr'><strong>sed</strong></span> <span class='ocrx_word' id='word_1_723' title='bbox 1396 4915 1693 4970; x_wconf 84' lang='lat' dir='ltr'><strong>exsurgens</strong></span> <span class='ocrx_word' id='word_1_724' title='bbox 1742 4905 2064 4970; x_wconf 86' lang='lat' dir='ltr'><strong>quantocius</strong></span> 
     </span>
    </p>
   </div>
   <div class='ocr_carea' id='block_1_97' title="bbox 405 4989 2060 5062">
    <p class='ocr_par' dir='ltr' id='par_1_97' title="bbox 405 4989 2060 5062">
     <span class='ocr_line' id='line_1_97' title="bbox 405 4989 2060 5062; baseline 0.004 -20"><span class='ocrx_word' id='word_1_725' title='bbox 405 4991 411 5010; x_wconf 78' lang='grc'><strong><em>⁵</em></strong></span> <span class='ocrx_word' id='word_1_726' title='bbox 477 5005 629 5042; x_wconf 88' lang='lat' dir='ltr'><strong>arma</strong></span> <span class='ocrx_word' id='word_1_727' title='bbox 653 5003 826 5052; x_wconf 87' lang='lat' dir='ltr'><strong>sume,</strong></span> <span class='ocrx_word' id='word_1_728' title='bbox 859 4989 904 5042; x_wconf 89' lang='lat' dir='ltr'><strong>si</strong></span> <span class='ocrx_word' id='word_1_729' title='bbox 930 4989 1164 5044; x_wconf 84' lang='lat' dir='ltr'><strong>liberare</strong></span> <span class='ocrx_word' id='word_1_730' title='bbox 1193 4998 1242 5046; x_wconf 90' lang='lat' dir='ltr'><strong>te</strong></span> <span class='ocrx_word' id='word_1_731' title='bbox 1287 4992 1426 5046; x_wconf 91' lang='lat' dir='ltr'><strong>Deus</strong></span> <span class='ocrx_word' id='word_1_732' title='bbox 1466 4991 1793 5062; x_wconf 88' lang='lat' dir='ltr'><strong>permiserit,</strong></span> <span class='ocrx_word' id='word_1_733' title='bbox 1839 5002 1894 5047; x_wconf 89' lang='lat' dir='ltr'><strong>et</strong></span> <span class='ocrx_word' id='word_1_734' title='bbox 1938 5004 2060 5049; x_wconf 88' lang='lat' dir='ltr'><strong>tuo-</strong></span> 
     </span>
    </p>
   </div>
   <div class='ocr_carea' id='block_1_98' title="bbox 477 5080 2057 5152">
    <p class='ocr_par' dir='ltr' id='par_1_98' title="bbox 477 5080 2057 5152">
     <span class='ocr_line' id='line_1_98' title="bbox 477 5080 2057 5152; baseline 0.003 -18"><span class='ocrx_word' id='word_1_735' title='bbox 477 5097 597 5134; x_wconf 88' lang='lat' dir='ltr'><strong>rum</strong></span> <span class='ocrx_word' id='word_1_736' title='bbox 629 5080 838 5135; x_wconf 81' lang='lat' dir='ltr'><strong>animas</strong></span> <span class='ocrx_word' id='word_1_737' title='bbox 863 5090 1244 5152; x_wconf 88' lang='lat' dir='ltr'><strong>pugnatorum.</strong></span> <span class='ocrx_word' id='word_1_738' title='bbox 1276 5081 1372 5136; x_wconf 85' lang='lat' dir='ltr'><strong>llic</strong></span> <span class='ocrx_word' id='word_1_739' title='bbox 1421 5098 1517 5151; x_wconf 92' lang='lat' dir='ltr'><strong>per</strong></span> <span class='ocrx_word' id='word_1_740' title='bbox 1546 5090 1718 5135; x_wconf 90' lang='lat' dir='ltr'><strong>totum</strong></span> <span class='ocrx_word' id='word_1_741' title='bbox 1749 5083 1880 5136; x_wconf 91' lang='lat' dir='ltr'><strong>mihi</strong></span> <span class='ocrx_word' id='word_1_742' title='bbox 1909 5085 2057 5139; x_wconf 87' lang='lat' dir='ltr'><strong>vide-</strong></span> 
     </span>
    </p>
   </div>
   <div class='ocr_carea' id='block_1_99' title="bbox 477 5173 2062 5248">
    <p class='ocr_par' dir='ltr' id='par_1_99' title="bbox 477 5173 2062 5248">
     <span class='ocr_line' id='line_1_99' title="bbox 477 5173 2062 5248; baseline 0.002 -21"><span class='ocrx_word' id='word_1_743' title='bbox 477 5175 656 5238; x_wconf 91' lang='lat' dir='ltr'><strong>batur,</strong></span> <span class='ocrx_word' id='word_1_744' title='bbox 693 5173 842 5228; x_wconf 80' lang='lat' dir='ltr'><strong>velut</strong></span> <span class='ocrx_word' id='word_1_745' title='bbox 872 5174 914 5228; x_wconf 92' lang='lat' dir='ltr'><strong>si</strong></span> <span class='ocrx_word' id='word_1_746' title='bbox 939 5183 1085 5228; x_wconf 87' lang='lat' dir='ltr'><strong>esset</strong></span> <span class='ocrx_word' id='word_1_747' title='bbox 1131 5188 1229 5244; x_wconf 86' lang='lat' dir='ltr'><strong>per</strong></span> <span class='ocrx_word' id='word_1_748' title='bbox 1285 5174 1469 5228; x_wconf 88' lang='lat' dir='ltr'><strong>omnia</strong></span> <span class='ocrx_word' id='word_1_749' title='bbox 1527 5175 1854 5230; x_wconf 87' lang='lat' dir='ltr'><strong>venerabilis</strong></span> <span class='ocrx_word' id='word_1_750' title='bbox 1909 5186 2062 5248; x_wconf 86' lang='lat' dir='ltr'><strong>pater</strong></span> 
     </span>
    </p>
   </div>
   <div class='ocr_carea' id='block_1_100' title="bbox 473 5265 678 5321">
    <p class='ocr_par' dir='ltr' id='par_1_100' title="bbox 473 5265 678 5321">
     <span class='ocr_line' id='line_1_100' title="bbox 473 5265 678 5321; baseline 0.01 -2"><span class='ocrx_word' id='word_1_751' title='bbox 473 5265 678 5321; x_wconf 85' lang='lat' dir='ltr'><strong>Bruno.</strong></span> 
     </span>
    </p>
   </div>
   <div class='ocr_carea' id='block_1_101' title="bbox 548 5357 2061 5430">
    <p class='ocr_par' dir='ltr' id='par_1_101' title="bbox 548 5357 2061 5430">
     <span class='ocr_line' id='line_1_101' title="bbox 548 5357 2061 5430; baseline 0.003 -19"><span class='ocrx_word' id='word_1_752' title='bbox 548 5357 671 5412; x_wconf 81' lang='grc'>658.</span> <span class='ocrx_word' id='word_1_753' title='bbox 708 5357 1169 5429; x_wconf 68' lang='grc' dir='ltr'><strong>«Ειῳετερῐειοιιιε</strong></span> <span class='ocrx_word' id='word_1_754' title='bbox 1191 5372 1453 5429; x_wconf 54' lang='grc' dir='ltr'>ειιιηριιπι</span> <span class='ocrx_word' id='word_1_755' title='bbox 1488 5368 1692 5416; x_wconf 77' lang='lat' dir='ltr'><strong>terrore</strong></span> <span class='ocrx_word' id='word_1_756' title='bbox 1719 5361 1931 5430; x_wconf 82' lang='lat' dir='ltr'><strong>grandi,</strong></span> <span class='ocrx_word' id='word_1_757' title='bbox 1964 5375 2061 5430; x_wconf 88' lang='lat' dir='ltr'><strong>pro</strong></span> 
     </span>
    </p>
   </div>
   <div class='ocr_carea' id='block_1_102' title="bbox 481 5451 2061 5522">
    <p class='ocr_par' dir='ltr' id='par_1_102' title="bbox 481 5451 2061 5522">
     <span class='ocr_line' id='line_1_102' title="bbox 481 5451 2061 5522; baseline 0.002 -18"><span class='ocrx_word' id='word_1_758' title='bbox 481 5451 692 5505; x_wconf 84' lang='lat' dir='ltr'><strong>visione</strong></span> <span class='ocrx_word' id='word_1_759' title='bbox 720 5467 1039 5522; x_wconf 79' lang='lat' dir='ltr'><strong>pavescens,</strong></span> <span class='ocrx_word' id='word_1_760' title='bbox 1088 5451 1230 5508; x_wconf 90' lang='lat' dir='ltr'><strong>illico</strong></span> <span class='ocrx_word' id='word_1_761' title='bbox 1256 5451 1458 5521; x_wconf 87' lang='lat' dir='ltr'><strong>sumpsi</strong></span> <span class='ocrx_word' id='word_1_762' title='bbox 1505 5469 1677 5520; x_wconf 88' lang='lat' dir='ltr'><strong>arma,</strong></span> <span class='ocrx_word' id='word_1_763' title='bbox 1725 5453 1968 5508; x_wconf 83' lang='lat' dir='ltr'><strong>clamans</strong></span> <span class='ocrx_word' id='word_1_764' title='bbox 2007 5461 2061 5507; x_wconf 90' lang='lat' dir='ltr'><strong>ct</strong></span> 
     </span>
    </p>
   </div>
   <div class='ocr_carea' id='block_1_103' title="bbox 479 5544 2058 5615">
    <p class='ocr_par' dir='ltr' id='par_1_103' title="bbox 479 5544 2058 5615">
     <span class='ocr_line' id='line_1_103' title="bbox 479 5544 2058 5615; baseline -0.001 -15"><span class='ocrx_word' id='word_1_765' title='bbox 479 5544 742 5600; x_wconf 89' lang='lat' dir='ltr'><strong>militibus</strong></span> <span class='ocrx_word' id='word_1_766' title='bbox 771 5555 832 5600; x_wconf 91' lang='lat' dir='ltr'><strong>ut</strong></span> <span class='ocrx_word' id='word_1_767' title='bbox 878 5546 1074 5600; x_wconf 89' lang='lat' dir='ltr'><strong>armati</strong></span> <span class='ocrx_word' id='word_1_768' title='bbox 1120 5560 1289 5615; x_wconf 89' lang='lat' dir='ltr'><strong>equos</strong></span> <span class='ocrx_word' id='word_1_769' title='bbox 1339 5545 1714 5611; x_wconf 76' lang='lat' dir='ltr'><strong>ascenderant,</strong></span> <span class='ocrx_word' id='word_1_770' title='bbox 1775 5546 2058 5608; x_wconf 86' lang='lat' dir='ltr'><strong>visionem,</strong></span> 
     </span>
    </p>
   </div>
   <div class='ocr_carea' id='block_1_104' title="bbox 479 5636 2058 5709">
    <p class='ocr_par' dir='ltr' id='par_1_104' title="bbox 479 5636 2058 5709">
     <span class='ocr_line' id='line_1_104' title="bbox 479 5636 2058 5709; baseline -0.003 -17"><span class='ocrx_word' id='word_1_771' title='bbox 479 5637 525 5692; x_wconf 86' lang='lat' dir='ltr'><strong>si</strong></span> <span class='ocrx_word' id='word_1_772' title='bbox 553 5652 676 5692; x_wconf 87' lang='lat' dir='ltr'><strong>vera</strong></span> <span class='ocrx_word' id='word_1_773' title='bbox 705 5646 865 5706; x_wconf 88' lang='lat' dir='ltr'><strong>esset,</strong></span> <span class='ocrx_word' id='word_1_774' title='bbox 894 5647 1145 5708; x_wconf 72' lang='lat' dir='ltr'><strong>satagens</strong></span> <span class='ocrx_word' id='word_1_775' title='bbox 1169 5638 1538 5709; x_wconf 85' lang='lat' dir='ltr'><strong>comprobare.</strong></span> <span class='ocrx_word' id='word_1_776' title='bbox 1569 5637 1648 5692; x_wconf 86' lang='lat' dir='ltr'><strong>Ad</strong></span> <span class='ocrx_word' id='word_1_777' title='bbox 1677 5653 1836 5707; x_wconf 87' lang='lat' dir='ltr'><strong>quem</strong></span> <span class='ocrx_word' id='word_1_778' title='bbox 1861 5636 2058 5705; x_wconf 86' lang='lat' dir='ltr'><strong>strepi-</strong></span> 
     </span>
    </p>
   </div>
   <div class='ocr_carea' id='block_1_105' title="bbox 2160 4431 3702 4512">
    <p class='ocr_par' dir='ltr' id='par_1_105' title="bbox 2160 4431 3702 4512">
     <span class='ocr_line' id='line_1_105' title="bbox 2160 4431 3702 4512; baseline -0.008 -15"><span class='ocrx_word' id='word_1_779' title='bbox 2160 4439 2453 4498; x_wconf 89' lang='lat' dir='ltr'><strong>habitaturi</strong></span> <span class='ocrx_word' id='word_1_780' title='bbox 2478 4448 2619 4504; x_wconf 90' lang='lat' dir='ltr'><strong>sunt,</strong></span> <span class='ocrx_word' id='word_1_781' title='bbox 2651 4439 2724 4492; x_wconf 88' lang='lat' dir='ltr'><strong>tui</strong></span> <span class='ocrx_word' id='word_1_782' title='bbox 2751 4439 2914 4507; x_wconf 85' lang='lat' dir='ltr'><strong>juris,</strong></span> <span class='ocrx_word' id='word_1_783' title='bbox 2961 4450 3284 4512; x_wconf 90' lang='lat' dir='ltr'><strong>tuorumque</strong></span> <span class='ocrx_word' id='word_1_784' title='bbox 3329 4443 3568 4498; x_wconf 89' lang='lat' dir='ltr'><strong>Fratrum</strong></span> <span class='ocrx_word' id='word_1_785' title='bbox 3627 4431 3702 4488; x_wconf 88' lang='lat' dir='ltr'><strong>tibi</strong></span> 
     </span>
    </p>
   </div>
   <div class='ocr_carea' id='block_1_106' title="bbox 2159 4524 3702 4602">
    <p class='ocr_par' dir='ltr' id='par_1_106' title="bbox 2159 4524 3702 4602">
     <span class='ocr_line' id='line_1_106' title="bbox 2159 4524 3702 4602; baseline -0.01 -11"><span class='ocrx_word' id='word_1_786' title='bbox 2159 4532 2582 4597; x_wconf 85' lang='lat' dir='ltr'><strong>succedentium,</strong></span> <span class='ocrx_word' id='word_1_787' title='bbox 2629 4543 2787 4602; x_wconf 88' lang='lat' dir='ltr'><strong>pater</strong></span> <span class='ocrx_word' id='word_1_788' title='bbox 2819 4534 3017 4599; x_wconf 78' lang='lat' dir='ltr'><strong>Brimo,</strong></span> <span class='ocrx_word' id='word_1_789' title='bbox 3048 4550 3168 4589; x_wconf 86' lang='lat' dir='ltr'><strong>esse</strong></span> <span class='ocrx_word' id='word_1_790' title='bbox 3191 4534 3446 4589; x_wconf 90' lang='lat' dir='ltr'><strong>concedo.</strong></span> <span class='ocrx_word' id='word_1_791' title='bbox 3487 4524 3702 4584; x_wconf 85' lang='lat' dir='ltr'><strong>Concedo</strong></span> 
     </span>
    </p>
   </div>
   <div class='ocr_carea' id='block_1_107' title="bbox 2159 4625 3702 4691">
    <p class='ocr_par' dir='ltr' id='par_1_107' title="bbox 2159 4625 3702 4691">
     <span class='ocr_line' id='line_1_107' title="bbox 2159 4625 3702 4691; baseline -0.012 -9"><span class='ocrx_word' id='word_1_792' title='bbox 2159 4629 2343 4691; x_wconf 78' lang='lat' dir='ltr'><strong>etiam,</strong></span> <span class='ocrx_word' id='word_1_793' title='bbox 2369 4637 2428 4681; x_wconf 92' lang='lat' dir='ltr'><strong>ut</strong></span> <span class='ocrx_word' id='word_1_794' title='bbox 2458 4625 2920 4680; x_wconf 89' lang='lat' dir='ltr'><strong>recommendatos</strong></span> <span class='ocrx_word' id='word_1_795' title='bbox 2945 4625 3144 4679; x_wconf 87' lang='lat' dir='ltr'><strong>habeas</strong></span> <span class='ocrx_word' id='word_1_796' title='bbox 3177 4634 3254 4691; x_wconf 89' lang='lat' dir='ltr'><strong>tu,</strong></span> <span class='ocrx_word' id='word_1_797' title='bbox 3313 4633 3367 4678; x_wconf 91' lang='lat' dir='ltr'><strong>et</strong></span> <span class='ocrx_word' id='word_1_798' title='bbox 3393 4626 3702 4678; x_wconf 86' lang='lat' dir='ltr'><strong>successores</strong></span> 
     </span>
    </p>
   </div>
   <div class='ocr_carea' id='block_1_108' title="bbox 2125 4714 3701 4782">
    <p class='ocr_par' dir='ltr' id='par_1_108' title="bbox 2125 4714 3701 4782">
     <span class='ocr_line' id='line_1_108' title="bbox 2125 4714 3701 4782; baseline -0.007 -9"><span class='ocrx_word' id='word_1_799' title='bbox 2125 4757 2128 4760; x_wconf 65' lang='grc' dir='ltr'><strong>ι</strong></span> <span class='ocrx_word' id='word_1_800' title='bbox 2164 4719 2258 4782; x_wconf 86' lang='lat' dir='ltr'><strong>tui,</strong></span> <span class='ocrx_word' id='word_1_801' title='bbox 2307 4728 2413 4772; x_wconf 77' lang='lat' dir='ltr'><strong>tam</strong></span> <span class='ocrx_word' id='word_1_802' title='bbox 2465 4718 2532 4772; x_wconf 88' lang='lat' dir='ltr'><strong>de</strong></span> <span class='ocrx_word' id='word_1_803' title='bbox 2569 4717 2824 4769; x_wconf 83' lang='lat' dir='ltr'><strong>comitatu</strong></span> <span class='ocrx_word' id='word_1_804' title='bbox 2866 4714 3129 4770; x_wconf 82' lang='lat' dir='ltr'><strong>Calabri-.e</strong></span> <span class='ocrx_word' id='word_1_805' title='bbox 3167 4725 3223 4771; x_wconf 91' lang='lat' dir='ltr'><strong>et</strong></span> <span class='ocrx_word' id='word_1_806' title='bbox 3284 4715 3477 4772; x_wconf 82' lang='lat' dir='ltr'><strong>Siciliae</strong></span> <span class='ocrx_word' id='word_1_807' title='bbox 3506 4753 3520 4777; x_wconf 93' lang='lat'><strong>,</strong></span> <span class='ocrx_word' id='word_1_808' title='bbox 3567 4718 3701 4777; x_wconf 77' lang='lat' dir='ltr'><strong>quam</strong></span> 
     </span>
    </p>
   </div>
   <div class='ocr_carea' id='block_1_109' title="bbox 2162 4792 3697 4878">
    <p class='ocr_par' dir='ltr' id='par_1_109' title="bbox 2162 4792 3697 4878">
     <span class='ocr_line' id='line_1_109' title="bbox 2162 4792 3697 4878; baseline -0.008 -15"><span class='ocrx_word' id='word_1_809' title='bbox 2162 4821 2314 4864; x_wconf 81' lang='lat' dir='ltr'><strong>extra</strong></span> <span class='ocrx_word' id='word_1_810' title='bbox 2349 4810 2708 4878; x_wconf 87' lang='lat' dir='ltr'><strong>undecunque</strong></span> <span class='ocrx_word' id='word_1_811' title='bbox 2737 4817 2868 4862; x_wconf 78' lang='lat' dir='ltr'><strong>snit.</strong></span> <span class='ocrx_word' id='word_1_812' title='bbox 2902 4807 3277 4863; x_wconf 81' lang='lat' dir='ltr'><strong>l-labitationes</strong></span> <span class='ocrx_word' id='word_1_813' title='bbox 3307 4805 3555 4863; x_wconf 85' lang='lat' dir='ltr'><strong>casalium</strong></span> <span class='ocrx_word' id='word_1_814' title='bbox 3603 4792 3697 4851; x_wconf 84' lang='lat' dir='ltr'><strong>tibi.</strong></span> 
     </span>
    </p>
   </div>
   <div class='ocr_carea' id='block_1_110' title="bbox 2162 4897 3699 4970">
    <p class='ocr_par' dir='ltr' id='par_1_110' title="bbox 2162 4897 3699 4970">
     <span class='ocr_line' id='line_1_110' title="bbox 2162 4897 3699 4970; baseline -0.007 -14"><span class='ocrx_word' id='word_1_815' title='bbox 2162 4901 2671 4970; x_wconf 86' lang='lat' dir='ltr'><strong>saccessoribusque</strong></span> <span class='ocrx_word' id='word_1_816' title='bbox 2684 4901 2806 4963; x_wconf 88' lang='lat' dir='ltr'><strong>tuis,</strong></span> <span class='ocrx_word' id='word_1_817' title='bbox 2832 4901 3257 4970; x_wconf 88' lang='lat' dir='ltr'><strong>quandocunque</strong></span> <span class='ocrx_word' id='word_1_818' title='bbox 3273 4897 3556 4959; x_wconf 84' lang='lat' dir='ltr'><strong>volueritis,</strong></span> <span class='ocrx_word' id='word_1_819' title='bbox 3575 4903 3699 4945; x_wconf 84' lang='lat' dir='ltr'><strong>com-</strong></span> 
     </span>
    </p>
   </div>
   <div class='ocr_carea' id='block_1_111' title="bbox 2165 4975 3696 5063">
    <p class='ocr_par' dir='ltr' id='par_1_111' title="bbox 2165 4975 3696 5063">
     <span class='ocr_line' id='line_1_111' title="bbox 2165 4975 3696 5063; baseline -0.005 -17"><span class='ocrx_word' id='word_1_820' title='bbox 2165 5003 2375 5048; x_wconf 88' lang='lat' dir='ltr'><strong>mutare</strong></span> <span class='ocrx_word' id='word_1_821' title='bbox 2400 4993 2581 5048; x_wconf 90' lang='lat' dir='ltr'><strong>licebit</strong></span> <span class='ocrx_word' id='word_1_822' title='bbox 2598 5006 2649 5048; x_wconf 87' lang='lat' dir='ltr'><strong>et</strong></span> <span class='ocrx_word' id='word_1_823' title='bbox 2671 5008 2834 5048; x_wconf 79' lang='lat' dir='ltr'><strong>etiam</strong></span> <span class='ocrx_word' id='word_1_824' title='bbox 2855 4993 3238 5046; x_wconf 88' lang='lat' dir='ltr'><strong>monasterium</strong></span> <span class='ocrx_word' id='word_1_825' title='bbox 3263 4993 3430 5063; x_wconf 88' lang='lat' dir='ltr'><strong>ipsum</strong></span> <span class='ocrx_word' id='word_1_826' title='bbox 3449 4987 3499 5042; x_wconf 90' lang='lat' dir='ltr'><strong>S.</strong></span> <span class='ocrx_word' id='word_1_827' title='bbox 3515 4975 3696 5039; x_wconf 70' lang='lat' dir='ltr'><strong>JacoLi.</strong></span> 
     </span>
    </p>
   </div>
   <div class='ocr_carea' id='block_1_112' title="bbox 2162 5079 3696 5153">
    <p class='ocr_par' dir='ltr' id='par_1_112' title="bbox 2162 5079 3696 5153">
     <span class='ocr_line' id='line_1_112' title="bbox 2162 5079 3696 5153; baseline -0.003 -19"><span class='ocrx_word' id='word_1_828' title='bbox 2162 5083 2304 5153; x_wconf 89' lang='lat' dir='ltr'><strong>quod</strong></span> <span class='ocrx_word' id='word_1_829' title='bbox 2339 5083 2554 5152; x_wconf 89' lang='lat' dir='ltr'><strong>donavi,</strong></span> <span class='ocrx_word' id='word_1_830' title='bbox 2585 5093 2638 5137; x_wconf 91' lang='lat' dir='ltr'><strong>et</strong></span> <span class='ocrx_word' id='word_1_831' title='bbox 2665 5085 2848 5137; x_wconf 89' lang='lat' dir='ltr'><strong>omnia</strong></span> <span class='ocrx_word' id='word_1_832' title='bbox 2876 5084 2928 5137; x_wconf 91' lang='lat' dir='ltr'><strong>in</strong></span> <span class='ocrx_word' id='word_1_833' title='bbox 2958 5083 3166 5146; x_wconf 85' lang='lat' dir='ltr'><strong>eadem,</strong></span> <span class='ocrx_word' id='word_1_834' title='bbox 3204 5094 3259 5138; x_wconf 88' lang='lat' dir='ltr'><strong>et</strong></span> <span class='ocrx_word' id='word_1_835' title='bbox 3289 5085 3354 5138; x_wconf 90' lang='lat' dir='ltr'><strong>de</strong></span> <span class='ocrx_word' id='word_1_836' title='bbox 3378 5079 3555 5136; x_wconf 84' lang='lat' dir='ltr'><strong>eadem</strong></span> <span class='ocrx_word' id='word_1_837' title='bbox 3581 5081 3696 5126; x_wconf 66' lang='lat' dir='ltr'><strong>terra</strong></span> 
     </span>
    </p>
   </div>
   <div class='ocr_carea' id='block_1_113' title="bbox 2163 5174 3424 5245">
    <p class='ocr_par' dir='ltr' id='par_1_113' title="bbox 2163 5174 3424 5245">
     <span class='ocr_line' id='line_1_113' title="bbox 2163 5174 3424 5245; baseline -0.002 -16"><span class='ocrx_word' id='word_1_838' title='bbox 2163 5174 2361 5242; x_wconf 81' lang='lat' dir='ltr'><strong>facere,</strong></span> <span class='ocrx_word' id='word_1_839' title='bbox 2394 5191 2512 5244; x_wconf 81' lang='lat' dir='ltr'><strong>quae</strong></span> <span class='ocrx_word' id='word_1_840' title='bbox 2542 5190 2642 5245; x_wconf 86' lang='lat' dir='ltr'><strong>ego</strong></span> <span class='ocrx_word' id='word_1_841' title='bbox 2666 5174 2843 5229; x_wconf 80' lang='lat' dir='ltr'><strong>facere</strong></span> <span class='ocrx_word' id='word_1_842' title='bbox 2865 5175 3033 5242; x_wconf 89' lang='lat' dir='ltr'><strong>potui,</strong></span> <span class='ocrx_word' id='word_1_843' title='bbox 3059 5190 3182 5229; x_wconf 91' lang='lat' dir='ltr'><strong>cum</strong></span> <span class='ocrx_word' id='word_1_844' title='bbox 3211 5175 3424 5230; x_wconf 89' lang='lat' dir='ltr'><strong>licebat.</strong></span> 
     </span>
    </p>
   </div>
   <div class='ocr_carea' id='block_1_114' title="bbox 2239 5257 3695 5331">
    <p class='ocr_par' dir='ltr' id='par_1_114' title="bbox 2239 5257 3695 5331">
     <span class='ocr_line' id='line_1_114' title="bbox 2239 5257 3695 5331; baseline -0.005 -9"><span class='ocrx_word' id='word_1_845' title='bbox 2239 5267 2364 5322; x_wconf 71' lang='lat' dir='ltr'><strong>G40.</strong></span> <span class='ocrx_word' id='word_1_846' title='bbox 2382 5287 2400 5318; x_wconf 77' lang='grc' dir='ltr'><strong>ι</strong></span> <span class='ocrx_word' id='word_1_847' title='bbox 2423 5267 2637 5322; x_wconf 85' lang='lat' dir='ltr'><strong>Nemini</strong></span> <span class='ocrx_word' id='word_1_848' title='bbox 2660 5268 2803 5321; x_wconf 88' lang='lat' dir='ltr'><strong>inter</strong></span> <span class='ocrx_word' id='word_1_849' title='bbox 2833 5269 2932 5320; x_wconf 89' lang='lat' dir='ltr'><strong>has</strong></span> <span class='ocrx_word' id='word_1_850' title='bbox 2954 5267 3151 5321; x_wconf 79' lang='lat' dir='ltr'><strong>divisas</strong></span> <span class='ocrx_word' id='word_1_851' title='bbox 3179 5267 3358 5322; x_wconf 78' lang='lat' dir='ltr'><strong>licebit</strong></span> <span class='ocrx_word' id='word_1_852' title='bbox 3383 5257 3568 5331; x_wconf 83' lang='lat' dir='ltr'><strong>aliquid</strong></span> <span class='ocrx_word' id='word_1_853' title='bbox 3594 5267 3695 5322; x_wconf 70' lang='grc' dir='ltr'><strong>Ρω-</strong></span> 
     </span>
    </p>
   </div>
   <div class='ocr_carea' id='block_1_115' title="bbox 2160 5339 3690 5434">
    <p class='ocr_par' dir='ltr' id='par_1_115' title="bbox 2160 5339 3690 5434">
     <span class='ocr_line' id='line_1_115' title="bbox 2160 5339 3690 5434; baseline -0.008 -19"><span class='ocrx_word' id='word_1_854' title='bbox 2160 5359 2338 5434; x_wconf 75' lang='lat' dir='ltr'><strong>prium</strong></span> <span class='ocrx_word' id='word_1_855' title='bbox 2358 5374 2512 5414; x_wconf 87' lang='lat' dir='ltr'><strong>suum</strong></span> <span class='ocrx_word' id='word_1_856' title='bbox 2543 5359 2746 5424; x_wconf 88' lang='lat' dir='ltr'><strong>dicere,</strong></span> <span class='ocrx_word' id='word_1_857' title='bbox 2777 5358 2860 5412; x_wconf 90' lang='lat' dir='ltr'><strong>vel</strong></span> <span class='ocrx_word' id='word_1_858' title='bbox 2897 5359 3115 5425; x_wconf 88' lang='lat' dir='ltr'><strong>habere,</strong></span> <span class='ocrx_word' id='word_1_859' title='bbox 3149 5374 3271 5412; x_wconf 92' lang='lat' dir='ltr'><strong>cum</strong></span> <span class='ocrx_word' id='word_1_860' title='bbox 3310 5353 3570 5412; x_wconf 83' lang='lat' dir='ltr'><strong>omnibus,</strong></span> <span class='ocrx_word' id='word_1_861' title='bbox 3616 5339 3690 5396; x_wconf 80' lang='lat' dir='ltr'><strong>tl&quot;i</strong></span> 
     </span>
    </p>
   </div>
   <div class='ocr_carea' id='block_1_116' title="bbox 2165 5447 3703 5522">
    <p class='ocr_par' dir='ltr' id='par_1_116' title="bbox 2165 5447 3703 5522">
     <span class='ocr_line' id='line_1_116' title="bbox 2165 5447 3703 5522; baseline -0.016 -15"><span class='ocrx_word' id='word_1_862' title='bbox 2165 5453 2295 5507; x_wconf 75' lang='lat' dir='ltr'><strong>inibi</strong></span> <span class='ocrx_word' id='word_1_863' title='bbox 2336 5451 2707 5522; x_wconf 88' lang='lat' dir='ltr'><strong>possessiones</strong></span> <span class='ocrx_word' id='word_1_864' title='bbox 2738 5450 3030 5518; x_wconf 78' lang='lat' dir='ltr'><strong>habebant,</strong></span> <span class='ocrx_word' id='word_1_865' title='bbox 3088 5449 3443 5505; x_wconf 78' lang='lat' dir='ltr'><strong>voluntarium</strong></span> <span class='ocrx_word' id='word_1_866' title='bbox 3490 5451 3538 5496; x_wconf 89' lang='lat' dir='ltr'><strong>et</strong></span> <span class='ocrx_word' id='word_1_867' title='bbox 3569 5447 3703 5508; x_wconf 79' lang='lat' dir='ltr'><strong>cant-_</strong></span> 
     </span>
    </p>
   </div>
   <div class='ocr_carea' id='block_1_117' title="bbox 2163 5526 3687 5610">
    <p class='ocr_par' dir='ltr' id='par_1_117' title="bbox 2163 5526 3687 5610">
     <span class='ocr_line' id='line_1_117' title="bbox 2163 5526 3687 5610; baseline -0.009 -13"><span class='ocrx_word' id='word_1_868' title='bbox 2163 5543 2310 5597; x_wconf 89' lang='lat' dir='ltr'><strong>bium</strong></span> <span class='ocrx_word' id='word_1_869' title='bbox 2344 5541 2581 5596; x_wconf 90' lang='lat' dir='ltr'><strong>dederim</strong></span> <span class='ocrx_word' id='word_1_870' title='bbox 2614 5541 2746 5595; x_wconf 91' lang='lat' dir='ltr'><strong>satis</strong></span> <span class='ocrx_word' id='word_1_871' title='bbox 2773 5551 3006 5610; x_wconf 88' lang='lat' dir='ltr'><strong>gratum,</strong></span> <span class='ocrx_word' id='word_1_872' title='bbox 3025 5542 3107 5594; x_wconf 90' lang='lat' dir='ltr'><strong>cui</strong></span> <span class='ocrx_word' id='word_1_873' title='bbox 3139 5551 3327 5608; x_wconf 77' lang='lat' dir='ltr'><strong>terras,</strong></span> <span class='ocrx_word' id='word_1_874' title='bbox 3351 5526 3687 5593; x_wconf 64' lang='lat' dir='ltr'><strong>cuideuarios:</strong></span> 
     </span>
    </p>
   </div>
   <div class='ocr_carea' id='block_1_118' title="bbox 2165 5617 3687 5705">
    <p class='ocr_par' dir='ltr' id='par_1_118' title="bbox 2165 5617 3687 5705">
     <span class='ocr_line' id='line_1_118' title="bbox 2165 5617 3687 5705; baseline -0.012 -17"><span class='ocrx_word' id='word_1_875' title='bbox 2165 5634 2483 5704; x_wconf 80' lang='lat' dir='ltr'><strong>quibusdam</strong></span> <span class='ocrx_word' id='word_1_876' title='bbox 2514 5648 2662 5698; x_wconf 86' lang='lat' dir='ltr'><strong>vero,</strong></span> <span class='ocrx_word' id='word_1_877' title='bbox 2695 5631 2816 5704; x_wconf 80' lang='lat' dir='ltr'><strong>qiiia</strong></span> <span class='ocrx_word' id='word_1_878' title='bbox 2850 5632 3031 5687; x_wconf 87' lang='lat' dir='ltr'><strong>villani</strong></span> <span class='ocrx_word' id='word_1_879' title='bbox 3062 5643 3240 5703; x_wconf 84' lang='lat' dir='ltr'><strong>erant,</strong></span> <span class='ocrx_word' id='word_1_880' title='bbox 3267 5638 3536 5705; x_wconf 70' lang='lat' dir='ltr'><strong>prrpctuas</strong></span> <span class='ocrx_word' id='word_1_881' title='bbox 3556 5617 3687 5672; x_wconf 44' lang='lat' dir='ltr'><strong>libers</strong></span> 
     </span>
    </p>
   </div>
  </div>
