3846 6316
84 392 157 446 595

84 501 367 560 tatesllulue
391 501 523 553 intra
547 497 667 571 {al.,
703 494 864 568 infra]
888 497 987 550 has
1020 496 1221 551 divisas
1250 505 1407 551 terrae
1429 503 1580 561 sunt,
1613 498 1660 554 Α

83 612 170 667 qtae
191 596 246 649 ad
271 603 337 659 te,
393 602 543 660 pater
587 591 791 655 Bruno,
851 598 1118 659 spectant,
1162 597 1216 641 et
1252 600 1597 641 successores

83 697 187 752 tuos,
212 704 331 756 quas
359 701 480 740 cum
507 685 715 739 Arsatia
743 683 864 738 dedi
895 683 1087 752 majori
1134 681 1378 736 ecclesia:
1401 688 1596 734 vestrae

83 794 268 849 tempore
291 776 637 832 dedicationis
676 776 866 845 ipsiust
900 773 1088 827 Nullus
1112 773 1253 825 intra
1280 770 1403 837 [ιιι.⁹
1430 768 1594 841 infra]

82 869 338 925 hasdirisas
364 866 567 931 aviare,
598 865 810 927 venari,
871 871 963 916 aut
999 863 1053 915 in
1082 862 1220 915 mari
1249 859 1448 928 piscari
1499 872 1599 911 au-

82 963 168 1015 deat
187 961 284 1012 sine
311 958 572 1011 dictorum
599 953 828 1009 fratrum
857 967 1147 1015 consensu,
1171 958 1225 1004 et
1248 950 1405 1004 de.iis
1423 948 1600 1004 omni-

82 1052 270 1106 busdicti
294 1050 488 1103 fratres
512 1048 749 1102 habeam
794 1045 916 1113 jura
977 1054 1093 1109 tua,
1133 1056 1336 1112 pascua
1382 1053 1599 1094 sumere

82 1146 160 1196 sive
180 1142 391 1211 glandes,
426 1140 571 1207 ligna
601 1138 865 1202 incidere,
911 1150 1080 1204 aquas
1108 1134 1400 1197 divertere,
1455 1128 1600 1185 fere-

84 1246 160 1292 stas
186 1233 380 1297 habere,
413 1232 499 1285 vel
527 1241 682 1300 prata
714 1248 726 1282 :
756 1243 857 1283 nec
887 1226 1175 1297 quisquam
1203 1223 1425 1278 omnino
1456 1221 1509 1275 in
1533 1220 1599 1275 iis

84 1326 195 1380 terris
226 1335 394 1379 contra
426 1322 628 1385 facere,
659 1323 743 1377 vel
770 1320 977 1386 venire,
1029 1316 1318 1372 occasione
1366 1313 1599 1381 alicujus

83 1413 435 1479 cmsuetudinis,
464 1422 728 1481 praetextu
744 1408 941 1466 nobilis
953 1408 1034 1461 vel
1054 1404 1272 1460 baronis
1298 1411 1393 1456 aut
1414 1402 1481 1455 ab
1494 1404 1596 1467 eis,

84 1506 158 1559 sive
176 1503 380 1567 vasallis,
412 1503 529 1558 sive
551 1502 787 1565 villanis,
821 1514 1034 1562 eorum,
1079 1507 1188 1551 tam
1225 1494 1465 1555 illorum,
1509 1490 1601 1559 qui

82 1602 194 1658 sunt,
216 1608 357 1663 quam
391 1607 531 1662 quos
561 1592 795 1647 habituri
826 1600 949 1644 sunt
973 1630 989 1654 ,
1023 1595 1117 1640 aut
1152 1581 1603 1639 recommendatis

86 1684 225 1752 aliquid
250 1684 450 1752 exigere
476 1682 686 1737 servitii
710 1678 1176 1749 temporalistnec
1199 1670 1604 1731 eosdemvasal-

87 1771 240 1835 los,vel
264 1773 476 1827 villanos
513 1787 707 1843 cogere
730 1811 747 1834 ,
797 1780 851 1825 nt
883 1766 1310 1825 communitates
1369 1765 1605 1819 habeant

86 1878 166 1915 cum
188 1873 306 1917 terra
333 1863 640 1933 Squillacii,
676 1869 768 1915 aut
799 1860 1066 1925 Severeti,
1097 1858 1178 1913 vel
1209 1856 1473 1912 casalium
1497 1869 1592 1909 eo-

86 1955 291 2015 rundem;
320 1956 407 2009 sed
435 1956 489 2007 in
530 1954 701 2008 solida
726 1953 996 2009 libertate.
1027 1950 1337 2019 etipsorum
1362 1946 1592 1999 fratrum

87 2059 187 2106 llsllS,
218 2055 263 2098 et
287 2045 585 2099 dominium
632 2051 1015 2113 proserventur
1060 2041 1128 2094 ad
1158 2046 1448 2109 perpetuos
1498 2037 1594 2089 ha-

86 2136 245 2189 l-lllll'OS.
264 2136 320 2191 Et
342 2138 391 2189 in
431 2136 578 2188 mari
604 2136 756 2204 juxta
791 2133 1073 2197 terminos,
1102 2145 1239 2201 quos
1282 2126 1482 2188 laxavi,
1505 2125 1594 2194 jus

89 2242 193 2281 omne
211 2228 480 2292 habebunt,
517 2227 661 2296 quod
685 2235 861 2296 etego
911 2222 1077 2278 habui
1109 2220 1447 2289 temporibus
1506 2232 1592 2271 re-

92 2318 264 2373 lmactis.

134 2408 223 2463 6H.
247 2430 263 2461 ί
294 2410 367 2465 Ad
390 2409 714 2479 petitionem
742 2406 926 2461 fratris
965 2404 1192 2461 Lanvini
1231 2403 1320 2457 hic
1343 2402 1478 2473 jussi
1502 2415 1597 2470 ap-

91 2504 173 2569 poni
201 2503 431 2556 terminos
456 2501 663 2557 casaiis
714 2498 980 2563 Arunchi,
1031 2506 1086 2552 et
1144 2494 1425 2550 tenimenti
1479 2492 1595 2557 sui,

92 2593 183 2659 quod
202 2595 255 2646 ab
280 2594 493 2661 antiquo
528 2591 768 2661 pertinet
796 2590 862 2643 ad
900 2588 1190 2644 Arsaﬁam.
1244 2585 1376 2639 Dedi
1428 2584 1597 2637 etiam

93 2683 206 2736 cidem
223 2684 342 2753 patri
370 2682 637 2745 Brunoni,
679 2692 735 2735 et
783 2679 1194 2735 successoribus
1240 2676 1354 2731 suis
1398 2675 1599 2729 virida-

94 2774 182 2826 tium
200 2776 342 2829 sancti
372 2773 603 2836 Nicolai,
627 2772 770 2842 quod
791 2769 1070 2839 proprium
1092 2768 1338 2823 tenebam
1366 2767 1418 2821 in
1437 2780 1599 2820 manu

94 2878 184 2916 mea.
207 2864 312 2918 Dedi
336 2866 494 2919 etiam
524 2863 706 2917 eidem
740 2859 1117 2915 hmreditatem
1162 2857 1462 2927 Calogerici
1502 2855 1601 2909 vil-

95 2954 161 3005 lani
184 2954 282 3017 mei,
309 2954 394 3023 qui
428 2961 682 3008 mortuus
714 2948 895 3005 fuerat
927 2950 1046 3005 sine
1068 2949 1250 3020 lingua
1281 2957 1337 3003 et
1370 2947 1517 3012 ﬁliis,
1547 2957 1603 3002 et

94 3045 253 3098 nsanos
276 3052 323 3099 et
351 3044 584 3097 villauos
617 3042 670 3096 in
720 3041 912 3095 eodem
962 3039 1127 3096 casali
1182 3046 1598 3105 commorantes,

94 3137 176 3189 etin
198 3138 353 3193 eadem
381 3138 642 3194 libertate
671 3145 726 3189 et
752 3151 851 3189 usu
883 3131 1200 3202 tranquillo,
1233 3144 1341 3201 quo
1370 3140 1517 3194 sunt,
1542 3138 1597 3185 et
1624 3168 1671 3232 c

96 3226 159 3279 alia
177 3228 263 3282 loca
285 3230 524 3299 superius
557 3228 886 3289 condonata,
919 3233 972 3280 et
997 3240 1096 3295 per
1121 3239 1300 3277 meam
1350 3223 1599 3277 volunta-

96 3327 161 3372 tem
187 3319 372 3376 liberata
394 3322 462 3377 ab
513 3319 667 3375 omni
692 3316 824 3389 jugo
861 3315 1042 3371 servili
1071 3323 1176 3368 tam
1198 3315 1265 3368 ad
1296 3313 1470 3368 dictos
1498 3311 1601 3365 fra-

97 3418 179 3475 ll'es,
198 3428 330 3482 quam
365 3416 429 3468 ad
460 3411 727 3476 vasallos,
759 3407 1251 3473 recommendatos,
1286 3414 1348 3460 et
1369 3404 1601 3459 villauos

97 3502 273 3574 omnaque
296 3503 541 3561 libertate
562 3501 874 3574 gaudebunt
895 3500 953 3555 in
983 3498 1088 3554 isto
1104 3496 1246 3563 loco,
1295 3496 1386 3565 qui
1422 3494 1600 3549 Arun-

98 3591 199 3645 ehum
219 3596 405 3660 dicitur,
444 3594 776 3651 elomnibus
803 3590 960 3654 locis,
988 3589 1081 3659 qui
1100 3584 1599 3655 conjungivaleant,

98 3681 327 3750 liisdivisis,
356 3702 510 3757 quos,
560 3686 672 3739 Deo
716 3682 954 3745 volente,
1006 3678 1244 3734 habituri
1297 3683 1460 3738 sunt,
1505 3690 1600 3729 seu

100 3774 270 3843 villauos,
291 3786 389 3833 tant
421 3777 661 3834 dominis
684 3786 735 3831 et
778 3773 1026 3830 ﬁdelibus
1054 3767 1403 3833 Christianis,
1436 3782 1599 3835 quam

102 3862 133 3915 in
154 3865 248 3923 locis
287 3870 492 3941 scriptis
551 3868 824 3938 superius,
870 3865 1107 3936 gaudere
1158 3863 1305 3932 ipsos
1354 3859 1598 3929 praevidi.
1659 3904 1663 3913 .

102 3950 196 4007 Dono
223 3972 406 4029 quoque
435 3959 533 4015 tibi
580 3958 721 4027 patri
783 3954 1046 4018 Bruuoni,
1095 3961 1150 4008 et
1198 3948 1603 4008 successoribus

104 4044 222 4100 Iuisin
242 4059 533 4119 perpetuum
560 4064 742 4103 meum
786 4045 1174 4109 molendinum,
1216 4050 1271 4097 et
1319 4038 1598 4104 fullonem,

104 4150 293 4200 questum
314 4144 493 4196 subtus
519 4139 879 4209 Squillacinm
908 4138 1063 4208 juxta
1102 4135 1328 4197 fontem,
1383 4134 1475 4203 qui
1514 4132 1598 4188 di-

106 4226 194 4278 titur
222 4229 368 4294 Alexi,
412 4231 512 4285 sub
559 4229 710 4285 omni
745 4228 996 4283 libertate
1027 4236 1084 4281 et
1117 4225 1457 4279 immunitate
1486 4263 1502 4288 ,
1540 4231 1600 4277 ut

108 4320 240 4374 nemini
258 4324 524 4378 teneamini
555 4336 655 4393 pro
681 4321 909 4385 eisdem,
938 4333 1039 4373 nec
1075 4318 1229 4385 mihi,
1262 4331 1361 4371 nec
1389 4330 1593 4371 succes'

108 4411 400 4470 mribusmcis.
440 4418 521 4473 Ab
560 4418 673 4488 ipsa
707 4431 824 4472 mea
861 4414 1104 4470 ﬁomaria
1156 4412 1378 4481 possitis
1425 4421 1595 4465 totam

110 4513 235 4565 atillam
263 4520 543 4575 assumere,
579 4517 630 4564 et
662 4508 989 4577 positionem
1048 4519 1203 4574 aquae
1241 4504 1437 4558 ductus
1480 4517 1597 4556 mo-
1624 4508 1677 4569 ι)

111 4588 240 4650 ltndiui
258 4607 304 4653 et
328 4600 559 4666 fullonis,
588 4602 642 4654 in
673 4600 788 4670 ipsa
825 4607 970 4653 terra
1014 4611 1156 4662 mea,
1213 4596 1259 4651 si
1312 4593 1599 4649 volueritis

114 4679 145 4730 in
166 4686 309 4743 melius
334 4701 689 4755 commutare,
731 4690 935 4758 absque
963 4686 1393 4743 contradictione
1419 4686 1599 4754 aliqua

114 4770 267 4832 immittis
292 4784 526 4855 alicujus,
556 4793 609 4837 et
642 4798 782 4849 mea,
832 4790 887 4837 et
920 4793 1296 4835 successorum
1330 4792 1599 4841 meorum,

115 4864 207 4920 Etde
234 4874 383 4941 aquis,
421 4890 541 4943 quae
568 4876 621 4929 iu
663 4883 808 4928 terra
839 4881 1020 4929 vestra
1062 4879 1234 4935 sunt,
1296 4884 1460 4924 omne
1509 4870 1603 4923 be-

118 4958 283 5013 neﬁcium
306 4964 505 5020 faciatis
535 4966 599 5019 ad
626 4974 817 5020 vestra:
840 4962 1121 5019 arbitrium
1143 4961 1458 5017 voluntatis.

155 5048 239 5103 liti.
270 5056 442 5113 «Βοηο
470 5060 633 5115 etiam
663 5059 760 5113 tibi
791 5055 930 5127 patri
958 5055 1216 5119 Brunoni,
1240 5063 1294 5109 et
1316 5066 1600 5109 successo-

119 5136 210 5193 TtilllS
230 5146 315 5200 tuis
361 5148 411 5202 in
461 5164 650 5205 servos
698 5154 987 5217 perpetuos
1014 5153 1070 5198 et
1104 5145 1333 5201 villauos
1381 5155 1599 5198 centum

122 5226 317 5293 1iloulecitn
341 5240 501 5296 lineas
541 5253 822 5295 servorum
848 5243 904 5290 et
926 5233 1250 5289 villanorum
1303 5244 1602 5301 eorumque

125 5318 264 5381 ttiosin
284 5342 583 5402 perpetuum
626 5329 937 5398 ubicunque
994 5324 1125 5390 sint,
1179 5330 1235 5377 et
1274 5331 1596 5388 morentur,

126 5426 197 5467 tum
213 5424 421 5480 omnibus
455 5425 606 5479 bonis
626 5437 836 5487 eorum,
870 5432 1010 5490 quos
1050 5416 1118 5471 ad
1146 5415 1220 5470 tui
1277 5424 1600 5483 tuorumque

128 5513 397 5569 sntcessorum
434 5517 689 5584 obsequia
730 5509 1024 5575 reservavi,
1084 5507 1175 5577 qui
1229 5504 1431 5560 inventi
1474 5512 1601 5559 sunt

129 5602 214 5661 'P‘ld
244 5604 539 5663 obsidionem
597 5608 793 5678 Capua:
841 5605 895 5658 in
938 5598 1262 5672 proditionis
1327 5597 1599 5653 consortio

130 5680 238 5754 δθτὲῑί
260 5699 541 5757 pestilentis.
573 5698 679 5754 llus
700 5694 862 5753 morti
891 5691 1157 5749 obnoxios
1204 5688 1259 5743 in
1287 5686 1599 5743 reversione

134 5788 204 5831 mea
224 5781 520 5855 Squillacium
542 5802 905 5854 servaveram,
945 5782 1174 5844 diversis
1205 5777 1596 5849 mortibuspu-

429 5889 694 5947 Parnm.
738 5881 897 5947 CLII

1550 381 1753 439 ACTA.

3161 394 3268 449 3’34

1686 495 1932 563 niendos,
1958 497 2050 550 sed
2075 496 2180 551 tuis
2206 496 2659 566 postulationibus
2705 498 2981 566 liberatos,
3028 500 3274 571 ﬁliosque

1697 600 1909 650 eorum,
1949 587 2068 651 tibi,
2098 597 2153 641 et
2178 590 2585 644 successoribus
2635 590 2740 644 tuis
2779 592 2979 660 obligo,
3031 601 3084 645 et
3138 592 3275 649 ﬁlios

1698 673 1933 729 ﬁliorum
1955 676 2008 728 in
2040 686 2301 729 aeternum
2353 692 2540 731 servos
2592 688 2904 746 perpetuos,
2953 688 3009 732 et
3051 679 3278 736 villauos

1698 764 1766 817 ad
1793 764 1965 818 beatae
1995 763 2178 819 Maria:
2201 774 2254 819 et
2283 769 2697 836 protomartyris
2720 769 2978 838 Stephani
3021 784 3278 837 persona-

1698 853 1804 906 lem
1846 862 1901 906 et
1932 862 2246 923 perpetuam
2297 856 2637 910 servitutem.
2684 856 2905 926 Insuper
2940 860 3177 912 concedo
3211 860 3278 911 ad

1697 945 2012 1014 petitionem
2042 955 2213 1011 tuam,
2246 946 2417 1001 frater
2442 946 2702 1012 Lanvine,
2734 951 2875 1018 quod
2909 950 3163 1003 animalia
3189 965 3281 1003 νει

1700 1044 1939 1092 strorum
1966 1038 2312 1101 vasallorum,
2360 1042 2920 1095 recommendatorum
2964 1052 3019 1096 et
3054 1041 3284 1095 villano~

1700 1141 1819 1181 rum
1844 1143 1941 1198 per
1967 1131 2264 1185 tenimenta
2297 1138 2568 1185 terrarum
2597 1133 2910 1188 etlocorum
2950 1135 3156 1189 circum
3186 1136 3281 1189 ad~

1696 1215 1992 1286 jacentimn
2034 1219 2202 1275 libere
2229 1221 2374 1290 pasci
2405 1222 2634 1292 possint,
2676 1233 2731 1277 et
2777 1238 2873 1293 per
2926 1225 3106 1278 omnia
3160 1241 3281 1281 mea

1701 1324 1924 1364 nemora
1950 1311 2172 1380 glandes
2197 1312 2416 1367 habere.
2470 1314 2582 1368 lloc
2625 1314 2966 1384 privilegium
3020 1318 3283 1386 scriptum

1702 1408 1790 1453 est
1818 1401 2055 1455 secundo
2100 1402 2304 1456 mensis
2329 1402 2574 1473 Augusti,
2600 1419 2743 1458 anno
2792 1403 2860 1457 ab
2908 1403 3283 1459 lncarnatione

1704 1490 1917 1546 Domini
1946 1492 2231 1548 millesimo
2265 1496 2613 1565 nonagesimo
2668 1510 2833 1559 nono,
2864 1495 3156 1550 indictione
3197 1512 3283 1552 se.

1703 1584 1903 1653 ptima,
1945 1600 2043 1653 per
2081 1602 2276 1642 manus
2322 1588 2575 1643 Fulconis
2625 1587 2887 1657 capellani
2945 1587 3090 1653 mei,
3143 1588 3284 1657 apud

1706 1675 2061 1746 Squillacium
2088 1680 2141 1733 in
2169 1680 2372 1749 capella
2404 1680 2587 1735 Sancti
2616 1678 2870 1745 Matthaei,
2918 1688 3183 1749 praesente
3231 1691 3287 1735 et

1706 1769 2063 1825 conﬁrmaute
2090 1771 2405 1838 venerabili,
2443 1781 2499 1826 et
2527 1772 2872 1827 sanctissimo
2894 1780 3049 1841 patre
3077 1770 3285 1827 Joanne

1627 1833 1670 1887 Β
1698 1856 2088 1928 Squillacensis
2108 1860 2253 1915 sedis
2277 1833 2549 1931 episcopo,
2582 1862 2854 1919 residente
2884 1833 2956 1916 ibi
2997 1862 3152 1931 juxta
3202 1860 3286 1917 [ος

1693 1962 1781 2002 res
1812 1949 2071 2005 Ecclesiae
2108 1959 2163 2006 et
2201 1953 2535 2009 concedente
2564 1953 2826 2009 Adelaide
2850 1954 3125 2011 comitissa
3152 1968 3283 2007 con-

1686 2035 1817 2109 juge
1849 2055 1992 2107 mea,
2018 2042 2382 2098 residentibus
2423 2058 2637 2113 quoque
2679 2059 2907 2099 .mecum
2953 2051 3008 2098 et
3058 2044 3284 2098 testibus

1695 2128 1856 2200 hujus
1880 2134 2188 2187 donationis
2211 2133 2495 2203 Rodulpho
2519 2136 2717 2190 comite
2766 2138 2831 2190 de
2872 2136 3144 2191 Lorotello
3189 2151 3285 2190 ne-

1695 2232 1820 2288 pete
1844 2236 1985 2288 meo,
2008 2223 2295 2277 Guiliehno
2319 2227 2385 2279 de
2404 2226 2678 2294 Altavilla,
2702 2226 2886 2282 Odone
2910 2226 3285 2282 Bono-marki-

1697 2311 1808 2375 sio;
1835 2308 2089 2368 Josbcrto
2115 2314 2181 2368 de
2208 2313 2463 2383 Luciaeo,
2492 2316 2704 2373 Borello
2726 2317 2982 2388 Malgerio
3006 2318 3116 2373 ﬁlio
3139 2333 3282 2385 meo,

1698 2403 2000 2461 Malduitho
2022 2405 2371 2477 Berengerio,
2405 2408 2581 2464 Niello
2609 2410 2675 2465 de
2716 2411 2905 2477 Ferlit,
2955 2410 3189 2465 Ricardo
3218 2410 3286 2464 de

1702 2495 1972 2563 Treveris,
2005 2497 2289 2567 Rudu’pho
2319 2498 2451 2555 Pain
2480 2501 2626 2571 evin,
2684 2501 2924 2557 Iluberto
2972 2502 3037 2557 de
3077 2503 3283 2569 Selma,

1702 2586 1942 2642 ltcnaldo
1965 2590 2029 2643 de
2053 2589 2371 2660 Cbincham,
2404 2592 2642 2649 Roherto
2691 2597 2756 2651 de
2791 2596 3013 2657 Cucnlo,
3055 2596 3285 2650 Ermen-

1700 2678 1853 2736 fredo
1886 2682 2164 2752 capellano
2200 2686 2264 2739 de
2300 2686 2357 2739 S.
2395 2686 2668 2756 Matthzeo,
2727 2690 2965 2745 Roberto
2992 2686 3058 2744 de
3103 2689 3285 2759 Layua

1701 2775 1986 2844 stratigoto
2035 2776 2205 2845 villas,
2259 2777 2477 2835 Blasilio
2528 2784 2945 2852 protospatario,
3002 2781 3286 2839 Theodoro

1702 2865 2008 2925 Manehino.

1773 2961 1895 3016 643.
1929 2981 1948 3013 ί
1972 2961 2159 3020 Nullus
2187 2974 2379 3021 contra
2407 2967 2544 3021 hanc
2565 2968 2921 3024 voluntariam
2945 2969 3284 3023 donationem

1704 3069 1882 3108 meam
1909 3064 1965 3110 et
1990 3056 2351 3112 desideratam
2376 3069 2667 3129 praesumat
2711 3061 2761 3113 in
2815 3060 2995 3128 aliquo
3038 3059 3285 3124 minimo,

1705 3146 1789 3199 vel
1820 3162 2015 3217 magno
2044 3149 2247 3217 aliquid
2275 3148 2475 3213 facere,
2506 3149 2591 3202 vel
2617 3149 2818 3214 dicere,
2864 3149 2909 3203 si
2948 3148 3183 3218 quidem,

1703 3235 1865 3291 fuerit
1895 3239 2133 3294 rusticus
2161 3281 2176 3305 ,
2226 3241 2309 3295 vel
2344 3240 2633 3311 Bnrgensis
2656 3279 2671 3305 ,
2727 3240 2930 3295 curiam
2990 3256 3162 3295 meam
3192 3283 3205 3306 ,
3238 3243 3287 3294 si

1703 3331 1831 3403 quid
1855 3331 1967 3401 ipse
1989 3331 2257 3399 habuerit,
2278 3336 2582 3389 habituram
2611 3334 2796 3388 credat
2834 3335 2900 3389 de
2923 3334 3083 3389 rebus
3112 3334 3287 3388 mobi-

1703 3425 1864 3490 libus,
1889 3438 1942 3482 et
1968 3425 2319 3483 nihilominus
2350 3429 2481 3497 ipsis
2520 3427 2776 3484 fratribus
2828 3428 3013 3484 decem
3056 3428 3174 3482 auri
3221 3426 3288 3482 li-

1701 3518 1829 3574 bras
1859 3519 2149 3589 persolvet,
2187 3529 2241 3575 et
2284 3536 2472 3576 eorum
2520 3519 2749 3575 fratrum
2811 3519 3008 3576 damna
3082 3522 3124 3575 si
3165 3537 3287 3591 qure

1702 3614 1943 3680 perpessi
1972 3614 2195 3669 fuerint.
2227 3614 2292 3669 de
2322 3612 2532 3669 illorum
2564 3614 2933 3669 maleﬁcorum
2979 3614 3131 3670 bonis
3157 3616 3286 3670 reﬁ-

1703 3706 1934 3770 cientur,
1962 3706 2009 3759 si
2040 3717 2324 3761 accusatus
2372 3707 2570 3771 fuerit,
2627 3715 2681 3761 et
2705 3708 3005 3761 convictus.
3062 3708 3212 3774 Quod
3240 3712 3284 3764 si

1704 3798 1861 3853 miles
1885 3800 2151 3859 autbaro,
2182 3799 2440 3852 ducentas
2464 3799 2582 3853 auri
2628 3798 2793 3853 libras
2833 3800 3105 3869 persolvet
3155 3816 3282 3855 suc-

1704 3907 1979 3946 cessorum
2013 3904 2253 3946 meorum
2286 3891 2469 3956 curire,
2499 3890 2613 3945 sive
2644 3906 2775 3945 mete
2795 3907 2808 3956 ;
2830 3893 2973 3961 quod
3002 3893 3046 3946 si
3077 3901 3283 3949 tantum

1704 3997 1810 4036 non
1847 3983 2115 4048 habuerit,
2141 3981 2259 4051 ejus
2286 3982 2498 4036 mobilia
2528 3983 2705 4036 omnia
2738 3997 2855 4036 mea
2886 3993 3067 4039 erunt.
3098 3992 3153 4040 et
3182 3986 3287 4040 eis-

1705 4074 1825 4127 dem
1853 4072 2136 4135 fratribus.
2170 4074 2269 4128 nisi
2306 4073 2632 4128 satisfecerit
2681 4075 2969 4146 condigne,
3014 4075 3283 4144 quinqua-

1702 4165 1847 4239 ginta
1881 4165 2046 4221 libras
2080 4167 2194 4219 auri
2224 4165 2508 4232 persolvet.
2546 4165 2655 4220 Nec
2680 4167 2831 4230 mihi,
2863 4180 2961 4220 nec
2985 4178 3273 4220 successo-

1703 4264 1853 4318 ribus
1881 4265 2016 4318 meis
2041 4263 2104 4317 dc
2127 4261 2397 4325 oumibus,
2431 4275 2550 4331 qua:
2574 4260 2740 4314 libere
2768 4273 2861 4328 per
2881 4274 2966 4313 me
2990 4258 3121 4313 data,
3135 4268 3279 4328 sunt,

1701 4354 1861 4411 liceat
1886 4357 1937 4412 in
1962 4367 2119 4411 antea
2145 4355 2349 4423 aliquid
2380 4356 2654 4413 innovare.
2688 4355 2898 4417 facere,
2953 4351 3038 4405 vel
3067 4362 3284 4406 contra-

1702 4446 1884 4503 dicere
1912 4448 1962 4501 in
1991 4446 2169 4515 aliquo
2191 4460 2361 4514 parvo
2392 4446 2475 4500 vel
2495 4459 2712 4514 magno.
2746 4443 2895 4511 Quod
2928 4446 2972 4498 si
3001 4457 3120 4512 ego,
3139 4446 3283 4513 quod

1704 4537 1865 4603 absit,
1899 4537 2208 4608 aliquando,
2239 4537 2321 4591 vel
2347 4551 2693 4592 successores
2721 4535 2823 4589 mei
2848 4534 3178 4590 contrarium
3208 4534 3283 4590 fe-

1703 4634 1961 4697 cerimus,
1995 4634 2045 4686 in
2074 4632 2252 4702 aliquo
2276 4645 2442 4701 parvo
2470 4628 2554 4682 vel
2586 4643 2800 4699 magno,
2835 4628 2887 4680 in
2916 4628 3167 4682 omnibus
3198 4643 3286 4682 su-

1702 4726 1968 4797 pradictis
1998 4726 2134 4779 iram
2164 4723 2480 4793 sempiterni
2506 4722 2621 4787 Dei,
2657 4730 2712 4777 et
2758 4723 2933 4776 beata:
2985 4721 3184 4786 Marim,
3230 4729 3288 4776 et

1703 4820 1846 4875 beati
1876 4817 2293 4886 protomartyris
2324 4814 2582 4886 Stephani
2616 4816 2979 4869 incurramns.
3021 4813 3085 4867 Et
3112 4813 3285 4867 isdem

1704 4922 1860 4983 pater
1884 4910 2124 4966 Joannes
2145 4909 2437 4978 episcopus
2466 4908 2531 4962 ad
2562 4908 2873 4978 petitionem
2899 4919 3075 4959 meam
3096 4914 3284 4960 contra

1705 5005 1838 5060 tales
1865 5005 1915 5058 in
1948 5002 2138 5071 majori
2168 5000 2284 5070 ejus
2311 4998 2542 5056 ecclesia
2572 5000 2719 5056 omni
2756 5006 3024 5069 praesente
3062 4996 3282 5068 populo.

1702 5111 1756 5156 et
1780 5103 1919 5164 istis,
1953 5099 2043 5169 qui
2069 5096 2367 5169 supradicti
2398 5103 2543 5159 sunt,
2570 5093 2803 5148 testibus
2825 5093 3114 5146 anathema
3159 5105 3282 5160 grao

1702 5198 1984 5254 vissimum
2006 5192 2407 5263 promulgavit;
2437 5183 2887 5243 eonservantibus
2911 5192 3088 5237 autem
3124 5196 3274 5233 conv

1704 5292 2014 5348 munionem
2058 5295 2391 5350 sanctorum,
2438 5293 2491 5337 et
2536 5281 2787 5335 meritum
2837 5278 3035 5331 bonmn
3090 5287 3119 5325 a
3166 5272 3282 5361 'Dco

1701 5386 1867 5441 Patre
1897 5393 2082 5439 nostro
2108 5389 2164 5435 et
2194 5379 2419 5434 Domino
2437 5376 2567 5432 Jesu
2595 5372 2837 5431 Christo.
2859 5370 3056 5434 Amen,
3084 5366 3280 5429 Amen,

1701 5481 1899 5535 Amen.

1777 5597 1794 5628 ι
1844 5579 1901 5637 >14
1936 5569 2199 5642 Rogerius
2219 5568 2430 5624 Comes.

1776 5693 1793 5725 ς
1845 5676 1903 5734 >14
1940 5666 2157 5722 Adelais
2186 5661 2493 5720 Comitissa.

1778 5790 1794 5822 ι
1846 5772 1903 5830 ᾗ(
1939 5759 2260 5833 Guilielmus
2282 5757 2347 5811 de
2369 5748 2642 5809 Altavilla.

3235 3150 3281 3192 ςὲ

3236 3187 3286 3203 εδ

2928 5837 3002 5897 13
