3846 6316
555 307 662 368 8J5

628 443 645 473 ι
698 428 755 483 ὡ
791 419 1106 489 Rodulphus
1133 418 1328 472 Comes
1352 418 1417 473 de
1448 416 1746 472 Lorotello.

626 541 646 573 ι
696 527 754 583 ›Ι‹
788 519 905 573 Odo
932 520 1115 572 Bonus
1142 518 1460 581 Markisius,

538 638 543 652 ι
618 640 644 674 v
692 629 749 685 ἦ(
785 622 1067 677 Josbertus
1096 622 1162 673 de
1192 618 1448 673 Luciaco.

534 710 543 794 ξ
606 735 642 774 δι
694 728 751 784 ἧς
790 720 991 774 Niellus
1020 720 1085 773 de
1114 716 1306 773 Ferlit.

618 840 649 874 1
690 828 748 886 >14
784 820 1069 891 Malgerius
1096 817 1265 873 Filius
1297 816 1527 872 Comitis
1553 813 1794 886 Rogerii.

626 940 644 973 ς
693 918 750 985 >14
787 920 1105 988 Rodulphus
1131 917 1265 972 Pain
1291 932 1438 972 evm.

629 1044 647 1075 ι
699 1029 758 1088 ›Ῑ‹
790 1021 1057 1076 llicardus
1081 1020 1148 1074 de
1171 1017 1446 1073 Treveris.

629 1146 648 1176 ς
699 1130 756 1187 ›Ι‹
793 1123 905 1192 Ego
963 1120 1128 1174 Fulco
1176 1118 1377 1173 domini
1431 1115 1653 1189 Rogerii
1712 1115 2033 1187 Capellanus
2071 1114 2140 1170 de

554 1215 809 1270 maiidato
839 1211 955 1281 ejus
980 1211 1081 1265 hoc
1112 1208 1452 1278 privilegium
1472 1208 1755 1279 scripsi,ct
1779 1208 2096 1274 subscripsn.
2116 1226 2135 1261 ι

626 1305 747 1360 644.
779 1304 906 1359 Tale
930 1301 1418 1371 estamplissimum
1447 1301 1576 1354 illud
1601 1300 1755 1368 juxta
1769 1316 1832 1355 ac
1852 1302 2144 1357 celeberri-

552 1406 723 1462 mum,
761 1393 914 1465 cujus
939 1393 1274 1464 autographo
1306 1388 1505 1447 bullam
1534 1391 1843 1462 plumbeam
1879 1408 1999 1447 esse
2049 1408 2143 1463 ap-

550 1505 795 1559 pensam,
848 1486 1190 1543 Mt‘ukeusius
1220 1486 1287 1540 ad
1317 1486 1522 1541 calcem
1567 1494 1743 1551 notat,
1800 1486 2142 1557 privilegium

539 1592 646 1638 seu
672 1583 929 1652 diploma,
960 1582 1017 1636 S.
1046 1582 1285 1635 Bruuom
1311 1595 1341 1633 a
1364 1580 1562 1635 comite
1580 1578 1837 1649 Rogerio,
1856 1594 1974 1634 eum
2002 1579 2140 1647 ejus,

549 1674 653 1728 sibi
683 1673 1022 1743 apparentis,
1059 1671 1266 1726 monitu
1313 1686 1378 1725 ac
1433 1669 1642 1724 meritis
1689 1669 1975 1724 liberatum
2023 1685 2143 1725 sese

1360 306 1417 361 s.
1455 304 1799 361 BRUNONIS
1838 302 2483 361 CAIlTllUSlANORUM
2522 258 3010 358 lNSTl'l‘UTORlS

3718 302 3830 358 596

2163 422 2210 479 Α
2241 413 2477 468 tionibus
2500 415 2566 470 Β.
2592 415 2693 467 viri
2721 413 2779 468 F.
2837 414 3128 479 Brunonis,
3178 414 3406 485 piissimi
3460 414 3636 471 Patris
3697 418 3835 472 Fra"

2242 516 2404 570 trum,
2445 505 2535 574 qui
2577 506 2825 559 habitant
2876 506 2929 561 in
2985 506 3233 562 ecclesiis
3277 517 3477 562 sancta:
3534 509 3715 564 Maria:
3763 506 3837 565 de

2239 587 2423 651 erenio
2449 606 2503 651 et
2526 598 2699 651 sancti
2742 596 3001 667 Stephani
3032 600 3472 671 protomartyris,
3511 620 3530 653 ι
3573 600 3835 655 (περιθεῖε-

2241 702 2361 740 rum
2385 687 2635 748 duarum,
2672 688 2880 742 scilicet
2904 689 2960 742 S.
2993 688 3175 744 Maria:
3212 692 3277 745 de
3306 706 3491 745 eremo
3511 700 3563 745 et
3619 692 3676 746 S.
3711 691 3839 747 Ste-

2240 777 2404 845 phani
2436 778 2874 847 protomartyris,
2905 778 3074 833 veluti
3108 780 3151 835 si
3197 790 3402 846 essent,
3462 781 3535 835 uti
3568 782 3735 836 etiam
3767 798 3837 837 ex

2234 866 2349 936 jam
2380 868 2542 923 dictis
2571 884 2699 922 vere
2739 868 2981 935 fuerunt,
3032 870 3141 925 duo
3188 873 3519 926 monasteria
3580 874 3794 926 diversa
3823 914 3838 934 .

2242 960 2445 1013 mentio
2471 958 2587 1025 ﬁat,
2616 959 2811 1029 bisque
2845 960 3110 1016 ambobus
3142 960 3200 1016 S.
3235 961 3415 1016 Bruno
3442 962 3731 1031 praefuisse
3756 964 3839 1016 in-

2240 1062 2459 1115 nuatur,
2487 1049 2628 1103 itain
2655 1048 2744 1104 illa
2771 1049 3055 1105 observat:
3078 1068 3097 1101 σ
3118 1050 3376 1117 Quamvis
3401 1051 3458 1105 S.
3486 1050 3668 1105 Bruno
3693 1051 3839 1105 dica-

2242 1139 3037 1212 turPaterfratrumutnusque
3050 1142 3328 1208 Ecclesraa,
3355 1144 3409 1198 id
3434 1152 3611 1198 tamen
3638 1142 3839 1196 intelli‘

2241 1231 2476 1301 gendum
2504 1242 2588 1287 est
2616 1241 2824 1287 tantum
2848 1234 2913 1288 de
2932 1250 3183 1304 suprema
3216 1234 3559 1293 auctoritate.
3593 1249 3761 1302 quam
3788 1235 3839 1285 in

2243 1332 2474 1393 utraque
2501 1323 2758 1390 habebat,
2784 1333 3040 1395 tanquam
3063 1326 3396 1396 patriarcha;
3416 1341 3537 1379 nam
3563 1324 3840 1378 Lanvintn

2242 1414 2297 1470 in
2327 1415 2501 1471 altero
2529 1415 2693 1486 (quod
2729 1415 2937 1471 scilicet
2961 1431 3103 1471 anno
3136 1417 3269 1471 llOl
3301 1417 3487 1471 datum
3526 1416 3634 1469 fuit
3662 1415 3837 1469 infra-

2243 1524 2347 1577 que
2378 1508 2715 1579 recitahitur)
2748 1508 3042 1578 diplomate
3064 1509 3261 1564 dicitur
3282 1509 3431 1579 prior
3458 1506 3519 1564 S.
3549 1506 3839 1576 Stephani.

2249 1619 2268 1652 ι
2313 1601 2393 1655 Ad
2442 1600 2780 1670 petitionem,
2825 1618 2846 1652 ι
2889 1601 3087 1670 inquit,
3134 1618 3151 1650 σ
3206 1599 3471 1669 Rogerius
3499 1598 3562 1653 F.
3599 1598 3839 1651 Lanvii-i

2251 1712 2269 1743 ι
2317 1692 2514 1762 prioris
2538 1691 2783 1748 ecclesiae
2824 1690 2885 1747 8.
2921 1691 3206 1761 Stephani,
3251 1711 3270 1744 ι
3312 1691 3565 1745 Attamen
3596 1689 3767 1747 bona.
3806 1706 3835 1742 a

550 1763 986 1832 prmsentissimo
1012 1761 1255 1832 periculo
1281 1762 1334 1815 in
1370 1760 1653 1815 obsidione
1682 1759 1937 1830 Capuana
1966 1759 2137 1815 fuisse
2170 1758 2215 1818 B
2244 1758 2477 1855 Βάςρηο
2516 1799 2797 1850 concessa,
2846 1758 3092 1853 numq—ue
3138 1782 3450 1838 communia
3495 1790 3680 1838 cum.
3729 1781 3839 1835 ῃοε

551 1872 662 1911 non
696 1856 1012 1925 ambigeret,
1044 1870 1381 1910 concessum.
1433 1854 1585 1909 Nunc
1610 1854 1661 1908 in
1692 1854 1745 1908 id
1774 1853 2018 1923 quaedam
2048 1856 2144 1911 ob-

556 1948 848 2013 servanda,
872 1964 936 2003 ac
978 1949 1031 2002 in
1066 1949 1257 2017 primis
1284 1948 1499 2018 quidem
1539 1948 1592 2001 in
1630 1947 1892 2002 visionem
1924 1988 1941 2015 ,
1991 1965 2093 2017 qua
2124 1988 2141 2015 ,

552 2038 611 2091 S.
646 2038 950 2091 Bruuouem
987 2047 1079 2092 aut
1111 2046 1261 2092 certe
1293 2051 1500 2102 senem,
1560 2037 1649 2105 qui
1698 2046 1950 2091 sanctum
2001 2039 2144 2092 hunc

547 2132 729 2184 virum
773 2128 915 2184 facie
945 2130 1218 2200 totiusque
1248 2130 1493 2199 corporis
1537 2129 1725 2182 habitu
1781 2130 2033 2195 referret,
2089 2130 2143 2184 in

551 2237 749 2277 somno
777 2238 804 2276 a
836 2236 893 2276 se
941 2222 1134 2286 visum,
1190 2228 1613 2287 monentemque
1654 2219 1899 2273 auditum
1954 2219 2141 2287 fuisse,

551 2311 819 2381 Rogerius
843 2326 1027 2365 comes
1058 2310 1309 2365 albrmat.
1374 2309 1445 2365 Ut
1475 2311 1527 2364 id
1573 2325 1659 2374 eo,
1706 2325 1814 2378 quo
1870 2314 2137 2376 convenit,

550 2402 713 2455 modo
751 2411 1021 2470 praestem,
1058 2399 1333 2455 suﬂ‘ecerit
1364 2399 1498 2465 fere,
1519 2409 1727 2454 tantum
1746 2401 1836 2456 hic
1860 2403 2140 2469 recitaSse,

552 2508 676 2563 qua:
724 2494 829 2547 huc
864 2492 1166 2571 spectantia
1218 2506 1521 2562 anonymus
1575 2491 1863 2545 Annalium
1915 2491 2144 2547 Cartim-

552 2584 812 2639 siensium
845 2584 967 2639 libri
998 2584 1177 2653 quarti
1209 2584 1476 2638 hactenus
1529 2598 1637 2637 non
1688 2582 1896 2653 vulgati
1951 2593 2144 2638 auctor

555 2678 614 2730 iu
654 2677 864 2731 litteras
891 2677 1059 2743 misit,
1110 2692 1337 2746 quazquc
1374 2676 1593 2741 iterum,
1639 2690 1706 2730 ex
1757 2674 1952 2746 Operis
1985 2676 2143 2748 hujus

552 2768 846 2827 Vallis—Dei
890 2771 1153 2842 exmplari
1188 2770 1479 2840 descripta,
1538 2769 1935 2825 Carthusianus
1989 2770 2142 2826 Pari-

552 2866 750 2920 siensis
779 2865 1076 2936 saepissime
1117 2864 1369 2921 laudatus
1425 2878 1637 2918 meeum
1696 2864 2140 2921 communicavit.

552 2959 646 3013 Sic
680 2959 860 3028 itaque
889 2958 979 3013 ille
1007 2958 1213 3012 ordinis
1242 2955 1643 3011 Carthusiensis
1671 2954 1934 3010 annalista
1957 2955 2138 3011 habet:

546 3070 577 3100 ‘1
616 3052 688 3106 Ex
723 3052 1063 3121 apparitione
1086 3050 1141 3104 S.
1177 3048 1449 3103 Brunonis
1472 3047 1676 3118 (comiti
1702 3046 1933 3118 Rogerio
1961 3046 2140 3120 facta)

550 3148 782 3215 qumstio
813 3147 943 3200 oriri
969 3153 1169 3216 potest,
1191 3159 1259 3198 an
1296 3159 1423 3198 vere
1450 3142 1507 3197 S.
1562 3141 1746 3196 Bruno
1791 3141 1975 3197 comiti
2034 3142 2142 3196 Ro-

550 3242 702 3311 gctio
733 3238 1063 3315 apparuerit.
1098 3237 1353 3290 quoniam
1376 3236 1550 3303 ipsum
1576 3234 1827 3288 comitem
1850 3242 1973 3303 post
1995 3232 2138 3289 redi-

552 3347 669 3388 tum
698 3335 766 3389 ab
792 3333 1074 3389 obsidione
1098 3330 1208 3400 (adi
1231 3346 1380 3385 num.
1431 3328 1535 3383 638
1587 3324 1822 3398 diploma
1875 3339 1983 3381 nuc
2027 3340 2141 3396 1am

558 3425 968 3495 transcriptum)
1014 3422 1288 3479 inﬁrmum
1343 3419 1670 3477 conveniens
1725 3417 2142 3489 prmsentialiter

550 3519 793 3588 negavit.
827 3534 885 3573 se
910 3519 1085 3585 ipsum
1116 3515 1305 3578 fuisse,
1338 3514 1428 3584 qui
1454 3511 1722 3582 apparuit,
1768 3512 1863 3565 sed
1891 3509 2139 3579 angelum

553 3611 674 3673 Dei.
708 3611 798 3678 qui
831 3612 1010 3666 adstat
1033 3609 1263 3680 principi
1299 3621 1541 3677 tempore
1571 3605 1723 3671 belli,
1749 3612 1808 3658 ut
1858 3604 2059 3673 legitur
2084 3603 2138 3657 in

552 3703 726 3773 priori
755 3703 885 3772 (jam
912 3703 1137 3755 recitato
1157 3700 1384 3768 scilicet)
1427 3696 1721 3767 diplomate
1747 3709 1762 3749 :
1793 3703 1977 3749 utrum
2037 3694 2140 3749 hoc

534 3799 613 3863 ιδ.
654 3796 831 3848 Bruuo
859 3808 925 3847 ex
960 3792 1264 3847 humilitate
1287 3792 1505 3857 dixerit,
1534 3806 1601 3845 an
1631 3804 1698 3844 ex
1748 3790 1827 3845 rei
1885 3789 2136 3855 veritate,

535 3870 751 3956 iresolvi
780 3892 961 3955 potest
986 3898 1052 3938 ex
1077 3884 1176 3947 eis,
1208 3898 1328 3953 qua:
1375 3882 1620 3937 scribunt
1667 3881 1780 3950 (lib.
1815 3896 2006 3951 nempe
2063 3880 2140 3934 De

556 3993 689 4031 cura
736 3991 833 4046 pro
867 3975 1097 4029 mortuis
1126 3988 1248 4043 cap.
1278 3972 1345 4025 10
1368 3980 1422 4026 et
1453 3986 1548 4041 seq
1575 4010 1590 4036 ,
1620 3979 1674 4025 et
1702 3969 1793 4024 lib.
1840 3969 1916 4022 De
1946 3968 2139 4039 spiritu

548 4079 607 4124 et
629 4069 807 4122 anima
835 4082 952 4137 cap.
978 4066 1072 4138 29)
1118 4064 1176 4120 8.
1201 4065 1534 4132 Augustinus
1582 4072 1637 4118 et
1675 4072 1795 4133 post
1851 4076 1972 4117 eum
2018 4062 2135 4131 (lib.

546 4176 625 4214 vn
657 4160 924 4223 videlicet,
952 4173 1068 4228 cap.
1100 4158 1171 4213 55
1202 4158 1274 4213 De
1299 4154 1438 4211 ollic.
1491 4156 1677 4223 mort.)
1708 4156 2011 4217 Durandus,
2058 4156 2139 4209 di—

554 4257 760 4313 centes,
797 4249 922 4318 quia
948 4249 1192 4304 viventes
1220 4247 1539 4317 plerumque
1567 4256 1831 4316 apparent
1855 4247 1906 4300 in
1932 4247 2137 4301 somnis

549 4340 963 4407 dormientibus,
990 4342 1117 4395 dum
1148 4340 1250 4409 ipsi
1280 4354 1339 4394 se
1366 4339 1617 4393 nesciunt
1674 4353 1961 4409 apparere,
1989 4348 2044 4394 et
2069 4339 2137 4394 ab

2243 1885 2395 1947 patet
2417 1891 2481 1931 ex
2511 1876 2676 1946 priori
2701 1874 2834 1946 (jam
2854 1876 2977 1953 (lato
3002 1875 3277 1944 nimirum)
3308 1874 3622 1944 diplomate.
3651 1872 3705 1926 in
3733 1890 3839 1943 quo

2244 1969 2513 2039 Rogerius
2542 1968 2937 2036 conjuratores,
2972 1987 2990 2019 ι
3024 1977 3077 2022 et
3108 1967 3251 2021 ﬁlios
3281 1966 3512 2020 ﬁliorum
3557 1986 3575 2017 ι
3625 1968 3837 2034 (eorum

2242 2058 2513 2124 videlicet)
2545 2077 2565 2108 ι
2598 2059 2652 2114 in
2678 2068 2943 2113 :eternum
2974 2074 3160 2113 servos
3192 2066 3482 2127 perpetuos
3518 2065 3570 2111 et
3605 2055 3839 2109 villanos

2250 2169 2269 2203 ι
2317 2151 2381 2204 ad
2412 2152 2582 2204 beata:
2604 2148 2788 2203 Maria
2814 2158 2867 2203 et
2894 2149 2952 2203 S.
2982 2148 3242 2219 Stephani
3271 2146 3693 2217 protomartyris
3720 2161 3838 2214 per-

2250 2261 2269 2293 ι
2312 2240 2554 2296 sonalem
2583 2248 2637 2295 et
2665 2248 2981 2308 perpetuam
3018 2241 3332 2293 servitutem
3364 2238 3634 2292 concedit.
3673 2257 3691 2288 ι
3730 2238 3839 2290 Cre-

2248 2343 2444 2398 terum,
2479 2348 2601 2387 cum
2636 2332 2688 2385 in
2720 2332 3051 2401 transcripto
3088 2331 3384 2401 diplomate
3421 2331 3739 2385 monasterii
3782 2329 3839 2383 S.

2244 2422 2430 2477 Jacobi
2459 2424 2525 2478 de
2565 2421 2865 2487 Mentauro,
2908 2438 2938 2475 a
2969 2422 3201 2491 Rogcrio
3238 2421 3296 2476 S.
3337 2420 3571 2475 Brunoui
3611 2420 3839 2488 ejusque

2244 2514 2524 2583 discipulis
2564 2512 2771 2578 collati,
2819 2513 3188 2582 principisque
3216 2512 3479 2582 Capuani,
3527 2512 3613 2564 cui
3652 2510 3831 2579 Rise-

2245 2602 2383 2658 rium
2425 2602 2647 2673 Sergius
2674 2603 2904 2672 prodere
2942 2602 3131 2669 voluit,
3166 2602 3369 2656 mentio
3400 2611 3685 2667 occurrat,
3731 2612 3835 2652 tam

2244 2691 2503 2762 principis
2535 2688 2717 2760 hujus,
2746 2708 2907 2761 quam
2933 2692 3246 2748 monasterii
3278 2689 3334 2745 S.
3366 2690 3550 2747 Jacobi
3584 2692 3652 2745 de
3688 2691 3837 2744 Mea-

2247 2792 2403 2838 tauro
2451 2783 2701 2838 notitiam
2752 2784 3204 2854 qualemcumque
3254 2784 3392 2838 idem
3434 2784 3597 2838 etiam
3644 2795 3839 2839 auetor

2242 2873 2566 2941 suppeditat.
2630 2874 2707 2928 Ac
2758 2876 2823 2928 dc
2867 2874 3109 2944 principe
3162 2875 3379 2945 quidem
3452 2875 3531 2929 sic
3591 2878 3829 2937 scribit;

2251 2983 2269 3018 ι
2313 2965 2517 3021 Nomen
2550 2966 2809 3036 principis
2840 2965 3059 3037 Capum,
3097 2986 3114 3019 ι
3163 2968 3250 3022 cui
3289 2968 3512 3038 Sergius
3557 2970 3625 3022 ad
3668 2971 3832 3024 iuva-

2252 3074 2271 3108 (
2316 3055 2547 3112 dendum
2579 3057 2869 3127 Rogerium
2915 3060 3119 3115 aditum
3152 3069 3313 3116 noctu
3343 3070 3426 3116 est
3462 3061 3744 3130 pollicitus
3784 3080 3837 3118 se

2249 3164 2269 3197 c
2310 3146 2572 3214 praebere,
2608 3166 2626 3200 ι
2674 3163 2781 3204 non
2811 3150 3052 3218 potuisse
3079 3150 3219 3221 apud
3247 3151 3540 3221 scriptores
3570 3152 3834 3217 inveniri,

2241 3234 2448 3292 fatetur
2479 3237 2707 3294 Michael
2746 3239 3045 3295 monachus
3092 3240 3147 3295 in
3188 3238 3512 3295 Sanctuario
3549 3241 3835 3310 Capuano,

2240 3343 2272 3382 a
2298 3342 2355 3382 se
2379 3327 2526 3382 edito
2553 3342 2695 3382 anno
2729 3329 2890 3394 1630;
2917 3331 3009 3385 sed
3034 3330 3087 3383 in
3113 3332 3485 3401 recognitione
3510 3332 3590 3386 sui
3616 3332 3832 3403 Operis,

2241 3431 2383 3472 anno
2416 3416 2551 3471 1657
2586 3416 2757 3485 facta,
2800 3434 2995 3474 nomen
3032 3420 3124 3474 dat
3154 3421 3311 3489 hujus
3351 3422 3616 3478 hactenus
3665 3426 3831 3497 ignoti

2240 3506 2538 3575 principis:
2577 3525 2595 3559 ι
2629 3506 2967 3579 lgnoratum,
3021 3510 3195 3579 inquit
3242 3512 3372 3565 milii
3427 3514 3699 3583 principis
3748 3533 3827 3569 no-

2246 3615 2266 3646 (
2313 3611 2434 3650 men
2460 3597 2674 3652 tandem
2691 3599 2993 3670 cognitum:
3012 3599 3608 3672 Dﬁamillus'l‘utinus,
3622 3603 3826 3675 Νίκων

2247 3706 2266 3739 ι
2303 3687 2499 3745 litauus
2530 3691 2912 3758 antiquitatum
2940 3694 3242 3765 indagator,
3267 3700 3823 3756 :sservatChronicou

2247 3798 2266 3832 ι
2313 3797 2435 3846 ms.,
2470 3783 2524 3836 in
2561 3799 2669 3853 quo
2696 3786 2914 3856 legitur,
2947 3788 3282 3852 Landonem,
3318 3789 3522 3845 Theani
3551 3806 3616 3847 co
3642 3796 3819 3857 uitem1

2246 3891 2265 3925 ί
2310 3889 2376 3927 ex
2424 3889 2621 3943 genere
2672 3878 2981 3946 principum
3030 3878 3543 3951 Langobardorum,
3591 3885 3820 3942 electu!

2245 3983 2265 4018 ς
2311 3964 2476 4022 fuisse
2506 3983 2537 4021 a
2577 3964 2846 4037 Capuanis
2882 3972 2937 4024 in
2976 3972 3301 4042 principem,
3350 3974 3525 4044 ejecto
3571 3974 3817 4035 Richard

2246 4076 2264 4109 ι
2314 4058 2445 4111 lilio.
2484 4078 2503 4111 ι
2547 4059 2616 4113 At
2661 4075 2814 4126 vero,
2855 4076 2978 4115 cum
3021 4062 3293 4134 princeps,
3340 4066 3432 4135 qui
3481 4082 3510 4119 a
3556 4048 3815 4139 (Σευηριηῆ

2239 4151 2446 4219 ejectns
2490 4152 2613 4216 fuit,
2669 4169 2774 4207 non
2822 4153 3101 4221 Richardi,
3150 4158 3246 4212 sed
3285 4156 3527 4220 Jordani.
3563 4171 3619 4214 ut
3670 4163 3812 4217 Mala

2242 4255 2382 4300 terra
2423 4247 2516 4301 lib.
2558 4263 2634 4312 tv,
2673 4264 2792 4318 cap.
2825 4249 2895 4304 26
2932 4251 3109 4316 docet,
3142 4251 3285 4305 ﬁlius
3325 4251 3506 4317 fuerit,
3541 4267 3738 4312 contra
3776 4268 3809 4331 al

2240 4338 2292 4391 in
2321 4338 2593 4393 Chronico
2620 4339 2710 4394 illo
2742 4355 2867 4403 ms.,
2898 4342 3040 4411 apud
3072 4341 3329 4396 Tutinum
3354 4354 3668 4410 asservato,
3705 4336 3807 4419 legi

549 4432 651 4499 eis,
676 4428 767 4501 qui
799 4431 904 4486 hoc
926 4431 1356 4495 somniaveruut,
1379 4431 1604 4485 audiunt
1634 4430 1961 4496 dicentibus,
1990 4431 2133 4501 quod
2159 4441 2211 4500 υ
2239 4437 2343 4493 tur,
2382 4438 2693 4499 suspectum
2736 4430 2867 4484 mihi
2910 4432 3013 4486 hoc
3055 4441 3302 4501 apparet,
3339 4448 3402 4488 ac
3443 4436 3599 4502 proin
3650 4437 3804 4509 faces

549 4537 648 4577 eos
677 4523 731 4576 in
760 4523 966 4576 somnis
989 4531 1212 4593 agentes
1233 4522 1435 4591 aliquid
1458 4523 1539 4578 vel
1559 4523 1841 4592 loquentes
1866 4522 2131 4579 viderunt.

550 4610 710 4666 Unde
741 4611 1002 4667 credibile
1027 4620 1108 4667 est
1134 4614 1478 4682 operationes
1508 4625 1628 4668 esse
1676 4613 2013 4684 angelorum,
2042 4629 2139 4685 ap-

544 4695 858 4767 parentium
887 4696 987 4752 sub
1017 4695 1191 4752 forma
1220 4705 1276 4753 et
1295 4698 1483 4754 habitu
1531 4713 1741 4763 eorum,
1790 4700 1861 4755 ob
1903 4716 2134 4769 quorum

546 4787 747 4845 merita
799 4788 1167 4859 apparitiones
1228 4789 1366 4845 ﬁunt
1410 4802 1633 4862 propter
1675 4793 2134 4865 dispensationem

542 4876 902 4951 providentiae
931 4882 1026 4938 Dei
1077 4883 1145 4939 ad
1176 4882 1549 4954 qualecunque
1579 4885 1833 4940 solatium
1866 4887 2131 4942 vivorum.

544 4970 749 5040 Sicque
780 4971 1057 5041 probabile
1094 4981 1199 5039 est,
1249 4972 1502 5044 angelum
1551 4974 1648 5028 Dei
1688 4976 2006 5044 apparuisse
2040 4992 2133 5032 co-

544 5063 666 5117 miti
698 5058 929 5133 Rogerio
958 5064 1059 5118 sub
1091 5062 1264 5119 l'orma
1285 5075 1341 5120 et
1372 5065 1564 5120 habitu
1591 5064 1649 5120 S.
1681 5064 1976 5131 Bruuonis,
2034 5084 2129 5123 cu-

541 5153 637 5225 jus
660 5153 831 5224 gratia
855 5165 910 5210 et
941 5155 1158 5211 meritis
1186 5155 1327 5211 facta
1350 5154 1451 5211 fuit
1488 5156 1775 5224 apparitio.
1827 5158 2013 5212 \‘ideat
2056 5157 2134 5214 lc-

544 5257 665 5301 ctor
692 5246 980 5318 Tliyrmum
1026 5247 1163 5304 libro
1210 5247 1283 5302 De
1324 5249 1662 5318 apparitione
1705 5249 1989 5317 spirituum
2017 5292 2031 5317 ,
2078 5262 2133 5307 et

544 5338 875 5393 cardiualem
914 5339 1115 5394 Bonam
1152 5339 1224 5394 De
1259 5338 1585 5395 dis‘cretione
1632 5340 1942 5410 spirituum,
1994 5358 2131 5413 pra--

543 5429 626 5483 cla
636 5445 693 5484 re
723 5432 823 5485 ista
856 5440 1171 5487 tractantes.
1190 5451 1208 5483 ι

617 5520 743 5576 645.
785 5521 860 5576 lta
889 5523 995 5589 ille,
1036 5533 1092 5579 et
1115 5534 1261 5580 recte
1285 5524 1525 5595 quidem,
1571 5535 1834 5596 quantum
1884 5539 2127 5599 apparet.

545 5614 681 5666 Cum
706 5628 867 5682 porro
888 5616 1035 5671 hisce
1057 5616 1365 5687 diplomatis
1413 5619 1631 5674 recitati
1686 5621 1904 5676 verbis:
1943 5640 1960 5672 ι
1991 5622 2127 5677 Nota

537 5718 669 5783 esse
699 5704 816 5761 volo
854 5707 1134 5777 beuelicia,
1164 5723 1284 5781 qua:
1332 5710 1465 5767 mihi
1514 5712 1782 5769 concessit
1827 5712 1971 5770 Deus
2004 5730 2127 5771 ora-

2240 4536 2345 4575 non
2370 4530 2569 4588 potest,
2605 4532 2683 4586 ut,
2724 4521 3039 4579 Landonem
3067 4523 3237 4578 fuisse
3264 4524 3653 4594 Captianorum
3681 4532 3801 4596 prin

2236 4612 2434 4677 cipem,
2464 4612 2552 4668 cui
2592 4612 2881 4684 Rogerium
2914 4616 3132 4670 tradere
3169 4615 3400 4672 voluerit
3436 4614 3695 4688 Sergius,
3736 4620 3800 4691 μιᾷ

2237 4718 2318 4757 cei
2332 4713 2386 4757 to
2416 4704 2666 4760 habeam.
3796 4704 3797 4737 ‘

2307 4794 2429 4851 6&6.
2468 4794 2620 4863 Quod
2670 4796 2831 4853 modo
2873 4796 2939 4852 ad
2985 4798 3380 4853 monasterium
3422 4797 3481 4852 S.
3523 4796 3720 4855 Jacobi

2235 4885 2516 4942 Mentauro
2542 4890 2799 4957 pertinet,
2826 4890 2899 4944 ita
2930 4891 2997 4944 de
3024 4890 3127 4944 hoc
3166 4888 3417 4944 laudatus
3440 4889 3672 4948 Ordinis

2237 4980 2529 5035 tliusiensis
2572 4982 2839 5049 annalista
2884 4982 3143 5037 observat
3188 5000 3203 5037 :
3258 5000 3277 5034 ι
3321 4982 3720 5040 Monasterium

2233 5071 2420 5127 Jacobi
2464 5071 2532 5128 de
2566 5073 2871 5138 Mentauro,
2900 5090 2930 5128 a
2960 5073 3197 5145 Rogerio
3227 5089 3551 5130 concessum
3595 5075 3660 5132 S.
3694 5077 3736 5129 Β

2235 5165 2386 5230 noni,
2410 5164 2567 5235 juxta
2593 5175 2750 5222 notas
2778 5168 2950 5222 nostri
2976 5165 3286 5222 Constantii
3312 5177 3396 5223 est
3426 5169 3677 5239 grangia,
3703 5158 3785 5247 qud

2234 5257 2393 5311 modo
2422 5257 2622 5312 dicitur
2661 5257 2719 5313 S.
2758 5258 2939 5323 Anna,
2967 5260 3020 5313 in
3065 5275 3171 5329 qua
3206 5260 3308 5316 sub
3339 5260 3555 5315 initium
3592 5254 3783 5341 recup!

2234 5347 2462 5403 rationis
2506 5348 2668 5417 hujus
2715 5349 3019 5405 Carthusia:
3063 5365 3204 5406 unus
3255 5364 3556 5406 conversus
3604 5352 3779 5437 assidl

2232 5438 2565 5492 morabatur.
2592 5438 2792 5494 Ibidem
2820 5451 2942 5509 post
2979 5454 3207 5497 mortem
3243 5442 3300 5496 S.
3331 5442 3599 5498 Brunonis
3622 5443 3741 5499 Lan

2230 5546 2333 5583 nus
2357 5531 2619 5599 quosdam
2646 5533 2963 5599 monachos,
2993 5534 3116 5587 vitae
3148 5533 3446 5589 eremiticze
3487 5537 3666 5589 minus
3708 5538 3720 5589 i

2230 5637 2380 5685 neos,
2413 5638 2537 5676 eum
2563 5623 2779 5679 licentia
2807 5626 3077 5694 pontiﬁcis
3113 5626 3414 5691 constituit,
3443 5628 3536 5697 qui
3574 5630 3772 5719 ςωιιοη

2232 5712 2395 5767 ticam
2431 5713 2593 5768 vitam
2624 5726 2865 5785 agerent,
2908 5724 2965 5771 ut
3001 5729 3099 5771 suo
3126 5714 3245 5773 loco
3275 5716 3544 5773 dicemus.
3584 5740 3601 5769 ο
3642 5720 3769 5801 Αιῆ
