3846 6316
549 395 653 448 599

1361 381 1416 436 S.
1454 379 1797 437 BRUNONIS
1836 375 2478 432 CARTllUSlANORUM
2509 373 2992 431 INSTITUTORIS

3676 387 3760 443 «100

543 518 729 562 mense
763 496 962 555 Martii.
995 516 1016 549 ι
1057 497 1120 549 At
1151 509 1279 549 vero
1309 491 1536 547 Michael
1568 489 1862 543 monachus
1893 487 1945 541 in
1972 485 2110 539 San-
2139 489 2184 547 Α
2215 483 2528 555 subjungit:
2573 505 2590 537 ι
2641 485 2759 553 Ipso
2790 500 3004 553 quoque
3044 498 3206 546 anno,
3252 486 3445 539 eadem
3477 485 3760 568 ludictioue,

544 596 756 656 ctuario
786 594 1063 663 Capuano,
1106 587 1361 656 diploma,
1403 583 1469 638 de
1506 597 1613 651 quo
1655 581 1742 635 hic
1777 578 2114 641 disserimus,

546 705 576 744 e
609 699 837 742 camera:
877 680 1040 751 regite
1066 678 1201 731 actis
1228 676 1496 742 integrum
1532 672 1891 740 exscriptum,
1932 668 2117 736 legen-

545 781 673 835 dum
699 774 801 830 sibi
827 771 1078 826 traditum
1101 767 1287 827 fuisse,
1311 761 1584 833 praefatus,
1613 761 1687 813 ita
1709 758 1898 813 scribit
1922 776 1934 811 :
1967 774 1986 807 ε
2016 756 2122 808 Lu-

545 885 648 941 pus
681 866 997 931 Protospata
1034 859 1214 911 editus
1255 871 1283 908 a
1328 855 1386 907 P.
1534 852 1770 906 Antonio
1811 846 2123 904 Carraciolo

512 964 513 967 “
547 957 756 1021 scribit,
775 968 974 1009 annum
1005 948 1141 1004 1098
1164 946 1330 1000 fuisse
1351 945 1547 1013 Capua:
1570 942 2120 1021 obsidionisannum;

546 1053 644 1107 sed
683 1063 788 1104 non
826 1054 911 1102 est
954 1040 1314 1098 recedendum
1363 1052 1394 1091 a
1440 1035 1843 1105 computatione
1872 1020 2122 1093 'Baronii,

547 1144 642 1213 qui
682 1142 835 1209 juxta
869 1133 1124 1193 Gaul‘redi
1165 1130 1533 1185 narrationem
1579 1124 1877 1182 obsidionis
1924 1136 2124 1175 annum

550 1212 862 1291 notat1097;
881 1226 964 1281 cui
979 1236 1276 1293 anonymus
1288 1219 1648 1283 Cassinensis,
1662 1231 1782 1271 cum
1796 1215 1983 1269 eodem
1996 1212 2128 1266 Pro-

550 1331 765 1392 tospata
793 1313 1422 1388 impressus,consentit;
1452 1311 1560 1364 imo
1583 1318 1637 1363 et
1665 1309 1767 1361 hoc
1789 1304 2129 1375 privilegium

550 1412 890 1482 astipulatur.
925 1407 1003 1461 En
1034 1404 1299 1473 Rogerius
1330 1402 1399 1456 ab
1442 1400 1726 1463 obsidione
1776 1396 2131 1465 Squillacium

522 1504 695 1558 credit
744 1498 998 1553 vicesima
1046 1508 1185 1548 nona
1232 1490 1379 1546 Julii.
1426 1490 1570 1544 Idem
1616 1486 1853 1543 secunda
1901 1482 2131 1553 Augusti

550 1588 892 1660 privilegium
933 1585 1037 1638 hoc
1073 1590 1262 1637 sancto
1307 1579 1546 1634 Brunoni
1596 1573 1870 1630 concedit.
1903 1574 1973 1626 At
2003 1571 2129 1640 quia

549 1659 696 1733 inter
746 1672 1010 1745 privilegii
1059 1668 1468 1726 concessionem
1525 1674 1581 1719 et
1629 1663 1845 1732 Rogerii
1899 1659 2132 1715 reditum

550 1768 704 1824 multi
751 1762 1099 1820 intercedunt
1141 1760 1291 1821 dies,
1339 1755 1638 1827 praesertim
1682 1753 1756 1806 illi
1802 1751 2130 1821 quindecim,

550 1878 651 1931 per,
692 1874 828 1929 quos
876 1856 1143 1924 Rogerius
1191 1852 1299 1922 (adi
1341 1821 1496 1905 itum.
1548 1849 1672 1918 658)
1725 1849 2052 1911 inlirmatur,
2101 1858 2131 1897 a
2163 1821 2207 1879 Β

554 1966 745 2010 sancto
782 1951 1033 2003 Brunone
1070 1946 1281 2007 visitur,
1320 1943 1387 1997 de
1422 1941 1669 1995 facienda
1700 1937 1991 1993 donatione
2026 1944 2135 1989 tra-

550 2057 689 2109 ctat,
729 2044 932 2099 idcirco
961 2038 1135 2094 Julius
1174 2047 1230 2091 et
1260 2041 1554 2103 Augustus,
1593 2030 1854 2086 nominati
1894 2041 2131 2090 menses,

551 2139 620 2193 ad
648 2136 896 2191 eumdem
924 2145 1123 2186 annum
1150 2127 1421 2198 pertinere
1446 2140 1550 2179 non
1574 2131 1822 2192 possunt,
1848 2121 1940 2173 sed
1959 2118 2135 2172 Julius

523 2244 676 2290 ~cum
707 2241 805 2281 sua
832 2222 1087 2278 vicesima
1118 2233 1262 2273 nona
1295 2226 1377 2271 est
1406 2216 1534 2269 anni
1571 2213 1730 2278 1097,
1770 2220 1822 2266 et
1860 2211 2134 2280 Augustus

525 2334 683 2391 cum
718 2332 813 2372 sua
864 2312 1099 2368 secunda
1146 2310 1233 2365 die
1277 2316 1361 2363 est
1411 2305 1536 2360 anni
1581 2304 1740 2358 1008.
1790 2321 1808 2355 ι
1859 2302 2135 2355 Hactenus

554 2409 646 2464 ille
677 2426 689 2461 :
717 2416 770 2462 et
793 2413 936 2459 recte
966 2402 1204 2471 quidem,
1234 2411 1476 2453 mensem
1502 2394 1723 2457 Julium,
1758 2407 1866 2462 quo
1898 2391 2134 2460 Squilla-

557 2499 699 2553 cium
730 2496 795 2549 ab
822 2491 1101 2546 obsidione
1129 2488 1383 2557 Capuana
1420 2499 1669 2540 reversus
1698 2491 1783 2538 est
1814 2497 1995 2535 comes
2028 2479 2136 2533 Ro-

557 2590 739 2660 gerius
778 2596 1127 2651 mensamque
1162 2579 1483 2647 Augustum,
1522 2591 1630 2645 quo
1675 2574 1905 2643 diploma
1948 2573 2133 2626 datum

556 2687 801 2739 notatur,
827 2675 893 2729 ad
930 2674 1062 2730 duos
1091 2685 1263 2724 annos
1290 2668 1530 2723 diversus
1558 2673 1826 2734 spectare,
1869 2661 2130 2725 allirmat;

528 2782 742 2833 eomes
776 2766 942 2826 enim,
982 2760 1059 2815 uti
1095 2759 1323 2827 ipsemet
1360 2756 1470 2826 (adi
1508 2755 1705 2809 iterum
1736 2766 1885 2806 num.
1920 2749 2046 2820 638)
2082 2749 2135 2804 in

560 2859 853 2929 diplomate
889 2856 1063 2917 docet,
1105 2849 1365 2921 vigesima
1415 2861 1556 2901 nona
1607 2844 1733 2900 Julii
1779 2842 2135 2919 Squillacium

555 2949 756 3012 rediit;
804 2944 1037 3018 diploma
1082 2957 1215 3001 tero
1263 2944 1501 2999 secunda
1546 2941 1769 3013 Augusti
1816 2941 1902 2995 die
1948 2940 2137 2994 datum

556 3043 837 3113 signatur;
872 3050 951 3102 ut,
989 3039 1033 3093 si
1068 3035 1285 3092 comitis
1324 3034 1552 3098 reditus,
1581 3042 1637 3087 et
1662 3030 1970 3102 diplomatis
2005 3044 2137 3084 con-

555 3135 731 3189 cessio
785 3132 852 3187 atl
904 3131 1146 3186 diversus
1197 3142 1370 3182 annos
1428 3140 1536 3181 non
1586 3132 1935 3195 spectarent,
1999 3123 2136 3177 hanc
2164 3153 2213 3221 ο

525 3226 707 3298 inter
751 3231 807 3276 et
849 3220 997 3275 illum
1050 3228 1160 3272 tres
1204 3219 1469 3272 duntaxat
1509 3214 1625 3269 dies
1668 3212 2135 3278 intercessissent;

558 3316 722 3386 quod,
768 3314 843 3369 uti
890 3327 954 3365 ex
1006 3311 1289 3379 ipsiusmet
1332 3305 1641 3376 diplomatis
1680 3313 1934 3360 contextu
1967 3302 2141 3373 (vide-

559 3406 638 3462 sis
676 3407 854 3459 denuo
888 3402 1139 3458 eumdem
1177 3413 1327 3452 num.
1375 3396 1501 3465 658)
1549 3402 1792 3464 apparet,
1835 3391 2142 3449 verosimile

563 3514 669 3554 non
705 3506 807 3552 est.

632 3589 758 3645 650.
798 3588 1020 3650 Verum,
1053 3582 1157 3640 etsi
1195 3580 1414 3652 quidem
1455 3586 1622 3642 recte,
1668 3587 1726 3631 ut
1759 3575 1872 3646 jam
1913 3574 2140 3634 dictum.

566 3696 809 3738 mensem
850 3677 1073 3742 Julium,
1120 3691 1229 3745 quo
1273 3671 1624 3742 Squillacium
1664 3684 1847 3724 comes
1880 3668 2144 3739 Rogerius

563 3774 632 3825 ab
653 3769 935 3826 obsidione
955 3766 1207 3834 Capuana
1240 3762 1422 3830 rediit,
1446 3774 1799 3829 mensamque
1822 3758 2142 3828 Augustum,

562 3877 672 3932 quo
702 3858 932 3929 diploma
963 3853 1273 3926 percelebre
1300 3851 1501 3907 Sancto
1526 3850 1692 3910 dedit,
1714 3850 1780 3904 ad
1812 3851 1947 3904 duos
1971 3863 2144 3904 annos

566 3953 812 4007 diversos
836 3949 1083 4003 laudatus
1113 3946 1347 4014 scriptor
1376 3941 1599 4007 referat,
1621 3940 1932 4010 Capuanam
1964 3948 2145 3994 tamen

508 4078 509 4081 η
565 4044 901 4099 obsidionem
944 4050 1133 4095 contra
1159 4045 1411 4106 apertum
1450 4033 1582 4103 Lupi
1624 4033 1960 4102 Protospatae
1996 4031 2147 4086 testi-

530 4122 535 4125 .
565 4136 807 4192 monium
842 4148 986 4187 anno
1020 4129 1156 4186 1097
1192 4144 1315 4184 cum
1355 4127 1613 4188 Baronio.
1656 4141 1685 4179 a
1722 4140 1829 4195 quo
1858 4140 1964 4179 non
1991 4138 2146 4179 rece-

569 4228 804 4285 dendum
845 4222 1179 4295 pronuntiat,
1210 4234 1497 4291 perperam
1529 4218 1752 4273 innectit
1790 4216 1859 4271 ob
1887 4212 2144 4271 Gaufredi

570 4323 895 4383 Malaterrze,
936 4315 1213 4386 scriptoris
1250 4313 1456 4382 pariter
1493 4309 1808 4382 synchroni,
1850 4309 2145 4363 auctorita-

566 4425 701 4469 tem.
735 4411 965 4475 Etenim,
999 4406 1102 4463 etsi
1127 4404 1345 4475 quidem
1378 4403 1429 4457 in
1458 4401 1637 4456 Sicula
1672 4399 1966 4467 Scriptoris
1990 4400 2148 4469 hujus

2219 573 2481 642 Rogerius
2505 573 2611 627 dux
2643 589 2747 628 una
2778 588 2900 627 cum
2942 572 3174 642 Rogerio
3213 575 3416 631 Sicilia:
3460 585 3645 637 comite
3670 600 3746 639 ur-

2218 663 2342 718 bem
2380 662 2689 731 Capuanam
2728 663 2959 725 obsedit,
3005 671 3061 718 et
3095 667 3509 735 quadragesimo
3545 670 3625 725 die
3663 674 3763 743 ejus

2222 753 2520 808 obsidionis
2553 754 2873 821 acquisitam
2901 768 3022 807 eam
3053 754 3323 810 Riccardo
3354 758 3578 828 principi
3608 764 3763 817 reddi-

2223 845 2323 899 dit.
2354 862 2373 897 ι
2410 845 2616 913 Reponi
2650 845 2868 913 quidem
2909 844 2994 898 hic
3019 853 3217 914 potest,
3242 846 3297 899 in
3333 847 3476 901 notis
3504 850 3763 917 chronicis,

2225 935 2421 1005 quibus
2457 934 2789 991 [tomualdus
2819 949 3021 997 rerum,
3054 950 3190 1004 quas
3227 946 3438 1001 narrat,
3470 947 3666 1008 tempus
3691 942 3765 995 de-

2226 1027 2506 1093 terminat,
2545 1041 2761 1083 errores
2789 1041 3163 1095 smpenumero
3193 1029 3430 1094 cubare;
3462 1045 3657 1096 verum,
3682 1036 3766 1088 etsi

2228 1119 2281 1173 id
2312 1120 2387 1173 ita
2411 1119 2504 1184 sit,
2530 1119 2582 1173 id
2615 1128 2793 1172 tamen
2816 1116 3062 1183 fere;‘ut
3109 1118 3405 1173 Romualdi
3439 1135 3572 1190 opus
3594 1137 3765 1191 expen-

2231 1208 2376 1262 denti
2416 1207 2592 1277 palam
2620 1206 2731 1273 ﬁet,
2761 1206 2937 1261 locum
2967 1206 3229 1262 duntaxat
3258 1209 3492 1275 obtinet,
3519 1210 3635 1264 dum
3663 1213 3768 1265 rha-

2232 1306 2470 1353 racteres
2504 1298 2791 1352 chronicos
2830 1299 3149 1367 compendio
3192 1314 3291 1367 prt‘
3347 1315 3615 1363 numeros,
3653 1300 3769 1354 litte-

2233 1401 2409 1453 rasve,
2453 1402 2796 1442 numerorum
2829 1387 3001 1442 locum
3031 1397 3280 1444 tenentes
3310 1390 3597 1459 exprimit;
3626 1405 3766 1457 expu-

2232 1488 2410 1550 gnata:
2435 1488 2613 1534 autem
2644 1494 2674 1534 a
2716 1478 3036 1535 Christianis
3064 1480 3369 1534 Antiochiae
3406 1496 3601 1534 annum
3638 1481 3767 1541 1098,

2233 1584 2342 1637 quo
2377 1570 2538 1622 etiam
2569 1584 2600 1623 a
2646 1568 2781 1623 duce
2819 1567 3067 1638 Rogerio,
3115 1568 3343 1638 ejusque
3386 1579 3574 1638 patruo
3606 1570 3769 1623 comite

2234 1658 2469 1729 Bogerio
2502 1658 2738 1728 Capuam
2774 1656 2940 1712 fuisse
2971 1659 3271 1723 obsessam,
3302 1660 3574 1713 memoriae
3601 1660 3769 1728 prodit,

2238 1764 2344 1802 non
2376 1749 2693 1818 compendio
2718 1762 2816 1817 per
2842 1763 3119 1813 numeros,
3151 1747 3430 1805 litterasve
3462 1764 3767 1803 numerorum

2235 1841 2409 1894 locum
2448 1848 2711 1906 tenentes,
2757 1838 2851 1895 sed
2902 1854 3000 1909 per
3046 1853 3208 1893 voces
3258 1839 3497 1910 integras
3542 1838 3767 1907 designat,

2234 1945 2469 2000 vereque
2499 1930 2666 1984 fuisse
2704 1945 2736 1984 a
2776 1928 3101 1985 Christianis
3141 1945 3309 1994 anno,
3361 1940 3419 1983 ut
3462 1938 3622 1993 n0tat,
3659 1930 3768 1984 1098

2235 2024 2572 2079 Antiochiam
2614 2031 2995 2093 expugnatam,
3036 2023 3176 2093 apud
3220 2038 3418 2078 omnes
3463 2024 3514 2078 in
3560 2024 3769 2078 confesso

2214 2125 2346 2182 .est;
2380 2124 2437 2168 ut
2464 2115 2709 2185 proinde,
2744 2130 2866 2169 cum
2899 2114 2951 2168 in
2990 2128 3133 2168 anno
3164 2115 3327 2180 1098,
3365 2129 3473 2186 quo
3498 2116 3550 2171 id
3576 2115 3766 2178 factum,

2236 2209 2431 2277 signat,
2467 2221 2574 2262 non
2604 2214 2774 2271 erret,
2810 2219 2994 2261 errare
3024 2207 3189 2261 etiam
3226 2208 3539 2263 censendus
3565 2221 3659 2260 non
3695 2207 3767 2267 sit,

2237 2298 2362 2351 dum
2390 2298 2580 2352 eodem
2607 2296 2727 2353 loco
2753 2296 3087 2352 obsidionem
3115 2296 3433 2365 Capuanam
3469 2296 3631 2352 eidem
3654 2310 3769 2349 anno

2238 2386 2375 2441 1098
2402 2385 2586 2457 atligil.

2308 2476 2432 2530 651.
2467 2476 2668 2531 Verum
2707 2489 2797 2531 res
2832 2476 2948 2530 hzec
2974 2489 3129 2530 secus
3167 2476 3391 2542 habeat,
3424 2476 3669 2547 parvique
3700 2478 3766 2527 la-

2236 2568 2483 2633 ciendum
2524 2570 2613 2624 hic
2642 2570 2713 2624 sit
2750 2568 3031 2623 Romualdi
3069 2570 3463 2633 testimonium,
3502 2568 3767 2637 Capuauam

2236 2660 2484 2729 equidem
2515 2661 2850 2719 obsidionem
2883 2660 2952 2717 ab
2979 2660 3082 2717 hoc
3114 2661 3385 2728 scriptore
3414 2670 3469 2715 et
3498 2659 3636 2727 Lupo
3659 2656 3766 2710 Pru-

2239 2762 2451 2827 luspata
2494 2773 2636 2813 anno
2670 2756 2807 2811 1098
2839 2764 2984 2809 recte
3010 2755 3341 2825 consignari,
3374 2751 3669 2809 Eadmerus,
3696 2746 3766 2814 qui

2239 2867 2345 2907 non
2366 2859 2587 2905 tantum
2627 2848 2921 2917 obsidionis
2947 2846 3086 2901 illius
3115 2855 3357 2914 tempore
3395 2841 3587 2903 tloruii,
3617 2852 3769 2892 verum

2238 2944 2401 2999 etiam
2432 2943 2482 2998 ei
2519 2956 2758 3011 praesens
2799 2939 2993 3001 adfuit,
3027 2939 3392 2993 indubitatum
3429 2936 3572 2989 facit.
3610 2932 3692 2986 llic
3723 2930 3766 2981 S.

2237 3034 2514 3101 Anselmo,
2557 3032 2938 3089 Cantuariensi
2984 3030 3417 3099 archiepiscopo,
3449 3038 3506 3081 ut
3543 3036 3644 3079 toto
3675 3023 3769 3074 vita:

2242 3135 2502 3195 tempore,
2544 3124 2621 3179 ita
2666 3123 2830 3180 etiam
2870 3137 3012 3177 anno
3055 3120 3191 3175 1097
3233 3135 3302 3173 ex
3349 3118 3536 3188 Anglia
3584 3116 3769 3169 Romam

2242 3217 2539 3274 discedenti
2589 3231 2654 3272 ac
2707 3215 2904 3271 deinde
2953 3213 3021 3267 ad
3066 3210 3387 3280 Rogerium,
3436 3210 3652 3279 Apuliae,
3692 3203 3771 3258 Ca-

2241 3309 2425 3365 labria:
2470 3318 2526 3364 et
2569 3308 2766 3364 Siciliae
2804 3308 3016 3371 ducem,
3065 3305 3119 3359 in
3164 3305 3364 3359 castris
3411 3314 3533 3358 ante
3570 3300 3769 3369 Capuam

2241 3404 2518 3458 obsessam
2540 3401 2882 3460 existentem,
2913 3396 3224 3468 properanti
3264 3411 3451 3451 comes
3482 3391 3684 3449 adhaesit
3706 3402 3773 3441 as-

2243 3492 2457 3554 siduus,
2492 3491 2763 3561 illiusque,
2792 3490 2869 3544 uti
2896 3488 3034 3559 apud
3066 3502 3164 3542 nos
3192 3495 3322 3541 tom.
3365 3486 3406 3540 ll
3435 3483 3644 3556 Aprilis,
3672 3493 3771 3550 pag.

2243 3582 2349 3640 865
2370 3582 2553 3637 videre
2581 3580 2741 3644 licet,
2772 3595 2879 3634 non
2916 3587 3125 3633 tantum
3181 3578 3349 3631 vitam
3391 3577 3442 3631 in
3474 3576 3601 3628 duos
3640 3570 3771 3625 libros

2244 3670 2474 3725 divisam
2498 3669 2796 3731 contexuit,
2823 3682 3009 3723 verum
3037 3665 3199 3722 etiam
3229 3679 3261 3719 a
3289 3664 3518 3721 Seldeno
3538 3660 3662 3733 typis
3682 3654 3773 3708 rul-

2244 3770 2400 3830 gatos
2431 3774 2494 3814 ac
2519 3758 2712 3814 deinde
2754 3758 2808 3815 in
2846 3754 3127 3828 pratfatum
3156 3757 3341 3826 operis
3391 3755 3555 3810 nostri
3609 3760 3772 3805 tomum

2246 3852 2430 3908 illatos
2465 3849 2706 3906 historia:
2729 3847 3005 3904 Novornm
3034 3847 3086 3901 in
3112 3846 3302 3917 Anglia
3327 3862 3423 3901 sex
3454 3845 3609 3899 libros
3626 3879 3639 3905 ,
3666 3850 3773 3906 (ιιιοο

2245 3960 2366 4001 rum
2402 3952 2634 4015 quatuor
2660 3940 2924 4012 prioribus
2944 3955 3031 3994 res
3055 3951 3290 4008 quoque,
3321 3938 3388 3992 ad
3418 3934 3648 3992 eumdem
3674 3944 3772 3983 sau-

2246 4044 2393 4091 etum
2416 4032 2894 4089 Canthuariensetu
2931 4029 3397 4099 archiepiscopum
3421 4029 3777 4097 spectantes.“

2249 4123 2566 4179 nominatim
2599 4122 2800 4176 dictum
2828 4121 2930 4175 iter
2951 4119 3066 4186 eius
3093 4118 3421 4185 Romanum,
3446 4128 3599 4185 atque
3621 4110 3677 4166 ad
3696 4109 3772 4161 du-

2250 4231 2363 4270 cem
2399 4212 2684 4283 Itogerium
2738 4220 2861 4265 ante
2910 4211 3148 4280 Capuam
3193 4224 3474 4265 accessum
3513 4200 3777 4271 complexus

2248 4313 2366 4367 est;
2400 4303 2554 4372 hujus
2575 4310 2753 4355 autem
2783 4300 3021 4354 historia:
3071 4298 3213 4369 apud
3268 4313 3368 4352 nos
3396 4298 3486 4351 lib.
3520 4310 3587 4358 ιι,
3614 4285 3773 4357 capt?»

2249 4411 2398 4448 num.
2433 4393 2499 4447 19
2526 4392 2582 4446 in
2624 4390 2747 4454 line,
2780 4398 3062 4458 postquam
3095 4428 3109 4453 ,
3151 4388 3241 4457 qui
3283 4389 3496 4442 tandem
3524 4395 3632 4453 post
3673 4378 3776 4429 llllll-

567 4502 811 4559 llistoria
848 4500 950 4554 .lib.
983 4513 1057 4564 1v,
1097 4469 1217 4566 cap.
1256 4492 1327 4547 26
1356 4493 1540 4557 verba,
1583 4491 1779 4561 quibus
1807 4489 2018 4545 obsidio
2061 4490 2147 4543 illa
2181 4495 2227 4555 ι)
2258 4494 2338 4537 tas
2360 4481 2631 4537 tttolestias
2651 4480 2937 4535 Ansclmus
2968 4478 3194 4532 Romam
3230 4476 3463 4531 adeundi
3513 4469 3774 4526 facultatem

571 4613 715 4651 anno
758 4594 893 4650 1097
924 4608 1031 4647 non
1069 4590 1298 4646 obscure
1329 4585 1700 4656 consignatur,
1732 4592 2043 4645 occurrant,
2089 4596 2153 4635 ea

573 4698 757 4743 tamen
799 4684 1100 4739 Malaterrtn
1132 4696 1241 4738 non
1267 4688 1416 4746 sunt,
1444 4686 1728 4746 certoque,
1753 4690 1913 4745 quam
1937 4673 2155 4729 eventui

574 4780 667 4835 isti
714 4776 898 4847 Lupus
956 4776 1275 4846 Pretospata
1346 4772 1595 4844 proxime
1646 4771 1752 4826 huc
1810 4766 2157 4836 trauscriptis

573 4868 761 4924 verbis
801 4866 1110 4939 praestituit,
1162 4866 1370 4937 epocha
1414 4862 1699 4920 retinenda
1738 4870 1842 4916 est.
1887 4860 2004 4914 Duo
2042 4858 2158 4913 haec

577 4968 789 5016 asserta
811 4973 877 5012 ex
901 4957 1012 5028 jam
1043 4972 1185 5011 nunc
1212 4954 1457 5011 dicendis
1477 4961 1775 5025 patescent.
1804 4950 1843 5005 Α
1871 4947 2156 5021 posteriori

574 5066 673 5108 seu
719 5065 743 5104 τ
782 5049 1027 5103 πἐγὶιεηθ
1070 5046 1308 5117 epochaa,
1361 5061 1526 5116 quam
1566 5042 1836 5100 obsidioni
1887 5040 2158 5109 Capuana:

575 5142 759 5213 Lupus
782 5138 1125 5209 Protospata,
1152 5151 1294 5192 anno
1326 5136 1463 5193 1098
1490 5151 1613 5192 eam
1640 5135 1869 5205 illigans,
1895 5131 2155 5202 assignat,

578 5232 1014 5290 demonstranda:
1055 5231 1193 5286 duco
1225 5229 1459 5284 initium.
1495 5226 1826 5281 Romualdus
1862 5223 2155 5278 Salernila-

578 5346 705 5395 nus,
749 5336 940 5383 auctor
981 5337 1208 5395 suppar,
1238 5322 1293 5378 in
1332 5319 1603 5377 Chronico
1632 5319 1698 5376 de
1732 5330 1893 5373 cruce
1933 5314 2161 5387 signatis

579 5418 924 5484 Christianis,
968 5416 1170 5472 bellum
1208 5416 1261 5469 in
1295 5410 1515 5469 Oriente
1553 5419 1743 5469 contra
1788 5408 2036 5466 inﬁdeles
2070 5422 2164 5478 ge-

548 5511 868 5575 rentibus,
939 5508 1019 5562 sic
1076 5505 1266 5561 scribit
1312 5522 1326 5558 ε
1386 5522 1405 5556 t
1466 5503 1737 5574 Ceperunt
1794 5498 2161 5563 Antiochiam,

583 5601 859 5673 civitatem
907 5598 1347 5663 famosissimum,
1398 5596 1454 5651 in
1504 5611 1647 5651 anno
1691 5593 1959 5650 lncarnati
2004 5592 2162 5647 Verbi
2228 5658 2231 5665 η

584 5689 872 5745 millesimo
924 5687 1271 5758 nonagesimo
1329 5696 1561 5752 octavo,
1615 5685 1804 5741 lndict.
1859 5700 1961 5749 vt;
2022 5702 2041 5736 ι
2101 5698 2165 5737 ac

586 5779 801 5849 deinde,
827 5779 1117 5839 nonnullis.
1143 5794 1263 5850 quae
1287 5779 1392 5834 huc
1421 5793 1528 5836 non
1560 5775 1784 5844 faciunt,
1812 5772 2163 5845 interpositis,

2257 4592 2287 4630 a
2313 4590 2439 4645 rege
2470 4573 2658 4643 angliaz
2688 4571 2987 4640 impetrarit
3017 4612 3031 4637 ,
3061 4570 3312 4624 lectorem
3339 4564 3570 4629 edocuit,
3594 4557 3776 4625 subjmi‘

2258 4664 2335 4733 git
2360 4679 2371 4714 :
2405 4678 2423 4711 ι
2466 4662 2621 4714 Anno
2648 4659 2716 4712 ab
2743 4657 3117 4711 lncarnatione
3148 4654 3267 4708 Filii
3296 4652 3392 4708 Dei
3415 4646 3680 4707 millesimo
3700 4654 3767 4692 n0.

2259 4752 2535 4821 nagesimo
2598 4748 2828 4818 septimo
2881 4756 2997 4801 acta
3041 4753 3165 4799 sunt
3211 4745 3364 4809 hazc,
3418 4742 3550 4797 fer'a
3591 4735 3778 4806 quinta.

2259 4860 2379 4917 qua:
2408 4843 2508 4899 fuit
2529 4842 2653 4897 ldus
2682 4840 2960 4901 Octobris;
2990 4858 3008 4889 ι
3045 4854 3107 4893 ac
3137 4837 3356 4903 deinde,
3386 4830 3659 4889 nonnullis,
3685 4832 3779 4890 qui“

2258 4915 2402 4994 haud
2429 4937 2631 4993 dudum
2660 4942 2785 5005 post
2805 4934 3049 5003 quintam
3099 4931 3363 4985 decimam
3388 4922 3624 4983 Octobris
3664 4915 3777 5005 diem

2260 5046 2402 5087 anno
2428 5029 2581 5085 hisce
2607 5002 2788 5085 verbis
2816 5002 3095 5096 assignato
3123 5030 3267 5092 gesta
3306 5018 3477 5080 fuere,
3508 5002 3776 5077 interiectis,

2262 5124 2433 5181 sancti
2462 5123 2606 5178 illius
2661 5118 2921 5174 antistitis
2962 5118 3084 5182 iter,
3132 5114 3361 5168 Romam
3405 5119 3589 5165 versus
3627 5105 3777 5155 susce-

2262 5230 2437 5290 νιιιιη.
2470 5222 2728 5281 enarrat;
2786 5221 2847 5268 ut
2885 5209 3109 5282 proinde
3168 5208 3270 5262 hoc
3317 5205 3403 5260 ille
3449 5198 3635 5290 eodem
3663 5194 3779 5290 eum:

2264 5282 2401 5367 1097
2422 5282 3041 5379 indubiesitaggressus.
3056 5301 3227 5358 Porro
3246 5297 3527 5380 A_uselmus
3553 5290 3601 5344 in
3625 5282 3781 5380 itinere

2264 5404 2376 5472 m0.
2400 5401 2476 5458 ιιιί
2500 5401 2698 5470 partim
2729 5370 2948 5469 eavejus
2975 5398 3101 5452 vitae
3133 5436 3149 5462 ,
3192 5394 3260 5449 ab
3283 5370 3562 5447 'Eadmero
3611 5391 3667 5433 ex
3692 5370 3781 5472 dic:

2228 5546 2231 5547 ν
2266 5494 2337 5547 tis
2360 5455 2579 5562 'pariler
2626 5455 2947 5559 conscriptae
2976 5497 3139 5553 atque
3197 5483 3252 5538 in
3326 5477 3595 5551 praefatum
3637 5455 3781 5562 0001ίῆ

2266 5554 2438 5639 nosiri
2463 5593 2667 5637 tomum
2698 5554 2860 5635 illata;
2885 5580 2977 5633 lib.
3011 5594 3072 5645 ιι,
3130 5591 3249 5646 cap.
3283 5574 3337 5640 4,
3386 5567 3572 5642 partim
3595 5574 3623 5615 e
3656 5554 3782 5646 dimi

2266 5676 2527 5749 historiae,
2551 5690 2670 5744 qua:
2697 5675 2943 5729 eumdem
2974 5670 3295 5726 Eadmerum
3325 5669 3587 5722 auctorem
3632 5642 3780 5749 Ιξξιξδείῖ

2267 5770 2363 5824 m"
2418 5735 2601 5825 ίιίδέιὲ
2632 5783 2691 5835 1³⁷
2729 5781 2848 5835 θτΨ·
2875 5768 2909 5819 2
2936 5773 2990 5821 et
3019 5778 3132 5833 seq.
3167 5758 3496 5830 intelligitur,
3529 5735 3781 5804 natalitiam
