3846 6316
116 364 195 420 ιρι
1666 354 1694 407 .4

1799 354 1863 408 Λ.

3261 359 3369 413 402

112 475 303 531 Christi
335 473 688 528 festmtatem
720 487 843 528 cum
870 470 1299 542 sanctollugoue
1325 471 1523 525 abbate
1549 467 1682 524 Cln—
1714 473 1761 529 Α
1787 469 1969 525 forent
1998 477 2196 525 com.te
2240 478 2598 542 provectioris
2628 473 2826 539 :etatis,
2878 481 2932 528 et
2972 473 3217 542 corporis
3254 472 3371 541 pla.

114 567 241 620 niaci
279 564 624 630 celebravit,
682 564 808 618 inde
857 563 1179 634 Lugdunum
1228 576 1551 633 progressus
1578 569 1683 627 est,

114 658 337 724 hincque
371 656 476 708 iter
500 663 845 723 prosecutus,
872 668 995 709 cum
1022 650 1250 723 Segusio
1281 653 1686 723 ignotustraus-

114 749 270 808 iisset.
301 746 449 816 apud
483 755 732 800 sanctum
783 744 1100 805 Michaelem
1145 744 1214 798 de
1234 743 1394 799 Clusa
1421 742 1472 796 in
1516 742 1687 805 Pede-

112 842 305 895 montio
332 839 606 909 passionis
630 853 697 893 ac
727 837 1143 893 resurrectionis
1174 835 1469 890 Dominicze
1490 834 1689 891 solem-

90 916 533 995 'niacelebravit,
590 928 930 996 feliciterque
996 926 1447 983 Guibertinorum
1481 964 1495 986 ,
1567 938 1690 991 qua:

113 1031 303 1093 prata:
335 1024 385 1077 ei
413 1031 596 1087 erant,
643 1021 861 1077 evitatis
889 1019 1139 1083 insidiis,
1197 1018 1425 1072 ltomam
1472 1018 1688 1070 tandem

114 1114 241 1166 haud
269 1112 481 1167 dudum
507 1120 632 1182 post
658 1111 929 1181 pervenit.

171 1203 292 1260 632.
328 1203 526 1269 Porro,
554 1202 749 1257 diebus
784 1201 969 1256 decem
997 1199 1184 1254 Roma:
1237 1197 1549 1259 transactis,
1609 1198 1691 1251 in-

113 1298 296 1348 vitatus
324 1308 357 1346 a
382 1292 617 1354 Joanne,
643 1305 743 1345 suo
764 1290 891 1345 olim
933 1290 1072 1357 apud
1115 1288 1343 1342 Beccum
1402 1285 1686 1353 discipulo,

117 1394 229 1437 tunc
258 1396 395 1436 vero
428 1380 629 1434 abbate
657 1378 842 1433 Sancti
878 1378 1177 1433 Salvatoris
1200 1391 1368 1445 prope
1398 1374 1689 1438 Tclesinm,

114 1472 285 1526 urbem
316 1470 375 1526 in
406 1477 558 1524 terra
586 1468 806 1531 laboris,
837 1469 904 1522 ad
932 1481 1056 1521 eum
1077 1466 1325 1531 divertit;
1356 1481 1477 1519 cum
1509 1474 1687 1518 autem

118 1564 175 1617 ab
198 1564 299 1618 hoc
325 1564 381 1617 in
412 1561 603 1616 villam
630 1560 948 1616 monasterii
976 1560 1086 1625 sui,
1135 1560 1356 1614 nomine
1392 1556 1688 1622 Sclaviam,

122 1658 165 1707 in
184 1655 361 1711 vicino
382 1662 576 1709 monte
614 1654 773 1707 sitam
798 1695 815 1721 ,
846 1653 1041 1707 ductus
1068 1652 1259 1706 fuisset
1286 1693 1302 1718 ,
1358 1650 1543 1718 ibique
1594 1647 1692 1702 ali-

118 1753 305 1813 quanto
318 1743 587 1814 temporis
608 1744 786 1813 spatio
806 1744 1067 1814 degtsset,
1090 1743 1156 1805 ad
1182 1742 1372 1797 ducent
1398 1739 1688 1811 Rogerium

1788 576 1976 631 garum
2012 562 2361 634 laborumque
2388 565 2697 632 asperitatis
2732 566 2849 619 viro
2872 564 3209 636 vigilantiore
3250 565 3368 619 exi-

1787 661 1983 707 stente.
2016 651 2147 707 Nam
2169 653 2304 708 etab
2328 655 2474 708 omni
2499 654 2738 709 exercitu
2762 652 2878 722 ejus
2899 654 3174 724 vigilantia
3197 652 3372 706 admin

1789 743 1982 797 rationi
2007 752 2146 807 erat,
2174 758 2472 812 omnesque
2495 745 2547 798 in
2580 746 2699 816 ejus
2734 744 3369 815 exemplovigilautiorcs

1789 836 2175 899 reddebantur.
2215 855 2234 890 ι
2266 835 2345 890 lta
2376 838 2635 893 hactenus
2674 846 2875 902 textus,
2930 838 3021 907 qui
3071 836 3371 891 Malaterra:

1789 934 1942 981 extra
1964 941 2179 980 omnem
2235 926 2659 982 controversiam
2682 938 2798 992 est;
2832 927 2961 983 huic
3012 935 3219 990 autem,
3249 941 3372 993 qua:

1791 1016 1992 1071 dictum
2025 1016 2145 1071 libri
2173 1017 2353 1085 quarti
2377 1032 2498 1087 cap.
2549 1017 2620 1070 26
2667 1018 2984 1082 terminant,
3014 1032 3241 1087 quaeque
3300 1032 3369 1070 an

1791 1106 2095 1162 Malaterraz
2117 1108 2246 1171 sint,
2274 1108 2365 1162 hic
2411 1107 2734 1176 quaerimus,
2768 1108 2997 1163 recitata
3051 1123 3201 1162 num.
3235 1120 3373 1173 prre-

1791 1201 2003 1257 ced.de
2043 1202 2394 1272 imprazgnata
2435 1208 2561 1257 ante
2614 1200 2853 1270 Capuam
2896 1200 3146 1255 Adelasia
3203 1198 3369 1252 verba

1790 1292 2039 1364 proxime
2062 1294 2386 1357 subduntnr,
2415 1307 2479 1348 ac
2532 1292 2728 1347 deinde
2788 1292 3033 1361 sequitur
3073 1298 3235 1360 caput
3275 1288 3369 1351 27,

1792 1385 1936 1457 quod
1968 1385 2039 1439 ita
2066 1384 2381 1440 inchoatur:
2412 1403 2431 1438 ι
2461 1385 2596 1440 Cum
2627 1385 2729 1441 ista
2754 1394 3006 1455 aguntur,
3025 1399 3165 1454 papa
3197 1382 3373 1438 Urba—

1792 1488 1894 1529 nus
1918 1473 2243 1543 colloquium
2267 1475 2419 1527 ducis
2449 1482 2501 1528 et
2525 1474 2740 1528 comitis
2790 1473 3106 1527 desiderans
3139 1488 3167 1525 a
3198 1470 3372 1531 Roma

1791 1562 2163 1633 progrediens,
2213 1563 2470 1633 Capuam,
2523 1556 2612 1616 ubi
2670 1563 3039 1617 obsessionem
3093 1561 3370 1635 tenebant,

1792 1656 1958 1711 venit.
1997 1674 2016 1708 ι
2049 1654 2179 1709 Tale
2207 1663 2311 1722 est,
2342 1656 2483 1724 quod
2510 1656 2749 1710 historiae
2775 1654 2970 1709 Sicula:
3018 1653 3141 1708 libri
3194 1653 3372 1721 quarti

1794 1755 1955 1815 caput
1975 1746 2044 1799 2‘7
2090 1747 2231 1815 apud
2263 1745 2607 1800 Malaterram
2662 1746 2844 1808 habet,
2894 1745 3136 1810 initium;
3183 1759 3376 1797 vermn

119 1834 335 1889 accessit
355 1874 372 1899 ,
400 1834 518 1904 qui,
547 1834 599 1887 in
627 1834 817 1889 caszris
838 1843 963 1888 ante
987 1831 1224 1903 Capuam
1256 1830 1533 1887 obsessam
1566 1839 1692 1884 tunc
1723 1832 1768 1892 Β
1795 1837 1916 1905 quis
1941 1852 2046 1891 non
2078 1837 2246 1901 videt,
2273 1852 2367 1905 per
2387 1836 2549 1891 verba
2580 1836 2645 1888 de
2677 1835 3025 1904 iitiprwgnata
3079 1836 3131 1889 in
3180 1836 3377 1888 castris

119 1926 742 1996 wrsans,insignemque
769 1926 869 1980 viri
889 1926 1232 1981 sanctitatem
1254 1925 1509 1986 edoctus,
1536 1937 1686 1986 eniti,

118 2018 249 2072 ntad
288 2032 355 2073 se
384 2017 635 2081 veniret,
696 2016 972 2071 iuvitarat.
1026 2015 1104 2069 lta
1167 2013 1284 2070 fere
1326 2024 1589 2085 quantum
1622 2012 1690 2067 ad

120 2107 497 2175 substantiam,
534 2116 595 2162 ut
619 2107 731 2178 jam
760 2107 975 2169 monui,
1001 2104 1324 2169 Eadmerus,
1377 2104 1577 2174 partim
1634 2102 1689 2156 in

120 2198 417 2268 conscripta
439 2213 472 2253 a
497 2213 557 2253 se
584 2196 643 2251 S.
672 2197 911 2251 Anselnii
936 2196 1080 2261 Vita,
1110 2198 1305 2266 partim
1337 2195 1388 2248 iu
1413 2192 1689 2249 Novornm

114 2290 324 2360 Anglia:
352 2290 593 2345 Historia
645 2288 780 2347 locis
839 2304 1004 2359 supra
1057 2289 1175 2342 eitt.
1232 2287 1353 2347 Jam
1405 2301 1536 2342 vero
1566 2300 1689 2340 cum

122 2382 396 2436 Ausetanus
422 2424 438 2450 ,
472 2390 608 2436 teste
630 2380 897 2436 Eadmero
925 2418 941 2446 ,
972 2388 1197 2434 auctore
1246 2394 1315 2433 ex
1361 2378 1523 2432 dictis
1565 2392 1692 2448 syn-

122 2476 341 2535 rhrono,
376 2479 732 2540 sanctumque
768 2471 911 2524 hunc
935 2469 1237 2524 antistitem
1288 2469 1342 2523 in
1372 2469 1569 2521 itinere
1594 2466 1686 2520 illo

124 2564 405 2621 comitatu.
432 2577 575 2616 anno
609 2562 763 2623 1097,
796 2576 980 2617 mense
1008 2560 1228 2617 Octobri
1256 2577 1322 2616 ex
1353 2560 1540 2629 Anglia
1586 2560 1691 2613 lto-

126 2670 251 2707 tuam
282 2668 476 2709 versus
504 2654 606 2708 iter
629 2651 939 2722 arripuerit,
971 2667 1145 2722 eoque
1168 2654 1313 2709 haud
1344 2654 1544 2706 dudum
1571 2660 1693 2722 post

130 2743 536 2800 resurrectionis
581 2743 878 2799 Dominica:
922 2744 1116 2801 festum
1144 2787 1160 2811 ,
1191 2745 1334 2815 quod
1378 2746 1500 2798 anni
1557 2745 1689 2799 1097

127 2837 400 2891 Octobrem
450 2836 694 2904 proxime
732 2837 975 2905 excepit,
1029 2835 1316 2905 appulerit,
1371 2851 1471 2889 nec
1526 2836 1693 2888 ιιιιιῐιο

128 2938 233 2993 post
261 2926 331 2978 ad
370 2924 662 2993 Rogerium
695 2932 910 2988 ducem,
939 2925 1030 2994 qui
1079 2941 1183 2978 una
1212 2941 1332 2979 cuni
1377 2934 1569 2993 patruo
1595 2940 1695 2978 suo

127 3018 314 3072 comite
336 3016 587 3085 Rogerio,
619 3026 953 3085 cegnamque
982 3016 1253 3070 Ricbartlo
1300 3016 1535 3084 Capuam
1570 3028 1695 3075 tunc

132 3109 419 3171 obsidebat,
448 3108 763 3177 accesserit,
823 3122 890 3162 ex
914 3108 979 3163 iis
1003 3124 1134 3169 sane
1160 3148 1174 3173 ,
1211 3124 1331 3179 qua:
1377 3108 1689 3173 Ansehnus,

133 3212 310 3255 auctor
374 3216 521 3255 0mm
603 3201 922 3270 exceptione
986 3201 1074 3256 hic
1138 3200 1356 3268 major,
1418 3183 1767 3255 memorimc

137 3294 324 3359 prodit,
390 3292 789 3347 consectarium
841 3300 945 3358 est,
1004 3303 1057 3345 ut
1113 3282 1487 3361 Capuaianno
1556 3292 1692 3345 1093

140 3382 268 3435 ,ριηηί
337 3382 500 3436 dubio
553 3380 743 3451 procul
812 3381 976 3436 fuerit
1046 3384 1290 3437 obsessa.
1347 3384 1527 3452 Atque
1587 3385 1689 3439 hoc

136 3474 349 3540 primum
378 3513 395 3540 ,
430 3474 573 3542 quod
604 3474 691 3528 hic
710 3473 1101 3529 ostendendum
1138 3484 1256 3528 erat
1280 3515 1294 3537 ,
1324 3476 1553 3530 alterum
1578 3486 1692 3543 est,

141 3573 187 3614 ut
214 3563 386 3627 verba,
419 3563 614 3631 quibus
638 3564 689 3617 in
724 3562 901 3618 Sicula
917 3564 1171 3620 Gaufredi
1199 3566 1500 3623 Malatcrra:
1529 3569 1698 3623 histo-

143 3654 227 3715 ria,
249 3652 439 3723 (ὶιριιςε
460 3653 820 3719 obsidionem,
845 3671 950 3726 qua
974 3657 1227 3723 durante,
1244 3656 1298 3713 S.
1318 3658 1499 3713 Bruno
1513 3660 1696 3715 comiti

144 3743 354 3813 ltogerio
444 3754 738 3816 apparuit,
798 3747 1210 3818 itrunineutique
1270 3751 1515 3819 periculo
1573 3768 1696 3807 eum

144 3836 338 3905 eripuit,
373 3851 518 3892 anno
564 3837 704 3894 1097
733 3840 1028 3907 contigisse
1084 3840 1377 3906 indicatur,
1414 3843 1700 3912 scriptoris

146 3926 281 3997 hujus
300 3941 406 3981 non
429 3942 574 3992 esse,
605 3929 891 3997 probatqu
937 3947 1080 3986 nunc
1104 3934 1247 3987 dem.
1305 3932 1475 3988 Verba
1505 3936 1590 3988 illa
1627 3936 1698 3988 ita

147 4020 358 4075 habent:
397 4021 600 4081 «Anno
634 4020 929 4076 Dominicze
981 4021 1378 4083 incarnationis
1429 4026 1566 4080 l09‘l
1622 4026 1694 4080 ibi

147 4110 209 4177 (in
235 4112 421 4166 castris
462 4125 658 4181 nempe
714 4121 839 4168 ante
869 4111 1108 4182 Capuam
1156 4115 1463 4188 obsessam)
1491 4134 1550 4172 se
1603 4118 1702 4171 im-

148 4202 420 4271 prtegnavit
446 4202 729 4262 comitissa
770 4201 1023 4258 Adelasia
1046 4204 1113 4259 de
1141 4206 1345 4267 comite
1372 4206 1636 4277 Rogerio;
1677 4226 1696 4260 ι

149 4290 243 4347 iure
269 4306 471 4360 autem,
497 4303 558 4348 ut
585 4303 716 4348 ante
748 4308 832 4349 me
866 4294 1197 4366 Peregrinus
1238 4300 1291 4353 in
1346 4301 1458 4356 suis
1493 4303 1561 4356 ad
1590 4301 1701 4370 lupi

150 4396 448 4460 prolospala:
495 4388 801 4444 Chronic-iu
854 4400 1001 4446 recte
1054 4391 1411 4459 observavit,
1464 4394 1702 4465 glossula

1790 1936 1918 1984 ante
1945 1926 2184 1998 Capuam
2206 1926 2477 1990 Adelasia,
2512 1941 2634 1995 quin
2662 1925 2764 1979 hoc
2803 1925 2945 1979 inter
2980 1934 3035 1979 et
3071 1923 3376 1979 Malaterra:

1790 2019 2113 2089 genuinum,
2178 2032 2341 2087 quem
2397 2016 2509 2088 jam
2569 2016 2825 2083 recitavi,
2871 2030 3141 2085 quemque
3212 2023 3378 2083 caput

1790 2109 2038 2180 proxime
2052 2109 2365 2180 prtccedens
2384 2107 2712 2177 suppeditat,
2731 2116 2934 2161 textum
2953 2105 3377 2174 interjiciuntnr,

1791 2202 2159 2257 continentem
2185 2200 2468 2269 scriptoris
2501 2198 2659 2268 hujus
2686 2198 3056 2253 narrationem
3090 2197 3378 2268 perturba-

1793 2303 1903 2349 tam
1929 2292 2163 2349 reddiae
2178 2292 2435 2348 divisam?
2459 2290 2612 2360 Quod
2639 2307 2763 2347 cum
2791 2291 2864 2345 ita
2898 2291 2987 2357 sit,
3024 2304 3123 2344 nec
3153 2289 3381 2343 vitiosus

1790 2385 1992 2457 adeojn
2007 2382 2292 2445 narrandis
2306 2384 2463 2441 rebus
2478 2384 2665 2443 modus
2685 2383 2735 2438 in
2754 2382 3092 2437 Malaterram
3112 2379 3383 2451 quadrare

1793 2478 2065 2542 videatur,
2099 2476 2265 2535 verba
2301 2474 2388 2530 illa
2417 2490 2524 2536 non
2556 2474 2684 2543 ipsi,
2723 2474 2816 2527 sed
2844 2483 3026 2543 inepto
3047 2470 3379 2536 aduotatori,

1794 2574 1982 2643 utjam
2014 2571 2147 2638 dixi,
2182 2571 2525 2625 attribuenda
2560 2578 2705 2625 sunt.
2744 2568 2811 2624 Ut
2868 2584 2954 2623 res
2999 2568 3204 2623 certior
3254 2581 3381 2627 cva—

1794 2665 1903 2727 dat,
1930 2663 2133 2731 juverit
2158 2678 2277 2718 eam
2303 2663 2408 2717 alio
2458 2663 2635 2716 adhuc
2680 2669 3001 2727 argumento
3042 2661 3308 2716 firmasse.

1865 2753 1990 2809 654.
2036 2753 2326 2807 Malaterra
2372 2752 2425 2806 in
2480 2750 2784 2821 prafatione
2833 2752 2927 2807 lib.
2961 2768 2998 2806 ιι
3040 2752 3222 2821 Operis
3274 2750 3380 2815 sui,

1795 2860 1893 2899 seu
1920 2822 2386 2899 historiae.Sicul-.e
2416 2859 2447 2898 a
2479 2859 2537 2898 se
2559 2843 2900 2911 conscriptae,
2936 2852 3234 2913 teu:porum
3255 2858 3376 2897 sese

1795 2951 2170 3004 annorumque
2195 2935 2443 2989 ordinem
2468 2935 2521 2988 in
2548 2935 2822 2993 narrando
2848 2943 3194 2988 servaturum
3222 2934 3378 3003 polli-

1796 3027 1971 3091 citus,
2005 3027 2055 3081 id
2088 3026 2260 3096 ipsum
2288 3040 2409 3080 sese
2440 3024 2735 3091 facturum,
2774 3025 2865 3089 lib,
2903 3042 2974 3089 tv,
3004 3041 3123 3095 cap.
3145 3025 3211 3080 l8
3234 3025 3391 3093 cjus-’

1799 3117 1919 3170 dem
1950 3115 2130 3185 operis
2158 3125 2352 3171 iterum
2378 3116 2695 3186 proﬁtetur;
2724 3125 3009 3185 postquam
3035 3126 3214 3170 autem
3248 3125 3383 3169 tem-

1796 3224 1986 3280 porum
2009 3223 2385 3278 annorumque
2415 3209 2467 3263 in
2512 3210 2788 3263 narrando
2816 3209 2995 3263 ordini
3026 3210 3098 3263 ita
3140 3223 3260 3263 sese
3297 3209 3380 3261 bis

1798 3303 2107 3368 obstrinxit,
2140 3303 2328 3357 eodem
2358 3302 2494 3358 libro
2518 3313 2745 3374 quarto,
2771 3304 2926 3374 cujus
2958 3300 3078 3374 cap.
3136 3304 3201 3358 18
3244 3304 3387 3358 hanc

1798 3394 1898 3450 sibi
1921 3393 2306 3462 obligationem
2330 3395 2567 3449 secundo
2600 3396 2875 3465 imposuit,
2906 3410 3024 3465 cap.
3052 3396 3124 3450 25
3175 3405 3384 3459 narrat,

1798 3485 1890 3554 qui
1917 3500 2101 3540 comes
2131 3484 2394 3555 Rogerius
2421 3486 2582 3540 tiliam
2615 3484 2990 3556 lluugarorum
3021 3485 3132 3557 regi
3173 3485 3226 3540 in
3271 3501 3388 3539 Ina-

1803 3576 2115 3632 trimonium
2147 3577 2395 3643 dederit,
2447 3593 2679 3647 eamque
2728 3578 2795 3631 ah
2848 3577 3099 3642 llenrico,
3151 3576 3385 3632 Leonas—

1803 3668 1968 3724 trensi
1993 3668 2268 3739 episcopo,
2299 3684 2439 3722 anno
2466 3670 2619 3730 1097,
2654 3683 2838 3724 mense
2870 3667 3010 3723 Maio
3074 3668 3129 3723 in
3167 3668 3383 3725 Pauno-,

1801 3762 1945 3815 niam
1999 3761 2191 3815 itinere
2243 3760 2516 3814 maritimo
2562 3760 2682 3815 duci
2726 3762 2952 3815 curarit.
3003 3760 3081 3814 En
3112 3760 3221 3829 ipsa
3270 3760 3401 3826 ejus,

1801 3854 2009 3907 verba:
2051 3872 2068 3904 ι
2111 3853 2265 3908 Anno
2297 3853 2499 3921 itaque,
2554 3851 3166 3923 iuquit,lncarnationis
3216 3851 3388 3906 mille-

1803 3946 1942 4000 sime
1973 3944 2324 4015 nonagesimo
2369 3945 2620 4014 septimo,
2685 3947 2981 4016 apparatis,
3030 3963 3150 4017 qua:
3200 3961 3389 4001 neces-

1804 4038 1949 4093 saria
1999 4045 2193 4101 erant,
2244 4050 2432 4091 mense
2478 4035 2618 4089 Maio
2647 4052 2769 4090 cum
2827 4040 3080 4093 trecentis
3129 4038 3388 4094 militibus

1804 4144 1974 4200 usque.
2015 4130 2277 4185 Thermas
2330 4131 2637 4183 conducere
2694 4127 2823 4184 facit
2868 4131 3073 4199 (comes
3122 4130 3387 4199 [logei-ius

1762 4242 1771 4251 -
1806 4221 1969 4276 ﬁliam
2001 4221 2175 4289 suam)
2198 4220 2485 4285 lleuricnm
2519 4219 2959 4275 Lcocastrensem
2990 4222 3296 4290 episcopum
3329 4231 3382 4273 et

1806 4313 2066 4383 quosdam
2104 4314 2168 4366 de
2200 4314 2446 4368 ﬁdelibus
2477 4314 2607 4374 suis,
2646 4313 2841 4365 :tbimle
2900 4312 3187 4373 maritimo,
3224 4328 3381 4366 cursu

1806 4416 1976 4471 usque
2005 4400 2339 4456 Pannoniam
2392 4418 2514 4455 cum
2570 4402 2745 4468 puclla
2793 4400 3086 4469 procedere
3152 4401 3379 4463 faciens,

150 4480 566 4547 dunttaxatsunt,
590 4482 657 4538 ab
676 4483 854 4537 otioso
880 4484 1201 4539 adnotatorc
1223 4488 1288 4539 ad
1316 4488 1525 4556 paginae
1546 4504 1694 4547 oram

1808 4496 1920 4564 qui,
1953 4495 2182 4548 navibus
2200 4495 2471 4562 apparatis
2499 4493 2733 4561 puellam
2779 4506 2899 4546 cum
2930 4490 3111 4555 multis
3158 4507 3385 4560 sponsa-

151 4574 415 4642 adscripta,
454 4585 511 4628 ct
541 4591 609 4627 ex
642 4576 743 4629 hac
772 4575 968 4635 deinde
1005 4580 1057 4631 in
1106 4577 1284 4647 ipsum
1314 4582 1556 4637 auctoris
1585 4590 1703 4636 tex-

151 4671 238 4713 tum
264 4662 331 4715 ab
362 4665 616 4733 imperito
641 4664 865 4720 librario
895 4665 1180 4725 translata.

202 4744 314 4808 653.
357 4754 412 4809 Id
447 4755 528 4809 sic
570 4758 798 4817 ostendo
843 4774 856 4809 :
900 4756 1185 4813 Malaterra
1224 4758 1474 4816 Historiae
1508 4762 1704 4818 Siculm

150 4843 261 4901 libro
295 4863 372 4910 tv,
395 4862 519 4916 cap.
552 4848 623 4902 26
646 4848 745 4903 sub
768 4850 927 4904 tinem
958 4851 1037 4913 sic
1066 4852 1229 4907 habet
1260 4871 1273 4907 :
1314 4871 1333 4905 ι
1369 4854 1487 4925 lpse
1521 4865 1701 4911 autem

149 4951 302 4993 comes
326 4940 624 5011 (Roget-ius
656 4940 884 5007 scilicet)
910 4944 1058 4997 omni
1098 4945 1317 5001 dilieulo
1367 4958 1492 5003 ante
1529 4952 1700 5004 lucens

150 5046 366 5100 surgens.
398 5042 693 5103 utrumque
724 5036 1047 5100 exercitum,
1100 5049 1318 5107 pontem
1376 5042 1704 5096 transeundo

153 5138 164 5167 ι
198 5134 373 5188 (quem
414 5139 667 5193 nempe,»
700 5133 758 5177 ut
789 5125 1040 5181 laudatus
1069 5127 1398 5199 Peregrinus
1439 5132 1557 5186 loco
1608 5133 1701 5187 cit.

148 5223 314 5283 notat,
365 5235 384 5268 ι
419 5232 585 5285 super
637 5216 961 5272 Vulturnum
1025 5231 1445 5286 construxerat,
1499 5234 1555 5277 ut
1610 5241 1707 5278 suo

154 5321 167 5349 ‹
198 5307 468 5371 exercitui,
510 5316 567 5362 et
613 5308 764 5363 ducis
796 5308 1009 5378 Ri’gerli
1034 5311 1398 5383 prittcipisqttc
1459 5314 1706 5371 liichardi

160 5400 503 5463 «communis,
522 5396 646 5453 facil
672 5416 806 5469 sque
831 5411 1046 5472 pateret
1074 5405 1179 5471 via,
1211 5406 1301 5474 qui
1338 5415 1485 5461 trans
1504 5407 1704 5464 flumen

163 5487 253 5540 ιλιι
280 5491 697 5558 septentrionem
732 5491 972 5563 Capuam
1007 5493 1349 5568 obsidebant)
1393 5518 1411 5549 ι
1441 5499 1702 5565 invisens,

161 5583 311 5631 utrum
339 5583 526 5635 attenti
560 5594 745 5637 essent
779 5584 845 5639 ad
873 5587 1150 5654 excubias,
1182 5589 1358 5644 visum
1382 5591 1510 5645 ibat.
1538 5590 1705 5646 Porro

165 5664 246 5731 ipsi
277 5674 460 5730 rubore
514 5677 979 5743 perfundebantur
1007 5720 1021 5743 ,
1077 5681 1219 5750 quod
1245 5682 1473 5750 juvenes
1522 5683 1619 5751 ipsi
1652 5695 1705 5740 et

171 5756 359 5828 ad‘luOS
386 5768 708 5835 peculiarius
757 5772 1027 5841 negotium
1087 5774 1372 5841 attinebat,
1426 5778 1702 5845 segniores

1809 4586 1948 4641 libus
1979 4586 2423 4646 intromittentes,
2479 4583 2614 4637 velis
2674 4591 2836 4636 vento
2881 4583 3209 4646 commissis,
3268 4601 3391 4653 pro-

1808 4690 1967 4746 spera
1995 4689 2127 4727 aura
2151 4674 2313 4728 flante
2338 4687 2431 4742 per
2450 4688 2667 4741 aequora
2699 4671 2949 4726 feruntur
2976 4688 3147 4742 usque
3177 4674 3303 4727 dum
3333 4675 3385 4728 in

1806 4773 2020 4835 portum
2050 4762 2220 4827 Albae,
2252 4762 2341 4831 qui
2366 4760 2505 4829 juris
2552 4776 2738 4832 regum
2787 4760 3129 4832 Ungarorum
3158 4773 3261 4827 est,
3292 4765 3387 4818 im-

1806 4871 1947 4926 pune
2010 4853 2350 4924 applicant.»
2411 4851 2557 4917 ilice,
2613 4866 2733 4921 quae
2788 4867 2929 4906 anno
2988 4852 3123 4908 1097
3192 4857 3387 4924 partim

1807 4962 1990 5002 mense
2019 4946 2180 5010 Maio,
2213 4946 2409 5013 partim
2444 4945 2602 5006 paulo
2632 4946 2807 5009 serius
2837 4957 3001 5016 gesta
3038 4956 3185 5015 sunt,
3246 4949 3391 5002 dicto

1808 5038 1901 5092 lib.
1935 5053 1986 5090 IV
2014 5052 2132 5106 cap.
2166 5036 2237 5090 25
2261 5035 2545 5091 Malaterra
2570 5052 2583 5101 ;
2613 5036 2704 5105 qui
2742 5046 2921 5091 autem
2972 5053 3155 5093 comes
3214 5037 3381 5108 Roge-

1812 5136 1923 5187 rios
1949 5149 1977 5185 a
2012 5132 2314 5195 Richardo,
2371 5133 2610 5201 principe
2637 5134 2916 5187 Aversano
2957 5144 3010 5187 et
3072 5152 3102 5188 a
3159 5133 3392 5203 Rogcrio

1811 5228 1945 5279 duce
1971 5225 2385 5295 consanguineis
2428 5225 2562 5288 suis,
2612 5233 2669 5285 ut
2697 5226 2972 5296 suppetias
3010 5226 3089 5279 eis
3130 5225 3390 5278 adversus

1812 5317 2113 5387 Capuanos,
2146 5317 2416 5372 Riehardo
2450 5317 2698 5383 rebelles,
2726 5317 2909 5383 ferret,
2940 5318 3097 5373 missa
3131 5318 3292 5372 etiam
3320 5320 3388 5370 ad

1806 5406 1934 5465 eum
1957 5426 1988 5465 a
2018 5409 2251 5482 Rogerio
2301 5410 2436 5466 duce
2459 5424 2625 5466 uxore
2650 5425 2762 5474 sua,
2799 5421 3018 5482 rogatus
3047 5410 3230 5477 fuerit,
3264 5425 3384 5478 cap.

1811 5501 2055 5571 proxime
2081 5517 2195 5574 seq.
2222 5502 2487 5573 exponit,
2515 5517 2580 5557 ac
2620 5502 2814 5558 deinde
2857 5503 3047 5557 eodem
3082 5516 3199 5569 cap.
3258 5502 3390 5556 sub-

1805 5592 1986 5664 jungit
2019 5612 2030 5647 :
2063 5615 2082 5647 ι
2116 5597 2310 5654 Comes
2340 5606 2520 5652 autem
2541 5598 2742 5666 pietate
2769 5596 3153 5666 consanguinei
3182 5598 3388 5667 princi-

1812 5689 1896 5756 pis
1917 5695 1971 5740 et
2000 5690 2178 5745 multis
2199 5691 2377 5746 verbis
2424 5691 2672 5751 ducissaa,
2732 5689 2835 5743 sibi
2871 5706 2900 5743 a
2929 5691 3066 5745 duce
3112 5691 3389 5762 delegatur,

1813 5778 2080 5849 legatione
2107 5783 2471 5853 deprecatoris
2525 5792 2578 5837 et
2633 5782 2935 5839 humilitate
2984 5785 3300 5854 exponentis
3329 5783 3393 5842 ii-
