3860 6320
489 381 596 439 805

1293 370 1349 427 S.
1389 366 1737 427 BBUNONIS
1771 356 2420 429 CARTHUSlANORUM
2457 352 2944 427 lNSTlTUTORIS
3114 321 3137 332 υ
3640 352 3723 414 101

486 499 662 559 iectus
696 502 750 550 et
798 505 1112 562 persuasus,
1153 490 1452 548 exercitum
1483 528 1498 554 ,
1546 487 1761 558 qualem
1797 496 2075 553 nunquam
2107 485 2151 542 Α
2180 492 2341 549 quam
2367 476 2551 547 Lupus
2578 475 2924 543 Protospata,
2964 483 3111 526 anno
3145 467 3451 539 eonsignet.
3495 462 3557 521 ac
3575 472 3724 542 proin,

476 597 654 656 ’antea
691 586 946 641 habuisse
968 583 1304 652 dignoscitur
1334 623 1348 648 ,
1398 581 1468 635 ab
1493 579 1640 635 omni
1666 576 1851 632 Sicilia
1886 584 1940 628 et
1982 572 2078 627 Ca-

491 680 663 741 labria
715 676 841 733 l'orti
890 674 1120 746 imperio
1172 671 1448 737 conﬂato,
1501 670 1677 740 prima
1742 665 2080 734 hebdomada

430 743 478 831 ί
489 768 693 839 Aprilis
733 743 982 823 secundat
1032 779 1165 836 pace
1210 762 1447 816 Pharum
1515 759 1784 815 transiens
1839 756 2081 815 illorsum

494 865 714 933 (versus
748 860 986 931 Capuam
1012 871 1205 927 nempe
1230 871 1344 919 seu,
1385 852 1580 923 quibus
1624 848 1901 919 suppetias
1945 847 2083 901 latu-

495 967 593 1010 rus
619 952 750 1019 ibat,
783 938 972 1005 versus
994 946 1347 1009 Richardum,
1389 944 1724 997 Aversanum
1758 936 2080 1009 principem,

494 1051 552 1104 et
581 1041 874 1112 Rogerium
912 1037 1125 1109 ducem)
1160 1035 1452 1090 accelerat.
1490 1053 1509 1086 ι

570 1133 698 1188 655.
734 1132 859 1193 Haec
895 1131 1015 1186 loco
1049 1130 1140 1183 cit.
1172 1124 1478 1189 Malaterra,
1517 1122 1714 1177 ibidem
1740 1121 1901 1175 etiam
1958 1134 2085 1173 mox

497 1225 741 1289 tradens,
786 1224 877 1295 qui
913 1219 1197 1292 Rogerius,
1232 1232 1356 1272 eum
1406 1216 1645 1270 Pharum
1702 1228 1887 1268 mense
1914 1210 2085 1283 Aprili

498 1314 827 1385 trajeeisset,
859 1328 954 1384 per
974 1312 1276 1367 Calabriam
1303 1319 1357 1364 et
1378 1296 1625 1377 Apuliam
1656 1306 1957 1367 exercitum
1988 1304 2086 1357 du-

500 1408 696 1481 xerit,
739 1407 930 1461 ducem
968 1403 1260 1473 Rogerium
1308 1401 1361 1454 in
1413 1400 1499 1454 via
1545 1399 1763 1453 obvium
1810 1395 2082 1457 habuerit,

498 1499 858 1562 Pentecosten
886 1510 1055 1567 prepe
1079 1495 1301 1563 ﬂumen,
1332 1511 1350 1544 ι
1379 1493 1640 1547 Sabatum
1674 1512 1691 1543 ι
1719 1506 1836 1554 seu,
1869 1489 1946 1544 uti
1974 1488 2087 1557 ipse

503 1591 719 1657 scribit,
752 1609 769 1642 ι
804 1587 1102 1655 Sabb'atum
1141 1606 1159 1639 ›
1188 1594 1459 1652 vocatum,
1482 1582 1787 1643 celebrarit,
1819 1595 1883 1643 ac
1909 1588 2086 1635 castra

503 1683 723 1744 tandem
759 1681 826 1745 ad
857 1680 1096 1750 Capuam
1129 1677 1391 1750 posuerit,
1441 1676 1692 1746 hancque
1733 1676 1924 1731 urbem
1979 1686 2087 1726 una

499 1790 626 1835 cum
650 1775 786 1830 duce
826 1773 1062 1851 Roget-io
1116 1780 1171 1826 et
1215 1769 1484 1833 Riebardo
1530 1765 1772 1837 principe
1812 1765 2087 1819 Aversano

498 1870 801 1939 obsederit;
824 1884 945 1923 cum
974 1876 1176 1931 autem,
1202 1872 1487 1934 postquam
1512 1903 1527 1927 ,
1556 1861 1700 1932 quod
1745 1875 1889 1915 anno
1951 1859 2087 1913 1097

502 1978 692 2031 mense
727 1961 873 2032 Maio
889 1968 1099 2031 gestum
1130 1958 1331 2021 fuerat,
1384 1954 1649 2018 narravit,
1683 1951 1917 2021 scriptor
1974 1951 2086 2017 ille,

502 2054 595 2126 qui
623 2068 742 2109 sese
769 2062 1069 2121 temporum
1090 2059 1463 2125 annorumque
1479 2043 1723 2099 ordinem
1747 2042 1799 2095 in
1817 2043 2089 2095 narrando

501 2136 724 2207 servare
754 2142 1061 2213 profitetur,
1092 2155 1154 2202 ea
1198 2137 1399 2205 omnia,
1431 2135 1506 2189 uti
1539 2150 1601 2189 ex
1647 2133 1760 2203 jam
1809 2131 1975 2197 dictis
2025 2132 2091 2185 li-

503 2244 659 2318 quet,
702 2236 755 2301 in
808 2234 1020 2301 litteras
1054 2232 1257 2295 mittat,
1302 2237 1534 2307 oportet,
1579 2237 1638 2281 ut
1678 2225 1973 2287 secundum
2006 2224 2091 2295 ip-

504 2316 740 2398 s’ammet
769 2325 1131 2393 narrationem
1178 2321 1293 2391 ejus
1313 2331 1367 2375 et
1414 2319 1656 2388 Aprilis,
1701 2332 1808 2395 quo
1854 2316 2091 2371 Pharum

504 2432 689 2481 comes
714 2416 975 2486 Rogerius
1006 2414 1215 2483 trajecit
1248 2421 1302 2467 et
1335 2411 1686 2476 Pentecoste,
1720 2423 1882 2478 quant
1925 2422 2094 2478 prope

504 2508 704 2579 ﬂumen
736 2506 992 2568 Sabatum
1032 2502 1324 2571 celebravit
1353 2545 1366 2569 ,
1407 2503 1690 2572 ipsumque
1740 2499 1874 2553 adeo
1928 2499 2092 2553 etiam

511 2608 745 2666 tempus,
776 2612 883 2679 quo
909 2597 1059 2658 brevi
1108 2603 1228 2667 post
1269 2603 1448 2650 castra
1500 2593 1568 2648 ad
1621 2592 1859 2661 Capuam
1890 2590 2093 2661 posuit,

504 2689 805 2763 urbemque
871 2690 1009 2747 hanc
1060 2688 1307 2755 obsedit,
1364 2702 1471 2741 non
1544 2686 1610 2740 ad
1682 2701 1883 2741 annum
1934 2684 2091 2750 1097,

509 2783 606 2839 sed
664 2768 738 2850 ad
760 2784 1004 2861 proxime
1057 2781 1475 2849 subsequentem
1518 2787 1782 2848 spectent.
1824 2777 1889 2843 Et
1944 2794 2093 2845 vero,

510 2875 615 2930 nisi
643 2875 715 2929 ita
747 2892 832 2930 res
868 2876 1107 2939 habeat,
1136 2872 1425 2933 Malalerra
1475 2887 1660 2927 secum
1713 2872 1942 2940 ipsemet
2000 2887 2097 2941 pu-

510 2981 678 3036 gnare
705 2966 808 3021 erit
836 2965 1117 3028 dicendus;
1151 2980 1275 3031 cum
1306 2964 1472 3024 enim.
1504 2962 1578 3018 uti
1608 2978 1676 3018 ex
1707 2962 1864 3016 dictis
1884 2970 2096 3027 narrat,

513 3048 697 3113 eomes
728 3058 1009 3130 Rogerius,
1076 3066 1360 3127 postquam
1405 3054 1639 3119 Pharum
1694 3069 1881 3113 mense
1926 3053 2097 3131 Aprili

2181 575 2242 623 ut
2266 566 2349 622 vel
2377 566 2545 621 verba
2600 565 2667 620 de
2701 565 3056 634 impragnata
3106 573 3250 614 anno
3285 559 3424 614 1097
3459 558 3512 612 in
3562 565 3729 621 castris

2182 668 2306 714 ante
2335 659 2574 727 Capuam
2598 654 2849 711 Adelasia
2873 667 3037 723 supra
3074 652 3181 707 huc
3216 650 3547 718 transcripta
3591 649 3730 708 Isla-

2182 757 2342 809 terra:
2382 764 2488 802 non
2518 744 2761 823 sint,vel
2786 752 2867 809 ut,
2914 744 2960 799 si
3009 742 3135 812 ipsi,
3181 755 3290 797 non
3339 750 3523 794 autem
3572 742 3729 810 inepto

2183 839 2510 902 adnotatori.
2538 838 2773 893 debeant
2800 834 3024 891 attribui
3054 875 3068 898 ,
3097 847 3254 888 error
3290 831 3347 886 in
3369 846 3571 885 annum
3594 830 3728 899 1097,

2184 944 2294 1000 quo
2319 929 2406 984 illa
2444 927 2752 982 afﬁciuntur
2777 966 2792 990 ,
2844 923 3189 979 librariorum
3242 921 3378 976 vitio
3408 908 3763 977 oscitantiave‘

2184 1018 2487 1090 irrepserit,
2519 1030 2726 1088 proque
2748 1030 2893 1070 anno
2916 1014 3008 1070 illo
3031 1028 3206 1069 annus
3228 1011 3370 1069 1098
3396 1010 3592 1067 debeat
3631 1013 3734 1068 sub-

2188 1108 2361 1165 stitui.
2394 1106 2563 1161 Porro
2591 1105 2789 1176 Pagius
2815 1104 2870 1159 in
2913 1103 3142 1168 criticis,
3169 1101 3518 1156 Maiaterram
3542 1140 3559 1165 ,
3599 1117 3627 1155 a
3652 1117 3741 1171 quo

2187 1200 2523 1258 obsidionem
2562 1197 2880 1269 Capuanam
2932 1211 3074 1251 anno
3131 1195 3265 1250 1097
3317 1195 3640 1264 consignari,
3682 1197 3735 1250 ob

2188 1298 2486 1345 memorata
2513 1289 2677 1343 verba
2707 1287 2773 1343 de
2813 1286 3165 1357 impraegnata
3198 1291 3328 1338 ante
3365 1280 3598 1352 Capuam
3624 1284 3737 1337 Ada—

2190 1383 2326 1437 lasia
2359 1381 2749 1445 arbitrabatur,
2773 1395 2894 1435 cum
2941 1379 3091 1449 Lupo
3133 1376 3477 1446 Protospata,
3504 1389 3592 1444 qui
3619 1390 3738 1430 eam-

2189 1476 2310 1529 dem
2332 1472 2665 1529 obsidionem
2686 1485 2828 1526 anno
2871 1470 3008 1526 1098
3047 1468 3297 1533 innectit,
3323 1468 3379 1521 in
3423 1466 3737 1522 concordiam

2189 1567 2468 1621 adducere
2495 1564 2705 1630 volens,
2735 1563 2903 1619 fuisse
2922 1577 3065 1618 anno
3088 1561 3225 1617 1097
3258 1560 3500 1630 Capuam
3538 1559 3740 1616 obsideri

2195 1665 2431 1730 emptam
2449 1696 2464 1721 ,
2498 1670 2748 1724 annoque
2770 1655 2984 1710 demum
3012 1652 3172 1718 1098,
3200 1653 3267 1707 ad
3299 1665 3543 1707 mensem
3572 1649 3737 1706 Maium

2189 1758 2447 1818 provecto
2479 1787 2495 1813 ,
2542 1753 2903 1816 expugnatam
2956 1745 3209 1799 astruxit.
3270 1743 3493 1808 Verum,
3542 1756 3654 1797 cum
3688 1760 3740 1803 ex

2121 1828 2296 1910 Bjam
2324 1841 2486 1894 dictis
2521 1853 2628 1894 non
2661 1853 2803 1893 anno
2828 1837 2986 1901 1097,
3021 1845 3080 1891 ut
3116 1835 3359 1890 nonnulli
3381 1835 3451 1889 ob
3480 1834 3636 1889 verba
3686 1836 3737 1888 de

2192 1932 2545 2000 impraagnata
2599 1944 2741 1984 anno
2771 1928 2863 1984 illo
2894 1938 3019 1982 ante
3044 1927 3289 1998 Capuam
3347 1925 3599 1981 Adalasia
3650 1942 3744 1996 per-

2193 2036 2411 2076 suasum
2434 2021 2537 2076 sibi
2569 2021 2829 2085 habuere,
2874 2019 2969 2074 sed
3000 2034 3144 2073 anno
3174 2018 3311 2073 1098
3338 2017 3645 2086 Capuanam
3667 2018 3744 2071 ob-

2194 2117 2458 2173 sidionem
2512 2115 2805 2182 accidisse,
2834 2116 3062 2187 ipsemet
3087 2113 3377 2169 Malaterra
3424 2112 3619 2178 tradat,
3642 2113 3747 2166 scri-

2192 2216 2316 2285 ptor
2348 2208 2436 2262 ille
2457 2206 2815 2277 eorrigendus
2845 2213 2947 2261 est.

2267 2299 2391 2353 657.
2420 2298 2573 2365 Quod
2596 2298 2640 2353 si
2678 2297 2823 2353 enim
2854 2297 2970 2367 ipso
3009 2294 3262 2350 standum
3294 2293 3462 2357 foret,
3494 2303 3745 2348 consecta-

2196 2392 2335 2447 rium
2360 2398 2523 2455 esset,
2554 2398 2616 2444 ut
2655 2389 2898 2459 pluribus
2920 2387 3200 2443 mensibus
3253 2387 3511 2457 Capuana
3571 2384 3748 2439 obsidio

2198 2484 2470 2549 tenuerit;
2503 2483 2607 2537 hoc
2653 2491 2833 2536 autem
2870 2496 2899 2534 a
2925 2495 3056 2536 vero
3114 2479 3351 2534 alienum
3376 2494 3500 2534 esse
3547 2488 3749 2542 constat,

2199 2584 2312 2628 tmn
2346 2588 2413 2627 ex
2458 2572 2765 2635 Malaterra,
2826 2572 2915 2640 qui
2967 2570 3262 2641 Rogerium
3322 2570 3581 2625 comitem
3631 2584 3747 2622 anno

2198 2665 2336 2721 1098
2361 2680 2525 2735 prope
2549 2662 2746 2718 ﬂumen
2774 2662 3033 2718 Sabatum
3074 2663 3451 2723 Pentecosten,
3477 2676 3596 2730 qua:
3618 2675 3737 2713 anno

2200 2758 2303 2815 isto
2327 2760 2379 2813 in
2404 2766 2612 2813 sextam
2635 2756 2902 2811 decimam
2925 2755 3048 2809 Maii
3071 2754 3280 2818 incidit,
3305 2753 3629 2816 celebrasse,
3651 2760 3753 2805 tunc

2201 2853 2418 2908 demum
2480 2849 2778 2907 exercitum
2829 2846 3028 2917 Capuze
3082 2847 3395 2905 obsidenda:
3453 2846 3751 2906 admovisse,

2201 2958 2302 2997 nec
2324 2942 2414 2995 diu
2445 2940 2732 2995 admodum
2776 2948 2900 3010 post
2939 2939 3126 2993 urbem
3170 2937 3320 2992 illam
3376 2936 3647 2997 deditione
3679 2950 3753 2986 ac-

2201 3041 2437 3111 cepisse,
2474 3039 2670 3110 partim
2718 3038 2814 3093 lib.
2846 3053 2923 3101 tv,
2952 3050 3073 3105 cap.
3105 3034 3225 3098 cit.,
3256 3030 3480 3103 partim,
3514 3043 3630 3098 quae
3675 3027 3757 3080 hoc

508 3119 847 3225 "guisset:
876 3119 1344 3226 pentec'osjedque
1391 3163 1558 3218 prope
1612 3147 1807 3202 numen
1832 3119 2092 3202 Saba—mm
2124 3169 2165 3229 ο
2203 3133 2454 3202 proxime
2492 3130 2769 3200 excipiunt
2799 3168 2815 3195 ,
2837 3143 2958 3229 cap.
2990 3127 3167 3229 23,-et
3187 3124 3399 3229 duobus
3423 3136 3578 3197 seqq.
3607 3119 3753 3229 docet,

513 3242 845 3307 celebrasset
870 3282 893 3317 ,1
930 3240 1170 3311 Capuam
1200 3240 1510 3309 obsederit,
1560 3240 1603 3295 si
1629 3240 1831 3309 Aprilis
1859 3240 1947 3306 ille
1972 3256 2096 3305 cum

510 3348 655 3388 anno
673 3331 957 3403 1097,,qno
980 3321 1184 3399 Pascha
1210 3331 1396 3399 quinta
1428 3331 1623 3399 Aprilis
1636 3345 1699 3384 ac
1714 3330 1937 3398 proinde
1963 3330 2097 3389 Pen-

509 3434 754 3491 tecosten
786 3425 1037 3498 vigesima
1069 3432 1262 3494 quarta
1295 3424 1416 3489 Maii
1445 3424 1705 3485 celebrari
1729 3424 1952 3493 contigit
1978 3423 2098 3478 fue-

511 3518 952 3590 ritconjunctus,
974 3531 1309 3585 consequens
1340 3518 1484 3581 erit,
1534 3528 1594 3573 ut
1623 3518 1776 3583 dicti,
1806 3517 1932 3570 anni
1966 3515 2098 3571 l097

515 3618 706 3671 mense
732 3604 874 3667 Maio
904 3619 1086 3667 comes
1114 3605 1381 3683 Rogerius
1418 3606 1619 3676 partim
1651 3606 1705 3659 in
1722 3604 1972 3663 Calabria
2005 3611 2100 3657 aut

513 3706 667 3752 certe
692 3697 891 3775 Apulia
916 3740 930 3763 ,
958 3699 1153 3765 partim
1197 3697 1251 3753 in
1279 3696 1475 3753 castris
1504 3705 1629 3761 ante
1659 3694 1896 3775 Capuam
1932 3694 2100 3749 exsti-

513 3788 664 3855 terit.
690 3770 852 3859 Atqui
877 3785 1160 3858 Malaterra
1189 3787 1334 3841 hunc
1363 3787 1665 3856 principem
1718 3768 1783 3841 eo
1816 3786 1934 3855 ipso
1958 3800 2100 3849 anno

520 3886 579 3932 et
633 3864 822 3931 mense
879 3892 1053 3947 neque
1101 3877 1155 3931 in
1195 3876 1445 3945 Calabria
1495 3862 1780 3946 Apuliave,
1823 3891 1997 3945 neque
2046 3876 2100 3940 in

516 3967 713 4038 castris
753 3976 880 4021 ante
906 3958 1179 4035 Capuam,
1210 3965 1305 4021 sed
1329 3966 1383 4020 in
1431 3964 1616 4019 Sicilia
1646 3953 1967 4034 praesentem
2021 3964 2103 4026 τίλας

517 4055 849 4127 cit,librotv
869 4049 1093 4123 scilicet,
1127 4071 1248 4127 cap.
1279 4055 1369 4121 25,
1394 4062 1454 4109 ut
1476 4053 1589 4123 jam
1613 4056 1791 4123 docui,
1827 4057 2103 4126 memoria:

517 4148 792 4219 prodens,
820 4150 918 4204 abs
975 4149 1089 4214 illo,
1127 4131 1440 4219 in'Sicili‘a,
1476 4148 1553 4217 uti
1598 4163 1665 4203 ex
1720 4163 1932 4212 eorum,
1984 4164 2103 4218 qum

521 4226 722 4307 ibidem
755 4239 984 4311 scribit,
1030 4246 1291 4309 contextu
1344 4237 1549 4307 liquet,
1581 4247 1708 4305 tunc
1751 4239 2045 4302 existente,
2073 4252 2104 4292 e

520 4330 740 4413 regione
764 4331 866 4385 hac
896 4330 1062 4386 tiliam
1093 4346 1246 4397 suam
1281 4329 1333 4384 in
1371 4330 1710 4389 Pannoniam
1754 4318 2104 4395 matrimonio

522 4424 673 4495 regni
700 4422 860 4493 hujus
884 4422 995 4493 regi
1052 4422 1481 4494 conjungendam
1517 4465 1531 4489 ,
1592 4424 1782 4479 eodem
1824 4439 1966 4478 anno
2041 4438 2107 4478 ac

2201 3238 2314 3295 tum
2352 3225 2516 3279 etiam
2544 3238 2609 3277 ex
2656 3219 2956 3276 Romualdo
3014 3216 3366 3273 Salernitauo
3418 3222 3474 3269 et
3524 3209 3759 3266 monacho

2200 3314 2511 3383 Cassinensi
2547 3327 2840 3384 anonymo,
2891 3310 2961 3365 ab
3001 3306 3239 3371 Antonio
3298 3301 3616 3360 Caraceiolo
3670 3299 3760 3368 pris

2200 3421 2349 3471 mum
2385 3420 2451 3460 ac
2495 3404 2691 3459 deinde
2725 3418 2753 3456 a
2782 3395 3358 3468 Camillo-Peregrinio
3413 3394 3537 3447 luce
3575 3389 3758 3462 publica

2201 3498 2398 3553 donato
2424 3496 2795 3563 tandemquea
2826 3490 3141 3556 Muratorio,
3179 3489 3378 3544 additis
3413 3487 3580 3542 etiam
3608 3492 3762 3553 posten

2204 3589 2366 3643 rioris
2398 3586 2557 3655 hujus
2583 3586 2807 3642 editoris
2839 3582 3319 3645 Annotationibus,
3350 3595 3458 3634 una
3488 3592 3609 3634 cum
3629 3575 3757 3648 Lupo

2203 3679 2525 3748 Protospata
2550 3676 2603 3731 in
2634 3674 2895 3735 toman
2916 3689 3098 3729 rerum
3124 3672 3435 3727 ltalicarum
3462 3671 3762 3739 scriptorum

2204 3771 2392 3837 illato;
2426 3770 2516 3839 qui
2557 3768 2714 3827 ambo
2758 3767 2997 3839 Capuam
3038 3765 3458 3843 quadragesimo
3494 3758 3763 3829 obsidionis

2205 3862 2291 3919 die
2315 3860 2641 3923 deditionem
2676 3859 2890 3923 fecisse,
2919 3873 3013 3913 seu
3047 3873 3077 3917 a
3106 3858 3243 3913 duce
3287 3855 3525 3926 Rogerio
3568 3863 3758 3924 patruoc

2205 3967 2311 4025 que
2375 3950 2493 4021 ejus
2556 3951 2755 4015 comite
2826 3949 3063 4021 Rogerio
3129 3948 3411 4011 subactam
3472 3945 3670 4008 fuisse,
3720 3943 3764 3995 in

2205 4043 2478 4099 chronicis
2509 4042 2621 4097 suis
2650 4042 2851 4096 diserte
2877 4040 3099 4095 tradunt
3130 4079 3146 4105 ,
3183 4039 3336 4094 orior
3363 4039 3583 4109 quidem
3609 4035 3767 4093 verbis

2206 4151 2356 4189 num.
2381 4133 2486 4189 650
2538 4135 2640 4189 huc
2686 4133 3018 4211 transciptis,
3062 4132 3329 4211 posterior
3361 4114 3493 4185 vero
3524 4130 3668 4183 hisee
3691 4142 3762 4180 se~

2205 4226 2497 4299 quentibus
2527 4243 2540 4292 ς
2586 4243 2604 4276 ι
2629 4226 2741 4279 Dux
2765 4223 3030 4293 Rogerius
3055 4237 3180 4277 eum
3206 4220 3410 4277 comite
3434 4220 3664 4292 liogerio
3684 4217 3766 4272 Ca-

2206 4334 2368 4388 puam
2399 4332 2495 4388 per
2515 4316 2871 4389 quadraginta
2922 4315 3037 4369 dies
3080 4314 3397 4373 obsidentes
3446 4316 3763 4382 receperunt,

2206 4392 2558 4475 etltichardo
2613 4409 2834 4477 Jordani
2905 4407 3014 4462 lilio
3065 4407 3444 4462 restituerunt.
3505 4424 3525 4457 ι
3601 4404 3769 4457 tam

524 4529 710 4570 mense
761 4516 860 4571 sub
909 4514 1128 4571 lienriei
1192 4515 1602 4571 Leocastrensis
1650 4515 1893 4595 episcopi
1941 4515 2097 4580 ductu

2208 4503 2427 4573 quidem
2474 4502 2540 4555 ad
2586 4516 2788 4555 annum
2842 4498 3000 4564 1097,
3034 4499 3178 4554 unde
3221 4513 3323 4569 pro
3369 4498 3649 4553 obsidione
3684 4494 3769 4548 Ca-

527 4606 799 4679 maritimo
832 4607 1027 4675 itinere
1053 4607 1273 4679 missam
1305 4606 1492 4672 fuisse.

594 4698 719 4771 656.
746 4698 865 4753 Jam
890 4714 1037 4766 vero,
1067 4714 1186 4769 cum
1213 4707 1325 4761 haec
1346 4700 1417 4753 ita
1437 4699 1695 4764 habeant,
1718 4714 1784 4752 ne
1797 4697 2101 4767 Malaterra,

524 4805 712 4872 quem,
730 4806 848 4860 qua:
870 4792 1144 4865 seseinter
1155 4800 1414 4867 pugnent,
1441 4789 1745 4862 scripsisse,
1775 4805 1933 4844 nemo
1956 4791 2107 4861 dixe-

526 4884 618 4949 rit,
640 4882 935 4959 Bogerium
960 4884 1233 4944 comitem,
1251 4897 1411 4957 quem
1448 4872 1567 4936 toto
1592 4895 1780 4935 mense
1810 4879 1953 4949 Maio
1977 4880 2106 4935 anni

526 4975 668 5042 1097
707 4984 1026 5049 praesentem
1070 4975 1122 5048 in
1159 4974 1343 5037 Sicilia
1376 4971 1524 5048 facit,
1573 4987 1637 5026 eo
1665 4971 1782 5042 ipso
1812 4984 1999 5026 mense
2052 4972 2108 5039 in

526 5068 723 5139 Apulia
747 5076 803 5123 et
850 5068 902 5121 in
936 5068 1130 5122 castris
1173 5076 1299 5121 ante
1352 5065 1614 5137 Capuam,
1648 5082 1675 5119 a
1706 5067 1889 5139 Sicilia
1922 5067 2111 5137 procul

528 5161 758 5228 dissitis,
804 5169 1126 5231 prmsentem
1182 5160 1375 5215 sistere
1423 5142 1493 5215 sit
1542 5160 1824 5232 dicendus,
1879 5141 2108 5221 necesse

532 5256 757 5309 omnino
777 5263 879 5323 est,
909 5263 969 5307 ut
998 5254 1197 5311 mensis
1218 5253 1441 5326 Aprilis,
1473 5268 1580 5328 quo
1617 5252 1882 5321 Rogcrius
1906 5269 2111 5321 comes,

529 5354 590 5400 ut
616 5346 849 5415 scriptor
872 5345 962 5399 ille
985 5353 1193 5417 narrat,
1228 5342 1468 5397 Pharum
1506 5341 1740 5411 trajecit,
1768 5343 2111 5413 Pentecoste,

534 5451 697 5505 quam
724 5432 1115 5507 propeﬂumen
1150 5431 1411 5486 Sabatum
1425 5432 1740 5501 celebravit,
1772 5442 2113 5504 tempusque,

533 5544 640 5600 quo
669 5518 823 5601 brevi
855 5534 977 5597 post
1003 5524 1242 5593 Capuam
1259 5522 1492 5590 obsedit,
1514 5541 1619 5580 non
1636 5525 1703 5579 ad
1725 5509 1924 5595 annum
1954 5527 2113 5601 1097,

534 5614 627 5676 sed
657 5621 724 5675 ad
754 5610 1001 5689 prosime
1053 5600 1369 5685 sequentem
1394 5618 1558 5673 etiam
1600 5619 1900 5685 secundum
1938 5600 2115 5690 ipsum

535 5711 881 5767 Malaterram
914 5708 1233 5779 spectarint.
1262 5707 1399 5764 Hinc
1428 5724 1588 5780 porro
1601 5708 1715 5779 jam
1742 5712 2113 5781 consequitur,

535 5814 595 5869 ut
635 5801 724 5856 hic
777 5800 1008 5883 scriptor
1058 5798 1391 5857 obsidionem
1440 5800 1752 5879 Capuanam
1810 5816 1915 5856 non
1976 5800 2113 5868 alio,

2206 4609 2380 4665 puana
2414 4607 2557 4646 anno
2582 4592 2708 4646 huic
2746 4591 3010 4665 adigenda
3055 4604 3162 4645 non
3198 4605 3358 4650 nemo
3391 4589 3532 4651 forte
3576 4593 3767 4654 arguat.

2210 4687 2262 4740 in
2293 4684 2478 4739 codice
2493 4683 2803 4739 Cassinensi
2825 4683 2918 4751 «17,
2935 4697 2965 4736 e
2986 4697 3095 4752 quo
3108 4682 3360 4737 monachi
3379 4682 3524 4735 illius
3539 4676 3768 4747 anonymi

2208 4774 2514 4831 Chronicon
2544 4790 2573 4828 a
2601 4773 2914 4829 Caracciolo
2941 4772 3173 4843 primum
3222 4770 3325 4826 fuit
3368 4773 3595 4835 editum,
3649 4763 3772 4838 apud

2210 4866 2355 4921 hunc
2376 4874 2431 4923 et
2463 4864 2815 4920 Muratorium
2842 4863 3187 4932 referuntur;
3223 4876 3409 4915 verum
3447 4857 3773 4930 Peregrinius

2213 4958 2265 5011 in
2286 4960 2427 5013 hunc
2452 4956 2656 5012 codicis
2688 4956 2831 5011 illius
2860 4956 3037 5023 locum
3056 4956 3128 5009 ita
3150 4955 3406 5009 observat
3438 4971 3452 5007 :
3493 4972 3510 5003 ι
3552 4953 3623 5005 De
3644 4960 3775 5003 more

2214 5067 2415 5105 annum
2453 5050 2714 5120 anticipat
2746 5049 2927 5105 Codex
2955 5064 3126 5112 XLVII,
3149 5057 3203 5102 et
3242 5062 3309 5101 ex
3344 5062 3407 5101 eo
3431 5047 3629 5101 editus.
3674 5038 3773 5094 Non

2214 5145 2292 5200 sic
2321 5145 2486 5199 codex
2517 5130 2701 5207 cxctx,
2748 5143 2799 5196 in
2837 5158 2944 5212 quo
2973 5142 3074 5195 ista
3104 5140 3204 5195 sub
3229 5154 3373 5195 anno
3417 5147 3545 5193 sunt
3574 5133 3721 5190 1098.
3755 5148 3770 5179 ι

2214 5236 2291 5291 Ita
2343 5236 2433 5290 ille
2474 5253 2488 5288 :
2532 5236 2731 5305 Capuae
2775 5243 2988 5299 autem,
3046 5232 3122 5287 uti
3168 5248 3234 5289 ex
3297 5232 3385 5297 iis,
3426 5245 3547 5300 quae
3590 5229 3645 5283 in
3694 5237 3783 5280 suo

2216 5327 2283 5380 ad
2323 5325 2631 5399 Chronicon
2680 5326 2809 5383 illud
2863 5325 3072 5380 monito
3102 5323 3303 5395 praevio
3362 5313 3659 5384 obServat,
3710 5314 3776 5369 l‘a—

2220 5418 2323 5474 cile
2377 5417 3072 5493 perspicies,obsidionem
3124 5415 3560 5483 deditionemque
3591 5412 3644 5465 in
3698 5422 3778 5462 co-

2222 5513 2343 5567 dice
2371 5511 2680 5566 Cassinensi
2708 5511 2777 5564 47
2808 5511 2874 5565 ad
2904 5525 3103 5579 annum
3130 5507 3267 5563 1097
3297 5507 3515 5568 referri,
3546 5519 3651 5558 non
3677 5502 3778 5554 lau-

2220 5606 2346 5677 dato
2388 5606 2653 5660 monacho
2692 5619 2997 5674 anonymo,
3036 5602 3126 5673 qui
3167 5600 3358 5655 eodem
3417 5599 3638 5665 circiter
3665 5603 3783 5646 tem«

2218 5711 2371 5767 pore,
2403 5711 2512 5766 quo
2543 5695 2725 5765 Capua
2762 5694 2865 5748 fuit
2909 5694 3153 5755 obsessa,
3191 5690 3398 5755 ﬂoruit,
3433 5689 3529 5744 sed
3578 5684 3784 5740 libraria

2222 5788 2533 5855 recentiori,
2561 5788 2676 5860 qui,
2707 5802 2825 5859 quae
2856 5787 2943 5841 hic
2971 5786 3022 5841 in
3049 5784 3261 5855 litteras
3296 5782 3545 5855 miserat,
3580 5793 3677 5862 pro
3698 5787 3784 5844 sua
