3846 6316
107 369 183 424 405
1590 346 1791 404 ACTA.

3200 342 3323 397 me

106 477 282 535 arbitrio
317 472 639 541 digesserit,
689 464 952 533 annisque
1006 458 1335 523 distinxerit,
1395 464 1478 513 est
1525 457 1623 512 atl-
1654 463 1705 520 Δ
1733 458 1985 529 draginta
2032 456 2149 514 dies
2178 457 2475 516 obsidionis
2526 456 2577 524 (a
2615 455 2916 512 Romuzddo
2967 454 3201 521 scilicet,
3246 463 3325 511 ut:

104 564 409 627 scribendum.
431 558 587 627 Quod
614 572 739 611 cum
786 555 857 608 ita
879 554 951 610 sit
975 592 992 619 ,
1021 551 1156 606 nihil
1203 550 1366 609 etiam
1425 554 1619 603 contra

103 658 373 729 opinionem,
402 666 508 721 qua
551 646 887 703 obsidionem
935 642 1245 712 Capuauam
1282 652 1428 698 anno
1482 636 1621 695 1098

103 749 329 819 misimus,
356 759 389 798 e
432 739 705 796 monacho
752 737 841 790 ilio
871 747 1143 805 anonymo
1204 730 1458 793 habetur,
1508 741 1624 780 ma-

106 850 256 909 netque
276 836 403 891 adeo
430 849 460 887 a
482 832 635 901 Lupo
684 829 1027 896 Protospata,
1059 823 1152 893 qui
1186 822 1287 876 hoc
1316 820 1432 891 ipso
1478 832 1623 873 anno

104 906 294 984 lellicam
314 924 457 979 illam
479 919 841 991 Rogeriorum
872 914 1028 972 ducis
1060 922 1117 968 et
1139 911 1358 968 comitis
1403 906 1624 980 expedi-

82 1026 255 1083 tionem
277 1015 575 1086 consignat,
604 1027 711 1068 non
737 1025 858 1066 esse
880 1005 1262 1064 recedendum.

80 1094 89 1202 it
151 1109 250 1163 658.
278 1105 494 1169 Verum,
517 1102 623 1158 etsi
644 1099 862 1170 quidem
903 1097 979 1151 ita
1007 1102 1268 1166 quantum
1311 1092 1378 1146 ad
1400 1103 1623 1155 annum,

85 1183 179 1271 3quo
202 1200 277 1255 hic
310 1197 544 1265 scriptor
568 1193 768 1263 Capua:
809 1188 1140 1245 deditionem
1181 1183 1487 1254 consignat,
1538 1194 1626 1235 res

104 1270 268 1351 habeat.
311 1288 464 1342 aliter
508 1294 690 1339 tamen
748 1282 815 1337 de
864 1292 1072 1341 mense,
1126 1275 1211 1331 cui
1265 1288 1385 1328 eam
1435 1270 1626 1342 adigit,

106 1380 374 1437 censendum
428 1387 539 1433 est.
606 1373 825 1431 Etenim
878 1370 1158 1426 civitatem
1204 1366 1350 1421 illam
1385 1382 1403 1415 ‹
1444 1375 1628 1416 mense

106 1472 248 1526 ilartio
269 1486 299 1523 a
321 1469 521 1524 comite
568 1464 805 1537 Rogerio
830 1458 1279 1529 comprehensam
1314 1460 1515 1524 {notat
1531 1450 1633 1523 ;.id

107 1575 237 1618 autem
253 1563 438 1626 serius,
461 1574 630 1630 quam
660 1571 802 1610 anno
824 1552 960 1608 1098
991 1551 1055 1606 ad
1088 1563 1329 1603 mensem
1374 1544 1627 1598 Martium

107 1664 322 1724 provecto,
342 1652 615 1715 evenisse,
643 1649 813 1718 liquet
853 1656 964 1700 tum
997 1658 1064 1698 ex
1089 1642 1146 1697 S.
1194 1638 1459 1703 Auselini,
1489 1637 1635 1691 (λιιι-ν

109 1745 334 1802 uiariensis
360 1741 755 1811 archiepiscopi
792 1737 941 1801 Vita,
987 1750 1082 1805 per
1117 1733 1446 1789 Eadmerum
1493 1742 1628 1782 con—

108 1844 277 1910 scripta,
315 1846 422 1891 tum
465 1835 640 1890 etiam
670 1848 739 1888 es
779 1828 1052 1886 Gaul‘redo
1104 1824 1414 1881 Malaterra.
1457 1820 1529 1877 Ut
1580 1819 1633 1873 id

108 1950 154 1986 et
196 1931 318 1986 dicta
364 1925 617 1983 Anselmi
672 1924 783 1979 vita
837 1930 1118 1984 constare,
1170 1917 1346 1987 primo
1385 1914 1631 1985 probem,

109 2023 347 2079 Eadmerus
369 2020 427 2074 in
457 2019 568 2073 bac
607 2017 749 2086 apud
780 2029 878 2071 nos
905 2022 1034 2068 tom.
1066 2010 1109 2065 ll
1135 2008 1338 2079 Aprilis
1365 2022 1487 2077 pag.
1528 2003 1643 2061 886,

108 2126 145 2168 et
165 2109 774 2184 seq.,Resurrectionis
832 2105 1127 2161 Dominicaa
1197 2101 1431 2164 festum,
1490 2096 1632 2168 quod

109 2218 212 2257 anno
237 2201 353 2257 i098
380 2201 435 2255 in
472 2198 799 2268 vigesimum
822 2206 1072 2253 octavam
1101 2189 1280 2244 Martii
1330 2187 1537 2251 incidit,
1569 2200 1630 2241 se

112 2295 226 2349 simul
254 2309 311 2349 ac
345 2294 401 2348 S.
428 2291 755 2346 Auselmum
783 2288 836 2342 in
870 2286 929 2342 S.
960 2283 1239 2340 Michaelis
1271 2280 1544 2343 cmuobio,
1574 2279 1629 2333 in

112 2387 260 2439 ditione
277 2384 677 2439 Pedemontana
702 2380 829 2442 silo,
847 2377 1171 2440 celebrasse,
1193 2372 1418 2427 Romam
1441 2367 1645 2423 deinde

110 2473 553 2539 advenisse,decem
586 2470 775 2523 diebus
804 2467 1000 2521 ibidem
1019 2460 1329 2525 transactis,
1359 2460 1410 2515 in
1430 2467 1631 2513 trrram

111 2568 276 2622 Laboris
292 2568 352 2621 ad
367 2566 424 2620 ὃ.
451 2562 619 2618 Salva
629 2562 763 2615 toris
775 2555 1183 2619 monasterium,
1198 2569 1229 2607 a
1249 2550 1400 2620 cujus
1416 2550 1632 2614 abbate,

110 2675 177 2713 suo
225 2658 336 2715 olim
381 2654 658 2727 discipulo
685 2692 701 2720 ,
750 2651 1083 2707 amicissime
1118 2646 1379 2702 invitatus
1432 2641 1639 2705 fuerat,

113 2752 354 2815 divertisse,
383 2764 447 2804 ac
474 2746 701 2803 tandem
736 2745 801 2798 ad
833 2741 1122 2812 Rogerium
1170 2740 1382 2798 ducem,
1410 2734 1501 2804 qui
1530 2732 1634 2788 Ca-

110 2861 223 2912 puam
238 2845 526 2908 obsidebat,
552 2842 755 2911 quique
770 2838 1073 2905 eum,utad
1100 2850 1159 2892 se
1188 2835 1418 2896 veniret,
1452 2829 1633 2901 rogari

111 2936 299 3003 iusserat,
316 2936 618 2991 accessisse
630 2932 1015 3001 aliquantoque
1030 2925 1289 2996 temporis
1306 2922 1478 2994 spatio
1493 2919 1633 2991 apud

111 3043 194 3079 runt
212 3027 475 3089 mansisse,
502 3023 785 3078 memoriae
812 3021 1009 3092 prodit.
1033 3016 1455 3077 Jamvero,cum
1482 3010 1531 3063 id
1560 3010 1631 3063 ita

1724 567 1888 623 supra
1915 551 2097 617 docui,
2126 558 2181 606 et
2210 566 2479 623 anonymo
2509 538 2817 606 Cassinensi
2869 548 3153 620 assignati)
3200 563 3312 603 non

1723 643 1793 699 ab
1822 658 2048 698 accessu
2082 642 2317 705 comitis,
2357 642 2450 697 sed
2500 640 2566 695 ab
2597 640 2704 705 die,
2758 654 2863 710 qua
2910 639 3182 710 principes
3219 639 3325 693 Βία.

1727 737 1965 792 chardus
1994 736 2059 799 ll,
2088 735 2180 805 qui
2215 735 2473 789 Aversam
2503 733 2807 802 proximam
2836 732 3026 786 urbem
3077 734 3314 785 retinue-

1726 837 1831 896 rat,
1867 827 2106 897 Capuam
2128 825 2276 881 solus
2328 822 2865 885 circumvallaverat;
2899 835 3024 875 nam
3070 819 3329 889 alioquin~

1724 927 1998 987 receptam
2026 931 2148 972 eam
2196 914 2382 980 fuisse,
2432 913 2720 968 dicendum
2750 919 2855 976 est,
2888 924 3075 965 mense
3122 908 3267 963 Junii
3293 903 3337 1014 ;;

1725 1009 1869 1079 quod
1899 1007 2146 1077 equidem
2169 1022 2278 1062 non
2319 1006 2701 1085 recqsaverim,
2732 1004 2777 1059 si
2826 1004 2880 1059 in
2905 1003 3055 1073 Lupo
3109 1002 3328 1057 mensis.

1730 1101 1909 1156 Martii
1939 1100 2155 1156 restitui
2186 1097 2571 1163 debeatJunii,
2608 1114 2713 1152 non
2744 1097 2892 1151 Maii.
2924 1097 3119 1152 Verum
3145 1095 3328 1148 enim».

1726 1207 1861 1248 vero
1899 1205 2141 1250 mensem
2181 1189 2435 1248 Martium
2463 1204 2561 1259 pro
2588 1188 2899 1258 Maiosaspe.
2924 1188 3065 1242 alias
3116 1200 3320 1254 suppos

1728 1286 1925 1350 situm,
1958 1282 2305 1338 manifestum
2336 1289 2439 1347 est,
2471 1280 2632 1349 idque
2653 1294 2718 1335 ex
2752 1293 2815 1333 ea
2838 1281 2982 1335 forte
3026 1278 3331 1334 occasiones

1728 1388 1938 1442 natum,
1967 1380 2110 1445 quod
2133 1375 2352 1427 nomina
2383 1373 2625 1444 propria,
2656 1386 2778 1426 cum
2804 1371 2904 1425 sub
2952 1368 3320 1424 Norlmanuo-

1731 1485 1851 1524 rum
1880 1478 2051 1524 aetate.
2071 1468 2394 1539 capitalibus
2441 1466 2817 1522 tantummodo
2864 1464 3061 1519 litteris
3089 1462 3338 1531 depictis.

1731 1560 2272 1631 compendiarentur,
2304 1558 2531 1614 Martius
2581 1558 2802 1623 mensis,
2855 1557 2937 1611 sic
2986 1555 3343 1624 cht-riptusp

1732 1670 1831 1724 pro
1855 1653 1993 1709 Maio
2023 1669 2053 1707 a
2083 1652 2480 1707 recentioribus
2516 1651 2754 1705 librariis
2803 1661 3178 1717 sarpenumero
3226 1658 3315 1699 esr

1733 1754 2007 1816 acceptus.
2042 1743 2195 1800 Sicut
2243 1744 2293 1798 in
2319 1742 2646 1798 Kalendario
2671 1741 2876 1804 antiqui
2904 1738 3067 1792 etiam
3099 1735 3330 1790 Breviaa

1738 1838 1801 1892 rii
1838 1836 2123 1906 Campani,
2157 1834 2209 1888 in
2248 1850 2353 1903 quo
2407 1833 2602 1888 festum
2632 1833 2688 1886 S.
2721 1831 3054 1885 Potentiana:
3083 1827 3315 1898 virginis

1735 1944 2018 2000 perperam
2051 1936 2272 1985 notatur
2292 1927 2358 1983 ad
2387 1927 2528 1982 diem
2581 1926 2653 1980 l9
2691 1923 2890 1987 Martii,
2923 1921 3065 1991 quod
3120 1920 3337 1977 colitut‘s

1737 2021 1803 2076 19
1831 2020 1973 2075 Maii.
2012 2039 2030 2072 ι
2512 2026 2515 2029 ‘

1808 2109 1935 2166 660.
1962 2109 2040 2165 Ita
2066 2109 2174 2175 ille,
2211 2108 2458 2165 nonnihil
2486 2106 2727 2177 quidem,
2753 2113 2811 2161 ut
2850 2105 2961 2172 jam
2990 2102 3195 2168 monui,
3244 2114 3331 2155 an.

1737 2218 1835 2273 pro
1866 2215 2052 2257 mense
2082 2200 2295 2265 Martio,
2322 2215 2430 2270 quo
2454 2201 2504 2253 in
2528 2199 2662 2268 Lupi
2689 2199 3022 2267 Protospatre
3049 2194 3329 2250 Chronico

1735 2296 1917 2363 Capua
1947 2300 2101 2363 capta
2132 2302 2409 2357 narratur,
2445 2290 2787 2363 reponendus
2818 2290 2887 2344 sit
2907 2287 3094 2351 Maius,
3117 2286 3326 2340 subdas.

1735 2389 1915 2443 bitans
1938 2429 1953 2453 ,
1985 2386 2255 2457 simulque
2286 2394 2466 2439 tamen
2516 2385 2568 2438 in
2592 2382 2905 2451 opinionem
2936 2420 2949 2443 ,
2982 2393 3101 2448 quae
3127 2376 3324 2431 Maitfo

1734 2480 1932 2535 Maium
1960 2479 2213 2536 substitui
2266 2477 2489 2533 omnino
2555 2474 2686 2539 vult,
2740 2474 2910 2542 magis
2950 2471 3322 2542 propendens.

1738 2574 1999 2643 hincque,
2033 2580 2092 2626 ut
2154 2585 2274 2626 eam
2327 2576 2566 2632 tueatur,
2608 2567 2798 2621 urbem
2850 2566 3188 2634 Capuanam,
3228 2561 3321 2617 cui

1734 2666 2043 2720 obsidenda:
2084 2662 2388 2719 exercitum
2444 2675 2602 2715 suum
2664 2667 2812 2714 certe
2867 2666 2994 2712 ante
3049 2655 3339 2710 decimam.

1736 2771 1943 2813 sextam
1970 2758 2092 2812 Maii
2121 2756 2288 2815 diem.
2327 2753 2402 2809 uti
2433 2770 2497 2809 ex
2531 2767 2691 2823 supra
2718 2750 2879 2805 dictis
2910 2748 3067 2803 facile
3093 2755 3178 2801 est
3199 2745 3319 2799 col-

1734 2851 1923 2921 ligere,
1963 2849 2229 2919 Rogerius
2256 2859 2439 2900 comes
2475 2860 2579 2898 non
2631 2840 2915 2904 admovit,
2971 2853 2999 2890 a
3044 2834 3324 2889 Richardo

1736 2944 1979 3013 principe
2027 2941 2301 2994 Aversano
2332 2935 2796 2992 circumvallatam
2820 2931 3007 2995 fuisse,
3042 2937 3093 2982 et
3128 2942 3157 2982 a
3183 2936 3318 2979 tem-

1734 3048 1883 3100 pore,
1915 3045 2022 3100 quo
2050 3028 2152 3083 hoc
2182 3026 2381 3082 factum
2402 3036 2503 3089 est,
2531 3040 2635 3078 non
2670 3032 2849 3077 autem
2882 3020 2951 3074 ab
2999 3034 3081 3079 eo,
3114 3032 3221 3086 quo
3251 3015 3325 3067 ad

112 3120 172 3181 sit,
197 3134 293 3185 nec,
323 3120 364 3175 si
386 3134 530 3173 anno
574 3116 711 3171 i098
732 3115 844 3183 jam
874 3112 998 3168 inde
1024 3126 1053 3164 a
1082 3108 1273 3163 Martio
1301 3106 1625 3160 deditionem

1742 3130 1916 3177 castra
1943 3135 2064 3175 cum
2117 3116 2361 3173 exercitu
2410 3132 2508 3169 suo
2550 3114 2811 3184 Rogcrius
2854 3124 3035 3166 comes
3082 3108 3323 3177 primum

111 3210 243 3277 Capua
261 3209 494 3278 iecisset,
519 3207 585 3262 S.
616 3204 925 3264 Auselmus,
971 3195 1418 3256 Canthuariensis
1460 3192 1634 3253 archi-

112 3302 357 3368 episcopus,
384 3301 478 3371 qui
507 3315 582 3355 ex
610 3297 725 3367 jam
757 3294 919 3354 dictis
944 3290 1211 3347 obsidioni
1240 3287 1509 3357 Capuamc
1534 3282 1633 3336 ali-

114 3391 291 3456 quandiu
328 3388 605 3451 interfuit,
638 3384 786 3440 nullo
824 3381 983 3437 modo
1018 3378 1092 3446 ei,
1132 3377 1207 3433 uti
1239 3392 1304 3431 ex
1351 3372 1629 3437 omnibus,

113 3480 295 3537 cSancti
320 3479 475 3549 hujus
502 3478 775 3534 antistitis
806 3476 912 3530 vita
971 3471 1131 3527 modo
1180 3467 1445 3528 adductis,
1492 3464 1636 3535 quis-

115 3588 185 3638 que
220 3573 354 3628 facile
391 3571 682 3641 intelliget,
737 3568 1002 3622 interesse
1054 3560 1336 3632 potuisset,
1399 3557 1459 3610 lit
1503 3568 1638 3610 sane

114 3681 159 3718 et
176 3666 282 3727 hac,
310 3665 491 3721 comiti
537 3661 775 3731 Bogerio
829 3672 972 3713 anno
1020 3653 1158 3711 1098
1208 3663 1396 3706 mense
1445 3645 1638 3701 Martio

116 3757 293 3824 Capuam
316 3772 431 3813 sese
486 3770 600 3811 non
641 3751 957 3815 dedidisse,
1005 3744 1225 3802 omnino
1271 3737 1639 3811 perspicuum.

117 3843 194 3901 Nec
212 3848 367 3902 minus
418 3846 474 3902 id
532 3859 603 3899 ex
656 3841 944 3897 blalaterra
989 3833 1337 3893 manifestum
1387 3828 1638 3886 eﬂicitur.

118 3939 213 3991 Cum
228 3942 374 4005 enim,
396 3939 472 3993 uti
503 3952 574 3993 ex
594 3936 710 4005 jam
731 3934 887 3989 dictis
940 3930 1177 4000 scriptor
1229 3926 1319 3981 bic
1366 3921 1641 3979 memoria:

119 4031 247 4095 prodit
290 4031 551 4102 Rugerius
574 4042 756 4083 cernes
780 4040 886 4081 nou
918 4022 1092 4093 prius,
1122 4032 1284 4090 quam
1314 4030 1440 4070 cum
1493 4012 1639 4067 Pen.

120 4129 327 4187 tecosten,
363 4138 484 4185 qua:
514 4132 661 4173 anno
704 4115 916 4172 1098in
941 4120 1152 4168 sextam
1198 4106 1467 4164 decimam
1514 4101 1642 4157 Maii

120 4208 222 4265 diem
245 4212 418 4267 incidit
450 4252 466 4277 ,
499 4224 671 4282 prope
714 4207 911 4261 lluinen
960 4202 1223 4259 Sabatum
1284 4195 1644 4261 celebrasset,

119 4298 263 4371 Capuae
292 4302 598 4360 obsidenda:
654 4299 838 4370 copias
885 4292 1208 4359 admoverit,
1257 4290 1309 4345 ei
1362 4288 1644 4343 enimvero

120 4392 335 4450 civitatem
359 4395 496 4452 hanc
522 4392 635 4463 jam
663 4392 787 4448 inde
832 4390 901 4445 ab
940 4387 1066 4443 anni
1091 4385 1233 4441 illius
1262 4396 1446 4438 mense
1496 4378 1645 4433 Mare

1737 3211 1985 3273 accessit,
2018 3209 2375 3279 quadraginta
2400 3208 2534 3270 dies,
2565 3207 2759 3277 quibus
2779 3221 2844 3259 ex
2897 3200 3181 3256 ltomualdi
3215 3197 3321 3252 Sa.

1737 3303 1987 3360 lernitani
2018 3312 2073 3356 et
2118 3297 2758 3371 anonymiCassineusis,
2806 3296 3129 3364 scriptorum
3156 3303 3325 3359 supra

1739 3396 2080 3451 laudatorum
2110 3435 2123 3460 ,
2183 3391 2518 3456 testimonio,
2570 3389 2780 3445 obsidio
2828 3386 3083 3455 Capuana
3124 3383 3325 3447 tenuit,

1739 3484 2105 3541 numerandos
2126 3498 2271 3548 esse,
2303 3480 2696 3552 pronuntians.
2727 3478 2923 3533 Verum
2950 3474 3188 3545 Capuam
3222 3487 3324 3526 nco

1739 3587 1864 3633 ante
1885 3577 2101 3633 comitis
2128 3575 2347 3647 Rogerii
2371 3574 2658 3628 adventum
2685 3568 3170 3631 circumvallatam,
3196 3580 3322 3630 nec,

1741 3675 1988 3727 currente
2011 3666 2186 3721 adimo
2210 3680 2395 3720 mense
2426 3662 2583 3727 Maio,
2617 3675 2723 3731 quo
2750 3660 2815 3714 ad
2847 3674 2967 3714 eam
2992 3658 3245 3728 princeps
3266 3655 3317 3709 is

1743 3768 1917 3816 castra
1939 3756 2133 3828 posuit,
2158 3755 2433 3811 subactam
2460 3752 2644 3817 l‘uissc,
2677 3766 2743 3806 ex
2773 3750 2858 3813 iis,
2890 3764 3010 3819 qum
3027 3747 3323 3801 Malatcrra

1743 3850 1992 3906 llistorite
2020 3848 2218 3904 Sicula:
2246 3846 2337 3901 lib.
2367 3861 2442 3909 tv,
2465 3859 2583 3915 cap.
2630 3843 2701 3897 26
2731 3852 2786 3896 et
2822 3841 2963 3896 binis
3004 3853 3157 3908 seqq.
3212 3852 3349 3901 mea.

1744 3943 1929 3998 moriar
1951 3940 2148 4012 prodit,
2179 3937 2611 3994 concludendum
2638 3942 2880 4005 apparet.
2909 3932 3117 3987 Etenim
3148 3929 3323 3998 Roge-

1743 4035 1858 4090 rius
1884 4047 2087 4099 comes,
2119 4031 2194 4086 uti
2219 4029 2432 4085 ubideni
2467 4029 2511 4082 is
2542 4024 2775 4097 scriptor
2802 4033 3011 4088 narrat,
3047 4037 3170 4076 cum
3202 4036 3337 4073 καίει-κ

1744 4142 1838 4184 sus
1858 4125 2106 4197 Apuliam
2130 4139 2162 4180 e
2194 4121 2444 4179 Calabria
2470 4120 2769 4175 exercitum
2795 4117 3043 4179 duceret,
3098 4113 3325 4169 obvium

1744 4219 1847 4276 sibi
1876 4217 2013 4289 apud
2051 4215 2266 4277 Liscum
2293 4213 2480 4268 habuit
2506 4213 2697 4267 ducem
2726 4208 3020 4278 Rogerium
3048 4247 3063 4266 .
3118 4211 3324 4258 tracta-a

1749 4319 1916 4382 tuque
1943 4321 2066 4364 sese
2095 4308 2239 4361 inter
2263 4304 2449 4360 habito
2480 4342 2496 4368 ,
2556 4302 2646 4356 hic
2683 4300 2901 4368 quidem
2944 4294 3191 4357 Melfam,
3240 4291 3330 4345 illo

1746 4416 1877 4458 vero
1906 4400 2271 4455 Beneventum
2304 4410 2494 4451 versus
2506 4393 2672 4448 movit
2693 4389 3027 4453 exercitum;
3058 4395 3117 4440 ut
3138 4385 3337 4455 pruina

121 4485 174 4539 lio
208 4489 417 4546 deditam
466 4503 579 4544 non
629 4484 819 4552 fuisse,
857 4498 891 4539 e
925 4479 1214 4537 Malaterra
1272 4474 1636 4535 indubitatum

1748 4491 1838 4556 de,
1867 4484 2317 4560 properautejam
2350 4484 2419 4538 ad
2446 4483 2685 4550 Capuam
2735 4478 3086 4535 obsidendam
3129 4476 3337 4531 comite

123 4588 193 4631 εει.

171 4670 268 4727 659.
295 4674 407 4740 Ast,
434 4672 674 4744 inquies,
722 4670 846 4741 quis
884 4681 1016 4737 ergo
1061 4679 1163 4737 pro
1214 4660 1429 4725 Martio,
1482 4672 1644 4729 quem

125 4760 231 4816 tubis
251 4762 513 4835 Capuauae
540 4762 800 4819 deditioni
826 4760 1009 4831 Lupus
1037 4756 1358 4825 Protospata
1382 4751 1647 4820 assignat,

128 4852 277 4905 mensis
299 4853 699 4909 substituendus
726 4853 750 4905 ?
778 4850 978 4921 Pagius
1007 4848 1061 4902 in
1099 4844 1317 4900 Criticis
1348 4843 1413 4897 ad
1440 4854 1642 4900 annum

131 4938 609 5006 i098,ﬂenschenius
630 4944 684 4997 in
699 4944 811 4997 suis
825 4942 876 4995 in
897 4938 1142 4994 Eadmeri
1159 4936 1427 4990 Novorum
1442 4930 1647 5003 Anglia!

131 5026 274 5086 librum
293 5050 351 5099 ιι,
371 5051 492 5105 cap.
513 5036 548 5088 2
578 5032 1040 5097 annotationibus,
1072 5028 1274 5097 aliique
1314 5023 1512 5080 eruditi
1547 5038 1647 5092 pro

131 5118 230 5178 llaio
249 5129 611 5194 pronuntiant;
658 5124 982 5194 Peregrinus
1032 5135 1159 5175 vero
1198 5120 1252 5175 in
1281 5117 1394 5173 suis
1438 5116 1494 5174 in
1542 5113 1648 5168 Lu-

133 5225 220 5277 pum
242 5215 600 5288 Protospatam
628 5215 1107 5278 annotationibus,
1143 5225 1210 5264 an
1263 5208 1454 5265 Junius
1480 5206 1646 5263 etiam

134 5300 274 5362 inrtio
296 5310 347 5364 in
400 5311 729 5377 Protospataa
773 5308 839 5361 de
884 5305 1080 5375 Capua:
1132 5301 1413 5358 deditione
1472 5307 1644 5363 textu,

135 5410 253 5466 supra
276 5401 372 5456 bue
394 5402 714 5469 transcripto
745 5438 761 5464 ,
814 5413 920 5456 non
951 5395 1122 5466 possit
1163 5391 1414 5450 substitui
1448 5430 1465 5457 ,
1519 5389 1646 5445 sub-

136 5484 312 5543 dubitat.
333 5489 408 5543 Ita
438 5490 581 5545 enim
613 5490 809 5544 ibidem
830 5487 1018 5545 scribit
1049 5503 1060 5538 :
1097 5502 1115 5535 t
1146 5483 1536 5552 Capuaitaque
1562 5496 1649 5536 re-

136 5588 334 5645 mperata
356 5590 457 5645 est,
484 5590 540 5636 ut
559 5580 743 5647 citius,
777 5589 1027 5635 extremo,
1049 5591 1233 5631 mense
1270 5574 1429 5637 Maio,
1486 5581 1649 5643 atque

141 5666 365 5733 “timente
386 5682 588 5741 testate,
646 5672 963 5733 numerandi
998 5686 1119 5733 cum
1170 5668 1453 5729 videantur
1511 5680 1647 5742 qua-

1751 4580 2004 4652 Rogerio,
2042 4577 2108 4632 ad
2138 4578 2222 4633 civ
2250 4583 2412 4630 tatem
2452 4575 2594 4629 hanc
2620 4572 2856 4627 nondum
2909 4576 3331 4625 castrametare.

1750 4681 1838 4728 tur
1866 4667 2254 4740 ducisRogerii
2279 4665 2572 4729 exercitus,
2616 4676 2724 4734 quo
2752 4676 2875 4717 eam
2930 4660 3185 4731 princeps
3236 4657 3334 4713 Βίης

1749 4764 1999 4826 chardus,
2053 4760 2301 4832 proprias
2347 4773 2414 4814 ex
2438 4754 2709 4822 dicendis,
2763 4753 2958 4825 quibus
2979 4752 3032 4808 id
3088 4752 3324 4810 fecisset.

1749 4854 1932 4924 copias
1955 4850 2280 4908 suiﬁcientes
2303 4847 2447 4903 haud
2478 4847 2700 4910 habens,
2733 4843 3191 4901 circumvallatam
3210 4841 3333 4911 jam

1752 4953 1863 5001 tum
1894 4951 2078 4999 tenere
2102 4940 2360 5011 potuerit.
2392 4937 2561 4995 Porro
2595 4951 2778 4993 comes
2826 4934 3118 5006 Rogerius,
3148 4932 3325 4987 Bene-

1749 5046 1931 5095 vento.
1953 5050 2078 5091 cum
2118 5034 2395 5103 aliquanto
2441 5030 2698 5099 temporis
2754 5030 2932 5100 spatio
2978 5042 3144 5097 prope
3187 5027 3331 5079 hanc

1749 5127 1940 5183 urbem
1967 5124 2246 5181 refecisset
2274 5123 2590 5185 exercitum,
2649 5135 2896 5181 movens,
2948 5119 3013 5172 ad
3065 5118 3328 5171 Sabatum

1750 5222 1971 5278 ﬂuvium
2000 5228 2413 5277 castramotatus
2437 5227 2521 5272 est
2545 5258 2559 5282 ,
2597 5230 2827 5286 cumque
2858 5214 2929 5268 ibi
2980 5213 3331 5267 l‘entccostes

1750 5315 1947 5372 festum
1972 5355 1986 5381 ,
2012 5329 2155 5369 anno
2183 5313 2274 5367 illo
2297 5352 2312 5378 ,
2344 5312 2433 5382 qui
2458 5309 2559 5365 fuit
2592 5324 2654 5363 ex
2686 5323 2848 5379 supra
2879 5308 3037 5361 dictis
3067 5322 3094 5358 a
3121 5303 3334 5358 Christi

1750 5406 2221 5472 NativitatelO98,
2247 5406 2297 5460 in
2318 5413 2527 5460 sextam
2559 5403 2827 5459 decimam
2859 5399 2981 5455 Maii
3011 5400 3153 5453 diem
3178 5398 3315 5451 inciq

1750 5499 1882 5557 dens
1909 5498 2259 5563 celebrasset,
2287 5511 2388 5550 nec
2412 5495 2499 5550 diu
2532 5502 2675 5564 post,
2706 5501 2765 5548 ut
2795 5498 3039 5563 apparet,
3065 5504 3095 5545 e
3126 5488 3320 5559 legatis

1751 5607 1886 5663 quos
1928 5590 1993 5646 ad
2016 5591 2299 5661 Capuanos
2329 5587 2587 5650 miserat,
2637 5584 2785 5639 nullo
2835 5583 2996 5637 modo
3039 5583 3201 5637 hosce
3246 5580 3329 5640 vel

1752 5683 1899 5749 pacis
1926 5680 2151 5738 consilia
2184 5677 2490 5743 admittere,
2523 5677 2611 5736 vel
2637 5686 2759 5731 cum
2790 5673 3037 5747 principe
3059 5671 3329 5729 Ricbarde
