3846 6316
468 289 573 346 407

1278 292 1335 351 S.
1375 296 1721 354 BRUNONIS
1753 292 2917 371 CARTHUSIANORUMJNSTITUTORIS

3625 302 3731 358 ωε

469 402 522 465 in
555 398 784 470 gratiam
806 403 944 460 velle
973 403 1172 472 redire,
1202 408 1558 465 tnlellexisset
1586 450 1601 475 ,
1624 426 1748 466 cum
1802 411 2044 465 exercitu
2069 416 2120 476 Α
2147 410 2267 467 aliis
2336 426 2502 481 supra
2542 411 2650 466 huc
2690 407 3032 478 transcriptis
3088 408 3254 466 etiam
3301 398 3549 471 vocetur.
3605 411 3729 479 1am

475 497 693 552 tandem
718 497 960 571 Capuam
979 499 1300 558 obsessurus
1330 502 1616 575 Capuanos
1659 504 1794 559 lines
1839 512 1923 559 est
1952 505 2038 559 in-

470 600 708 657 gressus.

540 677 665 733 661.
698 680 839 736 Audi
870 682 1052 749 modo,
1105 699 1226 755 quae
1273 694 1536 754 praeterea
1587 688 1695 742 huc
1740 687 2043 756 spectantia

468 783 590 839 cap.
618 770 688 824 26
709 770 995 851 Malate‘rra
1019 777 1345 845 suppeditet.
1384 795 1402 829 ι
1436 778 1525 844 Αι,
1548 778 1722 848 inquit
1745 778 1811 832 de
1842 779 2045 835 comite

466 858 724 931 Rogerio,
772 864 862 919 ubi
894 864 1084 936 legatis
1113 868 1562 938 regredientibus,
1591 886 1685 926 eos
1716 872 2043 944 (Capuanos)

468 952 547 1010 nil
572 954 771 1018 muliri,
793 955 890 1010 sed
911 971 1136 1025 prorsus
1167 959 1221 1011 in
1264 959 1467 1029 malitia
1500 976 1596 1016 sua
1653 964 1885 1032 superbe
1919 978 2045 1033 per-

468 1042 667 1097 sistere
714 1045 881 1111 audit,
934 1047 1059 1102 inde
1104 1049 1159 1119 (a
1215 1047 1377 1106 ﬂuvio
1426 1051 1648 1123 Sabato)
1700 1068 2047 1110 commovens

471 1132 755 1202 Capuanos
782 1136 916 1191 ﬁnes
953 1138 1217 1207 pervadit,
1269 1156 1377 1210 quo
1438 1142 1671 1201 diluculo
1716 1154 1839 1205 eum
1900 1146 2045 1201 mille

470 1224 699 1283 annalis
728 1226 1023 1282 exercitum
1054 1230 1364 1297 praecedens
1395 1233 1461 1286 ad
1492 1234 1679 1289 urbem
1706 1235 2042 1305 (Capuanam

471 1314 688 1384 nempe)
711 1317 932 1377 accedit.
966 1327 1241 1375 extractos
1289 1323 1549 1391 plurimos
1596 1326 1905 1382 militariter
1955 1331 2046 1383 de-

466 1400 644 1469 iectos
670 1406 924 1461 damnose
950 1406 1265 1476 ludiﬁcavit,
1292 1412 1600 1483 multosque
1620 1416 1853 1485 amplius
1881 1417 2049 1473 laesis-

473 1504 595 1559 set,
625 1496 680 1551 ni
722 1498 918 1567 pulvis,
974 1515 1236 1569 equorum
1278 1506 1505 1574 pedibus
1571 1509 1879 1575 excitatus,
1932 1519 1989 1567 et
2017 1528 2049 1566 a

423 1588 439 1601 ‘
475 1596 640 1642 vento
670 1591 1095 1649 condensissime
1121 1596 1377 1665 agitatus,
1408 1599 1829 1657 intercessisset.
1859 1603 1950 1661 Sic
1981 1604 2048 1658 ad

475 1686 653 1731 castra
684 1693 780 1733 sua
803 1694 1054 1737 reversus
1082 1683 1135 1737 in
1173 1687 1469 1742 crastinum
1499 1706 1620 1745 cum
1663 1700 1775 1749 toto
1804 1696 2047 1750 exercitu

2143 516 2295 569 vero,
2320 518 2444 557 cum
2474 502 2706 574 principi
2733 501 3004 557 Richardo
3032 516 3227 570 parum
3286 504 3600 571 admodum,
3648 509 3737 563 uti

2143 607 2210 647 ex
2235 591 2352 662 jam
2373 592 2533 647 dictis
2560 592 2811 656 videtur,
2868 604 2899 644 a
2926 591 3097 661 copiis
3138 590 3301 647 fuerit
3357 605 3733 664 prospectum,

2143 682 2381 753 Capuam
2412 694 2539 738 ante
2562 683 2777 738 comitis
2804 682 3021 755 Rogerii
3050 682 3117 737 ad
3151 697 3271 737 eam
3312 683 3606 737 adventum
3634 687 3737 742 abs

2146 776 2237 831 illo
2269 818 2284 844 ,
2313 776 2400 831 cui
2439 788 2611 846 neque
2661 782 2773 829 tum
2811 789 2881 830 ex
2928 773 3089 828 dictis
3122 772 3277 827 ducis
3307 773 3525 843 Bogerii
3575 791 3739 832 exer-

2146 868 2284 923 citus
2310 868 2522 933 aderat,
2545 866 3036 933 circumvallatam,
3072 866 3261 932 fuisse,
3298 880 3491 939 parum
3512 869 3731 924 verosi-

2145 957 2274 1012 mile
2299 966 2545 1028 apparet.

2180 1076 2185 1083 τ
2216 1046 2339 1102 663.
2371 1046 2505 1103 Hinc
2541 1062 2706 1117 porro
2730 1047 2847 1123 jam
2867 1045 3238 1116 consequitur,
3257 1053 3317 1101 ut
3341 1047 3738 1104 verosimiliter

2157 1140 2414 1211 Capuana
2446 1141 2656 1207 obsidio
2682 1148 2810 1195 tunc
2837 1139 3093 1208 primum,
3122 1152 3247 1193 cum
3279 1138 3397 1193 urbi
3430 1139 3558 1199 huic
3583 1154 3745 1195 exer-

2148 1232 2318 1287 citum
2353 1245 2539 1285 eomes
2566 1229 2831 1298 Roget-ius
2863 1227 3215 1293 admovisset,
3258 1227 3474 1282 initium
3513 1244 3747 1299 accepe-

2151 1321 2243 1383 rit,
2274 1338 2336 1376 ac
2365 1321 2523 1390 proin
2551 1329 2608 1375 ut
2636 1334 2824 1376 mense
2851 1319 3010 1384 Maio,
3034 1333 3161 1374 cum
3198 1318 3281 1375 sic
3322 1334 3389 1374 ex
3419 1320 3584 1375 dictis
3614 1331 3749 1375 ante

2150 1421 2363 1469 sextam
2394 1411 2657 1469 decimam
2690 1410 2893 1466 mensis
2930 1408 3092 1480 hujus
3119 1408 3261 1465 diem
3316 1409 3577 1466 inchoata
3632 1426 3747 1467 non

2154 1500 2366 1565 fuerit,
2421 1502 2646 1570 diesque
2686 1500 3048 1570 quadraginta
3101 1500 3364 1565 tenuerit,
3412 1500 3482 1555 ad
3528 1501 3747 1557 exitum

2152 1590 2381 1644 adducta
2406 1603 2512 1643 non
2539 1587 2722 1643 fuerit.
2775 1588 2999 1655 Verum,
3026 1590 3218 1645 demus
3243 1590 3409 1646 etiam
3449 1591 3745 1661 tantisper,

2152 1696 2183 1734 a
2210 1680 2455 1750 principe
2480 1680 2755 1736 Richardo
2803 1679 3042 1751 Capuam
3071 1688 3198 1736 ante
3245 1683 3465 1738 comitis
3512 1682 3749 1753 Rogerii

474 1765 593 1827 urbi
626 1783 689 1823 se
712 1770 1026 1833 viciniorem
1051 1772 1335 1829 conferens
1361 1792 1391 1831 a
1420 1777 1717 1839 Meridiana
1773 1783 1927 1854 plaga
1953 1784 2051 1838 ob.
2082 1765 2125 1825 Β
2151 1773 2215 1826 ad
2244 1788 2367 1827 eum
2397 1788 2520 1828 cum
2543 1773 2785 1829 exercitu
2815 1786 2916 1827 suo
2945 1787 3228 1829 accessum
3253 1774 3735 1833 circumvallatam

472 1856 683 1913 sidione
713 1859 961 1916 vallando
985 1879 1014 1917 a
1046 1864 1158 1933 ripa
1208 1864 1466 1921 Orientali
1492 1885 1661 1941 usque
1689 1873 1753 1927 ad
1789 1873 2053 1930 Occiden-

471 1949 634 2004 talem
664 1951 852 2020 cingit.
888 1972 909 2009 t
944 1955 1075 2009 Cum
1100 1972 1226 2026 ergo
1255 1961 1489 2029 Capuani
1521 2003 1536 2024 ,
1575 1964 1649 2017 uti
1678 1979 1744 2018 ex
1770 1968 1854 2021 his
1884 1968 2053 2023 Mala-

475 2048 636 2094 terrae
656 2042 836 2101 verbis
864 2044 1198 2129 intelligitur,
1234 2049 1287 2102 in
1314 2052 1568 2106 comitem
1618 2054 1930 2125 Rogerium,
1959 2060 2050 2129 qui

476 2140 543 2185 ad
571 2147 758 2191 eorum
788 2135 976 2195 urbem
1009 2177 1024 2202 ,
1058 2146 1347 2208 antequam
1375 2145 1672 2198 exercitum
1700 2162 1857 2202 suum
1887 2151 1935 2204 ei
1959 2152 2055 2206 ad-

475 2223 754 2289 movisset,
780 2226 928 2280 mille
957 2227 1219 2283 duntaxat
1264 2233 1520 2288 militibus
1564 2236 1796 2306 stipatus
1868 2255 2056 2297 acces~

480 2322 673 2377 cerat,
729 2326 997 2375 armatam
1034 2319 1264 2375 militum
1323 2338 1540 2379 manum
1587 2328 1889 2397 emiserint,
1944 2331 2056 2386 cir-

483 2406 856 2473 cntnrallatam
895 2410 1131 2480 Capuam
1172 2423 1282 2467 tum
1315 2415 1547 2469 nondum
1586 2416 1776 2486 fuisse,
1809 2431 2053 2490 apparet.

480 2497 563 2550 Ad
587 2498 701 2553 haec
733 2514 854 2565 eum
884 2501 1171 2562 Malaterra
1195 2505 1442 2561 comitem
1476 2507 1788 2577 Rogerium,
1814 2513 2057 2568 exercitu

482 2605 582 2653 suo
600 2589 925 2662 Capuaejam
949 2596 1186 2665 admoto,
1238 2598 1307 2653 ab
1340 2599 1588 2655 orientali
1629 2603 1771 2657 hanc
1801 2598 2057 2659 occiden—

480 2679 853 2754 taliquefplaga
876 2685 1132 2751 cinxisse,
1147 2688 1328 2743 verbis
1349 2690 1592 2758 proxime
1606 2693 1843 2747 recitatis
1859 2697 2055 2761 tradat,

481 2773 676 2843 hisque
723 2780 1023 2853 sequentia,
1061 2798 1080 2831 ι
1139 2780 1256 2836 Dux
1307 2791 1485 2837 autem
1535 2792 1592 2839 et
1639 2786 1891 2857 princeps
1935 2804 2060 2845 cum

487 2880 587 2919 suo
613 2868 854 2922 exercitu
877 2870 944 2924 ab
970 2870 1271 2939 aquilonari
1325 2882 1481 2941 parte
1527 2874 1842 2933 obsidentes
1870 2878 2059 2934 urbem

486 2955 715 3010 temlunt
743 2961 1092 3029 przegravari,
1127 2981 1144 3012 ι
1181 2977 1303 3016 mox
1329 2963 1634 3036 subjungat,
1656 2966 1883 3022 innuere
1914 2969 2067 3024 videv

484 3055 570 3112 tur
597 3088 611 3113 ,
642 3047 879 3118 Capuam
907 3066 972 3106 eo
1003 3053 1119 3121 ipso
1143 3063 1402 3124 tempore,
1440 3071 1547 3126 quo
1580 3073 1697 3113 eam
1731 3074 1761 3112 a
1808 3059 2063 3114 meridio-

486 3137 596 3191 nali
631 3148 686 3192 et
712 3141 1031 3197 occidentali
1074 3144 1231 3215 plaga
1262 3160 1444 3203 comes
1487 3146 1752 3218 Bogerius
1806 3150 1996 3222 cinxit,
2030 3166 2062 3204 ει

485 3231 896 3297 septentrionali
931 3232 1086 3303 plaga
1132 3249 1230 3304 per
1275 3236 1465 3291 ducem
1490 3236 1781 3308 Rogerium
1830 3248 1884 3293 et
1909 3241 2064 3309 prin-

486 3319 662 3388 cipem
685 3321 1013 3377 Richardum
1044 3324 1433 3380 cireumdatam
1484 3328 1718 3394 primum
1752 3328 1956 3394 fuisse;
2002 3337 2064 3383 ut

487 3409 714 3493 proinde
750 3410 896 3464 illam
927 3412 1017 3466 hic
1074 3422 1201 3469 ante
1251 3413 1466 3470 comitis
1514 3414 1733 3487 Rogerii
1784 3430 2064 3473 accessum

490 3501 928 3563 circumvallasse
958 3505 1230 3572 putandus
1259 3521 1363 3561 non
1395 3506 1484 3561 sit.

510 3667 520 3681 ι
562 3591 684 3647 662.
717 3593 785 3648 Ει
810 3609 939 3649 vero
964 3596 1192 3667 principi
1221 3597 1511 3663 Richardo,
1544 3606 1602 3654 ut
1627 3599 1813 3655 idtum
1836 3599 2063 3667 faceret,

489 3684 657 3752 copia:
681 3684 1012 3749 sulIicientes
1038 3687 1202 3743 fuisse
1231 3703 1337 3744 non
1368 3689 1638 3745 videntur.
1696 3690 2065 3763 Praeterquam

487 3776 654 3841 enim,
686 3777 829 3846 quod
880 3778 1047 3837 solam
1104 3781 1393 3848 Aversam,
1461 3799 1800 3854 parvumque
1854 3786 2064 3847 civitati

486 3869 614 3927 huic
645 3870 982 3939 adjacentem
1025 3884 1290 3929 terrarum
1323 3883 1555 3930 tractum
1607 3876 1709 3932 sub
1734 3878 1938 3933 ditione
1968 3894 2066 3934 sua

487 3970 720 4029 teneret,
754 3961 1037 4023 Malaterra
1062 3966 1241 4022 verbis
1272 3966 1384 4037 jam
1421 3982 1567 4022 nunc
1609 3968 1853 4025 recitatis
1900 3970 2064 4025 etiam

484 4055 600 4129 haec
614 4055 859 4122 proxime
880 4056 1121 4127 adjungit
1146 4076 1157 4113 :
1184 4078 1201 4110 ι
1233 4059 1403 4120 Porro
1428 4075 1632 4128 comes,
1659 4063 1811 4133 cujus
1838 4063 2067 4119 consilio

482 4161 676 4203 omnes
709 4148 1053 4214 incedebant,
1075 4152 1203 4224 quia
1255 4152 1558 4220 sollicitior,
1580 4158 1717 4226 .quia
1744 4159 2067 4229 prudentior

483 4234 537 4305 in
577 4238 829 4295 omnibus
861 4242 1084 4311 agendis
1112 4244 1347 4311 vigilanti
1379 4261 1509 4300 cura
1537 4259 1677 4313 erat,
1742 4234 1956 4318 pontem
2002 4266 2066 4307 ex

484 4328 648 4395 lignis
677 4331 892 4402 erigens
939 4332 1015 4387 ita
1047 4342 1196 4396 trans
1224 4333 1420 4390 ﬂumen
1453 4337 1801 4406 (Vulturnum
1849 4342 2066 4413 nempe)

2152 1862 2344 1929 fuisse,
2376 1877 2477 1918 nec
2497 1863 2575 1918 sic
2610 1862 2886 1927 civitatem
2920 1862 3067 1917 illam
3099 1877 3286 1919 mense
3315 1862 3456 1927 Maio
3507 1865 3747 1918 deditio-

2154 1969 2277 2012 nem
2353 1951 2572 2017 fecisse,
2624 1952 2939 2008 verosimile
2985 1953 3200 2008 evadet.
3253 1953 3392 2008 Cum
3437 1954 3611 2018 enim,
3666 1955 3751 2007 uti

2154 2058 2222 2100 ex
2250 2059 2412 2114 supra
2442 2043 2602 2098 dictis
2640 2042 2830 2111 liquet,
2863 2057 3047 2098 comes
3070 2042 3337 2112 Rogerius
3384 2042 3452 2097 ad
3481 2042 3755 2105 Sabatnm

2153 2131 2375 2195 ﬂuvium
2397 2148 2426 2184 a
2457 2131 2761 2188 Benevento
2789 2132 2932 2186 haud
2962 2130 3169 2202 procul,
3205 2140 3358 2189 sexta
3383 2131 3592 2187 decima
3617 2131 3753 2187 Maii

2157 2224 2263 2290 die,
2300 2224 2353 2277 in
2383 2237 2546 2294 quam
2579 2236 2723 2276 anno
2750 2221 2885 2277 1098
2910 2221 3232 2279 Pentecoste
3288 2221 3581 2285 incidebat,
3617 2236 3751 2279 cum

2156 2316 2395 2372 exercitu
2427 2329 2525 2369 suo
2556 2313 2881 2378 substiterit,
2908 2313 3119 2382 hocque
3140 2314 3340 2368 festum
3372 2312 3575 2371 ibidem
3599 2313 3743 2368 cele-

2158 2407 2357 2472 brarit,
2389 2421 2486 2461 nec
2517 2407 2700 2460 statim
2732 2415 2854 2475 post
2879 2421 3003 2461 cum
3025 2405 3217 2461 eodem
3252 2403 3379 2459 inde
3401 2419 3647 2459 movisse
3669 2406 3747 2459 vi-

2160 2498 2351 2554 deatur
2373 2538 2387 2563 ,
2416 2497 2483 2552 ad
2526 2496 2764 2565 Capuam
2794 2510 2916 2550 eum
2948 2502 3074 2550 ante
3101 2494 3416 2562 \‘igesitnam
3437 2493 3563 2549 Maii
3590 2494 3747 2559 diem

2161 2602 2338 2646 castra
2384 2605 2490 2644 non
2545 2590 2825 2660 posuisse,
2876 2586 3345 2643 verosimillimum
3402 2598 3661 2657 apparet;
3695 2594 3759 2640 ut

2161 2683 2411 2751 proinde,
2453 2682 2495 2736 si
2526 2681 2654 2736 urbs
2713 2681 2850 2746 haec,
2886 2687 3144 2735 currente
3182 2679 3364 2733 adhuc
3401 2677 3566 2743 Maio,
3598 2678 3757 2733 dedi-

2164 2773 2361 2827 tionem
2389 2771 2600 2836 fecerit,
2633 2770 3034 2827 consectarium
3076 2769 3316 2824 futurum
3339 2769 3427 2831 sit,
3453 2778 3510 2823 ut
3545 2769 3753 2825 diebus

2163 2864 2425 2920 duntaxat
2485 2864 2674 2920 decem
2731 2862 2952 2919 circiter
2991 2862 3259 2933 obsidioni
3313 2861 3430 2932 ejus
3480 2860 3762 2917 interesse

2162 2971 2344 3016 eomes
2392 2957 2660 3026 Rogerius
2711 2956 2971 3026 potuerit.
3026 2956 3227 3013 Verum
3271 2955 3461 3011 diebus
3516 2956 3763 3025 amplius

2166 3050 2351 3105 decem
2376 3048 2582 3104 bellicae
2612 3050 2702 3105 isti
2728 3049 3060 3120 expeditioni
3123 3048 3423 3118 principem
3473 3048 3625 3101 illum
3660 3050 3767 3113 adq

2170 3143 2358 3211 fuisse,
2385 3158 2452 3198 ex
2493 3142 2579 3206 iis,
2623 3158 2742 3211 quae
2775 3151 2888 3197 tum
2930 3141 3215 3196 Malaterra
3266 3140 3517 3195 llistorize
3555 3139 3765 3194 Siculae

2166 3233 2260 3288 lib.
2294 3249 2369 3300 tv,
2394 3249 2515 3304 cap.
2552 3233 2623 3287 26
2648 3243 2703 3288 et
2750 3233 2893 3288 binis
2946 3248 3124 3303 seqq.,
3179 3242 3291 3286 tum
3339 3231 3646 3292 Eadmerus
3702 3233 3765 3295 in

2169 3325 2224 3378 S.
2258 3323 2499 3379 Anselmi
2536 3323 2945 3379 Cantuariensis
2989 3323 3385 3392 archiepiscopi
3437 3320 3581 3387 Vita,
3606 3323 3765 3391 apud

2166 3429 2265 3470 nos
2307 3423 2434 3469 tom.
2459 3414 2503 3469 ll
2532 3416 2732 3485 Aprilis
2761 3430 2883 3485 pag.
2916 3415 3044 3481 887,
3074 3430 3224 3469 num.
3255 3414 3326 3467 45
3364 3421 3413 3467 et
3448 3428 3600 3483 seq.,
3632 3430 3761 3468 mc-

2166 3505 2352 3559 morize
2378 3506 2629 3575 produnt,
2668 3506 3013 3560 manifestum
3070 3514 3313 3576 apparet.
3358 3504 3424 3569 Ut
3472 3521 3592 3574 qua:
3647 3506 3764 3562 huc

2169 3599 2468 3667 spectantia
2502 3597 2789 3669 Malaterra
2846 3598 2966 3661 loco
2994 3598 3089 3652 cit.
3131 3597 3474 3667 suppeditat,
3528 3612 3767 3663 remque

2168 3692 2369 3756 minus,
2401 3706 2561 3761 quam
2588 3707 2708 3761 quae
2729 3692 3027 3746 Eadmerus
3049 3692 3309 3761 suggerit,
3340 3690 3573 3745 dilucide
3601 3692 3768 3745 evin-

2168 3793 2320 3845 cunt,
2342 3782 2625 3841 brevitatis
2652 3796 2781 3852 ergo
2816 3782 3085 3847 omittam,
3111 3782 3432 3851 posterioris
3482 3781 3765 3841 duntaxat

2168 3872 2450 3941 scriptoris
2481 3872 2639 3940 hujus
2687 3872 2871 3937 verba,
2920 3888 3020 3927 nec
3050 3872 3155 3926 nisi
3205 3887 3326 3944 qua:
3368 3874 3474 3926 huc
3523 3870 3765 3940 potissi-

2168 3978 2313 4031 mum
2343 3962 2569 4041 t'aeiunt,
2599 3965 2745 4019 lubet
2774 3965 3161 4020 transcribere.

2247 4054 2372 4109 664.
2406 4055 2698 4125 Postquam
2726 4057 2908 4125 itaque
2938 4098 2953 4123 ,
2989 4055 3047 4110 S.
3072 4055 3416 4120 Anselmum,
3464 4064 3523 4108 ut
3555 4055 3623 4117 ad
3654 4055 3763 4121 duo~

2169 4160 2286 4201 cem
2308 4146 2516 4216 Apulia:
2565 4147 2880 4217 Rogerium,
2912 4146 3169 4217 Capuana
3205 4147 3490 4203 obsidione
3517 4160 3765 4215 occupa-i-

2170 4246 2317 4305 tum,
2348 4241 2413 4293 ad
2443 4254 2608 4309 quam
2636 4239 3042 4310 expeditionem
3072 4239 3322 4293 bellicam
3356 4280 3371 4301 .
3407 4247 3465 4293 ut
3497 4238 3614 4303 ait,
3647 4239 3766 4294 ito-

2169 4334 2349 4405 gerius
2379 4316 2579 4388 Siciliae
2609 4348 2792 4389 comes
2815 4333 2983 4399 multa
3011 4333 3409 4401 Saracenorum
3456 4331 3632 4387 millia
3660 4332 3765 4385 ad-

483 4421 779 4489 ordinavit,
828 4434 1005 4480 utsuo
1037 4428 1299 4497 exercitui
1350 4435 1408 4486 et
1439 4429 1621 4495 ducis,
1683 4431 1853 4495 libero
1914 4435 2056 4489 aditu

2169 4428 2416 4490 duxerat,
2446 4426 2604 4496 eique
2624 4424 2850 4495 proinde
2875 4434 2988 4491 tum
3015 4425 3299 4489 intererat,
3330 4436 3455 4479 sese
3488 4421 3762 4478 conferre

484 4520 721 4579 patente,
778 4514 932 4569 ﬁeret
987 4519 1267 4584 transitus,
1321 4520 1508 4590 sicque
1557 4523 1686 4577 urbs
1720 4524 1787 4577 ab
1828 4532 2060 4593 utroque

484 4604 728 4658 exercitu
776 4606 830 4659 in
864 4615 1070 4663 tantum
1089 4626 1347 4680 oppressa
1377 4622 1480 4679 est,
1510 4622 1569 4668 ut
1618 4615 1763 4672 nulla
1790 4631 1857 4670 ex
1903 4626 2061 4686 parte

487 4695 637 4749 arida
687 4697 769 4750 vel
802 4698 1007 4768 liquida
1037 4705 1349 4769 egrediendi
1398 4714 1514 4761 tuto
1580 4707 1665 4762 vel
1721 4709 2059 4779 ingrediendi

486 4786 665 4841 aditus
688 4797 915 4857 pateret.
940 4811 957 4843 ι
976 4792 1135 4849 llisee
1164 4804 1343 4850 autem
1372 4811 1404 4862 e
1427 4798 1628 4863 verbis,
1652 4809 1837 4869 utpote
1862 4802 2061 4871 quibus

489 4878 772 4934 Malaterra
813 4882 947 4938 duos
992 4886 1253 4941 duntaxat
1280 4888 1572 4955 exercitus,
1600 4890 1827 4948 alterum
1882 4892 2060 4964 Roge-

482 4972 567 5031 rio
598 4972 814 5039 comiti,
844 4975 1069 5031 alterum
1101 4978 1334 5049 Rogerio
1367 4981 1490 5037 duci
1545 4994 1857 5052 parentem,
1904 5000 2057 5047 conp

487 5072 771 5127 memoret,
824 5064 1184 5135 colligendum
1238 5078 1497 5140 apparet,
1551 5088 1750 5141 paucas
1796 5075 2060 5129 duntaxat

484 5154 667 5222 copias
702 5157 929 5236 principi
960 5159 1248 5225 lticbardo,
1279 5164 1589 5233 quitamen,
1638 5180 1773 5233 quas
1802 5166 2058 5232 habebat,

484 5247 629 5302 haud
683 5248 845 5305 dubie
895 5265 1085 5312 omnes
1153 5252 1268 5308 fere
1316 5255 1384 5310 ad
1432 5255 1831 5325 expeditionem
1886 5256 2059 5323 illam,

484 5338 626 5406 quod
656 5338 781 5395 felix
834 5340 993 5409 hujus
1023 5358 1308 5401 successus
1351 5347 1587 5415 maxime
1641 5346 1788 5404 illius
1834 5349 2061 5405 interes-

484 5437 587 5489 set,
641 5431 945 5495 adduxerit,
998 5434 1052 5488 in
1095 5435 1246 5490 ducis
1299 5436 1519 5508 Rogerii
1577 5440 1819 5495 exercitu
1870 5440 2059 5508 fuisse,

481 5518 613 5573 licet
651 5521 864 5577 interim
893 5524 979 5587 hic
1010 5536 1118 5580 tam
1147 5526 1405 5583 Richardi
1432 5570 1447 5592 ,
1476 5530 1618 5603 quod
1649 5530 1903 5587 nimirum
1959 5533 2059 5586 ali—

481 5623 619 5677 quas
660 5612 850 5685 saltem
891 5615 976 5669 hie
1026 5616 1279 5688 princeps
1326 5620 1512 5689 cepias
1569 5622 1621 5675 in
1669 5621 1760 5676 illo
1810 5623 2058 5693 haberet,

485 5717 650 5775 quam
682 5703 899 5775 lingerii
931 5708 1082 5765 ducis
1109 5712 1381 5771 exercitus
1450 5729 1480 5769 a
1538 5713 1823 5777 Malaterra
1879 5717 2060 5779 verbis

2161 4516 2491 4591 dignaretur,
2518 4515 2801 4570 invitatum
2828 4515 3025 4578 fuisse,
3054 4516 3244 4586 paucis
3286 4513 3531 4585 narravit
3559 4553 3575 4578 ,
3621 4531 3762 4575 mox

2161 4607 2342 4663 subdit
2369 4626 2380 4659 :
2406 4626 2424 4658 ‹
2454 4607 2838 4672 Ascendimus,
2862 4608 3060 4661 ivimus
3086 4615 3143 4660 et
3170 4603 3355 4674 plures
3379 4605 3432 4659 in
3461 4604 3762 4660 obsidione

2161 4698 2280 4753 dies
2307 4698 2605 4766 exegimus,
2655 4698 2846 4752 remoti
2888 4699 2942 4751 in
2988 4698 3236 4767 tentoriis
3278 4712 3309 4750 a
3350 4694 3665 4765 frequentia
3704 4704 3764 4753 et

2165 4789 2390 4845 tumultu
2417 4790 2806 4860 perstrepentis
2862 4792 3157 4856 exercitus.
3215 4791 3346 4845 Erat
3397 4798 3603 4853 autem,
3659 4791 3759 4845 ubi

2161 4895 2415 4947 eramus,
2446 4883 2696 4952 quaedam
2733 4882 3016 4947 ecclesiola
3049 4882 3263 4952 penitus
3291 4883 3504 4937 deserta
3523 4889 3580 4934 et
3594 4878 3759 4948 jux'a

2160 4975 2358 5033 ostium
2383 4975 2619 5039 cisterna
2641 4974 2873 5045 desuper
2902 4975 3136 5046 dirupta,
3164 4990 3373 5045 magnae
3403 4970 3759 5045 profunditao

2164 5067 2230 5122 tis
2258 5067 2462 5123 hiatum
2491 5081 2589 5121 sua
2608 5068 2917 5136 diruptione
2950 5066 3313 5135 praetendens.
3347 5065 3404 5119 In
3438 5079 3545 5133 qua
3564 5062 3757 5118 eccle-

2162 5159 2241 5217 sia
2268 5158 2408 5214 velut
2433 5159 2487 5213 in
2513 5173 2751 5225 camera,
2792 5174 2891 5230 pro
2918 5158 3058 5223 velle
3104 5157 3588 5227 conversabamur,
3637 5164 3757 5211 tam

2162 5252 2348 5324 quieti,
2381 5267 2545 5321 quam
2565 5252 2717 5323 operi
2747 5253 2802 5307 in
2840 5266 2903 5307 ea
2934 5252 3298 5324 indulgentes,
3324 5260 3380 5308 et
3431 5254 3627 5306 ducem
3660 5251 3747 5321 ip.

2163 5328 2429 5401 suntcum
2459 5345 2573 5400 suis
2602 5345 2883 5404 nobiscum
2913 5345 3143 5417 singulis
3172 5345 3385 5409 diebus,
3435 5352 3496 5398 ut
3516 5342 3750 5397 voleba-

2164 5450 2306 5499 mus,
2343 5436 2396 5489 in
2424 5446 2676 5505 promptu
2733 5437 3021 5491 habentes.
3083 5435 3332 5502 Quadam
3373 5448 3505 5493 vero
3546 5443 3751 5496 nocte,

2163 5544 2285 5584 cum
2314 5528 2365 5583 in
2391 5544 2453 5583 ea
2478 5529 2861 5591 dormiremus,
2885 5530 3111 5601 contigit
3141 5529 3452 5584 Anselmum
3485 5528 3568 5581 sui
3623 5542 3753 5582 cor-

2163 5622 2311 5692 poris
2339 5622 2662 5677 necessitate
2688 5622 2903 5678 silentio
2936 5636 3193 5693 surgere,
3226 5629 3321 5687 et,
3353 5634 3421 5674 ne
3474 5619 3753 5689 inquieta-

2166 5731 2370 5784 remur,
2396 5731 2493 5770 suo
2517 5730 2667 5777 more
2688 5714 2835 5779 lento
2858 5714 2993 5797 pede
3020 5715 3299 5785 adostiutn
3318 5712 3560 5777 tendere.
3589 5710 3749 5791 Qund
