3846 6316
0 5418 5 5607 l

118 389 211 445 409
1634 362 1811 422 ACTA
1823 400 1838 416 .

3256 352 3362 408 ΗΟ

118 516 227 557 cum
250 496 476 560 exisset,
501 500 559 547 et
586 492 874 545 immemor
891 487 1060 544 fovea:
1084 500 1182 558 per
1203 485 1458 541 tenebras
1482 483 1535 537 in
1554 497 1680 553 par—
1708 484 1756 539 A
1782 496 1888 534 non
1918 477 2333 546 complectatur,
2366 470 2549 539 Capua
2591 468 2693 524 hoc
2721 480 2926 531 mense,
2960 466 3231 522 stantibus
3276 466 3367 533 iis,

118 603 213 657 tem
239 588 571 650 divertisset,
601 585 657 637 in
683 581 1013 652 profundum
1039 579 1236 635 cecidit
1285 577 1525 633 clamosa
1558 589 1689 629 voce

118 682 347 740 cadendo
374 680 562 735 dicens
589 694 601 729 :
634 675 834 732 Sancta
857 673 1027 727 Maria
1056 674 1068 727 ι
1102 671 1185 727 Ad
1240 683 1399 740 quem
1452 667 1691 722 sonitum

118 789 203 830 nos
221 786 283 826 ac
304 769 442 825 socii
476 766 674 828 nostri,
708 766 798 835 qui
827 764 880 818 in
909 763 1160 817 tentoriis
1189 758 1562 830 quiescebant,
1594 772 1693 810 ex-

118 863 398 937 pergefacti
422 860 583 915 lectis
605 856 995 927 prosilivimus,
1020 861 1377 910 accurrentes
1414 850 1691 905 hominem

119 961 163 1013 in
190 954 461 1026 profundo
493 950 757 1015 vidimus,
783 956 837 1002 et
864 962 977 1016 prae
1004 946 1197 1000 timore
1223 942 1384 999 simul
1418 951 1473 997 et
1495 955 1694 1011 angus-

120 1051 182 1105 tia
202 1046 383 1103 cordis
415 1040 714 1099 exanimati
746 1039 862 1094 fere
889 1052 1094 1093 sumus.
1136 1037 1292 1103 Quod
1347 1035 1463 1103 ipse
1512 1032 1693 1103 perci-

118 1139 272 1207 piens,
305 1149 436 1189 ωσι
469 1132 651 1187 levato
674 1128 874 1197 capite,
896 1123 1325 1192 vuitujucundo,
1355 1122 1552 1177 intuitu
1581 1136 1683 1177 no-

119 1230 191 1285 bis
211 1226 413 1288 innuit,
446 1223 523 1278 nil
545 1220 781 1277 laesionis
802 1231 925 1274 sese
976 1230 1312 1288 perpessum.
1347 1213 1691 1269 Descenden—

118 1328 190 1373 tcs
222 1318 388 1388 igitur
409 1316 634 1385 quidam
660 1329 728 1369 ex
774 1311 977 1366 nostris
1006 1325 1073 1365 ex
1124 1308 1293 1363 altera
1332 1315 1486 1376 parte
1525 1304 1695 1375 ipsius

120 1408 412 1479 pmipitii,
436 1421 542 1477 qua
564 1406 651 1459 via
671 1413 792 1460 erat
820 1401 1206 1468 descendendi,
1231 1400 1540 1455 eduxerunt
1569 1412 1693 1453 eum

122 1516 145 1549 a
175 1498 284 1552 loco
316 1512 516 1550 sanum
546 1496 768 1550 omnino
798 1504 963 1563 atque
992 1493 1338 1555 incolumem.
1702 1479 1710 1553 Ι

180 1586 301 1641 663.
337 1604 357 1639 ι
385 1586 524 1641 Cum
574 1595 694 1655 post
729 1585 846 1639 [nec
891 1583 1035 1639 sedis
1085 1584 1396 1653 apostolicae
1450 1582 1695 1653 pontifex

122 1678 361 1733 Urbanus
384 1679 481 1733 illo
510 1678 849 1741 adventaret,
881 1675 931 1729 ei
964 1674 1032 1729 ab
1059 1674 1316 1730 Anselmo
1354 1680 1410 1729 et
1437 1673 1697 1743 principi-

122 1768 209 1824 bus
247 1767 418 1823 totius
469 1766 747 1821 exercitus
810 1764 1026 1820 obviam
1074 1764 1208 1819 itum
1259 1773 1434 1829 esset,
1491 1764 1692 1833 ingenti

1791 587 1912 639 quae
1933 570 2126 623 Petrus
2155 568 2423 621 Diaconus
2443 572 2499 618 ct.
2520 561 2821 617 Eadmerus
2849 559 3114 619 scribunt,
3144 560 3371 615 subacta

1791 660 1932 714 haud
1954 658 2137 712 fuerit.

1861 747 1986 802 666.
2030 748 2097 801 Et
2125 747 2265 801 hanc
2293 745 2510 815 quidem
2542 741 2840 805 civitatem,
2882 754 3070 795 mense
3106 739 3247 794 Maio
3279 740 3373 794 ad-

1790 839 1897 894 huc
1935 846 2226 901 currente,
2279 836 2608 889 deditionem
2655 848 2763 891 non
2803 831 3021 895 fecisse,
3070 831 3240 886 fusius
3286 831 3376 885 hic
3443 828 3449 833 ”

1793 928 2202 999 Operiosiusque
2232 926 2465 997 probare
2510 923 2673 987 volui,
2709 932 2820 976 tum
2852 930 2910 974 ut
2939 936 3099 989 quam
3129 920 3378 989 proxime

1794 1020 1911 1075 ﬁeri
1950 1028 2149 1089 potest,
2202 1015 2586 1087 apparitionis;
2625 1028 2732 1083 qua
2780 1011 3034 1068 comitem
3084 1011 3375 1079 Rogerium

1793 1111 2215 1181 praesentissimo
2238 1107 2481 1178 periculo
2504 1104 2760 1167 Sanctus,
2786 1119 2880 1157 seu
2906 1102 3106 1172 potius,
3131 1112 3188 1155 ut
3211 1118 3375 1171 supra

1794 1203 2024 1267 dictum,
2069 1200 2168 1257 sub
2208 1199 2367 1269 hujus
2409 1197 2590 1266 specie
2627 1195 2853 1264 angelus
2892 1192 3118 1259 exemit,
3165 1202 3381 1262 tempus

1795 1303 2073 1357 noscatur,
2102 1300 2215 1346 tum
2250 1301 2310 1344 ut
2335 1305 2433 1359 pro
2461 1287 2671 1351 Martio,
2702 1286 2789 1341 cui
2823 1284 3021 1353 Capuae
3047 1284 3377 1339 deditionem

1796 1384 1979 1454 Lupus
2007 1382 2323 1451 Protospata
2355 1378 2550 1449 afﬁgit,
2596 1392 2705 1431 non
2744 1374 2965 1439 Maium,
3005 1375 3097 1429 sed
3134 1372 3377 1438 Junium,

1796 1476 2102 1539 autetiam,
2126 1473 2270 1542 quod
2303 1481 2482 1526 tamen
2529 1469 2706 1523 minus
2744 1466 2942 1537 placet,
2979 1464 3178 1519 Julium
3223 1480 3383 1533 repo-

1797 1566 2033 1622 nendum
2061 1577 2202 1630 esse,
2229 1570 2436 1632 pateat,
2465 1561 2651 1629 sicque
2672 1559 2740 1614 ob
2765 1572 3029 1621 mensem,
3056 1571 3163 1626 quo
3190 1556 3384 1610 civita-

1798 1657 1867 1712 tis
1915 1655 2057 1710 illius
2096 1653 2424 1709 deditionem
2470 1648 2753 1711 accidisse,
2798 1647 3017 1718 Rogerii
3053 1646 3273 1701 comitis
3299 1644 3384 1699 di-

1798 1749 2000 1817 ploma,
2031 1746 2223 1802 ultimo
2264 1746 2371 1798 huc
2400 1741 2814 1810 transcriptum,
2849 1738 3035 1809 exigit,
3069 1746 3381 1807 su5pectum

122 1857 399 1912 mundialis
428 1856 615 1927 gloria;
652 1869 848 1925 pompa
899 1865 1220 1924 ριιοεεουιυε
1269 1826 1463 1909 ducitis
1500 1826 1587 1908 es},
1637 1855 1694 1908 in
1724 1826 1773 1886 Β
1802 1840 1851 1893 id
1883 1856 1986 1894 non
2016 1837 2299 1893 habeatur.
2330 1835 2465 1889 Cum
2507 1832 2672 1897 enini,
2699 1844 2819 1887 sese
2849 1828 2957 1902 (adi
2988 1845 3138 1885 num.
3165 1827 3290 1897 648)
3327 1827 3385 1881 in

126 1949 435 2013 tentorium,
467 1948 612 2017 quod
634 1944 788 2013 juxta
818 1960 916 2001 nos
943 1945 1046 1999 sibi
1095 1944 1311 2000 caeteris
1338 1943 1699 1999 excellentius

123 2040 467 2092 constitutum
500 2048 643 2093 erat.
671 2035 894 2104 Sicque,
925 2038 1099 2090 donec
1126 2037 1322 2090 civitas
1352 2037 1431 2089 in.
1456 2035 1694 2089 deditio-

1796 1931 2052 1999 Capuana
2094 1928 2379 1985 obsidione
2432 1944 2450 1977 ι
2495 1923 2751 1983 Kalendis
2781 1922 2961 1977 Martii
3006 1942 3025 1976 ι
3074 1920 3381 1987 exstitisse,

1797 2020 2062 2091 Roget-ius
2085 2035 2268 2075 comes
2294 2019 2348 2073 in
2379 2017 2470 2071 illo
2498 2014 2745 2081 atlirmet,
2769 2014 2974 2084 hicque
3009 2022 3181 2081 certe,
3213 2012 3292 2066 uti
3316 2027 3384 2066 ex

123 2142 226 2180 nem
257 2127 502 2190 transiit,
544 2125 753 2180 obsidio
777 2101 921 2178 illius
962 2124 1240 2179 dominum
1271 2140 1465 2195 papam
1495 2132 1549 2177 et
1577 2126 1694 2177 Anc
1790 2110 1902 2178 iam
1929 2126 2089 2180 supra
2115 2110 2277 2166 diclis
2306 2108 2498 2178 liquet.
2541 2115 2668 2160 aﬂle
2701 2114 2919 2161 sextam
2958 2103 3222 2159 deeimam
3257 2101 3386 2156 Matii

123 2220 337 2273 solutum
380 2219 588 2273 vicinos
611 2219 833 2285 habuit,
879 2218 951 2271 ita
1001 2226 1061 2272 ut
1093 2218 1297 2272 familia
1342 2226 1698 2286 utrorumque

124 2310 281 2379 nugis
315 2308 587 2364 videretur
615 2324 747 2375 una,
774 2324 936 2378 quam
969 2309 1088 2364 duae
1115 2347 1131 2373 ,
1179 2321 1283 2361 nec
1322 2305 1481 2361 facile
1520 2305 1697 2374 quivis

125 2401 410 2454 declinaret
441 2400 506 2453 ad
535 2413 758 2469 papam,
788 2401 877 2468 qui
919 2414 1025 2453 non
1057 2398 1351 2452 diverteret
1401 2397 1468 2449 ad
1506 2394 1699 2450 Ansel—

125 2508 281 2545 nium.
310 2489 458 2559 Papa
511 2505 749 2559 namque
795 2491 1075 2545 colebatur
1114 2505 1144 2542 a
1171 2490 1402 2554 cunctis,
1434 2487 1699 2556 quemad-

125 2580 332 2634 modum
350 2588 503 2649 pater
532 2588 589 2634 et
613 2591 800 2649 pastor
844 2581 1181 2646 communis;
1237 2578 1526 2635 Anselmus
1569 2594 1699 2635 vero

128 2671 439 2741 diligebatur
469 2671 539 2725 ab
584 2671 861 2741 omnibus,
907 2674 1050 2727 sicut
1097 2672 1258 2725 homo
1286 2679 1602 2725 mansuetus
1642 2677 1700 2727 et

130 2762 263 2817 mitis
286 2802 303 2827 ,
332 2774 380 2817 et
409 2762 494 2819 cui
525 2772 625 2817 su’o
646 2761 855 2831 judicio
880 2762 1018 2818 nihil
1053 2761 1355 2818 debebatur
1382 2778 1411 2815 a
1443 2761 1691 2831 quovis.»

129 2852 250 2906 Cum
273 2868 424 2924 ergo,
469 2854 549 2909 uti
592 2855 774 2910 verbis
814 2855 905 2910 hic
944 2855 1057 2925 jam
1109 2853 1353 2910 recitatis
1401 2852 1699 2908 Eadmerus

130 2945 297 3009 docet,
325 2946 383 3001 S.
427 2945 737 3020 Anselmus,
779 2946 873 3017 qui
907 2956 1055 3013 tunc,
1088 2946 1166 3000 uti
1208 2946 1350 3001 idem
1397 2944 1699 3000 Eadmerus

130 3038 278 3107 paulo
306 3047 430 3092 ante
454 3036 696 3106 tradidit,
729 3039 784 3095 in
814 3038 872 3094 S.
914 3038 1214 3093 Salvatoris
1236 3053 1405 3108 prope
1449 3037 1697 3092 Telesam

132 3129 444 3184 monasterii.
457 3128 584 3184 villa
608 3128 822 3213 Sclavia
845 3132 1186 3200 versabatur,
1216 3146 1244 3183 a
1284 3130 1516 3202 liogerio
1540 3131 1695 3194 duce,
1725 3164 1771 3228 Ο

133 3228 184 3272 ut
205 3221 272 3274 ad
288 3234 341 3274 se
366 3221 434 3275 ad
459 3230 641 3275 castra
675 3206 813 3279 ante
842 3221 1084 3291 Capuam
1137 3223 1372 3286 veniret,
1434 3223 1697 3277 imitatus

136 3310 302 3375 fuerit,
349 3312 404 3365 in
455 3312 627 3374 hisce,
665 3312 865 3381 quibus
905 3323 1042 3379 tum,
1104 3320 1243 3368 teste
1288 3313 1487 3367 iterum
1540 3313 1700 3381 paulo

138 3414 243 3470 post
265 3403 422 3458 verba
444 3401 560 3472 jam
589 3407 819 3479 recitata
870 3404 1157 3471 Eadmero,
1191 3420 1377 3462 comes
1430 3404 1702 3475 Rogcrius

139 3494 396 3559 intererat,
431 3510 528 3565 per
558 3497 741 3566 plures
772 3498 888 3551 dies
917 3496 1079 3566 fuerit
1100 3506 1503 3567 moratus,post
1540 3499 1703 3553 Izosce

140 3586 199 3639 ad
223 3589 405 3643 eadem
435 3600 622 3644 castra
667 3589 914 3644 Urbanus
935 3590 972 3644 II
994 3606 1129 3661 papa
1154 3592 1465 3655 accesserit,
1494 3596 1548 3645 et
1578 3606 1699 3645 cum

139 3679 393 3743 Anselmo,
411 3684 587 3737 donec
602 3681 812 3746 obsidio,
829 3681 1099 3757 deditione
1115 3680 1266 3755 urbis
1292 3682 1700 3746 terminaretur,

142 3771 315 3827 ibidem
338 3774 620 3839 manserit,
652 3773 951 3829 Eadmerus
985 3790 1137 3847 sane,
1176 3777 1303 3839 dum
1348 3774 1464 3833 haec
1491 3775 1702 3842 omnia,

142 3861 349 3918 durante
395 3865 681 3919 obsidione
720 3862 978 3934 Capuana
1011 3905 1025 3928 ,
1076 3874 1454 3937 praesenteque
1506 3865 1704 3920 comite

144 3953 373 4025 Rogerio,
416 3958 685 4013 accidisse
726 3957 910 4020 tradit,
968 3956 1160 4013 diebus
1200 3955 1450 4025 amplius
1513 3956 1701 4010 decem

144 4049 456 4104 obsidionem
498 4049 668 4112 illam,
705 4064 828 4104 cum
872 4048 921 4103 ei
956 4048 1073 4118 jam
1107 4046 1366 4116 praefatus
1397 4062 1580 4117 comes
1618 4048 1702 4102 in.

146 4148 372 4206 teresset,
402 4142 665 4206 tenuisse,
693 4140 915 4196 omnino
938 4140 1181 4194 indicare
1209 4139 1444 4209 videtur,
1467 4140 1705 4193 maxime

146 4245 249 4285 eum
275 4233 453 4288 verbis
483 4232 731 4303 proxime
759 4230 1006 4287 recitatis
1030 4228 1290 4287 nonnulla
1320 4229 1484 4299 etiam
1517 4226 1705 4296 adjun-

146 4332 242 4390 και,
266 4324 459 4394 quibus
485 4324 823 4388 Anselmum,
852 4322 1086 4377 durante
1120 4320 1425 4384 obsidione,
1466 4320 1522 4373 in
1553 4319 1706 4387 ducis

145 4417 442 4488 semitisque
493 4416 691 4473 castris
731 4415 1047 4491 frequenter
1098 4412 1288 4468 fuisse.
1327 4427 1435 4467 non
1476 4410 1707 4467 obscure

1800 2200 1999 2272 Capuae
2025 2201 2334 2255 obsidenda:
2382 2198 2680 2254 exercitum
2731 2213 2837 2251 non
2884 2194 3214 2250 admoverit'
3262 2209 3397 2259 seu,-

1797 2294 1941 2364 quod
1968 2294 2154 2348 eodem
2188 2292 2400 2354 recidit,
2436 2292 2487 2346 in
2517 2290 2752 2345 civitatis
2783 2288 2941 2358 hujus
2962 2286 3241 2342 obsidione
3275 2300 3384 2341 non

1797 2385 1985 2451 fuerit,
2028 2401 2161 2440 sane
2197 2399 2293 2453 pro
2331 2383 2545 2447 Martio,
2582 2381 2735 2448 cujus
2774 2380 3033 2434 Kalendis
3076 2394 3170 2433 seu
3207 2378 3384 2449 prima

1799 2476 1886 2533 die
1929 2478 1982 2532 in
2031 2476 2317 2531 obsidione
2364 2474 2618 2544 Capuana
2657 2487 2778 2528 sese
2814 2472 3089 2526 exstitisse
3135 2472 3231 2535 ait,
3277 2484 3385 2525 non

1799 2568 1994 2634 Maius,
2032 2567 2124 2621 sed
2156 2561 2350 2621 Junius
2376 2574 2469 2618 aut
2497 2564 2637 2619 forte
2670 2564 2832 2618 etiam
2861 2561 3034 2617 Julius
3062 2559 3223 2616 debet
3259 2561 3385 2614 sub-

1799 2661 1966 2718 stitui.
1996 2659 2073 2715 Ne
2100 2674 2231 2714 vero
2259 2656 2329 2713 ob
2355 2656 2671 2712 chronicum
2715 2654 2863 2709 illum
2893 2666 3138 2708 errorem
3174 2652 3382 2705 instru-

1798 2760 2039 2808 mentum
2085 2749 2237 2813 illud,
2279 2749 2425 2804 velut
2452 2747 2694 2817 spurinm
2724 2745 3237 2816 supposititiumque
3264 2742 3388 2812 quis

1800 2844 2029 2914 rejieiat,
2061 2845 2203 2900 unde
2229 2851 2384 2898 ortus
2408 2841 2451 2895 is
2479 2853 2599 2894 csse
2625 2847 2808 2908 queat,
2842 2851 3008 2908 reque
3030 2836 3194 2890 etiam
3227 2851 3388 2890 vero-

1800 2938 2049 2993 similiter
2076 2945 2228 2991 ortus
2248 2936 2339 3000 sit,
2367 2948 2598 3001 expono.
2625 2931 2759 2986 Cum
2787 2929 2890 2984 sub
2919 2928 3383 2982 Nortmaunorum

1800 3039 1978 3089 (etate,
2025 3038 2083 3081 ut
2130 3025 2478 3097 Peregrinius
2525 3024 2577 3077 in
2619 3022 2731 3079 suis
2774 3022 2828 3076 in
2877 3020 3013 3090 Lupi
3052 3019 3389 3087 Protospata

1800 3118 2107 3174 Chronicon
2162 3114 2602 3170 annotationibus
2662 3127 2826 3184 supra
2898 3112 3100 3176 docet,
3164 3110 3385 3164 nomina

1802 3212 2018 3283 propria
2031 3210 2353 3279 capitalibus
2378 3205 2746 3260 tantummodo
2765 3204 2962 3258 litteris
2986 3203 3214 3272 depictis
3238 3217 3391 3257 com-

1800 3302 2217 3375 pendiarentua,
2233 3295 2349 3354 ﬁeri
2373 3304 2572 3369 potest,
2602 3304 2662 3349 ut
2694 3296 2797 3351 hoc
2815 3293 2975 3348 modo
3006 3291 3229 3356 mensis,
3253 3306 3386 3360 quo,

1801 3410 1922 3451 sese
1950 3395 2004 3448 in
2028 3394 2284 3465 Capuana
2308 3388 2586 3445 obsidione
2602 3386 2896 3451 exstitisse,
2924 3382 3188 3453 Regerius
3205 3396 3388 3437 comes

1801 3488 1856 3544 in
1888 3488 2031 3541 dicto
2061 3484 2352 3555 diplomate
2390 3480 2643 3544 afﬁrmat,
2688 3476 3059 3533 tantummodo
3106 3473 3270 3528 fuerit
3297 3490 3385 3527 ex-

1802 3592 2042 3646 pressus,
2072 3584 2238 3644 utque
2268 3572 2481 3639 deinde,
2506 3570 2723 3640 capitali
2753 3568 2841 3623 illa
2871 3567 3072 3633 littera,
3098 3580 3202 3635 qua
3239 3580 3391 3619 men-

1803 3671 1880 3726 sis
1909 3670 2010 3725 iste
2053 3676 2177 3724 erat
2204 3679 2519 3736 expressus,
2547 3664 2635 3719 vel
2666 3670 2936 3718 vetustate
2964 3661 3018 3716 in
3049 3660 3391 3729 autographo

1804 3777 1994 3826 exesa,
2036 3759 2122 3815 vel
2167 3773 2299 3814 casu
2341 3756 2599 3827 quopiam
2635 3752 2856 3818 detrita,
2904 3752 3164 3807 librarius
3211 3750 3391 3804 minus

1802 3852 2034 3923 peritus,
2082 3848 2175 3919 qui
2212 3849 2267 3902 id
2300 3846 2663 3908 describebat,
2698 3858 2764 3899 eo
2802 3842 2938 3906 loco,
2972 3858 3079 3912 quo
3112 3841 3381 3905 litteram,

1804 3958 1967 4012 quam
2006 3950 2100 3995 aut
2144 3939 2287 4009 quod
2331 3938 2447 3993 fere
2491 3936 2689 3992 detrita
2738 3944 2901 3997 esset,
2941 3944 3033 3988 aut
3066 3933 3231 3988 etiam
3269 3946 3383 4001 prae

1805 4033 1995 4090 formae
2042 4030 2419 4102 singularitate
2465 4030 2647 4099 legere
2691 4042 2796 4081 non
2848 4033 3082 4094 poterat,
3119 4022 3394 4078 exstitisse

1806 4135 1900 4187 aut
1928 4126 2106 4180 adhuc
2126 4125 2363 4179 existere
2391 4120 2879 4180 animadvertebat,
2914 4118 2979 4172 ad
3007 4132 3191 4171 vocem
3225 4134 3244 4168 ς
3282 4114 3391 4168 Ka-

1807 4218 2001 4283 lendis,
2043 4237 2061 4270 ι
2094 4227 2153 4271 ut
2192 4230 2409 4270 sensum
2447 4212 2764 4281 compleret,
2801 4230 2819 4261 ι
2851 4208 3028 4264 Martii
3058 4226 3077 4258 ι
3113 4205 3392 4274 adjecerit,

1807 4320 1957 4366 ratus
1986 4309 2196 4364 scilicet
2229 4307 2364 4376 Lupi
2394 4306 2747 4373 Protospatre,
2778 4301 2931 4369 cujus
2947 4298 3247 4354 Chronicon
3277 4295 3394 4349 for-

1808 4421 1904 4460 san
1935 4405 2157 4474 legerat,
2188 4399 2513 4455 auetoritate
2543 4412 2606 4451 ac
2631 4395 2733 4449 tide
2758 4393 3029 4447 civitatem
3056 4389 3390 4457 Capuanam,

146 4478 497 4565 iudicandam
546 4524 697 4576 vero,
748 4478 871 4564 cum
919 4508 1036 4563 haec
1086 4505 1162 4562 ita
1209 4505 1472 4572 habeant,
1513 4505 1703 4561 diebus
1734 4512 1779 4567 Ι)
1806 4495 1959 4565 cujus
1997 4491 2263 4551 obsidioni
2309 4504 2429 4545 sese
2474 4485 2801 4547 interfuisse,
2844 4483 2963 4536 loco
3011 4481 3099 4533 illo
3139 4478 3390 4534 comitem

144 4602 350 4672 amplius
372 4603 565 4658 decem
595 4601 863 4671 Capuame
896 4598 1167 4655 obsidioni
1211 4597 1479 4673 Bogerius
1520 4611 1705 4653 comes

144 4696 526 4753 verosimillime
576 4694 912 4761 interfuerit,
977 4707 1042 4747 ac
1086 4691 1270 4764 proin,
1325 4690 1452 4747 date
1503 4689 1703 4757 etiam,

146 4788 265 4844 illam
294 4801 421 4844 ante
451 4788 612 4857 hujus
635 4802 912 4843 accessum
936 4786 1207 4855 inceptam
1231 4784 1345 4855 jam
1373 4783 1563 4849 fuisse,
1594 4798 1703 4836 non

145 4876 313 4937 fecisse
350 4890 556 4945 tamen,
587 4895 774 4936 mense
803 4879 944 4933 Maio
970 4880 1149 4935 adhuc
1175 4887 1449 4943 currente,
1494 4877 1705 4946 Capua-

145 4984 223 5026 nos
252 4974 582 5051 deditionem
610 4989 677 5033 ex
712 4974 801 5037 iis,
833 4987 953 5042 qua:
971 4970 1274 5028 Eadmerus
1302 4978 1511 5034 narrat,
1541 4983 1705 5024 vero-

144 5064 455 5120 siinillimum
504 5066 720 5130 adhuc,
773 5080 840 5118 ne
898 5064 1118 5131 dicam,
1168 5061 1525 5123 indubitatum
1576 5062 1702 5117 erit.

142 5156 206 5208 Ad
227 5158 357 5224 haec,
390 5172 499 5212 non
546 5171 731 5221 verno,
780 5156 872 5211 sed
928 5156 1117 5210 mstivo
1170 5164 1414 5223 tempore
1463 5154 1703 5223 Capuam

146 5244 288 5305 fuisse
307 5251 614 5315 subactam,
644 5249 833 5307 Petrus
856 5248 1128 5303 Diaconos
1152 5247 1203 5301 iu
1233 5247 1503 5301 Chronico
1524 5245 1707 5301 Cassi-

149 5344 275 5397 ueusi
300 5343 393 5399 lib.
426 5357 505 5407 tv,
539 5356 657 5411 cap.
698 5343 764 5395 10
791 5342 965 5404 docet,
1000 5342 1159 5409 eique
1187 5340 1351 5394 etiam
1381 5341 1703 5403 Eadmerus,

152 5440 311 5500 utpote
355 5435 415 5491 S.
468 5435 788 5491 Anselmum
839 5434 895 5489 in
945 5433 1069 5489 villa
1116 5432 1351 5497 Sclavia,
1405 5448 1436 5488 e
1478 5449 1585 5503 qua
1637 5433 1704 5486 ad

157 5536 305 5579 castra
337 5534 460 5583 ante
489 5527 730 5599 Capuam
771 5541 802 5582 a
848 5528 984 5582 duce
1013 5526 1250 5599 Rogerio
1290 5526 1548 5580 invitatus
1580 5524 1703 5588 fuit,

162 5619 331 5674 astatis
354 5628 595 5690 tempore
626 5635 747 5675 esse
778 5629 1051 5675 versatum
1109 5621 1162 5674 in
1198 5619 1373 5676 sancti
1412 5616 1571 5685 hujus
1609 5633 1705 5670 an-

168 5705 319 5765 tistitis
344 5714 477 5783 apud
507 5728 607 5768 nos
638 5710 758 5767 Vita
786 5728 936 5768 num.
972 5711 1045 5768 45
1073 5693 1320 5776 tradens,
1354 5710 1702 5780 suﬂragatur.

174 5793 338 5871 Quare,
367 5818 481 5862 cum
505 5805 703 5861 Maium
728 5806 912 5863 stricte
935 5805 1202 5874 loquendo
1224 5803 1465 5861 aestivum
1496 5812 1707 5872 tempus

1805 4588 2098 4658 Rogerium
2131 4596 2447 4643 asseverare
2481 4578 2827 4635 observabat.
2864 4574 3197 4656 deditionem
3211 4584 3396 4627 mense

1805 4678 1997 4745 Martio
2023 4676 2236 4741 fecisse,

1876 4791 2001 4847 667.
2048 4792 2118 4845 At
2166 4805 2326 4854 vero,
2359 4787 2573 4859 inquies
2601 4826 2615 4852 ,
2666 4786 2767 4841 etsi
2820 4783 3036 4856 quidem
3080 4783 3242 4838 modo
3282 4781 3393 4850 jam

1806 4881 2053 4952 exposito
2083 4882 2282 4935 factum
2316 4894 2437 4933 esse
2462 4887 2650 4950 queat,
2679 4885 2738 4930 ut
2775 4891 2928 4930 error
2962 4874 3275 4936 chronious,
3307 4889 3399 4926 su.

1806 4988 1903 5043 pra
1952 4979 2193 5035 notatus,
2225 4970 2277 5025 in
2327 4971 2572 5040 proxime
2603 4968 2887 5024 recitatum
2921 4966 3137 5036 llogerii
3179 4964 3397 5019 comitis

1808 5063 2044 5133 diploma
2106 5076 2201 5115 seu
2250 5060 2428 5131 potius
2483 5058 2643 5128 hujus
2696 5059 2809 5113 sive
2860 5057 3227 5128 apographum
3282 5053 3397 5107 sive

1807 5154 2137 5223 ecgraphnm
2167 5152 2466 5221 irrepserit,
2488 5151 2539 5205 id
2566 5159 2750 5206 tamen
2776 5164 2899 5204 vere
2927 5149 2999 5202 ita
3027 5148 3226 5201 factum
3250 5159 3392 5206 esse,

1810 5248 1955 5302 nullo
1986 5255 2306 5315 argumento
2353 5244 2620 5298 indictove
2654 5250 2737 5297 sat
2767 5252 2917 5297 certo
2949 5245 3125 5308 potest
3152 5233 3392 5304 probari,

1809 5340 2023 5404 Fateor,
2081 5339 2159 5393 sic
2208 5338 2400 5402 habet;
2448 5351 2635 5393 verum
2690 5333 2734 5389 si
2792 5348 2897 5387 non
2954 5331 3064 5393 illo,
3094 5328 3199 5382 alio
3248 5335 3397 5379 certe

1810 5431 1991 5495 modo,
2031 5444 2137 5499 quo
2178 5428 2228 5482 in
2261 5429 2583 5483 documenta
2627 5426 2793 5480 etiam
2838 5424 3050 5478 sincera
3096 5434 3189 5473 seu
3217 5416 3396 5487 potius

1809 5523 2001 5577 horum
2027 5520 2296 5589 eegrapha
2332 5534 2546 5574 errores
2570 5516 2744 5585 illapsi
2781 5521 3101 5575 noscuntur,
3130 5522 3396 5569 metuera’

1811 5624 1922 5669 tum
1958 5628 2201 5667 errorem
2254 5612 2306 5665 in
2351 5612 2769 5665 instrumentum
2801 5607 2929 5660 illud
2973 5603 3258 5671 irrepsisse
3304 5615 3394 5655 ne-

1808 5721 1961 5760 ces-e
2000 5714 2105 5768 est,
2148 5718 2271 5759 cum
2316 5700 2566 5770 equidem
2600 5706 2650 5752 ct
2692 5697 2837 5751 nullo
2876 5709 3098 5765 prorsus
3136 5694 3263 5758 alio,
3287 5708 3395 5759 quu

1810 5815 1909 5871 pro
1938 5808 2208 5869 suspecto,
2238 5794 2433 5853 nedum
2459 5808 2559 5865 pro
2577 5797 2723 5848 certe
2738 5792 2940 5861 spurio,
2966 5789 3155 5847 haberi
3180 5790 3389 5852 debeat,
