3860 6320
480 353 578 424 ιιι

1265 350 1323 405 S.
1366 348 1715 407 BRIINONIS
1752 312 2399 404 CARTll'JSlANORUM
2439 343 2923 403 INS'I‘ITUTORIS

3610 340 3697 397 113

476 466 608 521 vitio
635 465 862 528 laboret,
887 470 943 519 et
981 478 1009 516 a
1046 463 1404 532 scriptoribus
1436 477 1597 533 quam
1636 461 1903 532 plurimis,
1938 468 2057 513 tan-
2092 464 2132 520 Α
2164 470 2386 530 tospatae
2406 459 2677 516 Chronico
2719 460 2787 514 ad
2819 470 3020 513 annum
3050 452 3191 511 1098
3229 452 3530 523 subnexuit,
3553 454 3610 511 de
3636 459 3703 514 di-

478 573 643 629 qmm
668 557 961 630 genuinum
990 572 1054 612 ac
1096 560 1389 622 sincerum,
1418 556 1691 619 laudetur,
1723 568 1823 608 nec
1852 554 1921 608 ab
1952 552 2061 607 ullo

480 664 726 722 prorsus,
755 650 899 719 quod
937 649 1127 714 sciam,
1164 648 1458 716 rejiciatur.
1488 646 1678 701 Restat
1714 644 1893 708 modo,
1919 652 1978 698 ut
2008 642 2063 698 id

482 756 591 796 mn
641 756 783 795 anno
816 740 969 800 1098,
1002 753 1109 809 quo
1141 738 1381 808 Capuam
1413 736 1646 792 obsideri
1674 733 1928 807 contigit;
1968 733 2063 788 sed

483 847 627 887 anno
679 831 847 898 1099,
891 832 1075 886 datum
1133 830 1438 885 ostendam.
1478 826 1882 881 Monumentum
1932 822 2066 878 illud

484 922 788 992 antiquum,
837 936 931 977 seu
975 922 1173 991 potius,
1201 935 1232 975 e
1259 934 1366 990 quo
1397 919 1449 973 id
1481 916 1814 988 transcripsi,
1843 924 2066 970 exstans

486 1012 539 1063 in
584 1009 1343 1080 Chronologicodiplomatica
1396 1007 1464 1063 de
1508 1007 1567 1062 S.
1610 1006 1868 1061 Brunone
1914 1004 2063 1059 Mor-

483 1098 657 1156 ltensii
696 1100 935 1155 Diatriba
967 1116 1067 1154 ms.
1102 1098 1242 1153 illius
1274 1099 1641 1168 apographum
1672 1097 1746 1150 ita
1774 1096 1876 1151 sub
1904 1095 2066 1150 ﬁnem

484 1190 648 1247 habet
696 1209 709 1245 :
759 1209 777 1243 σ
839 1190 948 1246 lloc
1006 1189 1345 1260 privilegium
1395 1188 1657 1258 scriptum
1696 1196 1781 1243 est
1831 1185 2068 1242 secundo

487 1283 689 1337 mensis
717 1282 939 1353 Augusti
970 1296 1110 1335 anno
1136 1282 1204 1335 ab
1231 1281 1608 1335 lucaruatione
1647 1279 1855 1335 Domini
1892 1276 2071 1333 mille-

487 1374 624 1428 simo
674 1374 1021 1441 nonagesimo
1067 1388 1230 1436 nouo,
1278 1372 1575 1427 indictione
1611 1372 1871 1441 septima;
1907 1390 1926 1421 ι
1966 1368 2069 1423 fuit

485 1464 686 1535 itaque,
720 1465 771 1519 in
798 1464 949 1531 cujus
974 1465 1236 1534 epocham
1264 1463 1353 1517 hic
1380 1462 1780 1532 inquirendum,
1805 1459 2065 1530 diploma,

487 1570 592 1609 non
623 1570 766 1610 anno
810 1555 968 1620 1098,
1005 1570 1101 1611 seu
1145 1556 1334 1610 eodem
1382 1569 1546 1621 anno,
1583 1569 1691 1623 quo
1739 1553 1918 1621 Capua
1968 1552 2067 1605 fuit

486 1646 725 1711 obsessa,
778 1647 872 1699 sed
915 1660 1081 1712 anno,
1118 1647 1209 1715 qui
1259 1644 1597 1699 obsidionem
1646 1645 1785 1699 hanc
1821 1643 2069 1713 proxime

485 1736 720 1807 excepit,
776 1736 916 1792 1099
962 1752 993 1792 a
1050 1738 1249 1792 comite
1277 1735 1512 1807 Rogerio
1566 1734 1624 1789 S.
1673 1734 1910 1789 Brunoui
1940 1749 2071 1788 con-

2160 552 2415 624 plomate.
2463 553 2519 607 in
2557 548 2711 620 cujus
2740 548 3001 620 epocham
3029 547 3118 603 hic
3145 545 3485 617 inquirimus,
3507 561 3703 617 sequen-

2162 652 2269 699 tem
2297 640 2489 700 scribit
2517 642 2570 697 in
2617 642 2835 698 modum
2867 658 2880 694 :
2916 659 2935 692 ι
2982 640 3057 695 At
3088 639 3190 694 hoc
3226 639 3341 708 ipso
3364 637 3418 693 in
3448 636 3705 707 diplomate

2162 732 2306 790 aliud
2350 731 2588 788 insidere
2626 731 2904 793 mendum,
2936 727 3331 800 legendumque
3358 724 3412 781 in
3436 739 3504 781 eo
3524 727 3703 796 opinor,

2164 826 2456 897 Rogerium
2491 838 2768 879 reversum
2803 840 2823 874 ι
2860 819 3133 886 Vigesima
3178 832 3318 872 nona
3349 816 3491 871 Junii
3537 818 3704 871 mensis

2169 939 2187 974 ι
2229 919 2614 991 Squillacium,
2665 937 2682 970 ι
2744 931 2850 969 non
2912 912 3062 977 Julii,
3104 929 3124 962 ¢
3188 910 3290 966 nisi
3327 909 3498 965 mavis
3530 928 3549 963 ο
3592 926 3703 966 nona

2170 1030 2190 1066 ι
2229 1011 2378 1076 Julii,
2408 1009 2688 1081 perhabita
2724 1007 2921 1076 Capuae
2939 1005 3180 1068 civitate,
3208 1011 3263 1059 et
3287 1016 3387 1072 per
3412 1000 3706 1071 quindenam

2170 1122 2194 1161 ι
2226 1102 2536 1161 continuam
2589 1099 2758 1155 fuisse
2803 1098 3001 1154 ibidem
3049 1097 3417 1159 inlirmatum;
3456 1112 3475 1145 ›
3530 1092 3708 1162 privile-

2165 1197 2418 1269 giumque
2458 1194 2652 1250 fecisse
2680 1211 2699 1245 ι
2734 1193 2820 1249 die
2861 1191 2897 1246 2
2942 1191 3169 1259 Augusti
3207 1203 3351 1243 anno
3389 1186 3457 1241 ah
3486 1184 3709 1241 lncarna-

2172 1310 2191 1345 ι
2229 1292 2373 1346 tione
2398 1288 2611 1347 Domini
2666 1286 2805 1342 1098
2856 1284 3150 1340 indictione
3178 1298 3231 1337 vt
3266 1301 3284 1333 ι
3312 1278 3476 1351 (male
3506 1278 3709 1334 uonnulii

2167 1380 2335 1436 edunt
2375 1378 2668 1434 indictione
2708 1376 2806 1447 vti)
2854 1393 2874 1427 ι
2928 1375 3286 1430 conﬂrmante
3330 1370 3534 1426 Joanne
3570 1368 3711 1437 Squil-

2172 1489 2190 1523 ‹
2232 1471 2464 1526 lacensis
2525 1468 2670 1524 sedis
2719 1467 2996 1539 episcopo,
3061 1464 3333 1521 residente
3401 1460 3552 1531 juxta
3599 1460 3711 1517 tores

2171 1581 2190 1616 ς
2232 1563 2491 1618 ecclesiae.
2530 1580 2551 1614 ι

2237 1656 2361 1712 669.
2403 1674 2421 1707 ‹
2460 1653 2571 1710 Nec
2601 1669 2725 1710 cum
2750 1652 2871 1708 viro
2899 1652 3058 1707 docto
3079 1647 3425 1707 sentiendum
3454 1653 3557 1711 est,
3580 1644 3713 1714 privi-

2167 1746 2364 1819 legium
2396 1748 2578 1801 datum
2613 1746 2829 1817 quidem
2860 1746 2915 1800 in
2955 1759 3098 1798 anno
3126 1742 3283 1806 1098,
3309 1739 3532 1794 minime
3566 1747 3714 1794 tamen

484 1842 720 1882 cessum.
770 1827 969 1883 Verum
1018 1828 1173 1890 duos,
1216 1827 1309 1896 qui
1351 1828 1507 1882 nobis
1552 1827 1640 1881 hic
1687 1826 2063 1888 adversantur,

2174 1816 2404 1911 capuam
2440 1816 2742 1906 obsessam,
2794 1846 3201 1908 receptamque,
3244 1842 3305 1887 ut
3349 1831 3530 1901 Lupus
3567 1830 3717 1900 perhi-

487 1919 782 1990 scriptores
833 1920 1001 1990 probe
1036 1919 1276 1974 eruditos
1317 1918 1553 1984 invenio,
1585 1916 1903 1972 Michaelem
1949 1930 2073 1969 mo-

488 2012 719 2066 nachum
759 2026 923 2081 supra
958 2012 1134 2065 adhuc
1164 2010 1435 2063 laudatum
1487 2019 1540 2064 et
1572 2008 1858 2064 Camillum
1902 2008 2067 2062 Pere-

488 2103 720 2172 grinium
763 2102 815 2156 in
848 2101 959 2156 suis
1003 2101 1069 2156 ad
1110 2100 1313 2170 Lupum
1351 2100 1725 2169 Protospatam
1763 2100 2073 2153 annotatio-

487 2191 663 2245 nibus.
709 2191 788 2246 Ac
817 2192 967 2260 prior
998 2193 1237 2262 quidem,
1265 2193 1367 2248 etsi
1423 2192 1527 2246 alio
1556 2206 1719 2257 anno,
1771 2207 1932 2260 quam
1962 2205 2074 2260 quo

488 2284 673 2354 Capua
700 2284 798 2339 fuit
825 2285 1069 2351 obsessa,
1095 2286 1385 2355 diplomata
1409 2286 1596 2341 datum
1614 2285 1763 2347 velit,
1792 2285 1843 2337 id
1863 2293 2070 2349 tamen,

490 2388 612 2427 cum
650 2374 809 2429 simul
847 2377 997 2429 urbis
1036 2375 1196 2443 hujus
1228 2375 1560 2428 obsidionem
1594 2387 1735 2429 anno
1769 2372 1901 2425 1097
1928 2372 2078 2427 acci-

492 2466 636 2519 disse
658 2468 965 2523 contendat.
997 2482 1137 2519 anno
1169 2466 1302 2519 1098
1332 2467 1511 2519 datum
1533 2474 1721 2535 putat;
1752 2465 1867 2517 ha-c
1892 2475 2070 2518 autem

492 2555 541 2609 ei
573 2556 731 2610 sedet.
757 2558 1044 2618 sententia,
1071 2556 1233 2624 quod,
1268 2565 1324 2610 ut
1354 2556 1449 2617 ait.
1480 2557 1533 2610 in
1562 2555 1868 2623 diplomatfs
1892 2569 2082 2609 exem-

492 2647 651 2715 pleri,
685 2649 826 2716 quod
865 2650 915 2701 in
948 2649 1084 2704 actis
1117 2663 1347 2704 camerae
1372 2649 1531 2717 regia:
1565 2657 1895 2713 asservatur,
1930 2663 2072 2703 anno

496 2739 633 2793 1098
664 2738 847 2792 datum
892 2740 942 2792 id
985 2739 1167 2804 fuisse,
1199 2739 1408 2810 legerit.
1453 2740 1646 2795 Verum
1685 2740 1755 2794 sit
1801 2740 1914 2793 ita:
1948 2754 2071 2795 cum

494 2829 747 2898 equidem
779 2830 916 2884 idem
948 2831 1363 2893 instrumentum
1396 2839 1449 2884 et
1473 2830 1708 2885 secunda
1734 2830 1962 2900 Augusti
1989 2830 2076 2884 die

495 2930 551 2973 et
571 2920 859 2973 indictione
887 2920 1113 2989 septima
1151 2920 1315 2975 etiam
1349 2921 1523 2974 notari
1550 2920 1803 2984 fateatur,
1833 2934 2074 2974 errorem

494 3011 552 3064 in
601 3011 815 3065 laudato
842 3028 869 3064 a
903 3028 959 3066 se
989 3027 1221 3066 camerae
1260 3012 1421 3081 regite
1453 3011 1747 3078 exemplari
1791 3010 1874 3066 vel
1900 3026 2075 3079 quan-

497 3111 607 3156 tmn
639 3103 704 3155 ad
735 3120 956 3167 animm,
996 3103 1082 3158 vel
1113 3111 1375 3174 quantum
1411 3106 1479 3156 ad
1510 3102 1856 3157 indictionem
1875 3103 2077 3157 cubare

496 3192 747 3255 fateatur,
776 3209 995 3249 necesse
1024 3204 1127 3249 est.

575 3285 697 3340 608.
742 3283 954 3340 Etenim
1002 3286 1070 3340 ab
1105 3286 1227 3340 anni
1258 3286 1393 3343 1097
1423 3287 1595 3357 prima
1632 3286 1963 3357 Septembris
1988 3284 2077 3341 die

499 3389 669 3441 usque
694 3377 759 3428 ad
794 3376 922 3430 anni
948 3376 1080 3430 1098
1101 3377 1330 3445 primam
1358 3378 1541 3432 itidem
1574 3376 1910 3445 Septembris
1932 3376 2073 3430 diem

499 3466 722 3520 indictio
753 3479 927 3533 sexta,
962 3477 1015 3523 et
1049 3483 1078 3521 a
1109 3468 1281 3537 prima
1323 3469 1515 3523 iterum
1554 3468 1713 3537 hujus
1758 3467 2025 3537 posterior
2050 3481 2076 3521 s

498 3554 627 3608 anui
682 3554 1013 3625 Septembris
1047 3556 1133 3611 die
1161 3572 1327 3625 usque
1363 3558 1429 3610 ad
1460 3557 1688 3627 primam
1724 3556 1907 3611 itidem
1947 3554 2076 3610 anui

501 3645 640 3701 1099
664 3646 993 3717 Septembris
1018 3648 1157 3703 diem
1202 3648 1425 3702 indictio
1463 3648 1689 3717 septima
1713 3647 1984 3713 cucurrit;
2016 3655 2078 3700 ut

497 3736 725 3807 proinde
765 3737 1070 3808 diplomatis
1116 3753 1343 3794 camerae
1380 3738 1543 3809 regiae
1576 3737 1885 3807 exemplar,
1931 3735 2075 3807 quod

501 3828 749 3884 Michaeli
804 3830 1065 3887 monacho
1108 3832 1286 3903 legere
1320 3831 1506 3885 datum
1549 3829 1670 3895 fuit,
1714 3830 1984 3899 quodque,
2018 3837 2077 3883 ut

501 3919 599 3985 ait,
624 3920 854 3974 secunda
884 3920 1105 3992 Augusti
1151 3936 1292 3976 anno
1323 3920 1482 3987 1098,
1524 3920 1817 3976 indictione
1847 3920 2073 3990 septima

500 4012 762 4079 signatur,
793 4028 993 4068 annum
1032 4029 1155 4069 cum
1188 4014 1485 4070 indictione
1521 4028 1624 4068 non
1664 4014 2071 4068 convenientem

498 4104 770 4174 praeferat,
812 4114 977 4174 utque
1019 4106 1172 4172 adeo,
1212 4121 1334 4163 cum
1388 4107 1441 4161 in
1488 4106 1632 4160 notis
1659 4104 1930 4160 chronicis
1954 4118 2074 4158 esse

495 4207 830 4267 corruptum,
857 4198 981 4254 hinc
1011 4208 1240 4265 constet,
1274 4214 1371 4269 per
1390 4213 1510 4252 sese
1535 4212 1737 4251 annum
1768 4195 1942 4261 nobis,
1966 4210 2073 4265 quo

496 4301 563 4341 ve
593 4303 626 4342 e
669 4290 851 4344 datum
894 4290 1078 4354 fuerit,
1124 4300 1332 4344 certum
1374 4298 1538 4356 atque
1564 4287 1922 4341 indubitatum
1949 4286 2073 4340 red-

493 4378 623 4434 dere
669 4396 775 4436 non
822 4383 1011 4451 possit.
1070 4381 1223 4448 Quod
1263 4396 1384 4435 cum
1421 4380 1494 4434 ita
1544 4380 1635 4443 sit,
1680 4377 2074 4448 Roget-iitroque

493 4470 729 4539 diploma
760 4475 994 4528 secunda
1026 4472 1249 4543 Augusti
1298 4473 1384 4527 die
1424 4472 1703 4541 ipsiusmet
1731 4472 1883 4532 anni,
1919 4471 2071 4537 cujus

494 4559 606 4624 (adi
656 4576 805 4614 num.
858 4560 983 4629 658)
1024 4540 1281 4629 vigesima
1320 4576 1459 4614 nona
1510 4559 1631 4613 Julii
1669 4561 1776 4624 die,
1825 4574 1889 4613 ac
1918 4562 2068 4628 proin
2104 4540 2149 4597 D

498 4651 668 4705 tribus
694 4661 899 4705 tantum
930 4650 1053 4704 dicb
1077 4668 1118 4701 ts
1146 4659 1290 4715 ante,
1313 4649 1664 4719 Squillacium
1692 4665 1760 4704 ex
1786 4651 2067 4707 obsidione

496 4742 772 4811 Capuana,
830 4757 972 4796 anno
1026 4757 1091 4795 ex
1133 4741 1291 4796 dictis
1338 4740 1474 4799 1098
1526 4742 1700 4804 facta,
1746 4741 2065 4806 advenerat,

495 4833 734 4887 Brunoui
820 4833 1185 4900 impertiisse,
1261 4847 1449 4899 parum
1523 4831 1834 4887 verosimde
1905 4846 2069 4900 appa.

491 4935 631 4981 rent.
679 4925 819 4978 notis
846 4923 1140 4985 chronicis,
1167 4938 1309 4992 quae,
1340 4939 1445 4993 quo
1472 4931 1711 4993 tempore
1740 4923 2068 4981 instrumen-

494 5026 605 5069 tqu
636 5016 762 5069 illud
793 5015 974 5068 datum
1019 5028 1110 5065 seu
1144 5014 1401 5082 scriptum
1450 5013 1634 5076 fuerit,
1678 5013 1731 5067 in
1766 5012 1924 5081 hujus
1964 5013 2070 5072 huc

494 5106 827 5171 tranStzripto
879 5118 909 5156 c
970 5100 1254 5155 Morkeusii
1308 5102 2070 5170 Chronologico-diplomatica

496 5199 564 5253 de
620 5198 676 5252 S.
731 5197 983 5249 Brunone
1029 5193 1263 5247 Diatriba
1311 5193 1604 5263 exemplari
1655 5192 1891 5262 signant,
1921 5201 2071 5246 stan.

491 5288 526 5341 d
550 5305 620 5342 im
649 5296 799 5357 puto,
857 5284 1018 5352 idque
1048 5285 1268 5353 proinde
1308 5300 1469 5351 anno,
1510 5284 1587 5337 uti
1614 5283 1668 5336 in
1700 5283 1802 5336 hcc
1829 5291 2047 5336 notatur

494 5385 632 5438 1099
665 5384 847 5435 datum
897 5380 1083 5433 fuisse.
1128 5382 1343 5441 Verum,
1393 5393 1452 5436 ut
1498 5383 1561 5436 ad
1594 5381 1873 5436 Camillum
1911 5381 2072 5438 Pere-

490 5478 754 5546 grinium,
785 5471 875 5540 qui
920 5472 1154 5540 Capuam
1187 5489 1326 5527 anno
1358 5475 1492 5531 1098
1522 5490 1551 5530 a
1583 5475 1780 5529 comite
1816 5460 2065 5546 Rogerio,

499 5565 666 5620 fuisse
701 5563 999 5629 obsessam,
1051 5565 1341 5634 eodemque
1386 5582 1526 5622 anno
1568 5566 1823 5636 diploma,
1867 5569 1932 5622 de
1961 5585 2068 5639 quo

496 5656 611 5721 hic,
649 5654 851 5711 Sancto
898 5664 1080 5709 nostro
1121 5673 1149 5710 a
1181 5658 1420 5728 principe
1460 5659 1549 5712 illo
1588 5673 1907 5713 concessum
1933 5662 2064 5724 vult,

492 5745 604 5821 jam
637 5744 877 5816 veniam,
906 5744 990 5799 hic
1024 5745 1075 5800 iu
1127 5749 1585 5816 annotationibus,
1616 5764 1747 5821 quas
1776 5747 1906 5816 Lupi
1940 5748 2067 5806 Pru-

2169 1932 2279 1999 bet,
2311 1932 2498 1986 eodem
2530 1944 2693 1995 anno,
2726 1930 2821 1983 sed
2862 1943 3009 1983 anno
3031 1923 3397 1987 antecedenti,
3422 1922 3560 1977 sicut
3585 1920 3718 1977 habet

2168 2024 2470 2079 Gaul‘redus
2509 2022 2818 2087 Malaterra,
2862 2021 2951 2091 qui
2980 2019 3162 2089 ejusce
3186 2015 3486 2073 obsidionis
3514 2022 3718 2081 tempore

2173 2134 2194 2169 ι
2233 2115 2481 2180 aliirmat,
2539 2114 2612 2170 ibi
2658 2114 3063 2184 imprregnatam
3098 2112 3151 2165 in
3182 2124 3328 2164 anno
3356 2107 3492 2163 1097
3514 2106 3719 2160 comitis-

2176 2224 2194 2259 ι
2230 2222 2344 2262 sam
2389 2205 2693 2261 Adelasiam
2725 2207 2791 2259 de
2829 2206 3026 2259 comite
3066 2202 3330 2274 Rogerio;
3375 2219 3394 2252 ›
3449 2199 3604 2263 haud,
3651 2200 3718 2252 in-

2171 2312 2355 2366 quam,
2380 2312 2552 2351 annus
2581 2298 2689 2353 dati
2717 2294 3120 2365 diplomatisab
3143 2309 3283 2348 anno
3307 2292 3575 2361 Capuanze
3602 2290 3720 2345 obsi-

2172 2390 2349 2444 dionis
2383 2390 2802 2458 :egrolanlisque
2832 2389 3045 2443 comitis
3082 2386 3303 2458 Rogerii
3341 2383 3721 2452 distinguendus

2172 2479 2425 2544 vitetur;
2478 2495 2577 2534 nec
2628 2494 2812 2534 eomes
2857 2478 3157 2534 ultroneam
3201 2492 3354 2531 suam
3409 2474 3721 2528 donationem

2174 2579 2295 2640 post
2346 2579 2652 2640 susceptum
2705 2569 3025 2624 beneficium
3075 2570 3127 2623 in
3182 2581 3385 2623 annum
3441 2574 3721 2635 sequentem

2174 2661 2467 2724 Jstulisse.
2499 2662 2642 2716 nulla
2672 2662 2885 2715 interim
2911 2660 3152 2730 exposita
3186 2657 3450 2729 ejusmodi
3479 2656 3721 2711 dilationis

2176 2756 2482 2818 occasione,
2524 2770 2642 2825 quae
2675 2768 2805 2808 sane
2836 2753 3006 2808 nulla'
3045 2754 3172 2821 quin
3219 2752 3325 2805 imo
3355 2748 3725 2805 convenientis-

2176 2847 2312 2901 sime
2338 2846 2654 2912 dixerimus,
2687 2862 2793 2900 non
2828 2845 3071 2900 revoluto
3097 2861 3193 2899 nec
3221 2843 3589 2897 anniversario
3609 2856 3724 2894 anno

2178 2938 2466 3006 Rogerium
2508 2938 2731 2991 rediisse
2762 2936 3151 3005 Squillacium;
3187 2935 3279 2989 sed
3304 2950 3427 2990 cum
3460 2934 3671 3003 primum
3700 2948 3725 2987 e

2178 3027 2358 3094 Capua
2393 3028 2515 3082 illnc
2545 3028 2744 3097 appulit
2786 3044 2849 3082 ac
2880 3044 2974 3098 per
3004 3027 3365 3082 valetudinem
3401 3025 3581 3087 valuit,
3611 3040 3727 3094 prce.

2180 3118 2350 3173 fatum
2387 3119 2725 3188 privilegium
2762 3119 3067 3172 indulsisse.
3117 3136 3133 3169 ι
3183 3116 3261 3171 lta
3303 3117 3565 3171 hactenus
3590 3114 3726 3168 Pere-

2180 3210 2386 3279 grinius
2434 3209 2662 3279 diploma
2709 3224 2801 3263 seu
2844 3209 3181 3278 privilegium
3219 3223 3284 3262 co
3312 3207 3428 3276 ipso
3458 3221 3610 3271 anno,
3639 3219 3726 3274 qro

2177 3300 2359 3369 Capua
2406 3314 2433 3352 a
2468 3299 2663 3354 comite
2688 3299 2921 3368 Rogerio
2952 3299 3051 3352 fuit
3078 3298 3323 3362 obsessa,
3353 3297 3510 3365 eique
3528 3295 3724 3357 reddita,

2177 3388 2235 3442 S.
2299 3388 2535 3443 Brunoui
2608 3390 2791 3443 datum
2843 3388 3047 3455 fuisse,
3104 3388 3347 3453 idcirco,
3415 3395 3475 3441 ut
3514 3392 3722 3455 apparet,

2176 3482 2539 3551 potissimum,
2590 3498 2656 3537 ne
2709 3483 2884 3538 dicam
2940 3483 3117 3549 unice,
3183 3482 3537 3546 contendens,
3584 3478 3724 3548 quod.

2176 3574 2513 3644 privilegium
2554 3574 2703 3639 illud,
2741 3574 2946 3630 Sancto
2987 3582 3170 3627 nostro
3206 3589 3232 3626 a
3278 3573 3479 3626 cernite
3524 3569 3726 3639 Rogcrio

2174 3673 2314 3736 grati
2345 3666 2509 3718 animi
2542 3681 2691 3737 ergo,
2725 3666 2888 3734 quod,
2932 3680 2997 3720 eo
3038 3674 3334 3734 apparente
3378 3670 3722 3728 monenteque,

2176 3759 2554 3829 gravissimum
2611 3759 2907 3830 periculum
2972 3768 3100 3811 ante
3155 3756 3397 3826 Capuam
3460 3755 3723 3817 evasisset,

2176 3850 2554 3905 liberalissime
2584 3865 2925 3912 concessum,
2973 3863 3114 3903 anno
3166 3847 3399 3916 amplius
3440 3854 3556 3915 post
3591 3844 3716 3897 benc-

2177 3939 2357 3993 licium
2410 3946 2689 4007 acceptum
2747 3938 2957 4009 integro
2997 3953 3025 3991 a
3056 3936 3300 4007 principe
3347 3935 3482 3999 illo,
3517 3935 3565 3988 in
3614 3931 3727 3985 Bru-

2173 4044 2369 4083 uonem
2420 4030 2621 4097 optime
2676 4028 2869 4084 affecto
2914 4045 2977 4084 ac
3025 4030 3258 4083 maxime
3298 4027 3573 4091 benevolo,
3612 4024 3725 4076 dila-

2177 4128 2290 4175 tum
2349 4119 2537 4183 fuisse,
2587 4120 2896 4176 verosimile
2946 4120 3087 4175 haud
3141 4121 3366 4188 putarit,
3418 4120 3490 4174 ita
3548 4116 3725 4173 scilicet

2173 4224 2205 4264 a
2247 4210 2356 4265 imo
2378 4219 2740 4279 comparatus,
2767 4210 2908 4280 quod
2941 4211 3144 4265 nullam
3177 4210 3386 4277 comiti,
3414 4211 3484 4266 ob
3511 4224 3653 4279 quam
3679 4205 3723 4259 in

2174 4314 2374 4353 annum
2425 4300 2476 4354 id
2507 4299 2766 4363 diti'erret,
2806 4315 2928 4357 esse
2971 4301 3209 4370 potuisse
3237 4314 3482 4364 causam,
3513 4296 3724 4355 credide-

2175 4391 2267 4455 rit,
2300 4398 2394 4445 aut
2431 4402 2599 4459 certe,
2634 4407 2880 4462 quaenam
2911 4392 2983 4447 illi
3014 4405 3134 4448 esse
3156 4392 3414 4462 potuerit,
3444 4391 3581 4447 haud
3608 4403 3726 4445 com-

2175 4482 2397 4551 pererit.
2460 4483 2677 4548 Verum,
2725 4485 2825 4539 etsi
2870 4484 3087 4554 quidem
3117 4499 3303 4539 comes
3347 4499 3414 4539 eo
3444 4484 3558 4554 ipso
3586 4493 3723 4541 anno,

2173 4591 2280 4645 quo
2318 4576 2384 4629 ah
2428 4575 2708 4630 obsidione
2750 4576 3001 4647 Capuana
3040 4576 3220 4641 rediit,
3254 4576 3589 4647 privilegium
3618 4572 3724 4626 illud

2171 4666 2561 4733 amplissimum
2638 4665 2694 4720 S.
2757 4665 2989 4720 Brunoui
3051 4666 3311 4733 impertiri
3379 4663 3722 4734 paratissimus

2172 4755 2355 4821 fuerit,
2394 4771 2560 4826 reque
2608 4756 2771 4811 etiam
2814 4756 2952 4826 ipsa,
2990 4757 3033 4811 si
3086 4756 3314 4810 liberum
3353 4756 3405 4810 id
3453 4756 3501 4812 ei
3533 4753 3723 4808 omnino

2171 4846 2383 4915 fuisset,
2416 4847 2559 4902 haud
2591 4848 2751 4903 dubie
2774 4848 3145 4918 itnpentiissct,
3170 4847 3435 4907 rationem
3461 4857 3646 4905 tamen,
3667 4841 3724 4896 ob

2170 4951 2333 5004 quam
2380 4938 2432 4992 id
2470 4946 2598 4992 tunc
2640 4954 2743 4992 non
2795 4938 3004 5001 fecerit,
3052 4938 3345 5009 ipsummet
3392 4938 3616 5009 diploma
3642 4948 3725 4989 seu

2173 5026 2510 5097 privilegium
2540 5027 2795 5097 suggerit.
3331 5018 3338 5025 ’

2243 5115 2368 5169 670.
2410 5116 2623 5170 Etenim
2666 5118 2719 5171 in
2772 5118 2875 5172 hoc
2923 5116 3187 5184 Rogerius
3222 5131 3417 5173 comes,
3454 5116 3559 5189 (adi
3594 5129 3720 5169 num.

2171 5202 2298 5269 638)
2346 5204 2412 5257 de
2451 5218 2536 5269 se,
2594 5218 2714 5258 cum
2764 5206 2996 5274 primum
3046 5206 3115 5259 ab
3163 5205 3455 5261 obsidione
3497 5206 3721 5273 Capuana

2173 5292 2523 5363 Squillacium
2569 5304 2713 5351 esset
2750 5310 3018 5362 reversus,
3068 5296 3140 5350 ita
3179 5296 3459 5365 loquitur:
3494 5316 3512 5348 ι
3550 5292 3723 5364 Rogavi

2170 5402 2383 5456 quoque
2427 5389 2506 5455 (S.
2545 5388 2851 5444 Brunonem
2892 5390 3160 5459 videlicet)
3204 5391 3507 5461 humiliter,
3548 5402 3604 5447 ut
3643 5402 3725 5460 pro

2173 5481 2266 5535 Dei
2318 5496 2503 5537 amore
2557 5482 2609 5536 in
2649 5492 2794 5539 terra
2848 5483 3124 5552 Squillacii
3169 5500 3389 5541 sumere
3439 5486 3724 5557 dignaretur

2171 5572 2352 5640 largos
2389 5572 2643 5634 redditus,
2686 5587 2821 5641 quos
2861 5572 3126 5626 donabam
3160 5586 3175 5625 :
3220 5588 3459 5628 renuens
3497 5574 3580 5628 ille
3608 5570 3723 5625 reci«

2168 5675 2297 5730 pere
2322 5662 2551 5725 dicebat,
2584 5662 2724 5731 quod
2754 5663 2818 5716 ad
2842 5662 2943 5715 hoc
2974 5661 3188 5714 domum
3221 5662 3303 5716 sui
3340 5661 3519 5717 Patris
3543 5675 3722 5714 meant-

2170 5767 2274 5822 que
2306 5752 2603 5820 dimiserat,
2644 5762 2699 5808 ut
2742 5767 2770 5807 a
2810 5751 2993 5807 mundi
3030 5752 3191 5809 rebus
3234 5763 3529 5810 extraneos
3565 5753 3724 5807 desera

3845 0 3847 21 ι

3846 504 3847 525 t

3846 632 3847 659 i
