  <div class='ocr_page' id='page_1' title='image "/cluster/home/n/w/nwhite01/storage/ocr_20150623/152/hvd.32044015473804/212.png"; bbox 0 0 3846 6316; ppageno 0'>
   <div class='ocr_carea' id='block_1_1' title="bbox 92 348 1793 444">
    <p class='ocr_par' dir='ltr' id='par_1_1' title="bbox 92 348 1793 444">
     <span class='ocr_line' id='line_1_1' title="bbox 92 348 1793 444; baseline -0.013 -1"><span class='ocrx_word' id='word_1_1' title='bbox 92 385 180 444; x_wconf 69' lang='grc' dir='ltr'><strong>με</strong></span> <span class='ocrx_word' id='word_1_2' title='bbox 394 348 439 351; x_wconf 2' lang='lat' dir='ltr'><strong>id</strong></span> <span class='ocrx_word' id='word_1_3' title='bbox 1260 348 1269 352; x_wconf 80' lang='grc'><em>’</em></span> <span class='ocrx_word' id='word_1_4' title='bbox 1587 366 1793 423; x_wconf 81' lang='lat' dir='ltr'><strong>ACTA.</strong></span> 
     </span>
    </p>
   </div>
   <div class='ocr_carea' id='block_1_2' title="bbox 2050 301 2157 318">
    <p class='ocr_par' dir='ltr' id='par_1_2' title="bbox 2050 301 2157 318">
     <span class='ocr_line' id='line_1_2' title="bbox 2050 301 2157 318; baseline -0.019 -3"><span class='ocrx_word' id='word_1_5' title='bbox 2050 301 2157 318; x_wconf 65' lang='grc' dir='ltr'><strong>,ι-οο</strong></span> 
     </span>
    </p>
   </div>
   <div class='ocr_carea' id='block_1_3' title="bbox 3220 364 3331 420">
    <p class='ocr_par' dir='ltr' id='par_1_3' title="bbox 3220 364 3331 420">
     <span class='ocr_line' id='line_1_3' title="bbox 3220 364 3331 420; baseline 0.018 -2"><span class='ocrx_word' id='word_1_6' title='bbox 3220 364 3331 420; x_wconf 73' lang='grc' dir='ltr'><strong>ιη</strong></span> 
     </span>
    </p>
   </div>
   <div class='ocr_carea' id='block_1_4' title="bbox 89 478 3343 554">
    <p class='ocr_par' dir='ltr' id='par_1_4' title="bbox 89 478 3343 554">
     <span class='ocr_line' id='line_1_4' title="bbox 89 478 3343 554; baseline -0.007 -2"><span class='ocrx_word' id='word_1_7' title='bbox 89 500 213 552; x_wconf 78' lang='lat' dir='ltr'><strong>viret</strong></span> <span class='ocrx_word' id='word_1_8' title='bbox 250 492 413 549; x_wconf 82' lang='lat' dir='ltr'><strong>libere</strong></span> <span class='ocrx_word' id='word_1_9' title='bbox 444 489 557 545; x_wconf 84' lang='lat' dir='ltr'><strong>Deo</strong></span> <span class='ocrx_word' id='word_1_10' title='bbox 585 503 705 544; x_wconf 88' lang='lat' dir='ltr'><strong>suo.</strong></span> <span class='ocrx_word' id='word_1_11' title='bbox 756 486 855 544; x_wconf 78' lang='lat' dir='ltr'><strong>Hic</strong></span> <span class='ocrx_word' id='word_1_12' title='bbox 896 484 1159 547; x_wconf 55' lang='lat' dir='ltr'><strong>fuerat&#39;in</strong></span> <span class='ocrx_word' id='word_1_13' title='bbox 1194 492 1304 540; x_wconf 85' lang='lat' dir='ltr'><strong>tota</strong></span> <span class='ocrx_word' id='word_1_14' title='bbox 1337 499 1456 539; x_wconf 88' lang='lat' dir='ltr'><strong>mea</strong></span> <span class='ocrx_word' id='word_1_15' title='bbox 1487 484 1647 538; x_wconf 92' lang='lat' dir='ltr'><strong>domo</strong></span> <span class='ocrx_word' id='word_1_16' title='bbox 1673 483 1725 542; x_wconf 78' lang='grc' dir='ltr'><strong>Α</strong></span> <span class='ocrx_word' id='word_1_17' title='bbox 1749 482 2036 554; x_wconf 87' lang='lat' dir='ltr'><strong>episcopus</strong></span> <span class='ocrx_word' id='word_1_18' title='bbox 2096 483 2429 552; x_wconf 80' lang='lat' dir='ltr'><strong>Regitanus;</strong></span> <span class='ocrx_word' id='word_1_19' title='bbox 2474 489 2595 551; x_wconf 84' lang='lat' dir='ltr'><strong>post</strong></span> <span class='ocrx_word' id='word_1_20' title='bbox 2650 494 2816 549; x_wconf 66' lang='lat' dir='ltr'><strong>quem</strong></span> <span class='ocrx_word' id='word_1_21' title='bbox 2880 478 3151 548; x_wconf 69' lang='lat' dir='ltr'><strong>ﬂugerius</strong></span> <span class='ocrx_word' id='word_1_22' title='bbox 3207 478 3343 545; x_wconf 78' lang='lat' dir='ltr'><strong>dux,</strong></span> 
     </span>
    </p>
   </div>
   <div class='ocr_carea' id='block_1_5' title="bbox 88 574 1653 659">
    <p class='ocr_par' dir='ltr' id='par_1_5' title="bbox 88 574 1653 659">
     <span class='ocr_line' id='line_1_5' title="bbox 88 574 1653 659; baseline -0.01 -17"><span class='ocrx_word' id='word_1_23' title='bbox 88 586 226 659; x_wconf 85' lang='lat' dir='ltr'><strong>quasi</strong></span> <span class='ocrx_word' id='word_1_24' title='bbox 262 584 467 657; x_wconf 89' lang='lat' dir='ltr'><strong>primus</strong></span> <span class='ocrx_word' id='word_1_25' title='bbox 494 592 548 639; x_wconf 91' lang='lat' dir='ltr'><strong>et</strong></span> <span class='ocrx_word' id='word_1_26' title='bbox 585 597 834 652; x_wconf 82' lang='lat' dir='ltr'><strong>magnus.</strong></span> <span class='ocrx_word' id='word_1_27' title='bbox 875 580 1117 635; x_wconf 84' lang='lat' dir='ltr'><strong>Tandem</strong></span> <span class='ocrx_word' id='word_1_28' title='bbox 1146 578 1238 633; x_wconf 80' lang='lat' dir='ltr'><strong>vix</strong></span> <span class='ocrx_word' id='word_1_29' title='bbox 1288 592 1411 632; x_wconf 88' lang='lat' dir='ltr'><strong>cum</strong></span> <span class='ocrx_word' id='word_1_30' title='bbox 1447 590 1513 630; x_wconf 90' lang='lat' dir='ltr'><strong>eo</strong></span> <span class='ocrx_word' id='word_1_31' title='bbox 1552 574 1653 628; x_wconf 85' lang='lat' dir='ltr'><strong>lm-</strong></span> 
     </span>
    </p>
   </div>
   <div class='ocr_carea' id='block_1_6' title="bbox 88 666 1656 751">
    <p class='ocr_par' dir='ltr' id='par_1_6' title="bbox 88 666 1656 751">
     <span class='ocr_line' id='line_1_6' title="bbox 88 666 1656 751; baseline -0.01 -16"><span class='ocrx_word' id='word_1_32' title='bbox 88 690 282 751; x_wconf 76' lang='lat' dir='ltr'><strong>petrare</strong></span> <span class='ocrx_word' id='word_1_33' title='bbox 328 676 502 748; x_wconf 92' lang='lat' dir='ltr'><strong>potui,</strong></span> <span class='ocrx_word' id='word_1_34' title='bbox 532 685 594 729; x_wconf 91' lang='lat' dir='ltr'><strong>ut</strong></span> <span class='ocrx_word' id='word_1_35' title='bbox 620 674 794 746; x_wconf 84' lang='lat' dir='ltr'><strong>gratis</strong></span> <span class='ocrx_word' id='word_1_36' title='bbox 823 673 1195 743; x_wconf 77' lang='lat' dir='ltr'><strong>acquiesceret</strong></span> <span class='ocrx_word' id='word_1_37' title='bbox 1228 683 1442 725; x_wconf 79' lang='lat' dir='ltr'><strong>sumere</strong></span> <span class='ocrx_word' id='word_1_38' title='bbox 1484 666 1656 721; x_wconf 86' lang='lat' dir='ltr'><strong>modi-</strong></span> 
     </span>
    </p>
   </div>
   <div class='ocr_carea' id='block_1_7' title="bbox 86 757 1652 834">
    <p class='ocr_par' dir='ltr' id='par_1_7' title="bbox 86 757 1652 834">
     <span class='ocr_line' id='line_1_7' title="bbox 86 757 1652 834; baseline -0.008 -9"><span class='ocrx_word' id='word_1_39' title='bbox 86 786 193 825; x_wconf 80' lang='lat' dir='ltr'><strong>um</strong></span> <span class='ocrx_word' id='word_1_40' title='bbox 233 783 429 823; x_wconf 76' lang='lat' dir='ltr'><strong>mnus</strong></span> <span class='ocrx_word' id='word_1_41' title='bbox 452 782 660 821; x_wconf 76' lang='lat' dir='ltr'><strong>meum.</strong></span> <span class='ocrx_word' id='word_1_42' title='bbox 694 785 715 816; x_wconf 75' lang='grc' dir='ltr'><strong><em>ι</em></strong></span> <span class='ocrx_word' id='word_1_43' title='bbox 750 765 905 833; x_wconf 81' lang='lat' dir='ltr'><strong>Quod</strong></span> <span class='ocrx_word' id='word_1_44' title='bbox 942 765 1128 834; x_wconf 77' lang='lat' dir='ltr'><strong>itaque</strong></span> <span class='ocrx_word' id='word_1_45' title='bbox 1158 763 1275 833; x_wconf 89' lang='lat' dir='ltr'><strong>ipso</strong></span> <span class='ocrx_word' id='word_1_46' title='bbox 1312 775 1457 815; x_wconf 78' lang='lat' dir='ltr'><strong>anno</strong></span> <span class='ocrx_word' id='word_1_47' title='bbox 1493 757 1652 827; x_wconf 82' lang='grc'><strong>1098,</strong></span> 
     </span>
    </p>
   </div>
   <div class='ocr_carea' id='block_1_8' title="bbox 87 849 1657 929">
    <p class='ocr_par' dir='ltr' id='par_1_8' title="bbox 87 849 1657 929">
     <span class='ocr_line' id='line_1_8' title="bbox 87 849 1657 929; baseline -0.007 -16"><span class='ocrx_word' id='word_1_48' title='bbox 87 875 177 929; x_wconf 68' lang='lat' dir='ltr'><strong>quo</strong></span> <span class='ocrx_word' id='word_1_49' title='bbox 208 858 387 929; x_wconf 79' lang='lat' dir='ltr'><strong>Capua</strong></span> <span class='ocrx_word' id='word_1_50' title='bbox 420 858 649 910; x_wconf 81' lang='lat' dir='ltr'><strong>obsessa</strong></span> <span class='ocrx_word' id='word_1_51' title='bbox 688 855 1023 924; x_wconf 82' lang='lat' dir='ltr'><strong>subactaque</strong></span> <span class='ocrx_word' id='word_1_52' title='bbox 1076 869 1107 906; x_wconf 90' lang='lat' dir='ltr'><strong>a</strong></span> <span class='ocrx_word' id='word_1_53' title='bbox 1175 851 1375 906; x_wconf 87' lang='lat' dir='ltr'><strong>comite</strong></span> <span class='ocrx_word' id='word_1_54' title='bbox 1424 849 1657 916; x_wconf 77' lang='lat' dir='ltr'><strong>Bogerio</strong></span> 
     </span>
    </p>
   </div>
   <div class='ocr_carea' id='block_1_9' title="bbox 90 939 1657 1017">
    <p class='ocr_par' dir='ltr' id='par_1_9' title="bbox 90 939 1657 1017">
     <span class='ocr_line' id='line_1_9' title="bbox 90 939 1657 1017; baseline -0.008 -12"><span class='ocrx_word' id='word_1_55' title='bbox 90 953 192 1016; x_wconf 84' lang='lat' dir='ltr'><strong>iuit,</strong></span> <span class='ocrx_word' id='word_1_56' title='bbox 235 948 655 1017; x_wconf 85' lang='lat' dir='ltr'><strong>amplissimum,</strong></span> <span class='ocrx_word' id='word_1_57' title='bbox 698 946 767 1002; x_wconf 90' lang='lat' dir='ltr'><strong>de</strong></span> <span class='ocrx_word' id='word_1_58' title='bbox 794 961 902 1015; x_wconf 91' lang='lat' dir='ltr'><strong>quo</strong></span> <span class='ocrx_word' id='word_1_59' title='bbox 933 946 1022 1000; x_wconf 92' lang='lat' dir='ltr'><strong>bic</strong></span> <span class='ocrx_word' id='word_1_60' title='bbox 1052 944 1211 999; x_wconf 89' lang='lat' dir='ltr'><strong>nobis</strong></span> <span class='ocrx_word' id='word_1_61' title='bbox 1245 956 1445 1007; x_wconf 91' lang='lat' dir='ltr'><strong>sermo,</strong></span> <span class='ocrx_word' id='word_1_62' title='bbox 1488 939 1657 1010; x_wconf 83' lang='lat' dir='ltr'><strong>privi—</strong></span> 
     </span>
    </p>
   </div>
   <div class='ocr_carea' id='block_1_10' title="bbox 90 1030 1662 1112">
    <p class='ocr_par' dir='ltr' id='par_1_10' title="bbox 90 1030 1662 1112">
     <span class='ocr_line' id='line_1_10' title="bbox 90 1030 1662 1112; baseline -0.005 -17"><span class='ocrx_word' id='word_1_63' title='bbox 90 1043 262 1112; x_wconf 78' lang='lat' dir='ltr'><strong>legium</strong></span> <span class='ocrx_word' id='word_1_64' title='bbox 321 1037 382 1095; x_wconf 93' lang='lat' dir='ltr'><strong>S.</strong></span> <span class='ocrx_word' id='word_1_65' title='bbox 436 1037 679 1093; x_wconf 84' lang='lat' dir='ltr'><strong>Brunoni</strong></span> <span class='ocrx_word' id='word_1_66' title='bbox 726 1051 1046 1092; x_wconf 87' lang='lat' dir='ltr'><strong>concessum</strong></span> <span class='ocrx_word' id='word_1_67' title='bbox 1101 1050 1132 1089; x_wconf 89' lang='lat' dir='ltr'><strong>a</strong></span> <span class='ocrx_word' id='word_1_68' title='bbox 1167 1033 1366 1090; x_wconf 86' lang='lat' dir='ltr'><strong>comite</strong></span> <span class='ocrx_word' id='word_1_69' title='bbox 1429 1030 1662 1101; x_wconf 80' lang='lat' dir='ltr'><strong>Bogerio</strong></span> 
     </span>
    </p>
   </div>
   <div class='ocr_carea' id='block_1_11' title="bbox 90 1123 1659 1197">
    <p class='ocr_par' dir='ltr' id='par_1_11' title="bbox 90 1123 1659 1197">
     <span class='ocr_line' id='line_1_11' title="bbox 90 1123 1659 1197; baseline -0.004 -9"><span class='ocrx_word' id='word_1_70' title='bbox 90 1151 177 1188; x_wconf 88' lang='lat' dir='ltr'><strong>non</strong></span> <span class='ocrx_word' id='word_1_71' title='bbox 198 1132 387 1197; x_wconf 80' lang='lat' dir='ltr'><strong>fuerit,</strong></span> <span class='ocrx_word' id='word_1_72' title='bbox 425 1132 482 1186; x_wconf 91' lang='lat' dir='ltr'><strong>in</strong></span> <span class='ocrx_word' id='word_1_73' title='bbox 522 1145 687 1186; x_wconf 87' lang='lat' dir='ltr'><strong>causa</strong></span> <span class='ocrx_word' id='word_1_74' title='bbox 716 1130 839 1195; x_wconf 77' lang='lat' dir='ltr'><strong>fuit,</strong></span> <span class='ocrx_word' id='word_1_75' title='bbox 870 1146 978 1189; x_wconf 87' lang='lat' dir='ltr'><strong>non</strong></span> <span class='ocrx_word' id='word_1_76' title='bbox 1030 1129 1139 1195; x_wconf 88' lang='lat' dir='ltr'><strong>hic,</strong></span> <span class='ocrx_word' id='word_1_77' title='bbox 1187 1128 1280 1182; x_wconf 88' lang='lat' dir='ltr'><strong>sed</strong></span> <span class='ocrx_word' id='word_1_78' title='bbox 1330 1127 1557 1195; x_wconf 86' lang='lat' dir='ltr'><strong>ipsemet</strong></span> <span class='ocrx_word' id='word_1_79' title='bbox 1599 1123 1659 1181; x_wconf 72' lang='grc' dir='ltr'><strong>ὃ.</strong></span> 
     </span>
    </p>
   </div>
   <div class='ocr_carea' id='block_1_12' title="bbox 92 1217 1663 1295">
    <p class='ocr_par' dir='ltr' id='par_1_12' title="bbox 92 1217 1663 1295">
     <span class='ocr_line' id='line_1_12' title="bbox 92 1217 1663 1295; baseline -0.004 -16"><span class='ocrx_word' id='word_1_80' title='bbox 92 1225 266 1290; x_wconf 87' lang='lat' dir='ltr'><strong>Bruuo,</strong></span> <span class='ocrx_word' id='word_1_81' title='bbox 334 1223 427 1295; x_wconf 90' lang='lat' dir='ltr'><strong>qui</strong></span> <span class='ocrx_word' id='word_1_82' title='bbox 475 1222 732 1278; x_wconf 85' lang='lat' dir='ltr'><strong>nimirum</strong></span> <span class='ocrx_word' id='word_1_83' title='bbox 782 1223 1101 1279; x_wconf 74' lang='lat' dir='ltr'><strong>donationes</strong></span> <span class='ocrx_word' id='word_1_84' title='bbox 1149 1219 1483 1291; x_wconf 79' lang='lat' dir='ltr'><strong>largissimas</strong></span> <span class='ocrx_word' id='word_1_85' title='bbox 1533 1217 1663 1275; x_wconf 87' lang='lat' dir='ltr'><strong>lihe-</strong></span> 
     </span>
    </p>
   </div>
   <div class='ocr_carea' id='block_1_13' title="bbox 93 1310 1659 1383">
    <p class='ocr_par' dir='ltr' id='par_1_13' title="bbox 93 1310 1659 1383">
     <span class='ocr_line' id='line_1_13' title="bbox 93 1310 1659 1383; baseline -0.003 -13"><span class='ocrx_word' id='word_1_86' title='bbox 93 1316 504 1383; x_wconf 80' lang='lat' dir='ltr'><strong>ralissimasque,</strong></span> <span class='ocrx_word' id='word_1_87' title='bbox 545 1314 647 1368; x_wconf 90' lang='lat' dir='ltr'><strong>sibi</strong></span> <span class='ocrx_word' id='word_1_88' title='bbox 702 1323 832 1371; x_wconf 85' lang='lat' dir='ltr'><strong>tunc</strong></span> <span class='ocrx_word' id='word_1_89' title='bbox 880 1314 949 1369; x_wconf 89' lang='lat' dir='ltr'><strong>ab</strong></span> <span class='ocrx_word' id='word_1_90' title='bbox 989 1314 1092 1371; x_wconf 87' lang='lat' dir='ltr'><strong>hoc</strong></span> <span class='ocrx_word' id='word_1_91' title='bbox 1137 1313 1382 1383; x_wconf 79' lang='lat' dir='ltr'><strong>principe</strong></span> <span class='ocrx_word' id='word_1_92' title='bbox 1430 1310 1659 1379; x_wconf 86' lang='lat' dir='ltr'><strong>oblatas,</strong></span> 
     </span>
    </p>
   </div>
   <div class='ocr_carea' id='block_1_14' title="bbox 93 1403 1665 1479">
    <p class='ocr_par' dir='ltr' id='par_1_14' title="bbox 93 1403 1665 1479">
     <span class='ocr_line' id='line_1_14' title="bbox 93 1403 1665 1479; baseline -0.002 -18"><span class='ocrx_word' id='word_1_93' title='bbox 93 1406 306 1461; x_wconf 80' lang='lat' dir='ltr'><strong>noluerit.</strong></span> <span class='ocrx_word' id='word_1_94' title='bbox 343 1406 612 1479; x_wconf 79' lang='lat' dir='ltr'><strong>accipere,</strong></span> <span class='ocrx_word' id='word_1_95' title='bbox 654 1406 855 1475; x_wconf 85' lang='lat' dir='ltr'><strong>quique</strong></span> <span class='ocrx_word' id='word_1_96' title='bbox 902 1406 1139 1467; x_wconf 89' lang='lat' dir='ltr'><strong>tandem,</strong></span> <span class='ocrx_word' id='word_1_97' title='bbox 1181 1420 1304 1459; x_wconf 89' lang='lat' dir='ltr'><strong>cum</strong></span> <span class='ocrx_word' id='word_1_98' title='bbox 1338 1403 1549 1459; x_wconf 88' lang='lat' dir='ltr'><strong>scilicet</strong></span> <span class='ocrx_word' id='word_1_99' title='bbox 1574 1419 1665 1458; x_wconf 87' lang='lat' dir='ltr'><strong>an-</strong></span> 
     </span>
    </p>
   </div>
   <div class='ocr_carea' id='block_1_15' title="bbox 93 1496 1665 1567">
    <p class='ocr_par' dir='ltr' id='par_1_15' title="bbox 93 1496 1665 1567">
     <span class='ocr_line' id='line_1_15' title="bbox 93 1496 1665 1567; baseline 0 -15"><span class='ocrx_word' id='word_1_100' title='bbox 93 1514 177 1552; x_wconf 91' lang='lat' dir='ltr'><strong>uus</strong></span> <span class='ocrx_word' id='word_1_101' title='bbox 210 1496 444 1566; x_wconf 84' lang='lat' dir='ltr'><strong>amplius</strong></span> <span class='ocrx_word' id='word_1_102' title='bbox 476 1497 685 1567; x_wconf 79' lang='lat' dir='ltr'><strong>integer</strong></span> <span class='ocrx_word' id='word_1_103' title='bbox 733 1513 760 1550; x_wconf 91' lang='lat' dir='ltr'><strong>a</strong></span> <span class='ocrx_word' id='word_1_104' title='bbox 807 1507 1064 1567; x_wconf 89' lang='lat' dir='ltr'><strong>tempore,</strong></span> <span class='ocrx_word' id='word_1_105' title='bbox 1113 1513 1220 1567; x_wconf 92' lang='lat' dir='ltr'><strong>quo</strong></span> <span class='ocrx_word' id='word_1_106' title='bbox 1262 1497 1363 1552; x_wconf 90' lang='lat' dir='ltr'><strong>sibi</strong></span> <span class='ocrx_word' id='word_1_107' title='bbox 1406 1511 1436 1550; x_wconf 90' lang='lat' dir='ltr'><strong>a</strong></span> <span class='ocrx_word' id='word_1_108' title='bbox 1463 1498 1665 1552; x_wconf 87' lang='lat' dir='ltr'><strong>comite</strong></span> 
     </span>
    </p>
   </div>
   <div class='ocr_carea' id='block_1_16' title="bbox 95 1587 1662 1660">
    <p class='ocr_par' dir='ltr' id='par_1_16' title="bbox 95 1587 1662 1660">
     <span class='ocr_line' id='line_1_16' title="bbox 95 1587 1662 1660; baseline 0.001 -17"><span class='ocrx_word' id='word_1_109' title='bbox 95 1589 309 1659; x_wconf 78' lang='lat' dir='ltr'><strong>Rogerio</strong></span> <span class='ocrx_word' id='word_1_110' title='bbox 350 1590 675 1645; x_wconf 87' lang='lat' dir='ltr'><strong>donationes</strong></span> <span class='ocrx_word' id='word_1_111' title='bbox 706 1590 812 1645; x_wconf 66' lang='lat' dir='ltr'><strong>illae</strong></span> <span class='ocrx_word' id='word_1_112' title='bbox 857 1590 1137 1660; x_wconf 88' lang='lat' dir='ltr'><strong>Squillacii</strong></span> <span class='ocrx_word' id='word_1_113' title='bbox 1184 1589 1380 1645; x_wconf 83' lang='lat' dir='ltr'><strong>oblatae</strong></span> <span class='ocrx_word' id='word_1_114' title='bbox 1427 1587 1662 1657; x_wconf 79' lang='lat' dir='ltr'><strong>fuerant,</strong></span> 
     </span>
    </p>
   </div>
   <div class='ocr_carea' id='block_1_17' title="bbox 94 1682 1666 1754">
    <p class='ocr_par' dir='ltr' id='par_1_17' title="bbox 94 1682 1666 1754">
     <span class='ocr_line' id='line_1_17' title="bbox 94 1682 1666 1754; baseline 0 -17"><span class='ocrx_word' id='word_1_115' title='bbox 94 1692 215 1737; x_wconf 80' lang='lat' dir='ltr'><strong>esset</strong></span> <span class='ocrx_word' id='word_1_116' title='bbox 262 1683 501 1752; x_wconf 82' lang='lat' dir='ltr'><strong>elapsus,</strong></span> <span class='ocrx_word' id='word_1_117' title='bbox 539 1685 851 1753; x_wconf 83' lang='lat' dir='ltr'><strong>quampiam</strong></span> <span class='ocrx_word' id='word_1_118' title='bbox 898 1684 1090 1738; x_wconf 89' lang='lat' dir='ltr'><strong>barum</strong></span> <span class='ocrx_word' id='word_1_119' title='bbox 1133 1691 1343 1754; x_wconf 90' lang='lat' dir='ltr'><strong>partem</strong></span> <span class='ocrx_word' id='word_1_120' title='bbox 1385 1682 1437 1736; x_wconf 91' lang='lat' dir='ltr'><strong>in</strong></span> <span class='ocrx_word' id='word_1_121' title='bbox 1477 1698 1536 1736; x_wconf 90' lang='lat' dir='ltr'><strong>se</strong></span> <span class='ocrx_word' id='word_1_122' title='bbox 1568 1698 1666 1752; x_wconf 92' lang='lat' dir='ltr'><strong>pu-</strong></span> 
     </span>
    </p>
   </div>
   <div class='ocr_carea' id='block_1_18' title="bbox 94 1772 1663 1848">
    <p class='ocr_par' dir='ltr' id='par_1_18' title="bbox 94 1772 1663 1848">
     <span class='ocr_line' id='line_1_18' title="bbox 94 1772 1663 1848; baseline 0.004 -22"><span class='ocrx_word' id='word_1_123' title='bbox 94 1772 215 1827; x_wconf 82' lang='lat' dir='ltr'><strong>blico</strong></span> <span class='ocrx_word' id='word_1_124' title='bbox 241 1773 608 1829; x_wconf 86' lang='lat' dir='ltr'><strong>instrumento</strong></span> <span class='ocrx_word' id='word_1_125' title='bbox 640 1776 925 1831; x_wconf 82' lang='lat' dir='ltr'><strong>transcribi</strong></span> <span class='ocrx_word' id='word_1_126' title='bbox 955 1791 1098 1848; x_wconf 75' lang='lat' dir='ltr'><strong>tngre</strong></span> <span class='ocrx_word' id='word_1_127' title='bbox 1120 1777 1483 1831; x_wconf 87' lang='lat' dir='ltr'><strong>consenserit.</strong></span> <span class='ocrx_word' id='word_1_128' title='bbox 1510 1775 1663 1843; x_wconf 84' lang='lat' dir='ltr'><strong>Quod</strong></span> 
     </span>
    </p>
   </div>
   <div class='ocr_carea' id='block_1_19' title="bbox 97 1865 1664 1940">
    <p class='ocr_par' dir='ltr' id='par_1_19' title="bbox 97 1865 1664 1940">
     <span class='ocr_line' id='line_1_19' title="bbox 97 1865 1664 1940; baseline 0.005 -22"><span class='ocrx_word' id='word_1_129' title='bbox 97 1865 132 1919; x_wconf 81' lang='lat' dir='ltr'><strong>si</strong></span> <span class='ocrx_word' id='word_1_130' title='bbox 157 1881 247 1934; x_wconf 89' lang='lat' dir='ltr'><strong>pro</strong></span> <span class='ocrx_word' id='word_1_131' title='bbox 292 1866 555 1936; x_wconf 87' lang='lat' dir='ltr'><strong>vigesima</strong></span> <span class='ocrx_word' id='word_1_132' title='bbox 608 1882 749 1923; x_wconf 89' lang='lat' dir='ltr'><strong>nona</strong></span> <span class='ocrx_word' id='word_1_133' title='bbox 795 1868 923 1923; x_wconf 80' lang='lat' dir='ltr'><strong>Julii</strong></span> <span class='ocrx_word' id='word_1_134' title='bbox 967 1869 1076 1934; x_wconf 89' lang='lat' dir='ltr'><strong>die,</strong></span> <span class='ocrx_word' id='word_1_135' title='bbox 1120 1885 1225 1939; x_wconf 86' lang='lat' dir='ltr'><strong>qua</strong></span> <span class='ocrx_word' id='word_1_136' title='bbox 1281 1879 1403 1940; x_wconf 90' lang='lat' dir='ltr'><strong>post</strong></span> <span class='ocrx_word' id='word_1_137' title='bbox 1447 1883 1664 1940; x_wconf 87' lang='lat' dir='ltr'><strong>captam</strong></span> 
     </span>
    </p>
   </div>
   <div class='ocr_carea' id='block_1_20' title="bbox 98 1955 1668 2035">
    <p class='ocr_par' dir='ltr' id='par_1_20' title="bbox 98 1955 1668 2035">
     <span class='ocr_line' id='line_1_20' title="bbox 98 1955 1668 2035; baseline 0.006 -26"><span class='ocrx_word' id='word_1_138' title='bbox 98 1955 321 2026; x_wconf 77' lang='lat' dir='ltr'><strong>Capuam</strong></span> <span class='ocrx_word' id='word_1_139' title='bbox 358 1957 628 2027; x_wconf 84' lang='lat' dir='ltr'><strong>Rogerius</strong></span> <span class='ocrx_word' id='word_1_140' title='bbox 673 1959 1028 2031; x_wconf 81' lang='lat' dir='ltr'><strong>Squi‘llacium</strong></span> <span class='ocrx_word' id='word_1_141' title='bbox 1063 1963 1115 2018; x_wconf 91' lang='lat' dir='ltr'><strong>in</strong></span> <span class='ocrx_word' id='word_1_142' title='bbox 1147 1962 1440 2035; x_wconf 83' lang='lat' dir='ltr'><strong>diplomate</strong></span> <span class='ocrx_word' id='word_1_143' title='bbox 1467 1963 1668 2021; x_wconf 86' lang='lat' dir='ltr'><strong>dicitur</strong></span> 
     </span>
    </p>
   </div>
   <div class='ocr_carea' id='block_1_21' title="bbox 99 2048 1668 2125">
    <p class='ocr_par' dir='ltr' id='par_1_21' title="bbox 99 2048 1668 2125">
     <span class='ocr_line' id='line_1_21' title="bbox 99 2048 1668 2125; baseline 0.006 -27"><span class='ocrx_word' id='word_1_144' title='bbox 99 2061 351 2109; x_wconf 79' lang='lat' dir='ltr'><strong>reversus,</strong></span> <span class='ocrx_word' id='word_1_145' title='bbox 413 2048 537 2114; x_wconf 90' lang='lat' dir='ltr'><strong>poni</strong></span> <span class='ocrx_word' id='word_1_146' title='bbox 572 2059 776 2118; x_wconf 88' lang='lat' dir='ltr'><strong>posset,</strong></span> <span class='ocrx_word' id='word_1_147' title='bbox 824 2060 882 2105; x_wconf 93' lang='lat' dir='ltr'><strong>ut</strong></span> <span class='ocrx_word' id='word_1_148' title='bbox 915 2050 1229 2123; x_wconf 86' lang='lat' dir='ltr'><strong>Peregrinio</strong></span> <span class='ocrx_word' id='word_1_149' title='bbox 1280 2052 1480 2122; x_wconf 85' lang='lat' dir='ltr'><strong>placet,</strong></span> <span class='ocrx_word' id='word_1_150' title='bbox 1519 2056 1668 2125; x_wconf 82' lang='lat' dir='ltr'><strong>vige-</strong></span> 
     </span>
    </p>
   </div>
   <div class='ocr_carea' id='block_1_22' title="bbox 99 2137 1668 2210">
    <p class='ocr_par' dir='ltr' id='par_1_22' title="bbox 99 2137 1668 2210">
     <span class='ocr_line' id='line_1_22' title="bbox 99 2137 1668 2210; baseline 0.007 -21"><span class='ocrx_word' id='word_1_151' title='bbox 99 2137 211 2189; x_wconf 79' lang='lat' dir='ltr'><strong>s&#39;tna</strong></span> <span class='ocrx_word' id='word_1_152' title='bbox 246 2152 387 2191; x_wconf 88' lang='lat' dir='ltr'><strong>nona</strong></span> <span class='ocrx_word' id='word_1_153' title='bbox 418 2137 585 2203; x_wconf 83' lang='lat' dir='ltr'><strong>Junii,</strong></span> <span class='ocrx_word' id='word_1_154' title='bbox 629 2150 723 2194; x_wconf 87' lang='lat' dir='ltr'><strong>aut</strong></span> <span class='ocrx_word' id='word_1_155' title='bbox 773 2142 933 2195; x_wconf 91' lang='lat' dir='ltr'><strong>etiam</strong></span> <span class='ocrx_word' id='word_1_156' title='bbox 967 2158 1107 2197; x_wconf 89' lang='lat' dir='ltr'><strong>nona</strong></span> <span class='ocrx_word' id='word_1_157' title='bbox 1142 2142 1268 2198; x_wconf 81' lang='lat' dir='ltr'><strong>Julii</strong></span> <span class='ocrx_word' id='word_1_158' title='bbox 1313 2145 1449 2210; x_wconf 89' lang='lat' dir='ltr'><strong>dies,</strong></span> <span class='ocrx_word' id='word_1_159' title='bbox 1490 2146 1668 2201; x_wconf 91' lang='lat' dir='ltr'><strong>neuti-</strong></span> 
     </span>
    </p>
   </div>
   <div class='ocr_carea' id='block_1_23' title="bbox 100 2228 1669 2307">
    <p class='ocr_par' dir='ltr' id='par_1_23' title="bbox 100 2228 1669 2307">
     <span class='ocr_line' id='line_1_23' title="bbox 100 2228 1669 2307; baseline 0.011 -30"><span class='ocrx_word' id='word_1_160' title='bbox 100 2241 241 2294; x_wconf 84' lang='lat' dir='ltr'><strong>quam</strong></span> <span class='ocrx_word' id='word_1_161' title='bbox 284 2242 415 2282; x_wconf 88' lang='lat' dir='ltr'><strong>sane</strong></span> <span class='ocrx_word' id='word_1_162' title='bbox 470 2228 649 2299; x_wconf 90' lang='lat' dir='ltr'><strong>ipsum</strong></span> <span class='ocrx_word' id='word_1_163' title='bbox 698 2232 804 2287; x_wconf 90' lang='lat' dir='ltr'><strong>hoc</strong></span> <span class='ocrx_word' id='word_1_164' title='bbox 854 2234 1296 2297; x_wconf 90' lang='lat' dir='ltr'><strong>instrumentum.</strong></span> <span class='ocrx_word' id='word_1_165' title='bbox 1342 2253 1451 2307; x_wconf 90' lang='lat' dir='ltr'><strong>quo</strong></span> <span class='ocrx_word' id='word_1_166' title='bbox 1490 2240 1669 2296; x_wconf 90' lang='lat' dir='ltr'><strong>minus</strong></span> 
     </span>
    </p>
   </div>
   <div class='ocr_carea' id='block_1_24' title="bbox 101 2314 1668 2390">
    <p class='ocr_par' dir='ltr' id='par_1_24' title="bbox 101 2314 1668 2390">
     <span class='ocr_line' id='line_1_24' title="bbox 101 2314 1668 2390; baseline 0.012 -25"><span class='ocrx_word' id='word_1_167' title='bbox 101 2328 223 2367; x_wconf 78' lang='lat' dir='ltr'><strong>anno</strong></span> <span class='ocrx_word' id='word_1_168' title='bbox 274 2314 411 2371; x_wconf 82' lang='grc'><strong>1098</strong></span> <span class='ocrx_word' id='word_1_169' title='bbox 444 2316 632 2373; x_wconf 87' lang='lat' dir='ltr'><strong>datum</strong></span> <span class='ocrx_word' id='word_1_170' title='bbox 672 2322 1019 2390; x_wconf 85' lang='lat' dir='ltr'><strong>crederetur,</strong></span> <span class='ocrx_word' id='word_1_171' title='bbox 1060 2326 1474 2383; x_wconf 88' lang='lat' dir='ltr'><strong>eharacteribus</strong></span> <span class='ocrx_word' id='word_1_172' title='bbox 1503 2329 1668 2384; x_wconf 81' lang='lat' dir='ltr'><strong>citro-</strong></span> 
     </span>
    </p>
   </div>
   <div class='ocr_carea' id='block_1_25' title="bbox 102 2405 1669 2479">
    <p class='ocr_par' dir='ltr' id='par_1_25' title="bbox 102 2405 1669 2479">
     <span class='ocr_line' id='line_1_25' title="bbox 102 2405 1669 2479; baseline 0.012 -24"><span class='ocrx_word' id='word_1_173' title='bbox 102 2405 217 2457; x_wconf 67' lang='lat' dir='ltr'><strong>uicis</strong></span> <span class='ocrx_word' id='word_1_174' title='bbox 268 2405 371 2460; x_wconf 87' lang='lat' dir='ltr'><strong>sibi</strong></span> <span class='ocrx_word' id='word_1_175' title='bbox 414 2406 640 2463; x_wconf 83' lang='lat' dir='ltr'><strong>inclusis</strong></span> <span class='ocrx_word' id='word_1_176' title='bbox 675 2411 950 2479; x_wconf 82' lang='lat' dir='ltr'><strong>obstaret;</strong></span> <span class='ocrx_word' id='word_1_177' title='bbox 1002 2428 1189 2469; x_wconf 90' lang='lat' dir='ltr'><strong>verum</strong></span> <span class='ocrx_word' id='word_1_178' title='bbox 1228 2431 1350 2470; x_wconf 89' lang='lat' dir='ltr'><strong>cum</strong></span> <span class='ocrx_word' id='word_1_179' title='bbox 1390 2418 1589 2472; x_wconf 86' lang='lat' dir='ltr'><strong>cubare</strong></span> <span class='ocrx_word' id='word_1_180' title='bbox 1613 2418 1669 2473; x_wconf 91' lang='lat' dir='ltr'><strong>in</strong></span> 
     </span>
    </p>
   </div>
   <div class='ocr_carea' id='block_1_26' title="bbox 102 2494 1668 2576">
    <p class='ocr_par' dir='ltr' id='par_1_26' title="bbox 102 2494 1668 2576">
     <span class='ocr_line' id='line_1_26' title="bbox 102 2494 1668 2576; baseline 0.011 -31"><span class='ocrx_word' id='word_1_181' title='bbox 102 2494 458 2552; x_wconf 74' lang='lat' dir='ltr'><strong>instrumentis</strong></span> <span class='ocrx_word' id='word_1_182' title='bbox 477 2500 713 2569; x_wconf 88' lang='lat' dir='ltr'><strong>antiquis</strong></span> <span class='ocrx_word' id='word_1_183' title='bbox 731 2515 966 2568; x_wconf 90' lang='lat' dir='ltr'><strong>errores,</strong></span> <span class='ocrx_word' id='word_1_184' title='bbox 992 2505 1059 2560; x_wconf 90' lang='lat' dir='ltr'><strong>de</strong></span> <span class='ocrx_word' id='word_1_185' title='bbox 1084 2507 1282 2576; x_wconf 80' lang='lat' dir='ltr'><strong>quibus</strong></span> <span class='ocrx_word' id='word_1_186' title='bbox 1307 2521 1413 2560; x_wconf 93' lang='lat' dir='ltr'><strong>non</strong></span> <span class='ocrx_word' id='word_1_187' title='bbox 1442 2508 1668 2563; x_wconf 76' lang='lat' dir='ltr'><strong>omnino</strong></span> 
     </span>
    </p>
   </div>
   <div class='ocr_carea' id='block_1_27' title="bbox 103 2589 1667 2664">
    <p class='ocr_par' dir='ltr' id='par_1_27' title="bbox 103 2589 1667 2664">
     <span class='ocr_line' id='line_1_27' title="bbox 103 2589 1667 2664; baseline 0.008 -25"><span class='ocrx_word' id='word_1_188' title='bbox 103 2594 321 2649; x_wconf 79' lang='lat' dir='ltr'><strong>constat,</strong></span> <span class='ocrx_word' id='word_1_189' title='bbox 346 2589 740 2645; x_wconf 87' lang='lat' dir='ltr'><strong>admittendum</strong></span> <span class='ocrx_word' id='word_1_190' title='bbox 784 2607 890 2647; x_wconf 90' lang='lat' dir='ltr'><strong>non</strong></span> <span class='ocrx_word' id='word_1_191' title='bbox 936 2593 1027 2658; x_wconf 89' lang='lat' dir='ltr'><strong>sit,</strong></span> <span class='ocrx_word' id='word_1_192' title='bbox 1067 2608 1165 2648; x_wconf 88' lang='lat' dir='ltr'><strong>nec</strong></span> <span class='ocrx_word' id='word_1_193' title='bbox 1199 2593 1252 2648; x_wconf 91' lang='lat' dir='ltr'><strong>in</strong></span> <span class='ocrx_word' id='word_1_194' title='bbox 1284 2595 1667 2664; x_wconf 85' lang='lat' dir='ltr'><strong>instrumento,</strong></span> 
     </span>
    </p>
   </div>
   <div class='ocr_carea' id='block_1_28' title="bbox 104 2675 1671 2756">
    <p class='ocr_par' dir='ltr' id='par_1_28' title="bbox 104 2675 1671 2756">
     <span class='ocr_line' id='line_1_28' title="bbox 104 2675 1671 2756; baseline 0.01 -29"><span class='ocrx_word' id='word_1_195' title='bbox 104 2675 156 2727; x_wconf 88' lang='lat' dir='ltr'><strong>de</strong></span> <span class='ocrx_word' id='word_1_196' title='bbox 178 2692 289 2745; x_wconf 88' lang='lat' dir='ltr'><strong>quo</strong></span> <span class='ocrx_word' id='word_1_197' title='bbox 324 2677 433 2743; x_wconf 85' lang='lat' dir='ltr'><strong>hic,</strong></span> <span class='ocrx_word' id='word_1_198' title='bbox 476 2680 787 2749; x_wconf 84' lang='lat' dir='ltr'><strong>vigesimam</strong></span> <span class='ocrx_word' id='word_1_199' title='bbox 831 2700 1029 2739; x_wconf 83' lang='lat' dir='ltr'><strong>nonam</strong></span> <span class='ocrx_word' id='word_1_200' title='bbox 1064 2684 1191 2739; x_wconf 85' lang='lat' dir='ltr'><strong>Julii</strong></span> <span class='ocrx_word' id='word_1_201' title='bbox 1225 2700 1511 2756; x_wconf 85' lang='lat' dir='ltr'><strong>perperam</strong></span> <span class='ocrx_word' id='word_1_202' title='bbox 1572 2703 1671 2743; x_wconf 88' lang='lat' dir='ltr'><strong>no-</strong></span> 
     </span>
    </p>
   </div>
   <div class='ocr_carea' id='block_1_29' title="bbox 105 2768 1671 2847">
    <p class='ocr_par' dir='ltr' id='par_1_29' title="bbox 105 2768 1671 2847">
     <span class='ocr_line' id='line_1_29' title="bbox 105 2768 1671 2847; baseline 0.011 -29"><span class='ocrx_word' id='word_1_203' title='bbox 105 2769 186 2820; x_wconf 75' lang='lat' dir='ltr'><strong>tari</strong></span> <span class='ocrx_word' id='word_1_204' title='bbox 213 2768 463 2826; x_wconf 85' lang='lat' dir='ltr'><strong>alicunde</strong></span> <span class='ocrx_word' id='word_1_205' title='bbox 490 2782 726 2840; x_wconf 88' lang='lat' dir='ltr'><strong>constet,</strong></span> <span class='ocrx_word' id='word_1_206' title='bbox 763 2774 1079 2847; x_wconf 87' lang='lat' dir='ltr'><strong>Peregrinio</strong></span> <span class='ocrx_word' id='word_1_207' title='bbox 1112 2779 1214 2832; x_wconf 79' lang='lat' dir='ltr'><strong>hac</strong></span> <span class='ocrx_word' id='word_1_208' title='bbox 1242 2778 1295 2832; x_wconf 92' lang='lat' dir='ltr'><strong>in</strong></span> <span class='ocrx_word' id='word_1_209' title='bbox 1327 2794 1387 2833; x_wconf 90' lang='lat' dir='ltr'><strong>re</strong></span> <span class='ocrx_word' id='word_1_210' title='bbox 1418 2779 1671 2835; x_wconf 86' lang='lat' dir='ltr'><strong>assentiri</strong></span> 
     </span>
    </p>
   </div>
   <div class='ocr_carea' id='block_1_30' title="bbox 105 2863 1673 2934">
    <p class='ocr_par' dir='ltr' id='par_1_30' title="bbox 105 2863 1673 2934">
     <span class='ocr_line' id='line_1_30' title="bbox 105 2863 1673 2934; baseline 0.011 -23"><span class='ocrx_word' id='word_1_211' title='bbox 105 2875 189 2913; x_wconf 81' lang='lat' dir='ltr'><strong>nm</strong></span> <span class='ocrx_word' id='word_1_212' title='bbox 229 2876 473 2931; x_wconf 90' lang='lat' dir='ltr'><strong>possum,</strong></span> <span class='ocrx_word' id='word_1_213' title='bbox 502 2863 664 2934; x_wconf 84' lang='lat' dir='ltr'><strong>idque</strong></span> <span class='ocrx_word' id='word_1_214' title='bbox 693 2881 799 2921; x_wconf 90' lang='lat' dir='ltr'><strong>non</strong></span> <span class='ocrx_word' id='word_1_215' title='bbox 832 2878 956 2922; x_wconf 89' lang='lat' dir='ltr'><strong>ante</strong></span> <span class='ocrx_word' id='word_1_216' title='bbox 982 2884 1182 2923; x_wconf 89' lang='lat' dir='ltr'><strong>annum</strong></span> <span class='ocrx_word' id='word_1_217' title='bbox 1229 2869 1365 2925; x_wconf 86' lang='grc'><strong>1099</strong></span> <span class='ocrx_word' id='word_1_218' title='bbox 1396 2871 1578 2925; x_wconf 86' lang='lat' dir='ltr'><strong>datum</strong></span> <span class='ocrx_word' id='word_1_219' title='bbox 1603 2872 1673 2927; x_wconf 89' lang='lat' dir='ltr'><strong>ob</strong></span> 
     </span>
    </p>
   </div>
   <div class='ocr_carea' id='block_1_31' title="bbox 108 2953 1673 3023">
    <p class='ocr_par' dir='ltr' id='par_1_31' title="bbox 108 2953 1673 3023">
     <span class='ocr_line' id='line_1_31' title="bbox 108 2953 1673 3023; baseline 0.008 -19"><span class='ocrx_word' id='word_1_220' title='bbox 108 2954 325 3007; x_wconf 75' lang='lat' dir='ltr'><strong>rationes</strong></span> <span class='ocrx_word' id='word_1_221' title='bbox 352 2953 466 3023; x_wconf 87' lang='lat' dir='ltr'><strong>jam</strong></span> <span class='ocrx_word' id='word_1_222' title='bbox 512 2956 773 3012; x_wconf 86' lang='lat' dir='ltr'><strong>adductas</strong></span> <span class='ocrx_word' id='word_1_223' title='bbox 803 2960 1074 3022; x_wconf 77' lang='lat' dir='ltr'><strong>existimo,</strong></span> <span class='ocrx_word' id='word_1_224' title='bbox 1104 2961 1339 3016; x_wconf 59' lang='lat' dir='ltr'><strong>maxime</strong></span> <span class='ocrx_word' id='word_1_225' title='bbox 1365 2977 1488 3016; x_wconf 90' lang='lat' dir='ltr'><strong>cum</strong></span> <span class='ocrx_word' id='word_1_226' title='bbox 1530 2979 1673 3021; x_wconf 88' lang='lat' dir='ltr'><strong>anno</strong></span> 
     </span>
    </p>
   </div>
   <div class='ocr_carea' id='block_1_32' title="bbox 106 3042 1671 3121">
    <p class='ocr_par' dir='ltr' id='par_1_32' title="bbox 106 3042 1671 3121">
     <span class='ocr_line' id='line_1_32' title="bbox 106 3042 1671 3121; baseline 0.008 -27"><span class='ocrx_word' id='word_1_227' title='bbox 106 3042 181 3096; x_wconf 80' lang='lat' dir='ltr'><strong>illo</strong></span> <span class='ocrx_word' id='word_1_228' title='bbox 205 3046 347 3113; x_wconf 88' lang='lat' dir='ltr'><strong>apud</strong></span> <span class='ocrx_word' id='word_1_229' title='bbox 378 3045 670 3102; x_wconf 89' lang='lat' dir='ltr'><strong>Surianum</strong></span> <span class='ocrx_word' id='word_1_230' title='bbox 702 3049 865 3103; x_wconf 88' lang='lat' dir='ltr'><strong>etiam</strong></span> <span class='ocrx_word' id='word_1_231' title='bbox 902 3050 1164 3119; x_wconf 79' lang='lat' dir='ltr'><strong>signetur,</strong></span> <span class='ocrx_word' id='word_1_232' title='bbox 1197 3051 1479 3121; x_wconf 85' lang='lat' dir='ltr'><strong>ipsumque</strong></span> <span class='ocrx_word' id='word_1_233' title='bbox 1508 3053 1671 3107; x_wconf 86' lang='lat' dir='ltr'><strong>etiam</strong></span> 
     </span>
    </p>
   </div>
   <div class='ocr_carea' id='block_1_33' title="bbox 110 3138 1741 3241">
    <p class='ocr_par' dir='ltr' id='par_1_33' title="bbox 110 3138 1741 3241">
     <span class='ocr_line' id='line_1_33' title="bbox 110 3138 1741 3241; baseline 0.007 -53"><span class='ocrx_word' id='word_1_234' title='bbox 110 3138 479 3209; x_wconf 77' lang='lat' dir='ltr'><strong>autograpbum</strong></span> <span class='ocrx_word' id='word_1_235' title='bbox 504 3141 692 3196; x_wconf 87' lang='lat' dir='ltr'><strong>eodem</strong></span> <span class='ocrx_word' id='word_1_236' title='bbox 721 3157 864 3197; x_wconf 89' lang='lat' dir='ltr'><strong>anno</strong></span> <span class='ocrx_word' id='word_1_237' title='bbox 898 3154 1163 3208; x_wconf 88' lang='lat' dir='ltr'><strong>notatum,</strong></span> <span class='ocrx_word' id='word_1_238' title='bbox 1192 3145 1669 3215; x_wconf 83' lang='lat' dir='ltr'><strong>quemadmodum,</strong></span> <span class='ocrx_word' id='word_1_239' title='bbox 1700 3185 1741 3241; x_wconf 65' lang='grc' dir='ltr'><strong>Ο</strong></span> 
     </span>
    </p>
   </div>
   <div class='ocr_carea' id='block_1_34' title="bbox 109 3231 1671 3307">
    <p class='ocr_par' dir='ltr' id='par_1_34' title="bbox 109 3231 1671 3307">
     <span class='ocr_line' id='line_1_34' title="bbox 109 3231 1671 3307; baseline 0.011 -30"><span class='ocrx_word' id='word_1_240' title='bbox 109 3242 208 3296; x_wconf 77' lang='lat' dir='ltr'><strong>qua:</strong></span> <span class='ocrx_word' id='word_1_241' title='bbox 266 3245 475 3285; x_wconf 89' lang='lat' dir='ltr'><strong>mecum</strong></span> <span class='ocrx_word' id='word_1_242' title='bbox 532 3231 925 3289; x_wconf 86' lang='lat' dir='ltr'><strong>Carthusianus</strong></span> <span class='ocrx_word' id='word_1_243' title='bbox 990 3236 1314 3291; x_wconf 86' lang='lat' dir='ltr'><strong>Parisiensis</strong></span> <span class='ocrx_word' id='word_1_244' title='bbox 1373 3238 1671 3307; x_wconf 63' lang='lat' dir='ltr'><strong>saepissime</strong></span> 
     </span>
    </p>
   </div>
   <div class='ocr_carea' id='block_1_35' title="bbox 110 3318 1671 3392">
    <p class='ocr_par' dir='ltr' id='par_1_35' title="bbox 110 3318 1671 3392">
     <span class='ocr_line' id='line_1_35' title="bbox 110 3318 1671 3392; baseline 0.011 -21"><span class='ocrx_word' id='word_1_245' title='bbox 110 3318 337 3376; x_wconf 73' lang='lat' dir='ltr'><strong>laudatus</strong></span> <span class='ocrx_word' id='word_1_246' title='bbox 385 3336 417 3377; x_wconf 90' lang='lat' dir='ltr'><strong>e</strong></span> <span class='ocrx_word' id='word_1_247' title='bbox 484 3326 664 3392; x_wconf 86' lang='lat' dir='ltr'><strong>quarti</strong></span> <span class='ocrx_word' id='word_1_248' title='bbox 719 3327 994 3382; x_wconf 83' lang='lat' dir='ltr'><strong>annalium</strong></span> <span class='ocrx_word' id='word_1_249' title='bbox 1042 3329 1513 3386; x_wconf 82' lang='lat' dir='ltr'><strong>Carthusiensium</strong></span> <span class='ocrx_word' id='word_1_250' title='bbox 1551 3332 1671 3388; x_wconf 85' lang='lat' dir='ltr'><strong>libri</strong></span> 
     </span>
    </p>
   </div>
   <div class='ocr_carea' id='block_1_36' title="bbox 111 3410 1673 3487">
    <p class='ocr_par' dir='ltr' id='par_1_36' title="bbox 111 3410 1673 3487">
     <span class='ocr_line' id='line_1_36' title="bbox 111 3410 1673 3487; baseline 0.009 -24"><span class='ocrx_word' id='word_1_251' title='bbox 111 3410 139 3463; x_wconf 78' lang='lat' dir='ltr'><strong>ll</strong></span> <span class='ocrx_word' id='word_1_252' title='bbox 158 3420 351 3468; x_wconf 51' lang='lat' dir='ltr'><strong>.ctenus</strong></span> <span class='ocrx_word' id='word_1_253' title='bbox 375 3429 482 3469; x_wconf 90' lang='lat' dir='ltr'><strong>non</strong></span> <span class='ocrx_word' id='word_1_254' title='bbox 516 3414 735 3486; x_wconf 80' lang='lat' dir='ltr'><strong>vulgati,</strong></span> <span class='ocrx_word' id='word_1_255' title='bbox 761 3416 904 3487; x_wconf 86' lang='lat' dir='ltr'><strong>quod</strong></span> <span class='ocrx_word' id='word_1_256' title='bbox 932 3419 1000 3473; x_wconf 89' lang='lat' dir='ltr'><strong>ad</strong></span> <span class='ocrx_word' id='word_1_257' title='bbox 1025 3419 1189 3475; x_wconf 80' lang='lat' dir='ltr'><strong>Vallis</strong></span> <span class='ocrx_word' id='word_1_258' title='bbox 1212 3422 1304 3475; x_wconf 91' lang='lat' dir='ltr'><strong>Dei</strong></span> <span class='ocrx_word' id='word_1_259' title='bbox 1327 3421 1673 3477; x_wconf 74' lang='lat' dir='ltr'><strong>Cartltuslam</strong></span> 
     </span>
    </p>
   </div>
   <div class='ocr_carea' id='block_1_37' title="bbox 111 3505 1673 3581">
    <p class='ocr_par' dir='ltr' id='par_1_37' title="bbox 111 3505 1673 3581">
     <span class='ocr_line' id='line_1_37' title="bbox 111 3505 1673 3581; baseline 0.008 -26"><span class='ocrx_word' id='word_1_260' title='bbox 111 3510 314 3570; x_wconf 78' lang='lat' dir='ltr'><strong>spectat,</strong></span> <span class='ocrx_word' id='word_1_261' title='bbox 345 3505 641 3575; x_wconf 76' lang='lat' dir='ltr'><strong>exemplari</strong></span> <span class='ocrx_word' id='word_1_262' title='bbox 681 3510 1123 3577; x_wconf 87' lang='lat' dir='ltr'><strong>communicavit,</strong></span> <span class='ocrx_word' id='word_1_263' title='bbox 1162 3522 1418 3581; x_wconf 79' lang='lat' dir='ltr'><strong>excerpta</strong></span> <span class='ocrx_word' id='word_1_264' title='bbox 1455 3528 1541 3567; x_wconf 90' lang='lat' dir='ltr'><strong>me</strong></span> <span class='ocrx_word' id='word_1_265' title='bbox 1573 3514 1673 3568; x_wconf 88' lang='lat' dir='ltr'><strong>do-</strong></span> 
     </span>
    </p>
   </div>
   <div class='ocr_carea' id='block_1_38' title="bbox 111 3594 1677 3677">
    <p class='ocr_par' dir='ltr' id='par_1_38' title="bbox 111 3594 1677 3677">
     <span class='ocr_line' id='line_1_38' title="bbox 111 3594 1677 3677; baseline 0.011 -32"><span class='ocrx_word' id='word_1_266' title='bbox 111 3604 237 3659; x_wconf 81' lang='lat' dir='ltr'><strong>cent,</strong></span> <span class='ocrx_word' id='word_1_267' title='bbox 285 3594 521 3651; x_wconf 75' lang='lat' dir='ltr'><strong>Severus</strong></span> <span class='ocrx_word' id='word_1_268' title='bbox 562 3613 595 3654; x_wconf 83' lang='lat' dir='ltr'><strong>a</strong></span> <span class='ocrx_word' id='word_1_269' title='bbox 637 3596 859 3677; x_wconf 86' lang='lat' dir='ltr'><strong>Neapoli</strong></span> <span class='ocrx_word' id='word_1_270' title='bbox 915 3601 1201 3665; x_wconf 76' lang='lat' dir='ltr'><strong>invenerit.</strong></span> <span class='ocrx_word' id='word_1_271' title='bbox 1253 3601 1363 3657; x_wconf 84' lang='lat' dir='ltr'><strong>Nec</strong></span> <span class='ocrx_word' id='word_1_272' title='bbox 1388 3610 1492 3671; x_wconf 80' lang='lat' dir='ltr'><strong>est,</strong></span> <span class='ocrx_word' id='word_1_273' title='bbox 1531 3604 1677 3673; x_wconf 87' lang='lat' dir='ltr'><strong>quod</strong></span> 
     </span>
    </p>
   </div>
   <div class='ocr_carea' id='block_1_39' title="bbox 113 3684 1678 3762">
    <p class='ocr_par' dir='ltr' id='par_1_39' title="bbox 113 3684 1678 3762">
     <span class='ocr_line' id='line_1_39' title="bbox 113 3684 1678 3762; baseline 0.009 -25"><span class='ocrx_word' id='word_1_274' title='bbox 113 3684 271 3740; x_wconf 74' lang='lat' dir='ltr'><strong>adhuc</strong></span> <span class='ocrx_word' id='word_1_275' title='bbox 345 3703 593 3758; x_wconf 87' lang='lat' dir='ltr'><strong>opponas</strong></span> <span class='ocrx_word' id='word_1_276' title='bbox 673 3689 969 3762; x_wconf 79' lang='lat' dir='ltr'><strong>Bogerium</strong></span> <span class='ocrx_word' id='word_1_277' title='bbox 1035 3694 1289 3757; x_wconf 79' lang='lat' dir='ltr'><strong>comitem</strong></span> <span class='ocrx_word' id='word_1_278' title='bbox 1346 3709 1490 3750; x_wconf 87' lang='lat' dir='ltr'><strong>anno</strong></span> <span class='ocrx_word' id='word_1_279' title='bbox 1539 3694 1678 3751; x_wconf 87' lang='grc'><strong>1098</strong></span> 
     </span>
    </p>
   </div>
   <div class='ocr_carea' id='block_1_40' title="bbox 114 3774 1681 3859">
    <p class='ocr_par' dir='ltr' id='par_1_40' title="bbox 114 3774 1681 3859">
     <span class='ocr_line' id='line_1_40' title="bbox 114 3774 1681 3859; baseline 0.008 -30"><span class='ocrx_word' id='word_1_280' title='bbox 114 3774 368 3845; x_wconf 65' lang='lat' dir='ltr'><strong>Squillacii</strong></span> <span class='ocrx_word' id='word_1_281' title='bbox 398 3782 701 3847; x_wconf 84' lang='lat' dir='ltr'><strong>exstitisse,</strong></span> <span class='ocrx_word' id='word_1_282' title='bbox 733 3784 1097 3856; x_wconf 86' lang='lat' dir='ltr'><strong>diplomaque,</strong></span> <span class='ocrx_word' id='word_1_283' title='bbox 1124 3787 1189 3841; x_wconf 93' lang='lat' dir='ltr'><strong>de</strong></span> <span class='ocrx_word' id='word_1_284' title='bbox 1220 3802 1328 3856; x_wconf 91' lang='lat' dir='ltr'><strong>quo</strong></span> <span class='ocrx_word' id='word_1_285' title='bbox 1350 3786 1463 3855; x_wconf 85' lang='lat' dir='ltr'><strong>jam</strong></span> <span class='ocrx_word' id='word_1_286' title='bbox 1495 3788 1681 3859; x_wconf 82' lang='lat' dir='ltr'><strong>dispu-</strong></span> 
     </span>
    </p>
   </div>
   <div class='ocr_carea' id='block_1_41' title="bbox 116 3874 1679 3950">
    <p class='ocr_par' dir='ltr' id='par_1_41' title="bbox 116 3874 1679 3950">
     <span class='ocr_line' id='line_1_41' title="bbox 116 3874 1679 3950; baseline 0.007 -27"><span class='ocrx_word' id='word_1_287' title='bbox 116 3877 287 3941; x_wconf 74' lang='lat' dir='ltr'><strong>Ltum,</strong></span> <span class='ocrx_word' id='word_1_288' title='bbox 319 3874 595 3943; x_wconf 86' lang='lat' dir='ltr'><strong>Squillacii</strong></span> <span class='ocrx_word' id='word_1_289' title='bbox 629 3876 791 3930; x_wconf 89' lang='lat' dir='ltr'><strong>etiam</strong></span> <span class='ocrx_word' id='word_1_290' title='bbox 818 3878 1003 3931; x_wconf 90' lang='lat' dir='ltr'><strong>datum</strong></span> <span class='ocrx_word' id='word_1_291' title='bbox 1037 3880 1251 3945; x_wconf 90' lang='lat' dir='ltr'><strong>notari;</strong></span> <span class='ocrx_word' id='word_1_292' title='bbox 1289 3882 1419 3950; x_wconf 86' lang='lat' dir='ltr'><strong>quid</strong></span> <span class='ocrx_word' id='word_1_293' title='bbox 1450 3881 1503 3934; x_wconf 89' lang='lat' dir='ltr'><strong>ni</strong></span> <span class='ocrx_word' id='word_1_294' title='bbox 1533 3882 1679 3936; x_wconf 88' lang='lat' dir='ltr'><strong>enim</strong></span> 
     </span>
    </p>
   </div>
   <div class='ocr_carea' id='block_1_42' title="bbox 116 3962 1681 4047">
    <p class='ocr_par' dir='ltr' id='par_1_42' title="bbox 116 3962 1681 4047">
     <span class='ocr_line' id='line_1_42' title="bbox 116 3962 1681 4047; baseline 0.008 -32"><span class='ocrx_word' id='word_1_295' title='bbox 116 3962 154 4015; x_wconf 77' lang='lat' dir='ltr'><strong>il</strong></span> <span class='ocrx_word' id='word_1_296' title='bbox 174 3968 357 4033; x_wconf 53' lang='lat' dir='ltr'><strong>rgeriu;</strong></span> <span class='ocrx_word' id='word_1_297' title='bbox 381 3982 525 4021; x_wconf 90' lang='lat' dir='ltr'><strong>anno</strong></span> <span class='ocrx_word' id='word_1_298' title='bbox 549 3968 708 4032; x_wconf 86' lang='grc'><strong>1098,</strong></span> <span class='ocrx_word' id='word_1_299' title='bbox 742 3970 1046 4047; x_wconf 83' lang='lat' dir='ltr'><strong>iterumque</strong></span> <span class='ocrx_word' id='word_1_300' title='bbox 1071 3986 1212 4025; x_wconf 89' lang='lat' dir='ltr'><strong>anno</strong></span> <span class='ocrx_word' id='word_1_301' title='bbox 1237 3971 1373 4028; x_wconf 88' lang='grc'><strong>1099</strong></span> <span class='ocrx_word' id='word_1_302' title='bbox 1398 3970 1681 4041; x_wconf 83' lang='lat' dir='ltr'><strong>Squillaeii</strong></span> 
     </span>
    </p>
   </div>
   <div class='ocr_carea' id='block_1_43' title="bbox 117 4060 516 4127">
    <p class='ocr_par' dir='ltr' id='par_1_43' title="bbox 117 4060 516 4127">
     <span class='ocr_line' id='line_1_43' title="bbox 117 4060 516 4127; baseline -0.005 -10"><span class='ocrx_word' id='word_1_303' title='bbox 117 4069 215 4117; x_wconf 43' lang='lat' dir='ltr'><strong>ﬁse</strong></span> <span class='ocrx_word' id='word_1_304' title='bbox 244 4060 474 4127; x_wconf 79' lang='lat' dir='ltr'><strong>patuerit</strong></span> <span class='ocrx_word' id='word_1_305' title='bbox 494 4060 516 4115; x_wconf 67' lang='grc' dir='ltr'><em>ἲ</em></span> 
     </span>
    </p>
   </div>
   <div class='ocr_carea' id='block_1_44' title="bbox 121 4146 1683 4223">
    <p class='ocr_par' dir='ltr' id='par_1_44' title="bbox 121 4146 1683 4223">
     <span class='ocr_line' id='line_1_44' title="bbox 121 4146 1683 4223; baseline 0.003 -20"><span class='ocrx_word' id='word_1_306' title='bbox 121 4146 142 4217; x_wconf 65' lang='lat'><em>5</em></span> <span class='ocrx_word' id='word_1_307' title='bbox 171 4149 292 4206; x_wconf 72' lang='lat' dir='ltr'><strong>XLI.</strong></span> <span class='ocrx_word' id='word_1_308' title='bbox 318 4151 522 4223; x_wconf 68' lang='lat' dir='ltr'><strong>pacem</strong></span> <span class='ocrx_word' id='word_1_309' title='bbox 560 4153 719 4206; x_wconf 82' lang='lat' dir='ltr'><strong>etiam</strong></span> <span class='ocrx_word' id='word_1_310' title='bbox 769 4152 1046 4223; x_wconf 80' lang='lat' dir='ltr'><strong>Rogerium</strong></span> <span class='ocrx_word' id='word_1_311' title='bbox 1091 4154 1391 4210; x_wconf 77' lang='lat' dir='ltr'><strong>benevolum</strong></span> <span class='ocrx_word' id='word_1_312' title='bbox 1422 4155 1473 4213; x_wconf 81' lang='lat' dir='ltr'><strong>in</strong></span> <span class='ocrx_word' id='word_1_313' title='bbox 1504 4173 1559 4210; x_wconf 74' lang='lat' dir='ltr'><strong>se</strong></span> <span class='ocrx_word' id='word_1_314' title='bbox 1586 4156 1683 4209; x_wconf 83' lang='lat' dir='ltr'><strong>ite-</strong></span> 
     </span>
    </p>
   </div>
   <div class='ocr_carea' id='block_1_45' title="bbox 178 4221 1683 4300">
    <p class='ocr_par' dir='ltr' id='par_1_45' title="bbox 178 4221 1683 4300">
     <span class='ocr_line' id='line_1_45' title="bbox 178 4221 1683 4300; baseline 0.006 -30"><span class='ocrx_word' id='word_1_315' title='bbox 178 4238 281 4300; x_wconf 72' lang='lat' dir='ltr'><strong>rum</strong></span> <span class='ocrx_word' id='word_1_316' title='bbox 305 4221 532 4300; x_wconf 49' lang='lat' dir='ltr'><strong>gain-lus</strong></span> <span class='ocrx_word' id='word_1_317' title='bbox 558 4221 1058 4300; x_wconf 36' lang='lat' dir='ltr'><strong>expertum—visitur</strong></span> <span class='ocrx_word' id='word_1_318' title='bbox 1096 4242 1126 4278; x_wconf 81' lang='lat' dir='ltr'><strong>rt</strong></span> <span class='ocrx_word' id='word_1_319' title='bbox 1151 4224 1432 4279; x_wconf 82' lang='lat' dir='ltr'><strong>Landuino</strong></span> <span class='ocrx_word' id='word_1_320' title='bbox 1453 4226 1683 4280; x_wconf 73' lang='lat' dir='ltr'><strong>Cartha-</strong></span> 
     </span>
    </p>
   </div>
   <div class='ocr_carea' id='block_1_46' title="bbox 175 4292 1684 4371">
    <p class='ocr_par' dir='ltr' id='par_1_46' title="bbox 175 4292 1684 4371">
     <span class='ocr_line' id='line_1_46' title="bbox 175 4292 1684 4371; baseline 0.007 -30"><span class='ocrx_word' id='word_1_321' title='bbox 175 4293 261 4371; x_wconf 59' lang='lat' dir='ltr'><strong>sit:</strong></span> <span class='ocrx_word' id='word_1_322' title='bbox 284 4292 530 4371; x_wconf 41' lang='lat' dir='ltr'><strong>ﬁfajoris</strong></span> <span class='ocrx_word' id='word_1_323' title='bbox 556 4296 750 4371; x_wconf 55' lang='lat' dir='ltr'><strong>priore,</strong></span> <span class='ocrx_word' id='word_1_324' title='bbox 786 4310 977 4371; x_wconf 69' lang='lat' dir='ltr'><strong>perque</strong></span> <span class='ocrx_word' id='word_1_325' title='bbox 1013 4296 1172 4361; x_wconf 82' lang='lat' dir='ltr'><strong>Imnc,</strong></span> <span class='ocrx_word' id='word_1_326' title='bbox 1219 4313 1371 4364; x_wconf 74' lang='lat' dir='ltr'><strong>quem</strong></span> <span class='ocrx_word' id='word_1_327' title='bbox 1413 4314 1551 4365; x_wconf 65' lang='lat' dir='ltr'><strong>(egre</strong></span> <span class='ocrx_word' id='word_1_328' title='bbox 1577 4314 1684 4352; x_wconf 82' lang='lat' dir='ltr'><strong>ase</strong></span> 
     </span>
    </p>
   </div>
   <div class='ocr_carea' id='block_1_47' title="bbox 177 4362 1683 4431">
    <p class='ocr_par' dir='ltr' id='par_1_47' title="bbox 177 4362 1683 4431">
     <span class='ocr_line' id='line_1_47' title="bbox 177 4362 1683 4431; baseline 0.007 -20"><span class='ocrx_word' id='word_1_329' title='bbox 177 4362 400 4427; x_wconf 84' lang='lat' dir='ltr'><strong>dimittit,</strong></span> <span class='ocrx_word' id='word_1_330' title='bbox 449 4365 519 4415; x_wconf 85' lang='lat' dir='ltr'><strong>ad</strong></span> <span class='ocrx_word' id='word_1_331' title='bbox 556 4362 851 4417; x_wconf 71' lang='lat' dir='ltr'><strong>Cari/iusin!</strong></span> <span class='ocrx_word' id='word_1_332' title='bbox 881 4362 1072 4431; x_wconf 74' lang='lat' dir='ltr'><strong>fratres</strong></span> <span class='ocrx_word' id='word_1_333' title='bbox 1114 4362 1316 4419; x_wconf 74' lang='lat' dir='ltr'><strong>litteras</strong></span> <span class='ocrx_word' id='word_1_334' title='bbox 1351 4362 1548 4420; x_wconf 75' lang='lat' dir='ltr'><strong>scribit.</strong></span> <span class='ocrx_word' id='word_1_335' title='bbox 1584 4367 1683 4421; x_wconf 80' lang='lat' dir='ltr'><strong>Ha:</strong></span> 
     </span>
    </p>
   </div>
   <div class='ocr_carea' id='block_1_48' title="bbox 178 4431 1681 4510">
    <p class='ocr_par' dir='ltr' id='par_1_48' title="bbox 178 4431 1681 4510">
     <span class='ocr_line' id='line_1_48' title="bbox 178 4431 1681 4510; baseline 0.005 -27"><span class='ocrx_word' id='word_1_336' title='bbox 178 4447 273 4510; x_wconf 64' lang='lat' dir='ltr'><strong>una</strong></span> <span class='ocrx_word' id='word_1_337' title='bbox 297 4449 415 4510; x_wconf 68' lang='lat' dir='ltr'><strong>cum</strong></span> <span class='ocrx_word' id='word_1_338' title='bbox 457 4434 665 4498; x_wconf 71' lang='lat' dir='ltr'><strong>iitteris,</strong></span> <span class='ocrx_word' id='word_1_339' title='bbox 696 4434 765 4486; x_wconf 85' lang='lat' dir='ltr'><strong>ad</strong></span> <span class='ocrx_word' id='word_1_340' title='bbox 806 4431 1143 4504; x_wconf 81' lang='lat' dir='ltr'><strong>Radulphum</strong></span> <span class='ocrx_word' id='word_1_341' title='bbox 1186 4434 1417 4490; x_wconf 82' lang='lat' dir='ltr'><strong>Viridem</strong></span> <span class='ocrx_word' id='word_1_342' title='bbox 1450 4438 1681 4507; x_wconf 78' lang='lat' dir='ltr'><strong>scriptis,</strong></span> 
     </span>
    </p>
   </div>
   <div class='ocr_carea' id='block_1_49' title="bbox 179 4501 661 4570">
    <p class='ocr_par' dir='ltr' id='par_1_49' title="bbox 179 4501 661 4570">
     <span class='ocr_line' id='line_1_49' title="bbox 179 4501 661 4570; baseline 0.006 -17"><span class='ocrx_word' id='word_1_343' title='bbox 179 4501 255 4554; x_wconf 64' lang='grc' dir='ltr'><strong>[τίς</strong></span> <span class='ocrx_word' id='word_1_344' title='bbox 276 4504 661 4570; x_wconf 83' lang='lat' dir='ltr'><strong>producuntur.</strong></span> 
     </span>
    </p>
   </div>
   <div class='ocr_carea' id='block_1_50' title="bbox 179 4593 1687 4671">
    <p class='ocr_par' dir='ltr' id='par_1_50' title="bbox 179 4593 1687 4671">
     <span class='ocr_line' id='line_1_50' title="bbox 179 4593 1687 4671; baseline 0.006 -24"><span class='ocrx_word' id='word_1_345' title='bbox 179 4593 291 4651; x_wconf 80' lang='grc'><strong>671.</strong></span> <span class='ocrx_word' id='word_1_346' title='bbox 307 4597 421 4654; x_wconf 82' lang='lat' dir='ltr'><strong>Non</strong></span> <span class='ocrx_word' id='word_1_347' title='bbox 443 4606 655 4653; x_wconf 88' lang='lat' dir='ltr'><strong>tantum</strong></span> <span class='ocrx_word' id='word_1_348' title='bbox 673 4597 1140 4669; x_wconf 87' lang='lat' dir='ltr'><strong>postobsidionem</strong></span> <span class='ocrx_word' id='word_1_349' title='bbox 1157 4599 1492 4671; x_wconf 87' lang='lat' dir='ltr'><strong>Capuanam,</strong></span> <span class='ocrx_word' id='word_1_350' title='bbox 1511 4601 1563 4656; x_wconf 87' lang='lat' dir='ltr'><strong>in</strong></span> <span class='ocrx_word' id='word_1_351' title='bbox 1581 4616 1687 4671; x_wconf 87' lang='lat' dir='ltr'><strong>qua</strong></span> 
     </span>
    </p>
   </div>
   <div class='ocr_carea' id='block_1_51' title="bbox 124 4687 1686 4759">
    <p class='ocr_par' dir='ltr' id='par_1_51' title="bbox 124 4687 1686 4759">
     <span class='ocr_line' id='line_1_51' title="bbox 124 4687 1686 4759; baseline 0.004 -20"><span class='ocrx_word' id='word_1_352' title='bbox 124 4697 176 4739; x_wconf 73' lang='lat' dir='ltr'><strong>ex</strong></span> <span class='ocrx_word' id='word_1_353' title='bbox 202 4687 343 4743; x_wconf 78' lang='lat' dir='ltr'><strong>dictis</strong></span> <span class='ocrx_word' id='word_1_354' title='bbox 370 4689 799 4759; x_wconf 75' lang='lat' dir='ltr'><strong>pnesentissimo</strong></span> <span class='ocrx_word' id='word_1_355' title='bbox 826 4689 1089 4759; x_wconf 89' lang='lat' dir='ltr'><strong>periculo,</strong></span> <span class='ocrx_word' id='word_1_356' title='bbox 1122 4690 1444 4746; x_wconf 70' lang='lat' dir='ltr'><strong>facientibus</strong></span> <span class='ocrx_word' id='word_1_357' title='bbox 1466 4692 1518 4747; x_wconf 87' lang='lat' dir='ltr'><strong>id</strong></span> <span class='ocrx_word' id='word_1_358' title='bbox 1547 4691 1686 4746; x_wconf 84' lang='lat' dir='ltr'><strong>San-</strong></span> 
     </span>
    </p>
   </div>
   <div class='ocr_carea' id='block_1_52' title="bbox 128 4781 1678 4853">
    <p class='ocr_par' dir='ltr' id='par_1_52' title="bbox 128 4781 1678 4853">
     <span class='ocr_line' id='line_1_52' title="bbox 128 4781 1678 4853; baseline 0.004 -22"><span class='ocrx_word' id='word_1_359' title='bbox 128 4781 184 4831; x_wconf 86' lang='lat' dir='ltr'><strong>cti</strong></span> <span class='ocrx_word' id='word_1_360' title='bbox 216 4782 431 4849; x_wconf 77' lang='lat' dir='ltr'><strong>meritis,</strong></span> <span class='ocrx_word' id='word_1_361' title='bbox 480 4797 667 4836; x_wconf 85' lang='lat' dir='ltr'><strong>comes</strong></span> <span class='ocrx_word' id='word_1_362' title='bbox 705 4781 971 4853; x_wconf 82' lang='lat' dir='ltr'><strong>Rogerius</strong></span> <span class='ocrx_word' id='word_1_363' title='bbox 1002 4784 1174 4836; x_wconf 72' lang='lat' dir='ltr'><strong>literal</strong></span> <span class='ocrx_word' id='word_1_364' title='bbox 1224 4782 1500 4851; x_wconf 88' lang='lat' dir='ltr'><strong>liberatus,</strong></span> <span class='ocrx_word' id='word_1_365' title='bbox 1535 4784 1678 4853; x_wconf 86' lang='lat' dir='ltr'><strong>prin-</strong></span> 
     </span>
    </p>
   </div>
   <div class='ocr_carea' id='block_1_53' title="bbox 129 4867 1689 4940">
    <p class='ocr_par' dir='ltr' id='par_1_53' title="bbox 129 4867 1689 4940">
     <span class='ocr_line' id='line_1_53' title="bbox 129 4867 1689 4940; baseline 0.007 -23"><span class='ocrx_word' id='word_1_366' title='bbox 129 4867 275 4935; x_wconf 67' lang='lat' dir='ltr'><strong>cipem</strong></span> <span class='ocrx_word' id='word_1_367' title='bbox 306 4871 451 4925; x_wconf 83' lang='lat' dir='ltr'><strong>hunc</strong></span> <span class='ocrx_word' id='word_1_368' title='bbox 481 4871 549 4926; x_wconf 92' lang='lat' dir='ltr'><strong>de</strong></span> <span class='ocrx_word' id='word_1_369' title='bbox 588 4886 729 4925; x_wconf 91' lang='lat' dir='ltr'><strong>novo</strong></span> <span class='ocrx_word' id='word_1_370' title='bbox 755 4871 1055 4926; x_wconf 83' lang='lat' dir='ltr'><strong>beneficum</strong></span> <span class='ocrx_word' id='word_1_371' title='bbox 1102 4887 1226 4940; x_wconf 85' lang='lat' dir='ltr'><strong>erga</strong></span> <span class='ocrx_word' id='word_1_372' title='bbox 1265 4888 1322 4927; x_wconf 90' lang='lat' dir='ltr'><strong>se</strong></span> <span class='ocrx_word' id='word_1_373' title='bbox 1352 4875 1521 4927; x_wconf 88' lang='lat' dir='ltr'><strong>sensit</strong></span> <span class='ocrx_word' id='word_1_374' title='bbox 1550 4874 1689 4928; x_wconf 87' lang='lat' dir='ltr'><strong>San-</strong></span> 
     </span>
    </p>
   </div>
   <div class='ocr_carea' id='block_1_54' title="bbox 129 4962 1683 5033">
    <p class='ocr_par' dir='ltr' id='par_1_54' title="bbox 129 4962 1683 5033">
     <span class='ocr_line' id='line_1_54' title="bbox 129 4962 1683 5033; baseline 0.005 -22"><span class='ocrx_word' id='word_1_375' title='bbox 129 4966 231 5013; x_wconf 82' lang='lat' dir='ltr'><strong>ctus</strong></span> <span class='ocrx_word' id='word_1_376' title='bbox 272 4973 482 5027; x_wconf 86' lang='lat' dir='ltr'><strong>noster;</strong></span> <span class='ocrx_word' id='word_1_377' title='bbox 519 4977 704 5016; x_wconf 84' lang='lat' dir='ltr'><strong>verum</strong></span> <span class='ocrx_word' id='word_1_378' title='bbox 750 4963 939 5028; x_wconf 88' lang='lat' dir='ltr'><strong>etiam,</strong></span> <span class='ocrx_word' id='word_1_379' title='bbox 968 4962 1122 5030; x_wconf 86' lang='lat' dir='ltr'><strong>cujus</strong></span> <span class='ocrx_word' id='word_1_380' title='bbox 1153 4962 1241 5018; x_wconf 92' lang='lat' dir='ltr'><strong>ille</strong></span> <span class='ocrx_word' id='word_1_381' title='bbox 1278 4973 1503 5033; x_wconf 87' lang='lat' dir='ltr'><strong>patruus</strong></span> <span class='ocrx_word' id='word_1_382' title='bbox 1543 4974 1683 5033; x_wconf 88' lang='lat' dir='ltr'><strong>erat,</strong></span> 
     </span>
    </p>
   </div>
   <div class='ocr_carea' id='block_1_55' title="bbox 131 5050 1686 5126">
    <p class='ocr_par' dir='ltr' id='par_1_55' title="bbox 131 5050 1686 5126">
     <span class='ocr_line' id='line_1_55' title="bbox 131 5050 1686 5126; baseline 0.008 -24"><span class='ocrx_word' id='word_1_383' title='bbox 131 5050 321 5120; x_wconf 71' lang='lat' dir='ltr'><strong>Apulire,</strong></span> <span class='ocrx_word' id='word_1_384' title='bbox 350 5055 617 5111; x_wconf 69' lang='lat' dir='ltr'><strong>Calabria:</strong></span> <span class='ocrx_word' id='word_1_385' title='bbox 638 5065 689 5109; x_wconf 91' lang='lat' dir='ltr'><strong>et</strong></span> <span class='ocrx_word' id='word_1_386' title='bbox 705 5054 903 5111; x_wconf 77' lang='lat' dir='ltr'><strong>Sicilia:</strong></span> <span class='ocrx_word' id='word_1_387' title='bbox 923 5056 1112 5111; x_wconf 90' lang='lat' dir='ltr'><strong>ducem</strong></span> <span class='ocrx_word' id='word_1_388' title='bbox 1141 5056 1453 5126; x_wconf 81' lang='lat' dir='ltr'><strong>Bogerinm.</strong></span> <span class='ocrx_word' id='word_1_389' title='bbox 1490 5075 1508 5108; x_wconf 72' lang='grc'><strong>4</strong></span> <span class='ocrx_word' id='word_1_390' title='bbox 1527 5058 1686 5114; x_wconf 85' lang='lat' dir='ltr'><strong>Anno</strong></span> 
     </span>
    </p>
   </div>
   <div class='ocr_carea' id='block_1_56' title="bbox 134 5142 1686 5219">
    <p class='ocr_par' dir='ltr' id='par_1_56' title="bbox 134 5142 1686 5219">
     <span class='ocr_line' id='line_1_56' title="bbox 134 5142 1686 5219; baseline 0.008 -25"><span class='ocrx_word' id='word_1_391' title='bbox 134 5142 269 5208; x_wconf 74' lang='lat'><strong>1099,</strong></span> <span class='ocrx_word' id='word_1_392' title='bbox 302 5168 318 5203; x_wconf 75' lang='grc' dir='ltr'><strong><em>ι</em></strong></span> <span class='ocrx_word' id='word_1_393' title='bbox 370 5148 547 5217; x_wconf 87' lang='lat' dir='ltr'><strong>inquit</strong></span> <span class='ocrx_word' id='word_1_394' title='bbox 579 5147 843 5203; x_wconf 89' lang='lat' dir='ltr'><strong>Surianus</strong></span> <span class='ocrx_word' id='word_1_395' title='bbox 879 5149 932 5203; x_wconf 91' lang='lat' dir='ltr'><strong>in</strong></span> <span class='ocrx_word' id='word_1_396' title='bbox 976 5147 1091 5204; x_wconf 89' lang='lat' dir='ltr'><strong>suis</strong></span> <span class='ocrx_word' id='word_1_397' title='bbox 1144 5149 1209 5202; x_wconf 88' lang='lat' dir='ltr'><strong>ad</strong></span> <span class='ocrx_word' id='word_1_398' title='bbox 1261 5148 1621 5219; x_wconf 84' lang='lat' dir='ltr'><strong>conscriptam</strong></span> <span class='ocrx_word' id='word_1_399' title='bbox 1655 5167 1686 5206; x_wconf 84' lang='lat' dir='ltr'><strong>a</strong></span> 
     </span>
    </p>
   </div>
   <div class='ocr_carea' id='block_1_57' title="bbox 138 5236 1689 5310">
    <p class='ocr_par' dir='ltr' id='par_1_57' title="bbox 138 5236 1689 5310">
     <span class='ocr_line' id='line_1_57' title="bbox 138 5236 1689 5310; baseline 0.006 -22"><span class='ocrx_word' id='word_1_400' title='bbox 138 5236 273 5292; x_wconf 81' lang='lat' dir='ltr'><strong>Surio</strong></span> <span class='ocrx_word' id='word_1_401' title='bbox 294 5239 475 5295; x_wconf 90' lang='lat' dir='ltr'><strong>Sancti</strong></span> <span class='ocrx_word' id='word_1_402' title='bbox 504 5240 677 5294; x_wconf 83' lang='lat' dir='ltr'><strong>Vitam</strong></span> <span class='ocrx_word' id='word_1_403' title='bbox 716 5241 1172 5296; x_wconf 81' lang='lat' dir='ltr'><strong>Annotationibus</strong></span> <span class='ocrx_word' id='word_1_404' title='bbox 1202 5255 1324 5310; x_wconf 89' lang='lat' dir='ltr'><strong>pag.</strong></span> <span class='ocrx_word' id='word_1_405' title='bbox 1357 5240 1482 5307; x_wconf 74' lang='grc'><strong>400,</strong></span> <span class='ocrx_word' id='word_1_406' title='bbox 1517 5260 1535 5291; x_wconf 75' lang='grc' dir='ltr'><strong><em>ι</em></strong></span> <span class='ocrx_word' id='word_1_407' title='bbox 1576 5241 1689 5296; x_wconf 78' lang='lat' dir='ltr'><strong>Ro-</strong></span> 
     </span>
    </p>
   </div>
   <div class='ocr_carea' id='block_1_58' title="bbox 138 5330 1690 5408">
    <p class='ocr_par' dir='ltr' id='par_1_58' title="bbox 138 5330 1690 5408">
     <span class='ocr_line' id='line_1_58' title="bbox 138 5330 1690 5408; baseline 0.005 -27"><span class='ocrx_word' id='word_1_408' title='bbox 138 5330 289 5396; x_wconf 75' lang='lat' dir='ltr'><strong>gerius</strong></span> <span class='ocrx_word' id='word_1_409' title='bbox 314 5336 417 5388; x_wconf 79' lang='lat' dir='ltr'><strong>dux</strong></span> <span class='ocrx_word' id='word_1_410' title='bbox 454 5335 679 5408; x_wconf 68' lang='lat' dir='ltr'><strong>Apuliae,</strong></span> <span class='ocrx_word' id='word_1_411' title='bbox 712 5335 978 5390; x_wconf 79' lang='lat' dir='ltr'><strong>Calabriae</strong></span> <span class='ocrx_word' id='word_1_412' title='bbox 1009 5343 1065 5389; x_wconf 86' lang='lat' dir='ltr'><strong>et</strong></span> <span class='ocrx_word' id='word_1_413' title='bbox 1105 5332 1321 5397; x_wconf 87' lang='lat' dir='ltr'><strong>Siciliae,</strong></span> <span class='ocrx_word' id='word_1_414' title='bbox 1355 5346 1495 5387; x_wconf 87' lang='lat' dir='ltr'><strong>anno</strong></span> <span class='ocrx_word' id='word_1_415' title='bbox 1524 5334 1690 5389; x_wconf 88' lang='lat' dir='ltr'><strong>duca-</strong></span> 
     </span>
    </p>
   </div>
   <div class='ocr_carea' id='block_1_59' title="bbox 142 5411 1686 5494">
    <p class='ocr_par' dir='ltr' id='par_1_59' title="bbox 142 5411 1686 5494">
     <span class='ocr_line' id='line_1_59' title="bbox 142 5411 1686 5494; baseline 0.007 -23"><span class='ocrx_word' id='word_1_416' title='bbox 142 5426 215 5475; x_wconf 74' lang='lat' dir='ltr'><strong>tus</strong></span> <span class='ocrx_word' id='word_1_417' title='bbox 245 5424 315 5479; x_wconf 90' lang='lat' dir='ltr'><strong>sui</strong></span> <span class='ocrx_word' id='word_1_418' title='bbox 364 5442 453 5482; x_wconf 69' lang='lat' dir='ltr'><strong>xxv</strong></span> <span class='ocrx_word' id='word_1_419' title='bbox 478 5411 625 5481; x_wconf 82' lang='lat' dir='ltr'><strong>dedit</strong></span> <span class='ocrx_word' id='word_1_420' title='bbox 653 5426 899 5481; x_wconf 86' lang='lat' dir='ltr'><strong>ecclesiae</strong></span> <span class='ocrx_word' id='word_1_421' title='bbox 930 5425 988 5479; x_wconf 90' lang='lat' dir='ltr'><strong>S.</strong></span> <span class='ocrx_word' id='word_1_422' title='bbox 1018 5424 1219 5489; x_wconf 77' lang='lat' dir='ltr'><strong>Mariae,</strong></span> <span class='ocrx_word' id='word_1_423' title='bbox 1251 5440 1371 5494; x_wconf 72' lang='lat' dir='ltr'><strong>qua:</strong></span> <span class='ocrx_word' id='word_1_424' title='bbox 1420 5424 1474 5479; x_wconf 93' lang='lat' dir='ltr'><strong>in</strong></span> <span class='ocrx_word' id='word_1_425' title='bbox 1500 5440 1686 5482; x_wconf 92' lang='lat' dir='ltr'><strong>eremo</strong></span> 
     </span>
    </p>
   </div>
   <div class='ocr_carea' id='block_1_60' title="bbox 142 5513 1684 5589">
    <p class='ocr_par' dir='ltr' id='par_1_60' title="bbox 142 5513 1684 5589">
     <span class='ocr_line' id='line_1_60' title="bbox 142 5513 1684 5589; baseline 0.005 -24"><span class='ocrx_word' id='word_1_426' title='bbox 142 5513 230 5567; x_wconf 79' lang='lat' dir='ltr'><strong>sita</strong></span> <span class='ocrx_word' id='word_1_427' title='bbox 264 5527 357 5584; x_wconf 86' lang='lat' dir='ltr'><strong>est,</strong></span> <span class='ocrx_word' id='word_1_428' title='bbox 381 5517 519 5585; x_wconf 91' lang='lat' dir='ltr'><strong>loco,</strong></span> <span class='ocrx_word' id='word_1_429' title='bbox 548 5519 637 5589; x_wconf 89' lang='lat' dir='ltr'><strong>qui</strong></span> <span class='ocrx_word' id='word_1_430' title='bbox 677 5518 744 5571; x_wconf 92' lang='lat' dir='ltr'><strong>ab</strong></span> <span class='ocrx_word' id='word_1_431' title='bbox 771 5516 962 5572; x_wconf 86' lang='lat' dir='ltr'><strong>incolis</strong></span> <span class='ocrx_word' id='word_1_432' title='bbox 986 5515 1174 5571; x_wconf 89' lang='lat' dir='ltr'><strong>Turris</strong></span> <span class='ocrx_word' id='word_1_433' title='bbox 1200 5514 1684 5582; x_wconf 89' lang='lat' dir='ltr'><strong>dicitur,villanos,</strong></span> 
     </span>
    </p>
   </div>
   <div class='ocr_carea' id='block_1_61' title="bbox 145 5607 1685 5683">
    <p class='ocr_par' dir='ltr' id='par_1_61' title="bbox 145 5607 1685 5683">
     <span class='ocr_line' id='line_1_61' title="bbox 145 5607 1685 5683; baseline 0.001 -22"><span class='ocrx_word' id='word_1_434' title='bbox 145 5622 263 5674; x_wconf 85' lang='lat' dir='ltr'><strong>quos</strong></span> <span class='ocrx_word' id='word_1_435' title='bbox 306 5614 436 5681; x_wconf 86' lang='lat' dir='ltr'><strong>apud</strong></span> <span class='ocrx_word' id='word_1_436' title='bbox 482 5612 835 5683; x_wconf 78' lang='lat' dir='ltr'><strong>Squillacium</strong></span> <span class='ocrx_word' id='word_1_437' title='bbox 872 5609 1127 5676; x_wconf 83' lang='lat' dir='ltr'><strong>habebat,</strong></span> <span class='ocrx_word' id='word_1_438' title='bbox 1161 5624 1262 5679; x_wconf 90' lang='lat' dir='ltr'><strong>pro</strong></span> <span class='ocrx_word' id='word_1_439' title='bbox 1297 5607 1388 5663; x_wconf 91' lang='lat' dir='ltr'><strong>Dei</strong></span> <span class='ocrx_word' id='word_1_440' title='bbox 1416 5621 1601 5662; x_wconf 82' lang='lat' dir='ltr'><strong>amore</strong></span> <span class='ocrx_word' id='word_1_441' title='bbox 1629 5616 1685 5663; x_wconf 86' lang='lat' dir='ltr'><strong>et</strong></span> 
     </span>
    </p>
   </div>
   <div class='ocr_carea' id='block_1_62' title="bbox 150 5696 1683 5774">
    <p class='ocr_par' dir='ltr' id='par_1_62' title="bbox 150 5696 1683 5774">
     <span class='ocr_line' id='line_1_62' title="bbox 150 5696 1683 5774; baseline 0.002 -26"><span class='ocrx_word' id='word_1_442' title='bbox 150 5696 208 5748; x_wconf 74' lang='lat' dir='ltr'><strong>ll.</strong></span> <span class='ocrx_word' id='word_1_443' title='bbox 260 5697 523 5767; x_wconf 75' lang='lat' dir='ltr'><strong>Brunonis,</strong></span> <span class='ocrx_word' id='word_1_444' title='bbox 577 5702 666 5774; x_wconf 82' lang='lat' dir='ltr'><strong>qui</strong></span> <span class='ocrx_word' id='word_1_445' title='bbox 728 5701 1059 5756; x_wconf 90' lang='lat' dir='ltr'><strong>monasterio</strong></span> <span class='ocrx_word' id='word_1_446' title='bbox 1117 5708 1366 5771; x_wconf 71' lang='lat' dir='ltr'><strong>prmerat,</strong></span> <span class='ocrx_word' id='word_1_447' title='bbox 1432 5712 1683 5753; x_wconf 78' lang='lat' dir='ltr'><strong>reveren-</strong></span> 
     </span>
    </p>
   </div>
   <div class='ocr_carea' id='block_1_63' title="bbox 152 5790 1680 5875">
    <p class='ocr_par' dir='ltr' id='par_1_63' title="bbox 152 5790 1680 5875">
     <span class='ocr_line' id='line_1_63' title="bbox 152 5790 1680 5875; baseline 0.001 -30"><span class='ocrx_word' id='word_1_448' title='bbox 152 5790 233 5845; x_wconf 81' lang='lat' dir='ltr'><strong>tia.</strong></span> <span class='ocrx_word' id='word_1_449' title='bbox 288 5793 554 5875; x_wconf 84' lang='lat' dir='ltr'><strong>Diplomati</strong></span> <span class='ocrx_word' id='word_1_450' title='bbox 634 5794 1068 5867; x_wconf 85' lang='lat' dir='ltr'><strong>subscripserunt</strong></span> <span class='ocrx_word' id='word_1_451' title='bbox 1126 5793 1389 5866; x_wconf 77' lang='lat' dir='ltr'><strong>Rogerius</strong></span> <span class='ocrx_word' id='word_1_452' title='bbox 1422 5833 1437 5861; x_wconf 96' lang='lat'><strong>,</strong></span> <span class='ocrx_word' id='word_1_453' title='bbox 1500 5790 1680 5848; x_wconf 54' lang='lat' dir='ltr'><strong>archiv</strong></span> 
     </span>
    </p>
   </div>
   <div class='ocr_carea' id='block_1_64' title="bbox 1753 568 3341 643">
    <p class='ocr_par' dir='ltr' id='par_1_64' title="bbox 1753 568 3341 643">
     <span class='ocr_line' id='line_1_64' title="bbox 1753 568 3341 643; baseline -0.008 -10"><span class='ocrx_word' id='word_1_454' title='bbox 1753 577 1905 633; x_wconf 85' lang='lat' dir='ltr'><strong>Fallo</strong></span> <span class='ocrx_word' id='word_1_455' title='bbox 1960 576 2313 632; x_wconf 75' lang='lat' dir='ltr'><strong>Castanensis</strong></span> <span class='ocrx_word' id='word_1_456' title='bbox 2362 574 2655 643; x_wconf 78' lang='lat' dir='ltr'><strong>episcopus</strong></span> <span class='ocrx_word' id='word_1_457' title='bbox 2734 579 2791 626; x_wconf 89' lang='lat' dir='ltr'><strong>et</strong></span> <span class='ocrx_word' id='word_1_458' title='bbox 2846 584 2998 638; x_wconf 86' lang='lat' dir='ltr'><strong>papae</strong></span> <span class='ocrx_word' id='word_1_459' title='bbox 3068 568 3341 633; x_wconf 81' lang='lat' dir='ltr'><strong>vicarius;</strong></span> 
     </span>
    </p>
   </div>
   <div class='ocr_carea' id='block_1_65' title="bbox 1753 661 3359 740">
    <p class='ocr_par' dir='ltr' id='par_1_65' title="bbox 1753 661 3359 740">
     <span class='ocr_line' id='line_1_65' title="bbox 1753 661 3359 740; baseline -0.006 -14"><span class='ocrx_word' id='word_1_460' title='bbox 1753 670 2068 740; x_wconf 76' lang='lat' dir='ltr'><strong>Amulphus</strong></span> <span class='ocrx_word' id='word_1_461' title='bbox 2124 667 2456 724; x_wconf 85' lang='lat' dir='ltr'><strong>Cusentinus</strong></span> <span class='ocrx_word' id='word_1_462' title='bbox 2522 664 3004 733; x_wconf 88' lang='lat' dir='ltr'><strong>archiepiscopus,</strong></span> <span class='ocrx_word' id='word_1_463' title='bbox 3071 661 3359 717; x_wconf 68' lang='lat' dir='ltr'><strong>Tustenus‘</strong></span> 
     </span>
    </p>
   </div>
   <div class='ocr_carea' id='block_1_66' title="bbox 1755 753 3348 830">
    <p class='ocr_par' dir='ltr' id='par_1_66' title="bbox 1755 753 3348 830">
     <span class='ocr_line' id='line_1_66' title="bbox 1755 753 3348 830; baseline -0.006 -14"><span class='ocrx_word' id='word_1_464' title='bbox 1755 760 1971 830; x_wconf 88' lang='lat' dir='ltr'><strong>episc.,</strong></span> <span class='ocrx_word' id='word_1_465' title='bbox 2040 758 2217 814; x_wconf 83' lang='lat' dir='ltr'><strong>Guido</strong></span> <span class='ocrx_word' id='word_1_466' title='bbox 2288 757 2513 812; x_wconf 73' lang='lat' dir='ltr'><strong>Boberti</strong></span> <span class='ocrx_word' id='word_1_467' title='bbox 2578 755 2733 811; x_wconf 87' lang='lat' dir='ltr'><strong>ducis</strong></span> <span class='ocrx_word' id='word_1_468' title='bbox 2800 753 2961 808; x_wconf 80' lang='lat' dir='ltr'><strong>ﬁlius.</strong></span> <span class='ocrx_word' id='word_1_469' title='bbox 3014 772 3034 806; x_wconf 72' lang='grc' dir='ltr'><strong><em>ι</em></strong></span> <span class='ocrx_word' id='word_1_470' title='bbox 3090 753 3348 807; x_wconf 86' lang='lat' dir='ltr'><strong>Donatio-</strong></span> 
     </span>
    </p>
   </div>
   <div class='ocr_carea' id='block_1_67' title="bbox 1757 843 3346 917">
    <p class='ocr_par' dir='ltr' id='par_1_67' title="bbox 1757 843 3346 917">
     <span class='ocr_line' id='line_1_67' title="bbox 1757 843 3346 917; baseline -0.007 -10"><span class='ocrx_word' id='word_1_471' title='bbox 1757 866 1881 907; x_wconf 87' lang='lat' dir='ltr'><strong>nem</strong></span> <span class='ocrx_word' id='word_1_472' title='bbox 1917 850 2059 905; x_wconf 85' lang='lat' dir='ltr'><strong>banc</strong></span> <span class='ocrx_word' id='word_1_473' title='bbox 2087 856 2354 903; x_wconf 85' lang='lat' dir='ltr'><strong>memorat</strong></span> <span class='ocrx_word' id='word_1_474' title='bbox 2378 862 2593 917; x_wconf 88' lang='lat' dir='ltr'><strong>quoque</strong></span> <span class='ocrx_word' id='word_1_475' title='bbox 2634 846 2688 902; x_wconf 90' lang='lat' dir='ltr'><strong>in</strong></span> <span class='ocrx_word' id='word_1_476' title='bbox 2720 845 2975 900; x_wconf 70' lang='lat' dir='ltr'><strong>Historiae</strong></span> <span class='ocrx_word' id='word_1_477' title='bbox 2997 843 3346 900; x_wconf 84' lang='lat' dir='ltr'><strong>Carthusieu-</strong></span> 
     </span>
    </p>
   </div>
   <div class='ocr_carea' id='block_1_68' title="bbox 1757 937 3346 1012">
    <p class='ocr_par' dir='ltr' id='par_1_68' title="bbox 1757 937 3346 1012">
     <span class='ocr_line' id='line_1_68' title="bbox 1757 937 3346 1012; baseline -0.009 -14"><span class='ocrx_word' id='word_1_478' title='bbox 1757 943 1835 998; x_wconf 77' lang='lat' dir='ltr'><strong>sis</strong></span> <span class='ocrx_word' id='word_1_479' title='bbox 1881 942 2179 1012; x_wconf 83' lang='lat' dir='ltr'><strong>Prospectu</strong></span> <span class='ocrx_word' id='word_1_480' title='bbox 2221 956 2348 1011; x_wconf 87' lang='lat' dir='ltr'><strong>pag.</strong></span> <span class='ocrx_word' id='word_1_481' title='bbox 2402 940 2469 994; x_wconf 74' lang='grc'><strong>14</strong></span> <span class='ocrx_word' id='word_1_482' title='bbox 2523 937 2786 994; x_wconf 86' lang='lat' dir='ltr'><strong>Camillus</strong></span> <span class='ocrx_word' id='word_1_483' title='bbox 2828 937 3099 1001; x_wconf 88' lang='lat' dir='ltr'><strong>Tutinus;</strong></span> <span class='ocrx_word' id='word_1_484' title='bbox 3125 949 3346 999; x_wconf 82' lang='lat' dir='ltr'><strong>verum,</strong></span> 
     </span>
    </p>
   </div>
   <div class='ocr_carea' id='block_1_69' title="bbox 1759 1027 3350 1101">
    <p class='ocr_par' dir='ltr' id='par_1_69' title="bbox 1759 1027 3350 1101">
     <span class='ocr_line' id='line_1_69' title="bbox 1759 1027 3350 1101; baseline -0.006 -13"><span class='ocrx_word' id='word_1_485' title='bbox 1759 1047 1886 1088; x_wconf 88' lang='lat' dir='ltr'><strong>cum</strong></span> <span class='ocrx_word' id='word_1_486' title='bbox 1925 1032 2184 1101; x_wconf 87' lang='lat' dir='ltr'><strong>diploma,</strong></span> <span class='ocrx_word' id='word_1_487' title='bbox 2208 1045 2316 1099; x_wconf 87' lang='lat' dir='ltr'><strong>quo</strong></span> <span class='ocrx_word' id='word_1_488' title='bbox 2338 1028 2480 1083; x_wconf 80' lang='lat' dir='ltr'><strong>facta</strong></span> <span class='ocrx_word' id='word_1_489' title='bbox 2510 1043 2540 1082; x_wconf 88' lang='lat' dir='ltr'><strong>a</strong></span> <span class='ocrx_word' id='word_1_490' title='bbox 2583 1027 2819 1082; x_wconf 88' lang='lat' dir='ltr'><strong>Suriano</strong></span> <span class='ocrx_word' id='word_1_491' title='bbox 2843 1028 3097 1091; x_wconf 86' lang='lat' dir='ltr'><strong>traditur,</strong></span> <span class='ocrx_word' id='word_1_492' title='bbox 3134 1027 3199 1079; x_wconf 89' lang='lat' dir='ltr'><strong>ad</strong></span> <span class='ocrx_word' id='word_1_493' title='bbox 3233 1040 3350 1079; x_wconf 85' lang='lat' dir='ltr'><strong>tua—</strong></span> 
     </span>
    </p>
   </div>
   <div class='ocr_carea' id='block_1_70' title="bbox 1759 1119 3347 1192">
    <p class='ocr_par' dir='ltr' id='par_1_70' title="bbox 1759 1119 3347 1192">
     <span class='ocr_line' id='line_1_70' title="bbox 1759 1119 3347 1192; baseline -0.006 -12"><span class='ocrx_word' id='word_1_494' title='bbox 1759 1140 1890 1180; x_wconf 92' lang='lat' dir='ltr'><strong>num</strong></span> <span class='ocrx_word' id='word_1_495' title='bbox 1914 1140 2021 1178; x_wconf 90' lang='lat' dir='ltr'><strong>non</strong></span> <span class='ocrx_word' id='word_1_496' title='bbox 2045 1123 2137 1189; x_wconf 87' lang='lat' dir='ltr'><strong>sit,</strong></span> <span class='ocrx_word' id='word_1_497' title='bbox 2195 1122 2350 1192; x_wconf 89' lang='lat' dir='ltr'><strong>plura</strong></span> <span class='ocrx_word' id='word_1_498' title='bbox 2397 1121 2463 1175; x_wconf 92' lang='lat' dir='ltr'><strong>de</strong></span> <span class='ocrx_word' id='word_1_499' title='bbox 2513 1121 2619 1175; x_wconf 86' lang='lat' dir='ltr'><strong>hac</strong></span> <span class='ocrx_word' id='word_1_500' title='bbox 2651 1119 2852 1174; x_wconf 88' lang='lat' dir='ltr'><strong>addere</strong></span> <span class='ocrx_word' id='word_1_501' title='bbox 2898 1119 3209 1174; x_wconf 90' lang='lat' dir='ltr'><strong>consuitutn</strong></span> <span class='ocrx_word' id='word_1_502' title='bbox 3239 1134 3347 1172; x_wconf 90' lang='lat' dir='ltr'><strong>non</strong></span> 
     </span>
    </p>
   </div>
   <div class='ocr_carea' id='block_1_71' title="bbox 1762 1209 2805 1283">
    <p class='ocr_par' dir='ltr' id='par_1_71' title="bbox 1762 1209 2805 1283">
     <span class='ocr_line' id='line_1_71' title="bbox 1762 1209 2805 1283; baseline -0.009 -11"><span class='ocrx_word' id='word_1_503' title='bbox 1762 1216 1921 1279; x_wconf 91' lang='lat' dir='ltr'><strong>duco,</strong></span> <span class='ocrx_word' id='word_1_504' title='bbox 1953 1230 2017 1270; x_wconf 81' lang='lat' dir='ltr'><strong>ac</strong></span> <span class='ocrx_word' id='word_1_505' title='bbox 2043 1214 2199 1283; x_wconf 90' lang='lat' dir='ltr'><strong>proin</strong></span> <span class='ocrx_word' id='word_1_506' title='bbox 2232 1214 2298 1267; x_wconf 91' lang='lat' dir='ltr'><strong>ad</strong></span> <span class='ocrx_word' id='word_1_507' title='bbox 2328 1212 2431 1265; x_wconf 87' lang='lat' dir='ltr'><strong>alia</strong></span> <span class='ocrx_word' id='word_1_508' title='bbox 2461 1209 2805 1281; x_wconf 87' lang='lat' dir='ltr'><strong>progredior.</strong></span> 
     </span>
    </p>
   </div>
   <div class='ocr_carea' id='block_1_72' title="bbox 1833 1300 3348 1363">
    <p class='ocr_par' dir='ltr' id='par_1_72' title="bbox 1833 1300 3348 1363">
     <span class='ocr_line' id='line_1_72' title="bbox 1833 1300 3348 1363; baseline -0.006 0"><span class='ocrx_word' id='word_1_509' title='bbox 1833 1308 1958 1363; x_wconf 72' lang='lat'><strong>672.</strong></span> <span class='ocrx_word' id='word_1_510' title='bbox 1987 1306 2255 1362; x_wconf 87' lang='lat' dir='ltr'><strong>Surianus</strong></span> <span class='ocrx_word' id='word_1_511' title='bbox 2301 1304 2356 1358; x_wconf 92' lang='lat' dir='ltr'><strong>in</strong></span> <span class='ocrx_word' id='word_1_512' title='bbox 2406 1304 2519 1358; x_wconf 91' lang='lat' dir='ltr'><strong>suis</strong></span> <span class='ocrx_word' id='word_1_513' title='bbox 2547 1303 2600 1356; x_wconf 90' lang='lat' dir='ltr'><strong>in</strong></span> <span class='ocrx_word' id='word_1_514' title='bbox 2653 1311 2966 1358; x_wconf 83' lang='lat' dir='ltr'><strong>contextam</strong></span> <span class='ocrx_word' id='word_1_515' title='bbox 3008 1316 3036 1354; x_wconf 89' lang='lat' dir='ltr'><strong>a</strong></span> <span class='ocrx_word' id='word_1_516' title='bbox 3090 1300 3253 1357; x_wconf 85' lang='lat' dir='ltr'><strong>Surio</strong></span> <span class='ocrx_word' id='word_1_517' title='bbox 3286 1300 3348 1356; x_wconf 92' lang='lat' dir='ltr'><strong>S.</strong></span> 
     </span>
    </p>
   </div>
   <div class='ocr_carea' id='block_1_73' title="bbox 1762 1392 3350 1463">
    <p class='ocr_par' dir='ltr' id='par_1_73' title="bbox 1762 1392 3350 1463">
     <span class='ocr_line' id='line_1_73' title="bbox 1762 1392 3350 1463; baseline -0.004 -10"><span class='ocrx_word' id='word_1_518' title='bbox 1762 1398 2034 1453; x_wconf 90' lang='lat' dir='ltr'><strong>Brunonis</strong></span> <span class='ocrx_word' id='word_1_519' title='bbox 2070 1397 2247 1453; x_wconf 76' lang='lat' dir='ltr'><strong>Vitam</strong></span> <span class='ocrx_word' id='word_1_520' title='bbox 2278 1392 2737 1451; x_wconf 78' lang='lat' dir='ltr'><strong>Annotationibus</strong></span> <span class='ocrx_word' id='word_1_521' title='bbox 2779 1409 2901 1463; x_wconf 85' lang='lat' dir='ltr'><strong>pag.</strong></span> <span class='ocrx_word' id='word_1_522' title='bbox 2934 1394 3036 1447; x_wconf 72' lang='grc'><strong>172</strong></span> <span class='ocrx_word' id='word_1_523' title='bbox 3064 1395 3177 1449; x_wconf 67' lang='lat' dir='ltr'><strong>haec</strong></span> <span class='ocrx_word' id='word_1_524' title='bbox 3202 1393 3350 1448; x_wconf 90' lang='lat' dir='ltr'><strong>Surii</strong></span> 
     </span>
    </p>
   </div>
   <div class='ocr_carea' id='block_1_74' title="bbox 1764 1480 3348 1554">
    <p class='ocr_par' dir='ltr' id='par_1_74' title="bbox 1764 1480 3348 1554">
     <span class='ocr_line' id='line_1_74' title="bbox 1764 1480 3348 1554; baseline -0.004 -8"><span class='ocrx_word' id='word_1_525' title='bbox 1764 1491 1830 1546; x_wconf 90' lang='lat' dir='ltr'><strong>de</strong></span> <span class='ocrx_word' id='word_1_526' title='bbox 1843 1489 2042 1544; x_wconf 88' lang='lat' dir='ltr'><strong>Sancto</strong></span> <span class='ocrx_word' id='word_1_527' title='bbox 2054 1489 2214 1543; x_wconf 89' lang='lat' dir='ltr'><strong>verba</strong></span> <span class='ocrx_word' id='word_1_528' title='bbox 2236 1506 2254 1539; x_wconf 72' lang='grc' dir='ltr'>ι</span> <span class='ocrx_word' id='word_1_529' title='bbox 2274 1486 2479 1542; x_wconf 89' lang='lat' dir='ltr'><strong>Crebro</strong></span> <span class='ocrx_word' id='word_1_530' title='bbox 2491 1487 2555 1539; x_wconf 84' lang='lat' dir='ltr'><strong>ad</strong></span> <span class='ocrx_word' id='word_1_531' title='bbox 2569 1499 2663 1540; x_wconf 91' lang='lat' dir='ltr'><strong>eos</strong></span> <span class='ocrx_word' id='word_1_532' title='bbox 2686 1503 2705 1537; x_wconf 71' lang='grc' dir='ltr'><strong>ι</strong></span> <span class='ocrx_word' id='word_1_533' title='bbox 2718 1483 3022 1554; x_wconf 89' lang='lat' dir='ltr'><strong>(religiosos</strong></span> <span class='ocrx_word' id='word_1_534' title='bbox 3046 1480 3348 1539; x_wconf 69' lang='lat' dir='ltr'><strong>Carthusiae</strong></span> 
     </span>
    </p>
   </div>
   <div class='ocr_carea' id='block_1_75' title="bbox 1764 1574 3348 1649">
    <p class='ocr_par' dir='ltr' id='par_1_75' title="bbox 1764 1574 3348 1649">
     <span class='ocr_line' id='line_1_75' title="bbox 1764 1574 3348 1649; baseline -0.004 -15"><span class='ocrx_word' id='word_1_535' title='bbox 1764 1579 1982 1649; x_wconf 78' lang='lat' dir='ltr'><strong>Majoris</strong></span> <span class='ocrx_word' id='word_1_536' title='bbox 2003 1576 2231 1649; x_wconf 83' lang='lat' dir='ltr'><strong>incolas)</strong></span> <span class='ocrx_word' id='word_1_537' title='bbox 2254 1577 2490 1646; x_wconf 88' lang='lat' dir='ltr'><strong>scripsit,</strong></span> <span class='ocrx_word' id='word_1_538' title='bbox 2518 1577 2590 1630; x_wconf 91' lang='lat' dir='ltr'><strong>ita</strong></span> <span class='ocrx_word' id='word_1_539' title='bbox 2614 1583 3013 1630; x_wconf 84' lang='lat' dir='ltr'><strong>commentatur</strong></span> <span class='ocrx_word' id='word_1_540' title='bbox 3040 1590 3053 1627; x_wconf 91' lang='lat'>:</span> <span class='ocrx_word' id='word_1_541' title='bbox 3092 1593 3109 1625; x_wconf 78' lang='grc' dir='ltr'>ι</span> <span class='ocrx_word' id='word_1_542' title='bbox 3139 1574 3348 1629; x_wconf 89' lang='lat' dir='ltr'><strong>Cum...</strong></span> 
     </span>
    </p>
   </div>
   <div class='ocr_carea' id='block_1_76' title="bbox 1765 1665 3351 1737">
    <p class='ocr_par' dir='ltr' id='par_1_76' title="bbox 1765 1665 3351 1737">
     <span class='ocr_line' id='line_1_76' title="bbox 1765 1665 3351 1737; baseline -0.008 -8"><span class='ocrx_word' id='word_1_543' title='bbox 1765 1675 1833 1729; x_wconf 86' lang='lat' dir='ltr'><strong>de</strong></span> <span class='ocrx_word' id='word_1_544' title='bbox 1866 1672 1953 1727; x_wconf 90' lang='lat' dir='ltr'><strong>die</strong></span> <span class='ocrx_word' id='word_1_545' title='bbox 1979 1671 2033 1725; x_wconf 91' lang='lat' dir='ltr'><strong>in</strong></span> <span class='ocrx_word' id='word_1_546' title='bbox 2064 1671 2206 1724; x_wconf 84' lang='lat' dir='ltr'><strong>diem</strong></span> <span class='ocrx_word' id='word_1_547' title='bbox 2240 1667 2550 1724; x_wconf 81' lang='lat' dir='ltr'><strong>dill‘erretur</strong></span> <span class='ocrx_word' id='word_1_548' title='bbox 2586 1667 2703 1736; x_wconf 83' lang='lat' dir='ltr'><strong>ejus</strong></span> <span class='ocrx_word' id='word_1_549' title='bbox 2725 1667 2807 1737; x_wconf 73' lang='grc' dir='ltr'><strong>(ὃ.</strong></span> <span class='ocrx_word' id='word_1_550' title='bbox 2837 1666 3106 1720; x_wconf 83' lang='lat' dir='ltr'><strong>Brunonis</strong></span> <span class='ocrx_word' id='word_1_551' title='bbox 3137 1665 3351 1737; x_wconf 85' lang='lat' dir='ltr'><strong>nempe)</strong></span> 
     </span>
    </p>
   </div>
   <div class='ocr_carea' id='block_1_77' title="bbox 1766 1757 3348 1831">
    <p class='ocr_par' dir='ltr' id='par_1_77' title="bbox 1766 1757 3348 1831">
     <span class='ocr_line' id='line_1_77' title="bbox 1766 1757 3348 1831; baseline -0.008 -10"><span class='ocrx_word' id='word_1_552' title='bbox 1766 1762 2239 1831; x_wconf 87' lang='lat' dir='ltr'><strong>reditus,mittitur</strong></span> <span class='ocrx_word' id='word_1_553' title='bbox 2265 1762 2331 1816; x_wconf 89' lang='lat' dir='ltr'><strong>ad</strong></span> <span class='ocrx_word' id='word_1_554' title='bbox 2358 1775 2480 1813; x_wconf 91' lang='lat' dir='ltr'><strong>eum</strong></span> <span class='ocrx_word' id='word_1_555' title='bbox 2508 1758 2818 1812; x_wconf 86' lang='lat' dir='ltr'><strong>Landuinus</strong></span> <span class='ocrx_word' id='word_1_556' title='bbox 2844 1757 2989 1827; x_wconf 87' lang='lat' dir='ltr'><strong>prior</strong></span> <span class='ocrx_word' id='word_1_557' title='bbox 3019 1772 3083 1811; x_wconf 79' lang='lat' dir='ltr'><strong>ex</strong></span> <span class='ocrx_word' id='word_1_558' title='bbox 3108 1757 3348 1812; x_wconf 74' lang='lat' dir='ltr'><strong>Cartim-</strong></span> 
     </span>
    </p>
   </div>
   <div class='ocr_carea' id='block_1_78' title="bbox 1769 1848 3350 1927">
    <p class='ocr_par' dir='ltr' id='par_1_78' title="bbox 1769 1848 3350 1927">
     <span class='ocr_line' id='line_1_78' title="bbox 1769 1848 3350 1927; baseline -0.008 -14"><span class='ocrx_word' id='word_1_559' title='bbox 1769 1858 1874 1923; x_wconf 88' lang='lat' dir='ltr'><strong>sia,</strong></span> <span class='ocrx_word' id='word_1_560' title='bbox 1906 1857 2144 1927; x_wconf 91' lang='lat' dir='ltr'><strong>quicum</strong></span> <span class='ocrx_word' id='word_1_561' title='bbox 2171 1867 2237 1909; x_wconf 90' lang='lat' dir='ltr'><strong>eo</strong></span> <span class='ocrx_word' id='word_1_562' title='bbox 2263 1852 2482 1907; x_wconf 91' lang='lat' dir='ltr'><strong>comitia</strong></span> <span class='ocrx_word' id='word_1_563' title='bbox 2523 1850 2922 1920; x_wconf 85' lang='lat' dir='ltr'><strong>quodammodo</strong></span> <span class='ocrx_word' id='word_1_564' title='bbox 2949 1848 3350 1919; x_wconf 89' lang='lat' dir='ltr'><strong>auspicaretur,</strong></span> 
     </span>
    </p>
   </div>
   <div class='ocr_carea' id='block_1_79' title="bbox 1769 1938 3353 2005">
    <p class='ocr_par' dir='ltr' id='par_1_79' title="bbox 1769 1938 3353 2005">
     <span class='ocr_line' id='line_1_79' title="bbox 1769 1938 3353 2005; baseline -0.008 0"><span class='ocrx_word' id='word_1_565' title='bbox 1769 1958 1826 2005; x_wconf 90' lang='lat' dir='ltr'><strong>et</strong></span> <span class='ocrx_word' id='word_1_566' title='bbox 1847 1948 2122 2004; x_wconf 83' lang='lat' dir='ltr'><strong>conferret</strong></span> <span class='ocrx_word' id='word_1_567' title='bbox 2153 1944 2219 1999; x_wconf 88' lang='lat' dir='ltr'><strong>de</strong></span> <span class='ocrx_word' id='word_1_568' title='bbox 2246 1941 2537 1998; x_wconf 86' lang='lat' dir='ltr'><strong>universali</strong></span> <span class='ocrx_word' id='word_1_569' title='bbox 2571 1939 2790 1996; x_wconf 83' lang='lat' dir='ltr'><strong>Ordinis</strong></span> <span class='ocrx_word' id='word_1_570' title='bbox 2830 1939 3099 1994; x_wconf 88' lang='lat' dir='ltr'><strong>instituto.</strong></span> <span class='ocrx_word' id='word_1_571' title='bbox 3148 1939 3215 1993; x_wconf 85' lang='lat' dir='ltr'><strong>Et</strong></span> <span class='ocrx_word' id='word_1_572' title='bbox 3263 1938 3353 1992; x_wconf 90' lang='lat' dir='ltr'><strong>ille</strong></span> 
     </span>
    </p>
   </div>
   <div class='ocr_carea' id='block_1_80' title="bbox 1768 2030 3355 2112">
    <p class='ocr_par' dir='ltr' id='par_1_80' title="bbox 1768 2030 3355 2112">
     <span class='ocr_line' id='line_1_80' title="bbox 1768 2030 3355 2112; baseline -0.007 -18"><span class='ocrx_word' id='word_1_573' title='bbox 1768 2041 1987 2112; x_wconf 90' lang='lat' dir='ltr'><strong>quidem</strong></span> <span class='ocrx_word' id='word_1_574' title='bbox 2020 2036 2229 2107; x_wconf 80' lang='lat' dir='ltr'><strong>magnis</strong></span> <span class='ocrx_word' id='word_1_575' title='bbox 2265 2035 2552 2090; x_wconf 89' lang='lat' dir='ltr'><strong>itineribus</strong></span> <span class='ocrx_word' id='word_1_576' title='bbox 2585 2034 2654 2087; x_wconf 84' lang='lat' dir='ltr'><strong>ad</strong></span> <span class='ocrx_word' id='word_1_577' title='bbox 2684 2046 2808 2087; x_wconf 93' lang='lat' dir='ltr'><strong>eum</strong></span> <span class='ocrx_word' id='word_1_578' title='bbox 2837 2030 3114 2100; x_wconf 79' lang='lat' dir='ltr'><strong>profectus</strong></span> <span class='ocrx_word' id='word_1_579' title='bbox 3140 2044 3261 2085; x_wconf 88' lang='lat' dir='ltr'><strong>cum</strong></span> <span class='ocrx_word' id='word_1_580' title='bbox 3289 2043 3355 2083; x_wconf 84' lang='lat' dir='ltr'><strong>eo</strong></span> 
     </span>
    </p>
   </div>
   <div class='ocr_carea' id='block_1_81' title="bbox 1768 2121 3351 2197">
    <p class='ocr_par' dir='ltr' id='par_1_81' title="bbox 1768 2121 3351 2197">
     <span class='ocr_line' id='line_1_81' title="bbox 1768 2121 3351 2197; baseline -0.009 -10"><span class='ocrx_word' id='word_1_581' title='bbox 1768 2129 2019 2193; x_wconf 92' lang='lat' dir='ltr'><strong>contulit,</strong></span> <span class='ocrx_word' id='word_1_582' title='bbox 2049 2135 2314 2197; x_wconf 91' lang='lat' dir='ltr'><strong>quantum</strong></span> <span class='ocrx_word' id='word_1_583' title='bbox 2350 2139 2437 2179; x_wconf 90' lang='lat' dir='ltr'><strong>res</strong></span> <span class='ocrx_word' id='word_1_584' title='bbox 2473 2134 2526 2179; x_wconf 87' lang='lat' dir='ltr'><strong>et</strong></span> <span class='ocrx_word' id='word_1_585' title='bbox 2561 2133 2771 2193; x_wconf 89' lang='lat' dir='ltr'><strong>tempus</strong></span> <span class='ocrx_word' id='word_1_586' title='bbox 2804 2121 3170 2191; x_wconf 87' lang='lat' dir='ltr'><strong>patiebantur,</strong></span> <span class='ocrx_word' id='word_1_587' title='bbox 3196 2134 3351 2173; x_wconf 87' lang='lat' dir='ltr'><strong>cum-</strong></span> 
     </span>
    </p>
   </div>
   <div class='ocr_carea' id='block_1_82' title="bbox 1773 2198 3401 2293">
    <p class='ocr_par' dir='ltr' id='par_1_82' title="bbox 1773 2198 3401 2293">
     <span class='ocr_line' id='line_1_82' title="bbox 1773 2198 3401 2293; baseline -0.007 -15"><span class='ocrx_word' id='word_1_588' title='bbox 1773 2239 1878 2293; x_wconf 91' lang='lat' dir='ltr'><strong>que</strong></span> <span class='ocrx_word' id='word_1_589' title='bbox 1900 2221 2114 2292; x_wconf 78' lang='lat' dir='ltr'><strong>regredi</strong></span> <span class='ocrx_word' id='word_1_590' title='bbox 2139 2220 2397 2288; x_wconf 71' lang='lat' dir='ltr'><strong>cmpisset</strong></span> <span class='ocrx_word' id='word_1_591' title='bbox 2423 2218 2640 2278; x_wconf 85' lang='lat' dir='ltr'><strong>itinere,</strong></span> <span class='ocrx_word' id='word_1_592' title='bbox 2671 2231 2779 2285; x_wconf 90' lang='lat' dir='ltr'><strong>quo</strong></span> <span class='ocrx_word' id='word_1_593' title='bbox 2807 2224 3051 2279; x_wconf 89' lang='lat' dir='ltr'><strong>venerat,</strong></span> <span class='ocrx_word' id='word_1_594' title='bbox 3076 2213 3265 2268; x_wconf 90' lang='lat' dir='ltr'><strong>incidit</strong></span> <span class='ocrx_word' id='word_1_595' title='bbox 3294 2213 3351 2266; x_wconf 91' lang='lat' dir='ltr'><strong>in</strong></span> <span class='ocrx_word' id='word_1_596' title='bbox 3398 2198 3401 2201; x_wconf 53' lang='grc'><em>’</em></span> 
     </span>
    </p>
   </div>
   <div class='ocr_carea' id='block_1_83' title="bbox 1770 2303 3355 2380">
    <p class='ocr_par' dir='ltr' id='par_1_83' title="bbox 1770 2303 3355 2380">
     <span class='ocr_line' id='line_1_83' title="bbox 1770 2303 3355 2380; baseline -0.009 -11"><span class='ocrx_word' id='word_1_597' title='bbox 1770 2328 1964 2369; x_wconf 88' lang='lat' dir='ltr'><strong>manus</strong></span> <span class='ocrx_word' id='word_1_598' title='bbox 1988 2311 2277 2380; x_wconf 68' lang='lat' dir='ltr'><strong>antipapae,</strong></span> <span class='ocrx_word' id='word_1_599' title='bbox 2311 2326 2342 2362; x_wconf 89' lang='lat' dir='ltr'><strong>a</strong></span> <span class='ocrx_word' id='word_1_600' title='bbox 2374 2323 2481 2376; x_wconf 91' lang='lat' dir='ltr'><strong>quo</strong></span> <span class='ocrx_word' id='word_1_601' title='bbox 2507 2324 2630 2362; x_wconf 89' lang='lat' dir='ltr'><strong>cum</strong></span> <span class='ocrx_word' id='word_1_602' title='bbox 2654 2306 2815 2360; x_wconf 90' lang='lat' dir='ltr'><strong>nullis</strong></span> <span class='ocrx_word' id='word_1_603' title='bbox 2844 2305 3094 2373; x_wconf 86' lang='lat' dir='ltr'><strong>precibus</strong></span> <span class='ocrx_word' id='word_1_604' title='bbox 3117 2312 3210 2358; x_wconf 84' lang='lat' dir='ltr'><strong>aut</strong></span> <span class='ocrx_word' id='word_1_605' title='bbox 3248 2303 3355 2356; x_wconf 83' lang='lat' dir='ltr'><strong>mi-</strong></span> 
     </span>
    </p>
   </div>
   <div class='ocr_carea' id='block_1_84' title="bbox 1773 2397 3348 2472">
    <p class='ocr_par' dir='ltr' id='par_1_84' title="bbox 1773 2397 3348 2472">
     <span class='ocr_line' id='line_1_84' title="bbox 1773 2397 3348 2472; baseline -0.009 -11"><span class='ocrx_word' id='word_1_606' title='bbox 1773 2408 1855 2461; x_wconf 87' lang='lat' dir='ltr'><strong>nis</strong></span> <span class='ocrx_word' id='word_1_607' title='bbox 1878 2404 2069 2459; x_wconf 67' lang='lat' dir='ltr'><strong>adduci</strong></span> <span class='ocrx_word' id='word_1_608' title='bbox 2104 2410 2308 2472; x_wconf 89' lang='lat' dir='ltr'><strong>posset,</strong></span> <span class='ocrx_word' id='word_1_609' title='bbox 2337 2410 2397 2454; x_wconf 90' lang='lat' dir='ltr'><strong>ut</strong></span> <span class='ocrx_word' id='word_1_610' title='bbox 2420 2400 2718 2470; x_wconf 86' lang='lat' dir='ltr'><strong>legitimum</strong></span> <span class='ocrx_word' id='word_1_611' title='bbox 2761 2397 3074 2467; x_wconf 83' lang='lat' dir='ltr'><strong>pontiﬁcem</strong></span> <span class='ocrx_word' id='word_1_612' title='bbox 3105 2405 3348 2463; x_wconf 80' lang='lat' dir='ltr'><strong>negaret,</strong></span> 
     </span>
    </p>
   </div>
   <div class='ocr_carea' id='block_1_85' title="bbox 1771 2488 3361 2557">
    <p class='ocr_par' dir='ltr' id='par_1_85' title="bbox 1771 2488 3361 2557">
     <span class='ocr_line' id='line_1_85' title="bbox 1771 2488 3361 2557; baseline -0.008 -4"><span class='ocrx_word' id='word_1_613' title='bbox 1771 2500 1825 2553; x_wconf 90' lang='lat' dir='ltr'><strong>in</strong></span> <span class='ocrx_word' id='word_1_614' title='bbox 1854 2498 2191 2552; x_wconf 90' lang='lat' dir='ltr'><strong>teterrimum</strong></span> <span class='ocrx_word' id='word_1_615' title='bbox 2219 2508 2495 2549; x_wconf 86' lang='lat' dir='ltr'><strong>carcerem</strong></span> <span class='ocrx_word' id='word_1_616' title='bbox 2520 2490 2796 2557; x_wconf 88' lang='lat' dir='ltr'><strong>conjectus</strong></span> <span class='ocrx_word' id='word_1_617' title='bbox 2827 2499 2933 2556; x_wconf 90' lang='lat' dir='ltr'><strong>est,</strong></span> <span class='ocrx_word' id='word_1_618' title='bbox 2958 2489 3044 2543; x_wconf 88' lang='lat' dir='ltr'><strong>ubi</strong></span> <span class='ocrx_word' id='word_1_619' title='bbox 3070 2496 3126 2543; x_wconf 82' lang='lat' dir='ltr'><strong>et</strong></span> <span class='ocrx_word' id='word_1_620' title='bbox 3147 2488 3361 2542; x_wconf 71' lang='lat' dir='ltr'><strong>exstin-</strong></span> 
     </span>
    </p>
   </div>
   <div class='ocr_carea' id='block_1_86' title="bbox 1772 2579 3361 2653">
    <p class='ocr_par' dir='ltr' id='par_1_86' title="bbox 1772 2579 3361 2653">
     <span class='ocr_line' id='line_1_86' title="bbox 1772 2579 3361 2653; baseline -0.007 -9"><span class='ocrx_word' id='word_1_621' title='bbox 1772 2598 1894 2645; x_wconf 88' lang='lat' dir='ltr'><strong>ctus</strong></span> <span class='ocrx_word' id='word_1_622' title='bbox 1924 2597 2028 2653; x_wconf 88' lang='lat' dir='ltr'><strong>est,</strong></span> <span class='ocrx_word' id='word_1_623' title='bbox 2065 2603 2247 2641; x_wconf 84' lang='lat' dir='ltr'><strong>veram</strong></span> <span class='ocrx_word' id='word_1_624' title='bbox 2280 2588 2333 2641; x_wconf 89' lang='lat' dir='ltr'><strong>in</strong></span> <span class='ocrx_word' id='word_1_625' title='bbox 2365 2585 2564 2640; x_wconf 89' lang='lat' dir='ltr'><strong>Christi</strong></span> <span class='ocrx_word' id='word_1_626' title='bbox 2598 2584 2860 2637; x_wconf 90' lang='lat' dir='ltr'><strong>vicarium</strong></span> <span class='ocrx_word' id='word_1_627' title='bbox 2910 2591 3139 2637; x_wconf 78' lang='lat' dir='ltr'><strong>teSIatus</strong></span> <span class='ocrx_word' id='word_1_628' title='bbox 3187 2579 3361 2635; x_wconf 77' lang='lat' dir='ltr'><strong>ﬁdeli-</strong></span> 
     </span>
    </p>
   </div>
   <div class='ocr_carea' id='block_1_87' title="bbox 1774 2671 3361 2745">
    <p class='ocr_par' dir='ltr' id='par_1_87' title="bbox 1774 2671 3361 2745">
     <span class='ocr_line' id='line_1_87' title="bbox 1774 2671 3361 2745; baseline -0.008 -11"><span class='ocrx_word' id='word_1_629' title='bbox 1774 2690 1937 2735; x_wconf 89' lang='lat' dir='ltr'><strong>tatem</strong></span> <span class='ocrx_word' id='word_1_630' title='bbox 1957 2679 2021 2732; x_wconf 89' lang='lat' dir='ltr'><strong>ad</strong></span> <span class='ocrx_word' id='word_1_631' title='bbox 2046 2678 2292 2731; x_wconf 91' lang='lat' dir='ltr'><strong>ultimum</strong></span> <span class='ocrx_word' id='word_1_632' title='bbox 2317 2690 2488 2745; x_wconf 83' lang='lat' dir='ltr'><strong>usque</strong></span> <span class='ocrx_word' id='word_1_633' title='bbox 2515 2676 2823 2744; x_wconf 67' lang='lat' dir='ltr'><strong>spiritum.»</strong></span> <span class='ocrx_word' id='word_1_634' title='bbox 2851 2673 2927 2726; x_wconf 88' lang='lat' dir='ltr'><strong>ita</strong></span> <span class='ocrx_word' id='word_1_635' title='bbox 2955 2672 3071 2736; x_wconf 82' lang='lat' dir='ltr'><strong>ille;</strong></span> <span class='ocrx_word' id='word_1_636' title='bbox 3098 2687 3160 2725; x_wconf 86' lang='lat' dir='ltr'><strong>ac</strong></span> <span class='ocrx_word' id='word_1_637' title='bbox 3186 2671 3361 2739; x_wconf 90' lang='lat' dir='ltr'><strong>primo</strong></span> 
     </span>
    </p>
   </div>
   <div class='ocr_carea' id='block_1_88' title="bbox 1776 2760 3358 2839">
    <p class='ocr_par' dir='ltr' id='par_1_88' title="bbox 1776 2760 3358 2839">
     <span class='ocr_line' id='line_1_88' title="bbox 1776 2760 3358 2839; baseline -0.007 -16"><span class='ocrx_word' id='word_1_638' title='bbox 1776 2771 1993 2839; x_wconf 89' lang='lat' dir='ltr'><strong>quidem</strong></span> <span class='ocrx_word' id='word_1_639' title='bbox 2020 2768 2362 2823; x_wconf 89' lang='lat' dir='ltr'><strong>Landuinum</strong></span> <span class='ocrx_word' id='word_1_640' title='bbox 2393 2766 2459 2819; x_wconf 90' lang='lat' dir='ltr'><strong>ad</strong></span> <span class='ocrx_word' id='word_1_641' title='bbox 2505 2763 2561 2818; x_wconf 88' lang='lat' dir='ltr'><strong>S.</strong></span> <span class='ocrx_word' id='word_1_642' title='bbox 2612 2764 2900 2818; x_wconf 80' lang='lat' dir='ltr'><strong>Brunonen</strong></span> <span class='ocrx_word' id='word_1_643' title='bbox 2955 2762 3007 2814; x_wconf 88' lang='lat' dir='ltr'><strong>in</strong></span> <span class='ocrx_word' id='word_1_644' title='bbox 3048 2760 3358 2815; x_wconf 83' lang='lat' dir='ltr'><strong>Calabriam</strong></span> 
     </span>
    </p>
   </div>
   <div class='ocr_carea' id='block_1_89' title="bbox 1776 2853 3361 2927">
    <p class='ocr_par' dir='ltr' id='par_1_89' title="bbox 1776 2853 3361 2927">
     <span class='ocr_line' id='line_1_89' title="bbox 1776 2853 3361 2927; baseline -0.006 -12"><span class='ocrx_word' id='word_1_645' title='bbox 1776 2862 2012 2927; x_wconf 84' lang='lat' dir='ltr'><strong>venisse,</strong></span> <span class='ocrx_word' id='word_1_646' title='bbox 2061 2860 2280 2923; x_wconf 62' lang='lat' dir='ltr'><strong>littera,</strong></span> <span class='ocrx_word' id='word_1_647' title='bbox 2331 2856 2581 2927; x_wconf 64' lang='lat' dir='ltr'><strong>praesenti</strong></span> <span class='ocrx_word' id='word_1_648' title='bbox 2637 2855 2663 2927; x_wconf 86' lang='lat'>§</span> <span class='ocrx_word' id='word_1_649' title='bbox 2711 2853 3025 2917; x_wconf 84' lang='lat' dir='ltr'><strong>recitandae,</strong></span> <span class='ocrx_word' id='word_1_650' title='bbox 3076 2867 3212 2921; x_wconf 90' lang='lat' dir='ltr'><strong>quas</strong></span> <span class='ocrx_word' id='word_1_651' title='bbox 3263 2866 3361 2919; x_wconf 86' lang='lat' dir='ltr'><strong>per</strong></span> 
     </span>
    </p>
   </div>
   <div class='ocr_carea' id='block_1_90' title="bbox 1774 2943 3360 3020">
    <p class='ocr_par' dir='ltr' id='par_1_90' title="bbox 1774 2943 3360 3020">
     <span class='ocr_line' id='line_1_90' title="bbox 1774 2943 3360 3020; baseline -0.009 -10"><span class='ocrx_word' id='word_1_652' title='bbox 1774 2956 2080 3020; x_wconf 86' lang='lat' dir='ltr'><strong>hunc,cum</strong></span> <span class='ocrx_word' id='word_1_653' title='bbox 2109 2953 2176 3006; x_wconf 88' lang='lat' dir='ltr'><strong>ad</strong></span> <span class='ocrx_word' id='word_1_654' title='bbox 2214 2949 2468 3019; x_wconf 87' lang='lat' dir='ltr'><strong>majorem</strong></span> <span class='ocrx_word' id='word_1_655' title='bbox 2501 2947 2844 3002; x_wconf 82' lang='lat' dir='ltr'><strong>Cat-thusiam</strong></span> <span class='ocrx_word' id='word_1_656' title='bbox 2876 2952 3270 3005; x_wconf 84' lang='lat' dir='ltr'><strong>reverteretur,</strong></span> <span class='ocrx_word' id='word_1_657' title='bbox 3292 2943 3360 2996; x_wconf 88' lang='lat' dir='ltr'><strong>ad</strong></span> 
     </span>
    </p>
   </div>
   <div class='ocr_carea' id='block_1_91' title="bbox 1776 3035 3359 3107">
    <p class='ocr_par' dir='ltr' id='par_1_91' title="bbox 1776 3035 3359 3107">
     <span class='ocr_line' id='line_1_91' title="bbox 1776 3035 3359 3107; baseline -0.012 -4"><span class='ocrx_word' id='word_1_658' title='bbox 1776 3064 1905 3103; x_wconf 89' lang='lat' dir='ltr'><strong>suos</strong></span> <span class='ocrx_word' id='word_1_659' title='bbox 1936 3046 1989 3100; x_wconf 90' lang='lat' dir='ltr'><strong>in</strong></span> <span class='ocrx_word' id='word_1_660' title='bbox 2021 3046 2122 3100; x_wconf 89' lang='lat' dir='ltr'><strong>hac</strong></span> <span class='ocrx_word' id='word_1_661' title='bbox 2170 3050 2575 3098; x_wconf 87' lang='lat' dir='ltr'><strong>commorantes</strong></span> <span class='ocrx_word' id='word_1_662' title='bbox 2603 3038 2898 3107; x_wconf 88' lang='lat' dir='ltr'><strong>discipulos</strong></span> <span class='ocrx_word' id='word_1_663' title='bbox 2928 3037 3162 3089; x_wconf 85' lang='lat' dir='ltr'><strong>Sanctus</strong></span> <span class='ocrx_word' id='word_1_664' title='bbox 3190 3035 3359 3098; x_wconf 88' lang='lat' dir='ltr'><strong>misit,</strong></span> 
     </span>
    </p>
   </div>
   <div class='ocr_carea' id='block_1_92' title="bbox 1777 3123 3363 3204">
    <p class='ocr_par' dir='ltr' id='par_1_92' title="bbox 1777 3123 3363 3204">
     <span class='ocr_line' id='line_1_92' title="bbox 1777 3123 3363 3204; baseline -0.011 -12"><span class='ocrx_word' id='word_1_665' title='bbox 1777 3138 2140 3194; x_wconf 88' lang='lat' dir='ltr'><strong>indubitatum</strong></span> <span class='ocrx_word' id='word_1_666' title='bbox 2184 3135 2300 3204; x_wconf 90' lang='lat' dir='ltr'><strong>ipso</strong></span> <span class='ocrx_word' id='word_1_667' title='bbox 2345 3132 2529 3187; x_wconf 85' lang='lat' dir='ltr'><strong>statim</strong></span> <span class='ocrx_word' id='word_1_668' title='bbox 2570 3130 2651 3184; x_wconf 91' lang='lat' dir='ltr'><strong>sui</strong></span> <span class='ocrx_word' id='word_1_669' title='bbox 2709 3129 2863 3183; x_wconf 90' lang='lat' dir='ltr'><strong>initio</strong></span> <span class='ocrx_word' id='word_1_670' title='bbox 2913 3127 3137 3180; x_wconf 79' lang='lat' dir='ltr'><strong>faciunt.</strong></span> <span class='ocrx_word' id='word_1_671' title='bbox 3176 3123 3363 3190; x_wconf 80' lang='lat' dir='ltr'><strong>Quare</strong></span> 
     </span>
    </p>
   </div>
   <div class='ocr_carea' id='block_1_93' title="bbox 1773 3216 3363 3301">
    <p class='ocr_par' dir='ltr' id='par_1_93' title="bbox 1773 3216 3363 3301">
     <span class='ocr_line' id='line_1_93' title="bbox 1773 3216 3363 3301; baseline -0.011 -15"><span class='ocrx_word' id='word_1_672' title='bbox 1773 3230 1956 3301; x_wconf 89' lang='lat' dir='ltr'><strong>elogii,</strong></span> <span class='ocrx_word' id='word_1_673' title='bbox 1994 3244 2100 3300; x_wconf 86' lang='lat' dir='ltr'><strong>quo</strong></span> <span class='ocrx_word' id='word_1_674' title='bbox 2133 3244 2162 3282; x_wconf 91' lang='lat' dir='ltr'><strong>a</strong></span> <span class='ocrx_word' id='word_1_675' title='bbox 2196 3225 2491 3295; x_wconf 88' lang='lat' dir='ltr'><strong>primorum</strong></span> <span class='ocrx_word' id='word_1_676' title='bbox 2520 3230 2751 3291; x_wconf 87' lang='lat' dir='ltr'><strong>quatuor</strong></span> <span class='ocrx_word' id='word_1_677' title='bbox 2776 3217 3082 3274; x_wconf 70' lang='lat' dir='ltr'><strong>Carlhnsise</strong></span> <span class='ocrx_word' id='word_1_678' title='bbox 3116 3216 3363 3285; x_wconf 85' lang='lat' dir='ltr'><strong>priorum</strong></span> 
     </span>
    </p>
   </div>
   <div class='ocr_carea' id='block_1_94' title="bbox 1774 3307 3366 3391">
    <p class='ocr_par' dir='ltr' id='par_1_94' title="bbox 1774 3307 3366 3391">
     <span class='ocr_line' id='line_1_94' title="bbox 1774 3307 3366 3391; baseline -0.013 -12"><span class='ocrx_word' id='word_1_679' title='bbox 1774 3322 2137 3391; x_wconf 86' lang='lat' dir='ltr'><strong>Chronologo,</strong></span> <span class='ocrx_word' id='word_1_680' title='bbox 2188 3318 2291 3373; x_wconf 81' lang='lat' dir='ltr'><strong>ﬁde</strong></span> <span class='ocrx_word' id='word_1_681' title='bbox 2332 3333 2396 3372; x_wconf 62' lang='lat' dir='ltr'><strong>et</strong></span> <span class='ocrx_word' id='word_1_682' title='bbox 2449 3314 2610 3368; x_wconf 89' lang='lat' dir='ltr'><strong>dictis</strong></span> <span class='ocrx_word' id='word_1_683' title='bbox 2662 3312 2689 3384; x_wconf 58' lang='grc' dir='ltr'>ᾗ</span> <span class='ocrx_word' id='word_1_684' title='bbox 2742 3312 2764 3365; x_wconf 95' lang='grc'><strong>1</strong></span> <span class='ocrx_word' id='word_1_685' title='bbox 2819 3312 2979 3381; x_wconf 83' lang='lat' dir='ltr'><strong>longe</strong></span> <span class='ocrx_word' id='word_1_686' title='bbox 3027 3307 3366 3377; x_wconf 85' lang='lat' dir='ltr'><strong>dignissimo,</strong></span> 
     </span>
    </p>
   </div>
   <div class='ocr_carea' id='block_1_95' title="bbox 1776 3397 3363 3485">
    <p class='ocr_par' dir='ltr' id='par_1_95' title="bbox 1776 3397 3363 3485">
     <span class='ocr_line' id='line_1_95' title="bbox 1776 3397 3363 3485; baseline -0.013 -17"><span class='ocrx_word' id='word_1_687' title='bbox 1776 3414 1916 3485; x_wconf 88' lang='lat' dir='ltr'><strong>apud</strong></span> <span class='ocrx_word' id='word_1_688' title='bbox 1948 3412 2222 3467; x_wconf 87' lang='lat' dir='ltr'><strong>Labbeum</strong></span> <span class='ocrx_word' id='word_1_689' title='bbox 2275 3416 2405 3461; x_wconf 91' lang='lat' dir='ltr'><strong>tom.</strong></span> <span class='ocrx_word' id='word_1_690' title='bbox 2457 3403 2857 3458; x_wconf 67' lang='lat' dir='ltr'><strong>[Bibliothecm</strong></span> <span class='ocrx_word' id='word_1_691' title='bbox 2894 3412 3046 3453; x_wconf 70' lang='lat' dir='ltr'><strong>nova:</strong></span> <span class='ocrx_word' id='word_1_692' title='bbox 3094 3397 3363 3451; x_wconf 87' lang='lat' dir='ltr'><strong>librorum</strong></span> 
     </span>
    </p>
   </div>
   <div class='ocr_carea' id='block_1_96' title="bbox 1777 3490 3371 3575">
    <p class='ocr_par' dir='ltr' id='par_1_96' title="bbox 1777 3490 3371 3575">
     <span class='ocr_line' id='line_1_96' title="bbox 1777 3490 3371 3575; baseline -0.013 -13"><span class='ocrx_word' id='word_1_693' title='bbox 1777 3522 1907 3562; x_wconf 89' lang='lat' dir='ltr'><strong>mss.</strong></span> <span class='ocrx_word' id='word_1_694' title='bbox 1947 3521 2065 3575; x_wconf 84' lang='lat' dir='ltr'><strong>pag.</strong></span> <span class='ocrx_word' id='word_1_695' title='bbox 2102 3502 2205 3557; x_wconf 77' lang='lat'><strong>639</strong></span> <span class='ocrx_word' id='word_1_696' title='bbox 2235 3498 2551 3555; x_wconf 88' lang='lat' dir='ltr'><strong>Landuinus</strong></span> <span class='ocrx_word' id='word_1_697' title='bbox 2577 3504 2830 3559; x_wconf 87' lang='lat' dir='ltr'><strong>ornatur,</strong></span> <span class='ocrx_word' id='word_1_698' title='bbox 2880 3490 3158 3561; x_wconf 86' lang='lat' dir='ltr'><strong>sequentia</strong></span> <span class='ocrx_word' id='word_1_699' title='bbox 3188 3490 3255 3542; x_wconf 88' lang='lat' dir='ltr'><strong>de</strong></span> <span class='ocrx_word' id='word_1_700' title='bbox 3285 3504 3371 3543; x_wconf 91' lang='lat' dir='ltr'><strong>se-</strong></span> 
     </span>
    </p>
   </div>
   <div class='ocr_carea' id='block_1_97' title="bbox 1777 3579 3367 3656">
    <p class='ocr_par' dir='ltr' id='par_1_97' title="bbox 1777 3579 3367 3656">
     <span class='ocr_line' id='line_1_97' title="bbox 1777 3579 3367 3656; baseline -0.013 -5"><span class='ocrx_word' id='word_1_701' title='bbox 1777 3596 1953 3651; x_wconf 88' lang='lat' dir='ltr'><strong>cundo</strong></span> <span class='ocrx_word' id='word_1_702' title='bbox 1982 3595 2083 3649; x_wconf 83' lang='lat' dir='ltr'><strong>hoc</strong></span> <span class='ocrx_word' id='word_1_703' title='bbox 2106 3590 2403 3647; x_wconf 84' lang='lat' dir='ltr'><strong>Carthusia:</strong></span> <span class='ocrx_word' id='word_1_704' title='bbox 2433 3586 2650 3656; x_wconf 79' lang='lat' dir='ltr'><strong>Majoris</strong></span> <span class='ocrx_word' id='word_1_705' title='bbox 2668 3585 2849 3655; x_wconf 86' lang='lat' dir='ltr'><strong>priore</strong></span> <span class='ocrx_word' id='word_1_706' title='bbox 2870 3582 3034 3638; x_wconf 83' lang='lat' dir='ltr'><strong>verba</strong></span> <span class='ocrx_word' id='word_1_707' title='bbox 3056 3598 3103 3633; x_wconf 74' lang='grc' dir='ltr'><strong>ει</strong></span> <span class='ocrx_word' id='word_1_708' title='bbox 3124 3579 3367 3646; x_wconf 84' lang='lat' dir='ltr'><strong>Quicum</strong></span> 
     </span>
    </p>
   </div>
   <div class='ocr_carea' id='block_1_98' title="bbox 1779 3671 3362 3755">
    <p class='ocr_par' dir='ltr' id='par_1_98' title="bbox 1779 3671 3362 3755">
     <span class='ocr_line' id='line_1_98' title="bbox 1779 3671 3362 3755; baseline -0.011 -15"><span class='ocrx_word' id='word_1_709' title='bbox 1779 3687 1848 3740; x_wconf 88' lang='lat' dir='ltr'><strong>ad</strong></span> <span class='ocrx_word' id='word_1_710' title='bbox 1880 3684 2197 3755; x_wconf 83' lang='lat' dir='ltr'><strong>magistrum</strong></span> <span class='ocrx_word' id='word_1_711' title='bbox 2218 3679 2527 3734; x_wconf 89' lang='lat' dir='ltr'><strong>Brunonem</strong></span> <span class='ocrx_word' id='word_1_712' title='bbox 2558 3681 2829 3746; x_wconf 81' lang='lat' dir='ltr'><strong>pergeret,</strong></span> <span class='ocrx_word' id='word_1_713' title='bbox 2857 3671 3045 3727; x_wconf 85' lang='lat' dir='ltr'><strong>incidit</strong></span> <span class='ocrx_word' id='word_1_714' title='bbox 3082 3671 3136 3724; x_wconf 93' lang='lat' dir='ltr'><strong>in</strong></span> <span class='ocrx_word' id='word_1_715' title='bbox 3170 3684 3362 3723; x_wconf 88' lang='lat' dir='ltr'><strong>manus</strong></span> 
     </span>
    </p>
   </div>
   <div class='ocr_carea' id='block_1_99' title="bbox 1780 3757 3371 3837">
    <p class='ocr_par' dir='ltr' id='par_1_99' title="bbox 1780 3757 3371 3837">
     <span class='ocr_line' id='line_1_99' title="bbox 1780 3757 3371 3837; baseline -0.013 -4"><span class='ocrx_word' id='word_1_716' title='bbox 1780 3778 2025 3834; x_wconf 86' lang='lat' dir='ltr'><strong>Guibcrti</strong></span> <span class='ocrx_word' id='word_1_717' title='bbox 2056 3772 2417 3837; x_wconf 87' lang='lat' dir='ltr'><strong>schismalici,</strong></span> <span class='ocrx_word' id='word_1_718' title='bbox 2453 3790 2470 3821; x_wconf 73' lang='grc' dir='ltr'><strong>ι</strong></span> <span class='ocrx_word' id='word_1_719' title='bbox 2505 3772 2578 3823; x_wconf 89' lang='lat' dir='ltr'><strong>ita</strong></span> <span class='ocrx_word' id='word_1_720' title='bbox 2621 3768 2823 3823; x_wconf 86' lang='lat' dir='ltr'><strong>debent</strong></span> <span class='ocrx_word' id='word_1_721' title='bbox 2846 3763 3095 3834; x_wconf 85' lang='lat' dir='ltr'><strong>intelligi,</strong></span> <span class='ocrx_word' id='word_1_722' title='bbox 3124 3772 3183 3816; x_wconf 92' lang='lat' dir='ltr'><strong>ut</strong></span> <span class='ocrx_word' id='word_1_723' title='bbox 3207 3757 3371 3815; x_wconf 90' lang='lat' dir='ltr'><strong>simul</strong></span> 
     </span>
    </p>
   </div>
   <div class='ocr_carea' id='block_1_100' title="bbox 1781 3854 3372 3926">
    <p class='ocr_par' dir='ltr' id='par_1_100' title="bbox 1781 3854 3372 3926">
     <span class='ocr_line' id='line_1_100' title="bbox 1781 3854 3372 3926; baseline -0.013 0"><span class='ocrx_word' id='word_1_724' title='bbox 1781 3867 2050 3926; x_wconf 83' lang='lat' dir='ltr'><strong>Lauduiui</strong></span> <span class='ocrx_word' id='word_1_725' title='bbox 2080 3865 2147 3920; x_wconf 91' lang='lat' dir='ltr'><strong>ad</strong></span> <span class='ocrx_word' id='word_1_726' title='bbox 2193 3863 2254 3920; x_wconf 91' lang='lat' dir='ltr'><strong>S.</strong></span> <span class='ocrx_word' id='word_1_727' title='bbox 2302 3863 2612 3918; x_wconf 75' lang='lat' dir='ltr'><strong>Bl‘llllonelll</strong></span> <span class='ocrx_word' id='word_1_728' title='bbox 2660 3872 2967 3918; x_wconf 86' lang='lat' dir='ltr'><strong>accessum.</strong></span> <span class='ocrx_word' id='word_1_729' title='bbox 3019 3854 3372 3922; x_wconf 89' lang='lat' dir='ltr'><strong>ejusdemque</strong></span> 
     </span>
    </p>
   </div>
   <div class='ocr_carea' id='block_1_101' title="bbox 1787 3943 3366 4022">
    <p class='ocr_par' dir='ltr' id='par_1_101' title="bbox 1787 3943 3366 4022">
     <span class='ocr_line' id='line_1_101' title="bbox 1787 3943 3366 4022; baseline -0.014 -3"><span class='ocrx_word' id='word_1_730' title='bbox 1787 3965 1855 4019; x_wconf 86' lang='lat' dir='ltr'><strong>ab</strong></span> <span class='ocrx_word' id='word_1_731' title='bbox 1898 3964 2001 4016; x_wconf 87' lang='lat' dir='ltr'><strong>hoc</strong></span> <span class='ocrx_word' id='word_1_732' title='bbox 2028 3960 2259 4015; x_wconf 89' lang='lat' dir='ltr'><strong>reditum</strong></span> <span class='ocrx_word' id='word_1_733' title='bbox 2300 3972 2393 4010; x_wconf 91' lang='lat' dir='ltr'><strong>seu</strong></span> <span class='ocrx_word' id='word_1_734' title='bbox 2425 3962 2620 4019; x_wconf 88' lang='lat' dir='ltr'><strong>totum,</strong></span> <span class='ocrx_word' id='word_1_735' title='bbox 2666 3951 2808 4022; x_wconf 87' lang='lat' dir='ltr'><strong>quod</strong></span> <span class='ocrx_word' id='word_1_736' title='bbox 2841 3950 3011 4004; x_wconf 88' lang='lat' dir='ltr'><strong>sancti</strong></span> <span class='ocrx_word' id='word_1_737' title='bbox 3058 3945 3237 4002; x_wconf 81' lang='lat' dir='ltr'><strong>Patris</strong></span> <span class='ocrx_word' id='word_1_738' title='bbox 3282 3943 3366 3999; x_wconf 90' lang='lat' dir='ltr'><strong>sui</strong></span> 
     </span>
    </p>
   </div>
   <div class='ocr_carea' id='block_1_102' title="bbox 1784 4035 3371 4109">
    <p class='ocr_par' dir='ltr' id='par_1_102' title="bbox 1784 4035 3371 4109">
     <span class='ocr_line' id='line_1_102' title="bbox 1784 4035 3371 4109; baseline -0.014 0"><span class='ocrx_word' id='word_1_739' title='bbox 1784 4052 1994 4109; x_wconf 88' lang='lat' dir='ltr'><strong>visendi</strong></span> <span class='ocrx_word' id='word_1_740' title='bbox 2037 4064 2200 4106; x_wconf 89' lang='lat' dir='ltr'><strong>causa</strong></span> <span class='ocrx_word' id='word_1_741' title='bbox 2232 4046 2546 4103; x_wconf 89' lang='lat' dir='ltr'><strong>Landuinus</strong></span> <span class='ocrx_word' id='word_1_742' title='bbox 2590 4042 2843 4102; x_wconf 12' lang='lat' dir='ltr'><strong>confercit,</strong></span> <span class='ocrx_word' id='word_1_743' title='bbox 2874 4040 2979 4095; x_wconf 87' lang='lat' dir='ltr'><strong>iter</strong></span> <span class='ocrx_word' id='word_1_744' title='bbox 3004 4035 3371 4107; x_wconf 83' lang='lat' dir='ltr'><strong>complectan-</strong></span> 
     </span>
    </p>
   </div>
   <div class='ocr_carea' id='block_1_103' title="bbox 1786 4123 3369 4201">
    <p class='ocr_par' dir='ltr' id='par_1_103' title="bbox 1786 4123 3369 4201">
     <span class='ocr_line' id='line_1_103' title="bbox 1786 4123 3369 4201; baseline -0.016 0"><span class='ocrx_word' id='word_1_745' title='bbox 1786 4156 1893 4201; x_wconf 88' lang='lat' dir='ltr'><strong>tur.</strong></span> <span class='ocrx_word' id='word_1_746' title='bbox 1936 4144 2070 4201; x_wconf 87' lang='lat' dir='ltr'><strong>Cutn</strong></span> <span class='ocrx_word' id='word_1_747' title='bbox 2095 4141 2266 4201; x_wconf 89' lang='lat' dir='ltr'><strong>enim.</strong></span> <span class='ocrx_word' id='word_1_748' title='bbox 2302 4140 2376 4193; x_wconf 91' lang='lat' dir='ltr'><strong>uti</strong></span> <span class='ocrx_word' id='word_1_749' title='bbox 2427 4139 2566 4192; x_wconf 84' lang='lat' dir='ltr'><strong>idem</strong></span> <span class='ocrx_word' id='word_1_750' title='bbox 2608 4131 2981 4201; x_wconf 80' lang='lat' dir='ltr'><strong>ChronOIOgtts</strong></span> <span class='ocrx_word' id='word_1_751' title='bbox 3020 4129 3196 4191; x_wconf 83' lang='lat' dir='ltr'><strong>docet,</strong></span> <span class='ocrx_word' id='word_1_752' title='bbox 3225 4123 3369 4177; x_wconf 85' lang='lat' dir='ltr'><strong>Lan-</strong></span> 
     </span>
    </p>
   </div>
   <div class='ocr_carea' id='block_1_104' title="bbox 1786 4213 3372 4297">
    <p class='ocr_par' dir='ltr' id='par_1_104' title="bbox 1786 4213 3372 4297">
     <span class='ocr_line' id='line_1_104' title="bbox 1786 4213 3372 4297; baseline -0.017 -5"><span class='ocrx_word' id='word_1_753' title='bbox 1786 4238 2005 4297; x_wconf 86' lang='lat' dir='ltr'><strong>duinus,</strong></span> <span class='ocrx_word' id='word_1_754' title='bbox 2058 4234 2109 4287; x_wconf 91' lang='lat' dir='ltr'><strong>in</strong></span> <span class='ocrx_word' id='word_1_755' title='bbox 2159 4230 2403 4287; x_wconf 87' lang='lat' dir='ltr'><strong>Guiberti</strong></span> <span class='ocrx_word' id='word_1_756' title='bbox 2444 4228 2715 4296; x_wconf 73' lang='lat' dir='ltr'><strong>antipapce</strong></span> <span class='ocrx_word' id='word_1_757' title='bbox 2762 4235 2953 4278; x_wconf 89' lang='lat' dir='ltr'><strong>manus</strong></span> <span class='ocrx_word' id='word_1_758' title='bbox 3005 4217 3254 4286; x_wconf 90' lang='lat' dir='ltr'><strong>illapsus,</strong></span> <span class='ocrx_word' id='word_1_759' title='bbox 3316 4213 3372 4266; x_wconf 90' lang='lat' dir='ltr'><strong>in</strong></span> 
     </span>
    </p>
   </div>
   <div class='ocr_carea' id='block_1_105' title="bbox 1789 4312 3369 4392">
    <p class='ocr_par' dir='ltr' id='par_1_105' title="bbox 1789 4312 3369 4392">
     <span class='ocr_line' id='line_1_105' title="bbox 1789 4312 3369 4392; baseline -0.018 -8"><span class='ocrx_word' id='word_1_760' title='bbox 1789 4343 2089 4389; x_wconf 88' lang='lat' dir='ltr'><strong>carcerem,</strong></span> <span class='ocrx_word' id='word_1_761' title='bbox 2123 4326 2175 4377; x_wconf 91' lang='lat' dir='ltr'><strong>in</strong></span> <span class='ocrx_word' id='word_1_762' title='bbox 2208 4338 2314 4392; x_wconf 85' lang='lat' dir='ltr'><strong>quo</strong></span> <span class='ocrx_word' id='word_1_763' title='bbox 2357 4321 2509 4386; x_wconf 90' lang='lat' dir='ltr'><strong>abiit,</strong></span> <span class='ocrx_word' id='word_1_764' title='bbox 2553 4316 2716 4371; x_wconf 77' lang='lat' dir='ltr'><strong>fuerit</strong></span> <span class='ocrx_word' id='word_1_765' title='bbox 2745 4312 3046 4380; x_wconf 85' lang='lat' dir='ltr'><strong>conjectus,</strong></span> <span class='ocrx_word' id='word_1_766' title='bbox 3085 4314 3369 4362; x_wconf 88' lang='lat' dir='ltr'><strong>consecta-</strong></span> 
     </span>
    </p>
   </div>
   <div class='ocr_carea' id='block_1_106' title="bbox 1789 4393 3371 4476">
    <p class='ocr_par' dir='ltr' id='par_1_106' title="bbox 1789 4393 3371 4476">
     <span class='ocr_line' id='line_1_106' title="bbox 1789 4393 3371 4476; baseline -0.019 -1"><span class='ocrx_word' id='word_1_767' title='bbox 1789 4421 1926 4475; x_wconf 88' lang='lat' dir='ltr'><strong>rium</strong></span> <span class='ocrx_word' id='word_1_768' title='bbox 1976 4416 2131 4476; x_wconf 80' lang='lat' dir='ltr'><strong>foret,</strong></span> <span class='ocrx_word' id='word_1_769' title='bbox 2163 4423 2223 4466; x_wconf 92' lang='lat' dir='ltr'><strong>ut</strong></span> <span class='ocrx_word' id='word_1_770' title='bbox 2268 4413 2333 4465; x_wconf 90' lang='lat' dir='ltr'><strong>ad</strong></span> <span class='ocrx_word' id='word_1_771' title='bbox 2360 4410 2665 4462; x_wconf 85' lang='lat' dir='ltr'><strong>Brunonem</strong></span> <span class='ocrx_word' id='word_1_772' title='bbox 2712 4404 2764 4457; x_wconf 92' lang='lat' dir='ltr'><strong>in</strong></span> <span class='ocrx_word' id='word_1_773' title='bbox 2807 4400 3158 4456; x_wconf 87' lang='lat' dir='ltr'><strong>Turritanam</strong></span> <span class='ocrx_word' id='word_1_774' title='bbox 3206 4393 3371 4449; x_wconf 88' lang='lat' dir='ltr'><strong>Cala-</strong></span> 
     </span>
    </p>
   </div>
   <div class='ocr_carea' id='block_1_107' title="bbox 1720 4486 3371 4597">
    <p class='ocr_par' dir='ltr' id='par_1_107' title="bbox 1720 4486 3371 4597">
     <span class='ocr_line' id='line_1_107' title="bbox 1720 4486 3371 4597; baseline -0.021 -27"><span class='ocrx_word' id='word_1_775' title='bbox 1720 4515 1921 4597; x_wconf 74' lang='lat' dir='ltr'><strong>Dbria:</strong></span> <span class='ocrx_word' id='word_1_776' title='bbox 1958 4523 2201 4565; x_wconf 88' lang='lat' dir='ltr'><strong>eremum</strong></span> <span class='ocrx_word' id='word_1_777' title='bbox 2251 4519 2356 4557; x_wconf 85' lang='lat' dir='ltr'><strong>non</strong></span> <span class='ocrx_word' id='word_1_778' title='bbox 2406 4495 2735 4571; x_wconf 78' lang='lat' dir='ltr'><strong>pervenerit,</strong></span> <span class='ocrx_word' id='word_1_779' title='bbox 2774 4493 2838 4555; x_wconf 90' lang='lat' dir='ltr'><strong>si,</strong></span> <span class='ocrx_word' id='word_1_780' title='bbox 2895 4505 3018 4546; x_wconf 90' lang='lat' dir='ltr'><strong>cum</strong></span> <span class='ocrx_word' id='word_1_781' title='bbox 3058 4488 3110 4541; x_wconf 91' lang='lat' dir='ltr'><strong>in</strong></span> <span class='ocrx_word' id='word_1_782' title='bbox 3155 4486 3371 4546; x_wconf 89' lang='lat' dir='ltr'><strong>itinere,</strong></span> 
     </span>
    </p>
   </div>
   <div class='ocr_carea' id='block_1_108' title="bbox 1793 4577 3378 4659">
    <p class='ocr_par' dir='ltr' id='par_1_108' title="bbox 1793 4577 3378 4659">
     <span class='ocr_line' id='line_1_108' title="bbox 1793 4577 3378 4659; baseline -0.019 0"><span class='ocrx_word' id='word_1_783' title='bbox 1793 4614 1851 4659; x_wconf 92' lang='lat' dir='ltr'><strong>ut</strong></span> <span class='ocrx_word' id='word_1_784' title='bbox 1895 4609 2143 4657; x_wconf 85' lang='lat' dir='ltr'><strong>sanctum</strong></span> <span class='ocrx_word' id='word_1_785' title='bbox 2192 4596 2408 4651; x_wconf 84' lang='lat' dir='ltr'><strong>Patrem</strong></span> <span class='ocrx_word' id='word_1_786' title='bbox 2464 4604 2620 4644; x_wconf 87' lang='lat' dir='ltr'><strong>suum</strong></span> <span class='ocrx_word' id='word_1_787' title='bbox 2672 4585 2955 4648; x_wconf 80' lang='lat' dir='ltr'><strong>inviseret,</strong></span> <span class='ocrx_word' id='word_1_788' title='bbox 2999 4595 3189 4637; x_wconf 84' lang='lat' dir='ltr'><strong>versus</strong></span> <span class='ocrx_word' id='word_1_789' title='bbox 3236 4577 3378 4631; x_wconf 84' lang='lat' dir='ltr'><strong>hanc</strong></span> 
     </span>
    </p>
   </div>
   <div class='ocr_carea' id='block_1_109' title="bbox 1792 4669 3376 4759">
    <p class='ocr_par' dir='ltr' id='par_1_109' title="bbox 1792 4669 3376 4759">
     <span class='ocr_line' id='line_1_109' title="bbox 1792 4669 3376 4759; baseline -0.02 -7"><span class='ocrx_word' id='word_1_790' title='bbox 1792 4703 1961 4759; x_wconf 90' lang='lat' dir='ltr'><strong>esset,</strong></span> <span class='ocrx_word' id='word_1_791' title='bbox 1990 4692 2043 4745; x_wconf 89' lang='lat' dir='ltr'><strong>in</strong></span> <span class='ocrx_word' id='word_1_792' title='bbox 2070 4703 2263 4742; x_wconf 88' lang='lat' dir='ltr'><strong>manus</strong></span> <span class='ocrx_word' id='word_1_793' title='bbox 2308 4681 2552 4738; x_wconf 80' lang='lat' dir='ltr'><strong>Guiberti</strong></span> <span class='ocrx_word' id='word_1_794' title='bbox 2587 4677 2859 4739; x_wconf 90' lang='lat' dir='ltr'><strong>inciderit,</strong></span> <span class='ocrx_word' id='word_1_795' title='bbox 2900 4686 2958 4729; x_wconf 89' lang='lat' dir='ltr'><strong>ut</strong></span> <span class='ocrx_word' id='word_1_796' title='bbox 2988 4673 3217 4729; x_wconf 85' lang='lat' dir='ltr'><strong>recitata</strong></span> <span class='ocrx_word' id='word_1_797' title='bbox 3256 4669 3376 4722; x_wconf 83' lang='lat' dir='ltr'><strong>latt-</strong></span> 
     </span>
    </p>
   </div>
   <div class='ocr_carea' id='block_1_110' title="bbox 1791 4757 3378 4847">
    <p class='ocr_par' dir='ltr' id='par_1_110' title="bbox 1791 4757 3378 4847">
     <span class='ocr_line' id='line_1_110' title="bbox 1791 4757 3378 4847; baseline -0.017 -9"><span class='ocrx_word' id='word_1_798' title='bbox 1791 4783 1904 4839; x_wconf 90' lang='lat' dir='ltr'><strong>dati</strong></span> <span class='ocrx_word' id='word_1_799' title='bbox 1949 4757 2262 4847; x_wconf 80' lang='lat' dir='ltr'><strong>clironologi</strong></span> <span class='ocrx_word' id='word_1_800' title='bbox 2302 4774 2469 4829; x_wconf 86' lang='lat' dir='ltr'><strong>verba</strong></span> <span class='ocrx_word' id='word_1_801' title='bbox 2499 4770 2673 4841; x_wconf 87' lang='lat' dir='ltr'><strong>prima</strong></span> <span class='ocrx_word' id='word_1_802' title='bbox 2720 4766 2898 4822; x_wconf 76' lang='lat' dir='ltr'><strong>fronte</strong></span> <span class='ocrx_word' id='word_1_803' title='bbox 2931 4762 3244 4835; x_wconf 80' lang='lat' dir='ltr'><strong>signiﬁcare</strong></span> <span class='ocrx_word' id='word_1_804' title='bbox 3292 4757 3378 4812; x_wconf 88' lang='lat' dir='ltr'><strong>vi-</strong></span> 
     </span>
    </p>
   </div>
   <div class='ocr_carea' id='block_1_111' title="bbox 1793 4877 2007 4932">
    <p class='ocr_par' dir='ltr' id='par_1_111' title="bbox 1793 4877 2007 4932">
     <span class='ocr_line' id='line_1_111' title="bbox 1793 4877 2007 4932; baseline -0.028 0"><span class='ocrx_word' id='word_1_805' title='bbox 1793 4877 2007 4932; x_wconf 89' lang='lat' dir='ltr'><strong>dentur.</strong></span> 
     </span>
    </p>
   </div>
   <div class='ocr_carea' id='block_1_112' title="bbox 1865 4943 3380 5031">
    <p class='ocr_par' dir='ltr' id='par_1_112' title="bbox 1865 4943 3380 5031">
     <span class='ocr_line' id='line_1_112' title="bbox 1865 4943 3380 5031; baseline -0.018 -9"><span class='ocrx_word' id='word_1_806' title='bbox 1865 4967 1988 5022; x_wconf 78' lang='lat'><strong>675.</strong></span> <span class='ocrx_word' id='word_1_807' title='bbox 2018 4962 2171 5031; x_wconf 86' lang='lat' dir='ltr'><strong>Quod</strong></span> <span class='ocrx_word' id='word_1_808' title='bbox 2204 4969 2380 5015; x_wconf 90' lang='lat' dir='ltr'><strong>autem</strong></span> <span class='ocrx_word' id='word_1_809' title='bbox 2414 4957 2477 5011; x_wconf 88' lang='lat' dir='ltr'><strong>ad</strong></span> <span class='ocrx_word' id='word_1_810' title='bbox 2505 4969 2741 5014; x_wconf 82' lang='lat' dir='ltr'><strong>causam,</strong></span> <span class='ocrx_word' id='word_1_811' title='bbox 2771 4951 2841 5007; x_wconf 88' lang='lat' dir='ltr'><strong>ob</strong></span> <span class='ocrx_word' id='word_1_812' title='bbox 2871 4964 3031 5021; x_wconf 88' lang='lat' dir='ltr'><strong>quam</strong></span> <span class='ocrx_word' id='word_1_813' title='bbox 3062 4943 3380 5001; x_wconf 85' lang='lat' dir='ltr'><strong>Landuinus</strong></span> 
     </span>
    </p>
   </div>
   <div class='ocr_carea' id='block_1_113' title="bbox 1789 5035 3376 5129">
    <p class='ocr_par' dir='ltr' id='par_1_113' title="bbox 1789 5035 3376 5129">
     <span class='ocr_line' id='line_1_113' title="bbox 1789 5035 3376 5129; baseline -0.016 -16"><span class='ocrx_word' id='word_1_814' title='bbox 1789 5057 2105 5129; x_wconf 86' lang='lat' dir='ltr'><strong>longissimo</strong></span> <span class='ocrx_word' id='word_1_815' title='bbox 2134 5047 2909 5122; x_wconf 84' lang='lat' dir='ltr'><strong>periculosissimoqneitinere</strong></span> <span class='ocrx_word' id='word_1_816' title='bbox 2922 5044 2989 5095; x_wconf 87' lang='lat' dir='ltr'><strong>ad</strong></span> <span class='ocrx_word' id='word_1_817' title='bbox 3018 5040 3280 5094; x_wconf 87' lang='lat' dir='ltr'><strong>Sanctum</strong></span> <span class='ocrx_word' id='word_1_818' title='bbox 3322 5035 3376 5088; x_wconf 91' lang='lat' dir='ltr'><strong>in</strong></span> 
     </span>
    </p>
   </div>
   <div class='ocr_carea' id='block_1_114' title="bbox 1794 5135 3376 5208">
    <p class='ocr_par' dir='ltr' id='par_1_114' title="bbox 1794 5135 3376 5208">
     <span class='ocr_line' id='line_1_114' title="bbox 1794 5135 3376 5208; baseline -0.017 -3"><span class='ocrx_word' id='word_1_819' title='bbox 1794 5149 2099 5205; x_wconf 84' lang='lat' dir='ltr'><strong>Calabriam</strong></span> <span class='ocrx_word' id='word_1_820' title='bbox 2128 5144 2359 5205; x_wconf 86' lang='lat' dir='ltr'><strong>venerit,</strong></span> <span class='ocrx_word' id='word_1_821' title='bbox 2387 5158 2528 5194; x_wconf 88' lang='lat' dir='ltr'><strong>nunc</strong></span> <span class='ocrx_word' id='word_1_822' title='bbox 2555 5146 2778 5208; x_wconf 88' lang='lat' dir='ltr'><strong>spectat,</strong></span> <span class='ocrx_word' id='word_1_823' title='bbox 2812 5137 2863 5191; x_wconf 87' lang='lat' dir='ltr'><strong>id</strong></span> <span class='ocrx_word' id='word_1_824' title='bbox 2896 5135 2985 5189; x_wconf 90' lang='lat' dir='ltr'><strong>ille</strong></span> <span class='ocrx_word' id='word_1_825' title='bbox 3008 5148 3111 5187; x_wconf 88' lang='lat' dir='ltr'><strong>non</strong></span> <span class='ocrx_word' id='word_1_826' title='bbox 3145 5138 3376 5188; x_wconf 87' lang='lat' dir='ltr'><strong>tantum,</strong></span> 
     </span>
    </p>
   </div>
   <div class='ocr_carea' id='block_1_115' title="bbox 1794 5218 3378 5297">
    <p class='ocr_par' dir='ltr' id='par_1_115' title="bbox 1794 5218 3378 5297">
     <span class='ocr_line' id='line_1_115' title="bbox 1794 5218 3378 5297; baseline -0.017 0"><span class='ocrx_word' id='word_1_827' title='bbox 1794 5252 1855 5297; x_wconf 91' lang='lat' dir='ltr'><strong>ut</strong></span> <span class='ocrx_word' id='word_1_828' title='bbox 1882 5257 2004 5297; x_wconf 89' lang='lat' dir='ltr'><strong>cum</strong></span> <span class='ocrx_word' id='word_1_829' title='bbox 2036 5246 2224 5293; x_wconf 90' lang='lat' dir='ltr'><strong>sancto</strong></span> <span class='ocrx_word' id='word_1_830' title='bbox 2268 5232 2589 5289; x_wconf 83' lang='lat' dir='ltr'><strong>Patriarcha</strong></span> <span class='ocrx_word' id='word_1_831' title='bbox 2631 5232 2696 5285; x_wconf 88' lang='lat' dir='ltr'><strong>de</strong></span> <span class='ocrx_word' id='word_1_832' title='bbox 2721 5226 2996 5285; x_wconf 83' lang='lat' dir='ltr'><strong>communi</strong></span> <span class='ocrx_word' id='word_1_833' title='bbox 3040 5224 3183 5285; x_wconf 67' lang='lat' dir='ltr'><strong>vitaz,</strong></span> <span class='ocrx_word' id='word_1_834' title='bbox 3234 5218 3378 5288; x_wconf 84' lang='lat' dir='ltr'><strong>quod</strong></span> 
     </span>
    </p>
   </div>
   <div class='ocr_carea' id='block_1_116' title="bbox 1797 5309 3378 5405">
    <p class='ocr_par' dir='ltr' id='par_1_116' title="bbox 1797 5309 3378 5405">
     <span class='ocr_line' id='line_1_116' title="bbox 1797 5309 3378 5405; baseline -0.018 -15"><span class='ocrx_word' id='word_1_835' title='bbox 1797 5334 2185 5405; x_wconf 85' lang='lat' dir='ltr'><strong>sequebantur,</strong></span> <span class='ocrx_word' id='word_1_836' title='bbox 2211 5328 2465 5383; x_wconf 90' lang='lat' dir='ltr'><strong>instituto</strong></span> <span class='ocrx_word' id='word_1_837' title='bbox 2492 5322 2791 5386; x_wconf 80' lang='lat' dir='ltr'><strong>conferret,</strong></span> <span class='ocrx_word' id='word_1_838' title='bbox 2814 5333 3001 5373; x_wconf 91' lang='lat' dir='ltr'><strong>verum</strong></span> <span class='ocrx_word' id='word_1_839' title='bbox 3026 5315 3191 5370; x_wconf 89' lang='lat' dir='ltr'><strong>etiam</strong></span> <span class='ocrx_word' id='word_1_840' title='bbox 3218 5322 3300 5372; x_wconf 90' lang='lat' dir='ltr'><strong>ut,</strong></span> <span class='ocrx_word' id='word_1_841' title='bbox 3331 5309 3378 5363; x_wconf 85' lang='lat' dir='ltr'><strong>si</strong></span> 
     </span>
    </p>
   </div>
   <div class='ocr_carea' id='block_1_117' title="bbox 1794 5400 3377 5491">
    <p class='ocr_par' dir='ltr' id='par_1_117' title="bbox 1794 5400 3377 5491">
     <span class='ocr_line' id='line_1_117' title="bbox 1794 5400 3377 5491; baseline -0.016 -13"><span class='ocrx_word' id='word_1_842' title='bbox 1794 5400 1910 5478; x_wconf 74' lang='lat' dir='ltr'><strong>ﬁeri</strong></span> <span class='ocrx_word' id='word_1_843' title='bbox 1938 5436 2155 5491; x_wconf 87' lang='lat' dir='ltr'><strong>quoquo</strong></span> <span class='ocrx_word' id='word_1_844' title='bbox 2187 5419 2345 5473; x_wconf 90' lang='lat' dir='ltr'><strong>modo</strong></span> <span class='ocrx_word' id='word_1_845' title='bbox 2373 5424 2576 5487; x_wconf 89' lang='lat' dir='ltr'><strong>posset,</strong></span> <span class='ocrx_word' id='word_1_846' title='bbox 2595 5430 2624 5468; x_wconf 87' lang='lat' dir='ltr'><strong>e</strong></span> <span class='ocrx_word' id='word_1_847' title='bbox 2647 5409 2896 5468; x_wconf 88' lang='lat' dir='ltr'><strong>Calabria</strong></span> <span class='ocrx_word' id='word_1_848' title='bbox 2925 5408 2992 5462; x_wconf 87' lang='lat' dir='ltr'><strong>ad</strong></span> <span class='ocrx_word' id='word_1_849' title='bbox 3032 5400 3377 5460; x_wconf 86' lang='lat' dir='ltr'><strong>Carthusiam</strong></span> 
     </span>
    </p>
   </div>
   <div class='ocr_carea' id='block_1_118' title="bbox 1793 5491 3377 5572">
    <p class='ocr_par' dir='ltr' id='par_1_118' title="bbox 1793 5491 3377 5572">
     <span class='ocr_line' id='line_1_118' title="bbox 1793 5491 3377 5572; baseline -0.018 0"><span class='ocrx_word' id='word_1_850' title='bbox 1793 5524 2041 5572; x_wconf 90' lang='lat' dir='ltr'><strong>sanctum</strong></span> <span class='ocrx_word' id='word_1_851' title='bbox 2066 5512 2253 5565; x_wconf 81' lang='lat' dir='ltr'><strong>Virmn</strong></span> <span class='ocrx_word' id='word_1_852' title='bbox 2280 5509 2585 5569; x_wconf 88' lang='lat' dir='ltr'><strong>reduceret,</strong></span> <span class='ocrx_word' id='word_1_853' title='bbox 2619 5500 3028 5560; x_wconf 76' lang='lat' dir='ltr'><strong>verosiuiillime</strong></span> <span class='ocrx_word' id='word_1_854' title='bbox 3053 5492 3263 5550; x_wconf 75' lang='lat' dir='ltr'><strong>fecerit.</strong></span> <span class='ocrx_word' id='word_1_855' title='bbox 3298 5491 3377 5545; x_wconf 85' lang='lat' dir='ltr'><strong>lla</strong></span> 
     </span>
    </p>
   </div>
   <div class='ocr_carea' id='block_1_119' title="bbox 1791 5581 3381 5673">
    <p class='ocr_par' dir='ltr' id='par_1_119' title="bbox 1791 5581 3381 5673">
     <span class='ocr_line' id='line_1_119' title="bbox 1791 5581 3381 5673; baseline -0.016 -12"><span class='ocrx_word' id='word_1_856' title='bbox 1791 5606 1923 5661; x_wconf 85' lang='lat' dir='ltr'><strong>mihi</strong></span> <span class='ocrx_word' id='word_1_857' title='bbox 1960 5616 2281 5673; x_wconf 90' lang='lat' dir='ltr'><strong>persuasum</strong></span> <span class='ocrx_word' id='word_1_858' title='bbox 2312 5600 2506 5664; x_wconf 88' lang='lat' dir='ltr'><strong>habeo,</strong></span> <span class='ocrx_word' id='word_1_859' title='bbox 2540 5607 2650 5650; x_wconf 89' lang='lat' dir='ltr'><strong>tum</strong></span> <span class='ocrx_word' id='word_1_860' title='bbox 2691 5592 2837 5663; x_wconf 88' lang='lat' dir='ltr'><strong>quod</strong></span> <span class='ocrx_word' id='word_1_861' title='bbox 2884 5586 3223 5649; x_wconf 83' lang='lat' dir='ltr'><strong>Landuinus,</strong></span> <span class='ocrx_word' id='word_1_862' title='bbox 3256 5581 3381 5673; x_wconf 46' lang='lat' dir='ltr'><strong>aliif</strong></span> 
     </span>
    </p>
   </div>
   <div class='ocr_carea' id='block_1_120' title="bbox 1790 5671 3381 5765">
    <p class='ocr_par' dir='ltr' id='par_1_120' title="bbox 1790 5671 3381 5765">
     <span class='ocr_line' id='line_1_120' title="bbox 1790 5671 3381 5765; baseline -0.012 -20"><span class='ocrx_word' id='word_1_863' title='bbox 1790 5710 1915 5763; x_wconf 83' lang='lat' dir='ltr'><strong>que,</strong></span> <span class='ocrx_word' id='word_1_864' title='bbox 1939 5671 2028 5765; x_wconf 79' lang='lat' dir='ltr'><strong>qui</strong></span> <span class='ocrx_word' id='word_1_865' title='bbox 2054 5692 2153 5747; x_wconf 88' lang='lat' dir='ltr'><strong>sub</strong></span> <span class='ocrx_word' id='word_1_866' title='bbox 2175 5690 2311 5746; x_wconf 87' lang='lat' dir='ltr'><strong>eoin</strong></span> <span class='ocrx_word' id='word_1_867' title='bbox 2335 5687 2527 5757; x_wconf 85' lang='lat' dir='ltr'><strong>majori</strong></span> <span class='ocrx_word' id='word_1_868' title='bbox 2548 5681 2837 5742; x_wconf 88' lang='lat' dir='ltr'><strong>Carthusia</strong></span> <span class='ocrx_word' id='word_1_869' title='bbox 2855 5671 3381 5746; x_wconf 47' lang='lat' dir='ltr'><strong>vivebantqreligiosi</strong></span> 
     </span>
    </p>
   </div>
   <div class='ocr_carea' id='block_1_121' title="bbox 1790 5768 3379 5857">
    <p class='ocr_par' dir='ltr' id='par_1_121' title="bbox 1790 5768 3379 5857">
     <span class='ocr_line' id='line_1_121' title="bbox 1790 5768 3379 5857; baseline -0.014 -15"><span class='ocrx_word' id='word_1_870' title='bbox 1790 5786 1892 5857; x_wconf 78' lang='lat' dir='ltr'><strong>viri</strong></span> <span class='ocrx_word' id='word_1_871' title='bbox 1919 5800 2131 5843; x_wconf 80' lang='lat' dir='ltr'><strong>summo</strong></span> <span class='ocrx_word' id='word_1_872' title='bbox 2168 5783 2340 5840; x_wconf 84' lang='lat' dir='ltr'><strong>sancti</strong></span> <span class='ocrx_word' id='word_1_873' title='bbox 2368 5780 2546 5838; x_wconf 86' lang='lat' dir='ltr'><strong>Patris</strong></span> <span class='ocrx_word' id='word_1_874' title='bbox 2575 5778 2659 5839; x_wconf 90' lang='lat' dir='ltr'><strong>sui</strong></span> <span class='ocrx_word' id='word_1_875' title='bbox 2688 5775 2981 5845; x_wconf 74' lang='lat' dir='ltr'><strong>desiderio,</strong></span> <span class='ocrx_word' id='word_1_876' title='bbox 3007 5770 3085 5830; x_wconf 90' lang='lat' dir='ltr'><strong>uti</strong></span> <span class='ocrx_word' id='word_1_877' title='bbox 3114 5786 3179 5827; x_wconf 79' lang='lat' dir='ltr'><strong>ex</strong></span> <span class='ocrx_word' id='word_1_878' title='bbox 3211 5768 3379 5825; x_wconf 74' lang='lat' dir='ltr'><strong>dictis</strong></span> 
     </span>
    </p>
   </div>
  </div>
