3846 6316
129 344 217 402 117
1656 327 1850 383 ACTA.

3276 326 3378 385 418

132 460 397 530 temporis,
456 472 562 528 quo
596 454 981 511 Valentiuensc
1020 446 1350 504 celebratum
1390 456 1470 501 est
1512 446 1692 498 conci-
1728 453 1773 506 Α
1806 460 1909 496 uou
1940 443 2093 509 obiit,
2125 444 2427 514 praegressi,
2461 444 2718 512 temporis
2747 443 2977 513 spatium
3007 444 3140 498 satis
3167 445 3380 515 longum

135 553 269 615 lium,
324 551 460 602 obiit
500 547 798 611 Wihcrtus,
852 562 870 595 ι
916 543 1181 596 duntaxat
1213 547 1444 603 constet,
1495 536 1695 602 nescio,

132 660 188 697 an
214 642 361 708 llugo
388 642 460 693 ita
485 644 720 707 nequeat
760 632 1005 701 intelligi,
1030 638 1109 697 ut,
1136 629 1433 683 Wibertuut
1458 642 1551 691 seu
1574 625 1702 681 Gni-

132 738 331 786 tertum
353 731 668 798 antipapam
707 742 766 781 eo
810 724 1030 779 circiter
1064 731 1328 790 tempore,
1370 734 1477 789 quo
1507 717 1698 771 Valen-

132 826 330 877 tiaense
350 820 685 876 celebratum
718 815 816 870 fuit
838 813 1150 878 concilium,
1169 826 1199 865 e
1221 811 1358 865 vivis
1379 808 1697 873 excessisse,

130 910 483 981 significatum
508 908 774 963 duntaxat
809 904 1074 970 voluerit;
1101 902 1242 972 quod
1273 901 1316 955 si
1345 909 1522 954 autem
1551 898 1701 968 llugo

132 1004 193 1056 ita
219 1010 386 1070 queat
435 998 683 1069 intelligi,
730 995 1050 1050 Cuibertum
1095 992 1323 1062 septima
1368 989 1700 1059 Septembris

130 1094 223 1155 die,
249 1106 360 1161 quo
401 1090 637 1158 scriptor
668 1087 754 1142 ille
786 1101 907 1141 cum
933 1083 1229 1153 Menologio
1251 1080 1617 1137 Cartlmsiensi
1646 1080 1700 1133 in

130 1182 465 1238 concordiam
496 1180 815 1243 adducatur,
848 1177 1066 1243 obiisse,
1090 1176 1191 1230 erit
1213 1172 1523 1228 dicendum.
1561 1171 1702 1227 Utut

131 1277 208 1340 sit,
235 1284 446 1329 certum
470 1271 722 1342 equidem
749 1286 814 1325 ex
847 1270 990 1323 dicto
1013 1268 1253 1337 llugonis
1277 1265 1701 1321 Flaviniacensis

131 1374 265 1418 textu
295 1372 401 1427 est,
434 1359 757 1416 Guibertum
792 1358 1098 1428 antipapam
1134 1372 1199 1411 ac
1237 1355 1392 1426 proin
1436 1370 1503 1410 ex
1543 1354 1701 1409 dictis

129 1454 276 1507 etiam
304 1452 650 1506 Landuinum
680 1465 824 1503 anno
858 1449 991 1503 1100
1015 1449 1235 1514 obiisse,
1277 1448 1545 1517 huncque,
1576 1462 1700 1501 cum

132 1543 175 1595 id
202 1541 420 1605 arciuﬁt,
453 1541 522 1594 ad
555 1538 934 1608 Septembrem
968 1547 1027 1592 ut
1062 1538 1345 1592 minimum
1376 1537 1542 1592 fuisse
1577 1553 1702 1608 pro-

131 1643 349 1685 vectum.
384 1627 507 1682 Jam
535 1644 685 1695 vero,
734 1644 856 1683 cum
889 1628 941 1682 id
985 1627 1059 1681 ita
1105 1627 1194 1694 sit,
1230 1641 1569 1696 consequens
1619 1635 1703 1681 est

131 1730 180 1773 ut
220 1730 369 1774 certe
418 1720 617 1783 serius,
662 1733 826 1787 quam
873 1733 1016 1771 anno
1048 1719 1203 1783 1100,
1245 1733 1344 1773 nec
1384 1717 1701 1773 Landuinus

1805 540 2157 603 constituant,
2185 549 2243 590 ut
2271 553 2336 591 eo
2364 537 2674 591 Landuinus
2699 536 2753 590 S.
2780 536 3109 603 Brnnonem,
3143 537 3193 589 in
3226 537 3384 592 Cala-

1803 628 1935 683 bria:
1977 644 2160 683 ere-no
2206 638 2530 695 versantem,
2580 628 2835 694 invisere,
2883 626 3198 698 aliquandiu
3243 630 3382 696 apud

1803 734 1925 774 eum
1946 719 2163 786 morari,
2185 732 2247 773 ac
2267 719 2319 771 in
2345 719 2519 773 reditu
2544 717 2737 772 deinde
2756 721 2822 774 ad
2837 717 3180 773 Carthnsiam
3210 737 3236 770 a
3256 717 3388 772 Gui-

1802 811 1955 867 bcrto
1981 819 2170 880 captus
2218 819 2377 878 atque
2404 810 2456 863 in
2484 824 2757 864 carcerem
2806 805 3081 876 cmjcctns
3116 807 3289 861 ίιιθιιίιι
3330 808 3381 859 in

1805 902 1907 956 hoc
1937 899 2161 954 interire
2195 900 2449 969 potuerit,
2502 899 2722 954 dubium
2764 898 2895 952 milii
2942 899 3103 952 admo
3126 900 3233 950 lum
3277 906 3383 964 est,

1804 1006 2016 1047 annoue
2045 991 2193 1057 l099,
2227 1008 2293 1044 an
2323 993 2601 1060 sequentis
2639 991 2794 1045 initio
2823 991 3133 1045 Landuinus
3175 989 3385 1043 Brnno-

1805 1100 1926 1139 nem
1960 1082 2221 1149 inriserit,
2247 1083 2563 1152 litterasque
2584 1082 2669 1136 hic
2706 1082 2771 1137 ad
2798 1081 2879 1152 pii
2904 1103 2913 1135 t
2937 1098 3080 1139 revos
3104 1097 3231 1138 suos
3255 1082 3388 1136 Car-

1808 1174 1997 1229 thusia:
2036 1174 2325 1244 disripnlos
2374 1189 2466 1243 per
2513 1174 2659 1227 illum
2710 1175 2901 1227 horum
2953 1176 3222 1243 priorem,
3265 1191 3293 1226 a
3328 1190 3386 1227 se

1807 1265 2123 1328 abeuntem,
2157 1264 2387 1319 miserit.
2433 1262 2663 1332 Quoquo
2706 1262 2866 1318 modo
2906 1263 3121 1318 interim
3164 1281 3250 1317 res
3292 1264 3387 1316 Ιιιι-

1806 1353 1951 1421 beat,
1983 1369 2045 1409 ea
2074 1354 2322 1424 equidem
2346 1354 2585 1410 velanno
2612 1353 2747 1410 1099
2762 1354 2844 1408 vel
2874 1356 3121 1424 proxime
3140 1357 3385 1426 sequenti

1806 1459 1869 1499 ac
1897 1445 2048 1515 proin
2095 1444 2256 1499 eziam
2287 1461 2392 1500 non
2438 1446 2617 1510 citius,
2658 1461 2825 1515 quam
2865 1460 3007 1501 anno
3046 1446 3204 1511 1099,
3248 1448 3387 1502 facta

1805 1550 1945 1601 esse,
1978 1536 2107 1589 satis
2134 1552 2197 1589 ex
2224 1535 2335 1604 jam
2367 1536 2528 1591 dictis
2555 1536 2742 1605 liquet.
2775 1538 2952 1607 Atque
2977 1538 3103 1591 hinc
3129 1547 3231 1601 est,
3266 1555 3385 1603 cur,

1806 1644 1873 1684 ne
1900 1630 1966 1684 ab
2014 1629 2202 1682 ordine
2251 1629 2531 1697 Chronico,
2580 1646 2737 1699 quem
2786 1639 3046 1701 qraatum
3088 1629 3203 1684 fieri
3238 1647 3387 1683 com-

1806 1719 1964 1775 mode
1992 1727 2188 1790 potest,
2218 1718 2269 1773 in
2300 1720 2463 1775 rebus
2493 1722 2561 1775 ad
2591 1721 2847 1775 Sauctmn
2890 1721 3198 1791 spectantib
3222 1736 3263 1775 IS
3299 1737 3383 1776 re~

133 1813 181 1866 S.
208 1813 541 1877 Brunonem,
577 1812 630 1864 in
662 1811 950 1865 Turritana
972 1810 1232 1865 Calabria:
1254 1825 1435 1865 eremo
1467 1826 1705 1865 connno-
1733 1799 1780 1861 B
1807 1811 2096 1867 censendis
2118 1810 2269 1880 sequi
2292 1810 2479 1878 statui,
2510 1810 2811 1878 deﬂectunt,
2843 1828 3004 1883 agere
3023 1813 3127 1867 hoc
3150 1813 3270 1867 loco
3301 1830 3392 1868 vo-

132 1915 349 1969 rautem,
395 1902 679 1969 inviserit,
727 1916 825 1955 nec
856 1901 942 1956 hic
983 1916 1081 1971 per
1130 1900 1318 1967 illum,
1372 1916 1403 1955 e
1452 1898 1700 1955 Calabria

130 1978 465 2052 Carthusiam
516 2001 868 2063 repetentem,
900 1992 1183 2063 epistolam
1228 1991 1350 2063 plus
1399 1992 1564 2047 semel
1588 1993 1701 2064 jam

133 2094 474 2137 memoratam
506 2084 574 2137 ad
616 2082 898 2154 refigiosos
939 2082 1097 2153 hujus
1142 2083 1411 2151 alumnos,
1442 2086 1704 2140 amantis-

133 2174 393 2242 simosque
420 2188 550 2228 suos
588 2172 880 2243 discipulos
908 2172 1135 2227 miserit.
1168 2171 1365 2228 Verum
1410 2189 1549 2230 anne
1588 2176 1702 2232 bree

133 2264 273 2315 etiam
302 2273 432 2317 ante
462 2264 712 2320 eumdem
739 2280 938 2319 annum
977 2263 1113 2319 1100
1137 2280 1243 2319 non
1273 2273 1536 2321 evenere?

196 2366 317 2419 677.
383 2365 729 2420 Mabillouius
780 2365 833 2419 in
881 2364 1181 2419 Annalibus
1228 2365 1594 2422 Benedictiuis
1634 2367 1701 2423 ad

135 2469 317 2508 annum
374 2452 526 2519 1099,
575 2469 722 2508 num.
756 2455 879 2518 109,
912 2454 991 2509 sic
1037 2454 1273 2509 scribit:
1333 2474 1350 2507 ί
1407 2455 1519 2510 Hoc
1558 2472 1702 2511 anno

134 2546 439 2600 Landuinus
474 2545 686 2616 Maioris
708 2544 1009 2601 Carthusia:
1036 2546 1181 2605 orior
1200 2546 1265 2600 ad
1288 2546 1617 2614 Brunonem,
1648 2549 1702 2603 in

132 2637 377 2693 Calabria
408 2640 708 2705 degentem,
739 2638 1015 2707 profectus
1046 2648 1149 2705 est,
1184 2648 1293 2692 tum
1325 2648 1384 2693 ut
1411 2655 1534 2693 eum
1566 2641 1701 2694 invi-

132 2740 275 2796 seret,
310 2740 426 2784 tum
456 2741 511 2785 ut
532 2732 599 2786 de
627 2730 793 2787 variis
815 2731 1047 2786 instituti
1068 2732 1149 2785 sui
1177 2731 1351 2785 dubiis
1372 2732 1698 2787 consuleret.

132 2823 244 2891 Ejus
262 2822 539 2878 adventus
569 2833 675 2878 tam
723 2834 908 2895 gratus
944 2839 1008 2879 ac
1048 2824 1319 2893 jucundus
1350 2823 1452 2878 t'uit
1480 2838 1701 2880 venera-

132 2914 209 2968 b;li
234 2914 417 2981 Patri,
449 2923 504 2968 ut
526 2930 648 2969 eum
688 2930 870 2970 secum
899 2916 1133 2970 retinere
1163 2915 1472 2971 tentaverit.
1504 2914 1700 2970 Verum

134 3019 225 3059 non
267 3005 400 3059 tulit
446 3004 759 3061 Landuinus
806 3005 1005 3061 fratres
1040 3022 1190 3073 suos,
1238 3021 1373 3075 quos
1417 3007 1469 3060 in
1514 3006 1702 3075 Majori

132 3094 413 3151 Cartbusia
439 3095 725 3165 reliquerat
742 3105 795 3151 et
812 3096 878 3150 de
894 3111 992 3152 suo
1015 3095 1187 3151 reditu
1204 3098 1461 3152 certiores
1475 3096 1697 3162 fecerat,

1806 1900 2002 1956 luerim
2048 1908 2159 1955 tum
2193 1901 2259 1956 de
2295 1899 2562 1956 Landuini
2612 1902 2678 1956 ad
2729 1901 2988 1956 Sanctum
3038 1912 3283 1957 nrstrnm
3338 1904 3388 1955 in

1807 1989 2110 2046 Calabriam
2140 2005 2384 2059 accessu,
2426 2000 2533 2046 tum
2575 1991 2642 2045 de
2669 1991 2916 2061 episola,
2968 2006 3150 2060 quam,
3180 1992 3392 2058 refigic.

1808 2082 1882 2137 sis
1909 2082 2069 2152 hujus
2115 2082 2305 2137 incolis
2345 2080 2683 2145 tradendam,
2727 2079 3007 2135 Landuino
3046 2083 3262 2135 abeunti
3301 2081 3394 2134 Vir

1808 2187 2029 2231 sanctus
2057 2175 2222 2230 dedit.
2243 2173 2367 2228 Hmc
2394 2189 2575 2244 porro,
2608 2174 2854 2244 quamvis
2882 2172 3163 2228 Landuino
3190 2174 3390 2228 reverti

1808 2268 1861 2322 in
1890 2266 2114 2322 Galliam
2147 2265 2285 2321 haud
2317 2266 2593 2337 obtigerit,
2640 2266 2705 2319 ad
2736 2281 2920 2319 eorum
2957 2275 3160 2329 tamen,
3194 2266 3390 2333 quibus

1807 2370 1927 2415 erat
1974 2358 2257 2427 inscripta,
2290 2372 2481 2410 manus
2514 2358 2780 2427 pervenit,
2822 2357 2864 2409 si
2910 2355 3157 2409 llistorize
3188 2355 3392 2407 littera-

1807 2452 1904 2507 ria:
1932 2450 2176 2504 Francia:
2202 2449 2505 2518 Scriptores
2531 2459 2658 2503 tom.
2691 2449 2779 2515 IX,
2806 2464 2927 2519 pag.
2958 2448 3083 2514 249,
3118 2457 3266 2502 recte
3296 2462 3391 2500 ι.ο-

1810 2553 1942 2599 tent.
1995 2543 2062 2597 Et
2091 2556 2223 2597 sane
2277 2552 2424 2595 recte
2476 2556 2570 2596 eos
2621 2551 2833 2606 notare,
2887 2541 3192 2596 verosintile
3230 2557 3295 2594 ex
3332 2558 3395 2591 eo

1806 2640 2066 2707 videtur,
2120 2638 2264 2709 quod
2307 2637 2605 2708 pretiosum
2678 2638 2804 2692 illud
2862 2652 3271 2694 monumentum
3327 2636 3395 2688 ad

1807 2742 2058 2801 posteros
2083 2730 2412 2801 pervenerit.
2445 2728 2715 2794 lntegrnm
2759 2730 2809 2784 td
2840 2730 2994 2800 eujus
3035 2731 3170 2784 duas
3212 2739 3395 2797 partes

1810 2823 2073 2878 duntaxat
2120 2821 2461 2878 Mabillonius
2495 2823 2546 2875 in
2582 2820 2965 2877 Benedictinos
3015 2837 3043 2875 a
3083 2836 3142 2877 se
3176 2832 3396 2875 contex-

1811 2923 1895 2970 to.s
1919 2914 2155 2969 Annales
2179 2915 2375 2980 intulit,
2403 2915 2588 2970 Sancti
2605 2916 2799 2985 Opera,
2827 2914 3061 2969 Colonia!
3082 2914 3393 2986 Agrippinae

1812 3022 1954 3060 anno
1985 3007 2114 3059 ltili
2150 3023 2214 3060 ac
2262 3007 2454 3063 deinde
2490 3008 2686 3062 iterum
2730 3007 2865 3061 1640
2907 3021 3124 3070 excusa,
3170 3016 3298 3059 tom.
3334 3006 3397 3060 IlI

1811 3098 2051 3167 complec
2080 3106 2263 3163 untur,
2295 3100 2367 3153 uti
2410 3102 2573 3153 etiam
2615 3098 2831 3152 Suriani
2870 3099 2920 3151 in
2963 3097 3337 3152 con.innatmn
3368 3113 3398 3150 τι

133 3187 232 3254 ejus
254 3164 625 3256 presentiaet
655 3186 953 3241 directione
975 3186 1237 3241 fraudari.
1262 3184 1561 3256 Tamjusto
1590 3188 1705 3253 ejus
1734 3164 1775 3223 Ο
1810 3164 1971 3245 Surio
1999 3190 2263 3243 lirunonis
2296 3189 2473 3244 Vitam
2504 3189 2916 3244 Annotationes.
2957 3187 3130 3243 Lubet
3165 3187 3293 3242 illud
3329 3203 3398 3240 cs

132 3277 402 3346 proposito
437 3278 785 3346 acquiesccns
811 3276 975 3331 Pater
1004 3288 1247 3344 sanetus,
1283 3292 1405 3332 eum
1455 3294 1483 3330 a
1510 3292 1566 3332 se
1596 3277 1704 3332 dis-

133 3369 323 3421 cedere
344 3382 531 3437 passus
560 3377 662 3433 est,
695 3367 837 3422 datis
866 3369 932 3422 ad
953 3366 1149 3424 fratres
1166 3368 1385 3437 Majoris
1404 3367 1705 3423 Cartbnsitc

134 3456 344 3525 litteris,
373 3474 594 3528 quarum
617 3459 851 3527 priorem
880 3474 1091 3529 partem
1122 3460 1228 3514 huc
1253 3458 1448 3514 afferre
1479 3458 1645 3514 lubet.
1678 3480 1698 3513 ›

136 3549 467 3607 Transcribit
517 3554 679 3609 modo
712 3552 1052 3609 Mabillonius
1079 3553 1317 3622 priorem
1358 3550 1702 3619 litterarum,

136 3657 257 3711 quas
296 3644 383 3699 hic
435 3653 717 3713 memorat,
770 3655 1004 3716 partem,
1054 3660 1117 3700 ae
1161 3645 1374 3714 deinde,
1419 3657 1704 3716 postquam

136 3735 309 3801 etiam,
360 3736 635 3792 nonnullis
685 3736 1041 3807 interpositis,
1086 3737 1443 3808 posteriorem
1491 3753 1705 3794 earum-

140 3825 246 3878 dem
288 3835 501 3895 partem
536 3827 807 3895 recitavit,
841 3828 1155 3899 subjungit:
1186 3848 1203 3879 ι
1227 3828 1280 3882 1η
1310 3827 1416 3883 fine
1437 3848 1455 3880 ι
1476 3827 1704 3899 (littera-

141 3931 248 3968 rum
274 3916 502 3985 scilicet,
528 3932 756 3988 quarum
778 3918 945 3973 verba
971 3932 1075 3971 non
1100 3932 1270 3987 pauca
1296 3917 1347 3972 in
1376 3916 1521 3988 Opus
1550 3932 1705 3972 suum

144 4008 328 4080 intulit)
351 4028 367 4059 ι
399 4010 733 4065 testaturVir
762 4020 1003 4077 sanctus,
1036 4010 1253 4065 unicum
1276 4008 1375 4065 sibi
1391 4019 1513 4079 post
1538 4010 1704 4065 Deum

143 4115 248 4155 esse
274 4103 603 4157 desiderium
634 4118 728 4159 eos
753 4104 1021 4159 revisendi
1049 4112 1104 4157 et
1133 4103 1307 4173 primo
1334 4118 1549 4173 quoque
1578 4111 1708 4158 tem-

140 4208 257 4262 pore
286 4210 343 4249 se
369 4194 419 4248 id
448 4209 611 4266 opere
639 4204 1041 4263 exsecuturum,
1080 4197 1125 4252 si
1154 4196 1269 4252 ﬁeri
1298 4195 1488 4266 possit.
1524 4198 1595 4250 At
1615 4210 1705 4250 ne-

141 4301 234 4354 que
269 4287 504 4343 Brtmoui
550 4288 733 4343 datum
778 4288 938 4344 estin
992 4289 1221 4345 Galliam
1262 4288 1484 4355 reverti,
1533 4302 1707 4357 neque

144 4371 403 4458 Landuino
448 4376 574 4447 ipsi,
631 4377 722 4447 qui
774 4377 826 4433 in
860 4377 1089 4434 reditna
1143 4378 1403 4434 Guiberto
1453 4378 1706 4448 antipapa

144 4468 554 4534 comprehensus
583 4468 921 4539 intlexusque
951 4469 1017 4523 ad
1044 4469 1159 4539 ejus
1198 4469 1370 4523 minas
1396 4477 1449 4522 et
1478 4470 1708 4536 promis-

143 4556 548 4620 siones,tarudiu
575 4558 628 4612 iu
660 4575 882 4614 carcere
907 4560 1159 4614 detentus
1189 4572 1289 4626 est,
1324 4559 1502 4630 quoad
1533 4558 1708 4613 schis-

146 4652 355 4706 maticus
394 4662 672 4721 superstes
712 4651 831 4719 fuit,
862 4654 1066 4709 scilicet
1097 4670 1266 4723 usque
1296 4656 1362 4707 ad
1401 4668 1599 4708 annum
1624 4669 1709 4708 se-

145 4754 402 4807 quentem.
456 4764 475 4795 ι
543 4744 890 4800 Existimavit
938 4746 1120 4814 itaque
1168 4746 1530 4813 Mabillonins,
1566 4761 1707 4802 anno

148 4834 269 4891 1099
292 4846 340 4892 et
365 4837 711 4892 Landuinum
745 4838 812 4892 ad
851 4838 910 4894 S.
962 4839 1267 4893 Brunonem
1304 4840 1355 4893 in
1398 4839 1705 4893 Calabriam

148 4930 353 4995 venisse,
384 4938 462 4996 et,
494 4945 620 4983 cum
643 4928 769 4984 inde
797 4930 864 4985 ad
885 4929 1227 4986 Carthusiam
1252 4930 1504 4998 Maiorem
1529 4945 1709 4984 rever-

151 5026 362 5088 teretur,
404 5036 435 5073 a
475 5018 738 5076 Guiberto
776 5032 991 5092 captum
1028 5030 1083 5076 et
1115 5021 1167 5074 in
1208 5036 1482 5077 carcerem
1520 5020 1705 5089 conje-

152 5119 278 5165 ctum
301 5112 490 5177 fuisse;
516 5123 575 5165 nt
596 5112 775 5167 adeoe
801 5114 1085 5183 scriptoris
1109 5113 1250 5167 illius
1270 5113 1519 5181 opinione
1540 5113 1705 5168 etiam

154 5200 341 5273 littera,
365 5221 462 5275 per
492 5204 834 5260 Landuinum
864 5208 931 5264 ad
954 5206 1252 5263 Carthasim
1282 5206 1498 5278 Majoris
1528 5207 1706 5262 alum-

156 5312 287 5352 nosa
314 5299 514 5355 Sancto
553 5301 752 5365 missae,
778 5301 829 5355 in
874 5316 1107 5370 quarum
1138 5302 1400 5366 epocham
1437 5303 1706 5374 praecipue

157 5388 234 5442 hic
252 5392 641 5461 inquirendum,
674 5408 817 5447 anno
852 5393 989 5448 1099
1017 5394 1233 5463 scripta:
1262 5392 1479 5449 fuerint.

222 5482 327 5539 678.
367 5485 567 5539 Verum
616 5501 738 5540 cum
792 5485 1045 5540 laudatus
1107 5484 1448 5541 Mabillonins
1503 5487 1706 5542 nullam

162 5571 315 5641 plane,
341 5592 431 5630 cur
463 5577 534 5630 ita
562 5576 911 5643 existimarit,
962 5578 1225 5633 rationem
1254 5577 1485 5632 adducat
1511 5579 1563 5632 in
1599 5593 1709 5632 me-

164 5666 308 5731 dium,
356 5670 586 5739 annique
641 5668 774 5725 1100
805 5686 1019 5726 menses
1069 5680 1217 5737 octo,
1266 5686 1502 5726 incusem
1551 5672 1709 5739 hujus

164 5761 525 5829 Septembrem,
580 5773 705 5818 ante
738 5779 900 5835 quem
931 5781 995 5820 ex
1034 5764 1193 5821 (lictis
1222 5764 1532 5822 Landuinus
1560 5775 1709 5823 certe

1806 3281 1958 3336 hisce
1983 3282 2087 3336 huc
2115 3279 2433 3335 transferre.

1878 3370 2001 3425 679.
2033 3369 2125 3426 Sic
2174 3368 2341 3424 habet
2385 3387 2397 3424 :
2444 3389 2461 3422 ι
2514 3369 2798 3425 Fratribus
2840 3369 2952 3424 suis
2991 3368 3149 3423 unice
3193 3366 3402 3421 dilectis

1808 3462 1862 3516 in
1923 3459 2145 3517 Christo
2210 3458 2275 3513 F.
2340 3459 2522 3514 Bruno
2579 3459 2809 3513 salutem
2873 3459 2926 3513 in
2989 3458 3237 3513 Domino.
3297 3458 3402 3511 (lo-

1808 3554 1957 3626 gnito
2022 3551 2403 3617 rationabilis,
2464 3560 2519 3606 et
2568 3566 2696 3606 vere
2750 3551 3030 3605 laudanda:
3096 3551 3396 3620 disciplina:

1809 3661 2000 3703 veStrae
2030 3644 2308 3700 inflexibili
2342 3644 2536 3715 rigore,
2563 3660 2628 3699 ex
2659 3645 2848 3699 crebra
2872 3659 2933 3697 ac
2957 3642 3097 3699 dulei
3122 3643 3386 3698 relatione

1807 3738 2105 3794 beatissimi
2131 3737 2316 3794 fratris
2346 3738 2517 3792 nostri
2547 3736 2883 3791 Landouini:
2916 3752 3014 3792 nec
3056 3752 3161 3791 non
3205 3738 3392 3791 audito

1808 3842 2000 3889 sancto
2028 3846 2213 3887 amore
2240 3840 2444 3897 vestro,
2486 3838 2540 3885 et
2585 3829 2880 3885 incessanti
2922 3829 3100 3884 studio
3145 3845 3270 3899 erga
3307 3846 3395 3892 ea,

1808 3938 1928 3994 quae
1959 3922 2289 3993 integritatis
2323 3931 2379 3976 et
2404 3922 2724 3985 honestatis,
2758 3929 2884 3977 sunt
2910 3920 3147 3975 exsultat
3172 3921 3403 3990 spiritus

1807 4033 1961 4075 meus
1997 4017 2050 4072 in
2078 4016 2327 4073 Domino.
2362 4014 2501 4071 Vere
2524 4018 2669 4071 enim
2695 4015 2908 4070 exsulto
2934 4024 2989 4068 et
3021 4014 3166 4068 feror
3194 4014 3245 4067 in
3279 4013 3399 4067 laus

1809 4111 1930 4167 dem
1953 4118 2009 4166 et
2030 4110 2328 4178 gratiarum
2361 4108 2605 4164 actiones
2633 4109 2882 4172 Domino,
2917 4115 2971 4161 et
3001 4116 3177 4160 tamen
3216 4121 3403 4159 amare

1810 4204 2043 4274 suspiro.
2083 4202 2305 4259 Exsulta
2334 4204 2574 4271 quidem,
2621 4212 2677 4255 nt
2709 4202 2913 4269 justum
2953 4211 3057 4265 est,
3090 4214 3187 4270 pro
3218 4198 3397 4253 incre-

1809 4306 1993 4351 mento
2024 4296 2236 4369 frugum
2270 4296 2529 4351 virtutum
2560 4304 2889 4360 vestrarum,
2918 4310 3003 4347 me
3029 4302 3207 4348 autem
3240 4291 3403 4347 doleo

1810 4397 1864 4444 et
1903 4389 2167 4443 erubesco
2192 4428 2207 4455 ,
2241 4387 2473 4442 inertem
2515 4396 2569 4441 et
2604 4385 2886 4440 surordetn
2924 4382 3108 4450 jacere
3145 4378 3199 4435 in
3241 4381 3401 4435 sorde

1812 4487 2157 4551 peccatorum
2222 4494 2487 4534 meorum.
2539 4477 2782 4533 Gaudete
2839 4490 2987 4544 ergo,
3038 4473 3236 4527 fratres
3295 4472 3400 4527 mei

1813 4572 2147 4637 cbarissimi,
2194 4587 2292 4641 pro
2339 4582 2486 4626 sorte
2541 4566 2893 4625 beatitudinis
2934 4577 3145 4632 vestra),
3190 4574 3246 4620 et
3302 4578 3402 4634 pro

1811 4661 1959 4732 larga
1996 4677 2154 4715 manu
2182 4662 2370 4731 gratiae
2397 4661 2489 4715 Dei
2524 4662 2573 4716 in
2610 4676 2724 4713 vos.
2758 4657 3018 4721 Gaudete,
3056 4658 3179 4726 quia
3222 4659 3399 4712 evasi-

1813 4753 1910 4809 stis
1949 4750 2261 4805 fluctuantis
2310 4750 2494 4805 nmndi
2541 4751 2854 4806 multimoda
2904 4748 3139 4819 peritula
3171 4758 3226 4802 et
3264 4764 3401 4802 naue

1813 4843 2006 4914 fragia.
2041 4842 2303 4907 Gaudete,
2354 4843 2478 4913 quia
2521 4843 2760 4913 quietam
2803 4852 2858 4898 et
2903 4852 3070 4897 tutam
3104 4843 3400 4896 stationem

1813 4940 2003 5002 portus
2043 4932 2358 4987 secretioris
2396 4934 2732 5002 obtinuistis,
2774 4933 2841 4989 ad
2877 4948 3037 5004 quem
3075 4948 3197 4988 cum
3241 4932 3395 4987 mulli

1812 5024 2000 5080 venire
2048 5024 2377 5091 desiderent,
2424 5026 2576 5081 multi
2619 5039 2831 5098 quoque
2860 5040 2965 5081 non
3009 5024 3153 5080 nullo
3197 5034 3397 5080 conatu

1813 5117 2168 5181 contendant,
2193 5134 2299 5172 non
2324 5120 2646 5189 perveniunt
2678 5134 2880 5173 tamen.
2915 5118 3063 5171 Multi
3099 5132 3225 5170 vero
3248 5123 3396 5186 posta

1813 5226 1977 5282 quam
2017 5213 2175 5284 potiti
2224 5211 2408 5277 fuere,
2468 5212 2676 5267 exclusi
2741 5221 2886 5278 sunt,
2943 5209 3198 5280 quoniam
3267 5208 3399 5263 nulli

1814 5320 2001 5363 eorum
2044 5306 2273 5376 desuper
2317 5319 2633 5360 concessum
2662 5312 2763 5358 est.

1883 5398 2007 5453 680.
2051 5416 2070 5450 ι
2100 5396 2247 5463 ldeo,
2268 5396 2466 5451 fratres
2497 5396 2625 5463 mei,
2672 5401 2878 5450 certum
2922 5405 2986 5445 ac
3017 5390 3300 5461 probatum
3332 5386 3402 5441 sit

1810 5492 1985 5560 vobis,
2010 5494 2175 5563 quod,
2204 5492 2515 5562 quicunque
2557 5489 2778 5561 optabili
2818 5489 2921 5543 hoc
2960 5502 3090 5541 usus
3122 5495 3204 5540 est
3235 5485 3397 5551 bono,

1812 5585 1853 5640 si
1883 5600 2206 5656 quocunque
2234 5584 2393 5639 modo
2419 5584 2472 5638 id
2495 5582 2760 5645 amiserit,
2792 5595 2960 5648 usque
3003 5581 3056 5633 in
3099 5578 3258 5649 finem
3303 5579 3400 5632 do—

1813 5674 1965 5742 lebit,
1994 5676 2041 5732 si
2068 5676 2186 5746 quis
2218 5684 2520 5745 respectus,
2552 5672 2634 5726 vel
2670 5687 2799 5725 cura
2835 5670 3026 5725 salutis
3060 5671 3256 5725 anima!
3291 5686 3401 5727 sua:

1815 5766 1917 5822 sibi
1965 5765 2150 5822 fuerit.
2197 5765 2269 5821 De
2322 5765 2502 5831 vobis,
2548 5763 2913 5820 dilectissimis
2964 5763 3223 5821 fratribus
3268 5764 3402 5820 meis
