3846 6316
515 282 617 337 419

1315 279 1368 334 S.
1413 276 1757 334 [ΠΗ]ΧοΝῶ
1797 274 2440 333 CARTIIUSIANORUM
2478 274 2963 334 lXSTiTUTORlS

3637 270 3721 341 no

514 398 688 464 laicis,
719 396 878 452 dico:
914 396 1217 467 Magnificat
1239 397 1417 450 anima
1452 411 1567 449 mea
1613 395 1921 459 Dominum,
1965 392 2088 459 quia
2121 400 2165 456 Α
2200 409 2218 441 ι
2251 391 2444 444 animae
2475 388 2611 444 bene
2661 399 2847 458 pastae,
2879 390 2929 443 in
2978 391 3304 445 abundantia
3350 392 3623 451 dulcedi:.is
3657 401 3728 454 llei

516 487 976 558 magniﬁcentiam
1007 488 1395 543 misericordia:
1423 502 1532 541 sua:
1563 501 1725 554 super
1760 500 1854 538 vos
1883 484 2093 536 intueor

517 580 816 634 secundum
866 566 1269 633 intimationem
1330 578 1530 649 prioris
1584 576 1747 630 vestri
1816 584 1870 628 et
1916 568 2091 627 Patris

517 673 898 738 amantissimi,
930 673 1020 742 qui
1048 673 1277 727 multum
1305 672 1567 742 gloriatur
1594 685 1690 739 pro
1713 669 1863 724 vobis
1885 680 1938 720 et
1963 683 2093 737 gau—

518 761 629 816 det.
662 759 970 815 Gaudemus
996 769 1051 814 et
1080 777 1197 828 nos,
1225 761 1480 830 quoniam
1506 775 1627 814 cum
1669 753 1909 813 scientia:
1953 756 2096 809 litte-

516 866 702 904 rarum
728 862 981 918 expertes
1012 851 1152 913 sitis,
1188 858 1379 919 potens
1408 847 1548 902 Deus
1584 847 1753 916 digito
1777 861 1874 899 suo
1904 844 2093 898 inscri-

522 941 604 995 bit
634 940 687 993 in
713 940 968 994 cordibus
994 940 1209 1005 vestris,
1241 954 1344 992 non
1384 939 1557 992 solum
1600 945 1860 1000 amorem,
1912 933 2003 988 sed
2040 939 2094 986 et

521 1031 772 1083 notitiam
818 1040 1018 1084 sanctae
1059 1029 1190 1099 legis
1223 1045 1352 1084 suae.
1396 1029 1569 1098 Opere
1607 1029 1750 1082 enim
1788 1025 2094 1091 ostenditis,

517 1122 648 1190 quid
675 1122 890 1189 amatis,
922 1123 1115 1191 quidve
1159 1122 1353 1176 nostis.
1397 1121 1531 1175 Nam
1567 1136 1688 1175 cum
1732 1113 2094 1174 obedientiam

516 1227 703 1266 veram
728 1228 848 1266 cum
893 1214 1038 1267 omni
1075 1213 1283 1268 cautela
1320 1224 1373 1268 et
1411 1214 1589 1267 studio
1624 1212 1924 1265 observatis
1949 1210 2093 1282 (qua:

521 1311 609 1356 est.
650 1304 928 1357 exsecutio
963 1304 1336 1359 mandatorum
1371 1304 1485 1368 Dei,
1519 1312 1573 1358 et
1596 1302 1793 1368 clavis,
1827 1317 1890 1355 ac
1918 1302 2098 1368 signa-

522 1395 705 1448 culum
763 1398 925 1451 totius
971 1396 1269 1466 spiritualis
1315 1398 1631 1466 disciplince,
1671 1412 1789 1466 qua:
1825 1411 2095 1464 nunquam

520 1498 607 1541 est
637 1488 751 1542 sine
779 1488 942 1541 multa
973 1489 1274 1544 humilitate
1297 1499 1353 1544 et
1381 1490 1593 1560 egregia
1624 1488 1904 1559 patientia,
1931 1503 2093 1557 quam

517 1590 735 1645 semper
769 1578 1059 1630 comitatur
1085 1586 1268 1632 castus
1293 1593 1445 1630 amor
1471 1578 1677 1649 Domini
1713 1585 1766 1631 et
1800 1591 1923 1629 vera
1969 1577 2098 1629 chad

518 1666 674 1734 ritas)
713 1665 1054 1721 manifestum
1093 1677 1196 1735 est,
1242 1683 1338 1723 vos
1382 1669 1658 1736 sapienter
1703 1667 1881 1737 legere
1925 1669 2096 1737 ipsum

2201 500 2217 533 ι
2248 481 2562 551 scripsistis,
2591 490 2645 534 et
2666 480 2804 534 sicut
2842 481 2998 550 adipe
3043 491 3097 535 et
3146 484 3465 552 pinguedine
3512 488 3731 555 spiritalis

2202 570 2451 624 «laetitiae
2497 570 2680 624 fauces
2728 586 2878 625 meas
2921 571 3242 641 replevistis.
3297 571 3485 628 Sermo
3537 592 3732 649 namque

2202 680 2220 711 ι
2250 671 2428 715 vester
2463 660 2583 714 talis
2616 677 2719 714 non
2754 669 2859 725 est,
2886 663 2979 730 qui
3003 663 3325 717 adulterinis
3356 663 3537 721 formis
3574 684 3732 739 super-

2199 769 2218 802 ι
2249 748 2480 805 inductis
2506 753 2739 820 speciem
2790 754 3008 823 pietatis
3042 758 3412 824 reprtesentet,
3439 766 3492 810 et
3518 758 3732 815 virtutem

2201 860 2221 893 ι
2250 841 2496 914 abneget.
2538 844 2651 899 Hoc
2688 847 2831 899 enim
2872 845 3087 900 illorum
3122 857 3226 913 est,
3272 848 3364 916 qui
3402 849 3452 902 in
3498 852 3661 915 corde,
3694 865 3736 909 et

2200 951 2219 985 ι
2250 936 2412 990 corde
2436 936 2747 1005 loquuntur,
2790 938 2871 991 vel
2912 938 3002 1007 qui
3047 939 3297 992 molliu‘nt
3327 953 3589 994 sermones
3635 956 3735 997 suos

2203 1046 2223 1077 ‹
2251 1043 2412 1097 super
2435 1030 2635 1097 oleum,
2674 1042 2796 1085 cum
2825 1033 2923 1100 ipsi
2954 1031 3282 1101 sintjacula.
3315 1031 3429 1088 Non
3452 1043 3615 1088 autem
3641 1049 3736 1090 ver-

2203 1137 2221 1169 ι
2253 1110 2377 1175 bum
2404 1128 2644 1175 vestrum
2667 1122 2748 1177 sic
2777 1122 3060 1192 insulsum,
3091 1126 3183 1178 sed
3216 1126 3406 1195 gratia:
3443 1125 3730 1195 plenitudine

2202 1228 2222 1261 ι
2251 1209 2613 1265 confortatum
2644 1213 2853 1267 viscera
2877 1214 3048 1283 replet
3087 1214 3435 1282 Sanctorum,
3476 1228 3572 1271 etc.
3599 1236 3615 1267 ›
3638 1218 3736 1273 liae

2198 1298 2343 1353 Petri
2376 1300 2714 1357 Venerabilis
2743 1305 2928 1369 verba,
2962 1320 3080 1374 quae
3109 1307 3175 1360 de
3206 1306 3495 1376 epistola,a
3518 1306 3729 1363 Bruuoue

2198 1393 2264 1445 ad
2296 1392 2599 1448 Carthusite
2634 1392 2852 1462 Majoris
2882 1396 3127 1453 alumnos
3158 1398 3382 1469 scripta,
3428 1399 3607 1453 merito
3640 1414 3735 1467 pro-

2199 1481 2438 1536 nuntiari
2474 1498 2633 1549 posse
2673 1484 2939 1540 Suriauus
2979 1485 3242 1552 aiiirmat,
3285 1504 3389 1541 non
3422 1489 3600 1542 minori
3636 1488 3736 1556 jure

2199 1574 2567 1640 pronuntiaris
2595 1575 2658 1628 de
2687 1576 2855 1628 altera
2874 1578 3128 1645 epistola,
3153 1593 3315 1647 supra
3342 1573 3452 1646 jam
3484 1579 3735 1646 sepissime

2201 1663 2438 1727 laudata,
2469 1679 2573 1733 qua
2600 1664 2693 1718 Vir
2730 1668 2950 1721 sanctus
2989 1665 3331 1738 Radulphuui
3380 1664 3735 1731 Viridem,‘iie-

516 1756 752 1811 i'ructum
812 1757 1193 1812 suavissimum
1236 1768 1291 1813 et
1334 1754 1519 1813 utilem
1553 1756 1846 1828 Scriptura:
1881 1760 2095 1814 divinae.
2132 1766 2172 1822 Β
2204 1755 2402 1810 mensis
2438 1755 2679 1810 ecclesiae
2709 1759 3082 1828 pmpositum,
3117 1759 3183 1813 ad
3208 1758 3337 1824 voti,
3363 1758 3414 1813 in
3444 1755 3613 1813 habita
3634 1757 3734 1812 olim

517 1851 682 1919 Ergo,
718 1849 911 1906 fratres
946 1851 1071 1917 mei,
1118 1862 1431 1922 permanete
1471 1853 1524 1907 in
1555 1867 1641 1920 eo,
1682 1854 1750 1909 ad
1794 1855 1936 1923 quod
1973 1868 2098 1923 per-

515 1944 763 2009 venistis,
809 1954 864 1998 et
905 1945 1210 1999 morbidum
1240 1960 1455 2017 gregem
1482 1947 1839 2016 quorumdam
1868 1944 2100 2001 vanissi—

516 2050 728 2090 morum
756 2034 1015 2091 laicorum
1046 2045 1098 2088 ut
1125 2046 1326 2106 pestem
1353 2037 1539 2101 vitate,
1570 2037 1659 2106 qui
1676 2038 1948 2092 chartulas
1977 2053 2100 2092 suas

517 2128 905 2184 circumferunt
931 2130 1297 2196 mussitantes,
1336 2146 1455 2200 quae
1494 2145 1599 2183 non
1638 2129 1958 2198 intelligunt,
1999 2144 2101 2185 nec

518 2227 727 2283 amant,
769 2219 964 2288 quibus
1015 2219 1193 2272 verbis
1236 2226 1291 2274 et
1329 2218 1487 2273 factis
1544 2218 1939 2272 contradicunt.
1998 2217 2100 2284 Qui

516 2308 677 2363 etiosi
714 2317 767 2363 et
795 2309 1070 2379 gyrovagi,
1120 2317 1383 2378 quotquot
1423 2309 1577 2363 bonis
1611 2318 1665 2362 et
1705 2304 1970 2375 religiosis
2009 2310 2103 2363 de-

520 2398 763 2463 trahunt,
796 2408 849 2452 et
874 2414 932 2453 se
960 2400 1010 2453 in
1042 2399 1143 2452 hoc
1174 2399 1465 2452 laudabile
1496 2407 1705 2470 putant,
1732 2398 1775 2454 si
1810 2399 2102 2453 laudandos

519 2490 919 2558 infamaverint,
948 2490 1142 2561 quibus
1176 2490 1477 2545 obcdicntia
1509 2498 1564 2545 et
1608 2491 1782 2545 omnis
1822 2488 2101 2561 disciplina

519 2580 640 2634 odio
670 2588 770 2633 est.

590 2671 712 2726 68L
738 2689 756 2721 ι
781 2668 1026 2726 Fratrem
1039 2684 1167 2724 vero
1180 2670 1530 2725 Landwinum
1561 2672 1837 2725 nobiscum
1862 2671 2103 2728 detinere

517 2763 664 2817 volui
693 2771 910 2832 propter
944 2778 1135 2833 graves
1160 2773 1213 2817 et
1242 2764 1465 2817 crebras
1490 2764 1827 2818 infirmitates
1852 2776 2100 2819 nostras:

520 2858 614 2909 sed
640 2854 765 2923 quia
798 2852 897 2908 sibi
924 2853 1055 2906 nihil
1086 2869 1300 2917 sanum,
1341 2853 1473 2906 nihil
1501 2848 1815 2921 jucundum,
1860 2855 1993 2908 nihil
2024 2855 2102 2908 vi-

521 2944 633 2999 tale
659 2943 865 2998 etutile
914 2959 1033 2997 esse
1072 2944 1188 2997 sine
1223 2944 1375 2997 vobis
1417 2950 1652 3012 reputat,
1691 2957 1796 2997 non
1835 2945 2104 3013 acquievit

520 3042 829 3101 protestans
852 3032 981 3086 mihi
1009 3034 1059 3085 in
1090 3032 1451 3102 lacrymarum
1483 3030 1631 3086 fonte
1652 3047 1749 3102 pro
1778 3034 1930 3088 vob's
1953 3049 2102 3088 ema-

2197 1860 2319 1901 cum
2346 1860 2413 1901 eo
2435 1855 2488 1900 et
2519 1844 2704 1901 Fulcio
2730 1847 3013 1903 Monoculo
3039 1849 3105 1903 de
3140 1848 3290 1904 falsis
3318 1849 3497 1903 mundi
3539 1849 3736 1903 delecta.

2201 1932 2437 1993 tionibus
2460 1935 2749 1994 collatione
2779 1938 2983 2006 emissi,
3007 1941 3403 1997 exsolutionem
3425 1940 3736 1996 vehementis-

2201 2029 2339 2081 sime
2367 2029 2612 2083 hortatus
2639 2039 2743 2082 est.
2775 2029 2951 2083 Tanto
2976 2031 3093 2086 hzec
3129 2032 3296 2084 animi
3330 2046 3457 2101 erga
3499 2031 3734 2098 antiquum

2200 2119 2433 2174 amicum
2455 2118 2670 2184 aii'ectu,
2696 2128 2848 2175 tanta
2870 2122 3069 2189 cordis,
3101 2132 3159 2176 ut
3186 2123 3261 2176 ita
3281 2124 3472 2185 dicam,
3495 2120 3730 2183 cifusione,

2205 2220 2349 2267 tanta
2375 2211 2610 2283 Spiritus
2634 2211 2800 2268 divini
2845 2215 3103 2270 unctione
3136 2216 3337 2286 scripta
3378 2224 3476 2271 est.
3510 2214 3734 2283 integram

2201 2318 2318 2359 eam
2336 2302 2899 2373 Commentariibujus
2928 2307 3081 2361 initio
3099 2308 3287 2361 videre.
3315 2306 3586 2372 nonlicuit,
3603 2304 3733 2375 quod,

2200 2399 2396 2467 quibus
2422 2400 2564 2453 nulla
2593 2400 2675 2455 sui
2709 2410 2862 2470 parte
2889 2401 3070 2454 mutila
3106 2401 3311 2455 inserta
3341 2411 3441 2464 eSt,
3472 2400 3584 2453 libri
3614 2397 3733 2461 nulli,

2203 2503 2303 2541 nec
2329 2489 2439 2557 ipSa
2459 2488 2633 2557 Opera
2654 2489 2710 2543 S.
2740 2489 3029 2556 Brunonis,
3056 2491 3293 2545 Coloniae
3317 2490 3605 2560 Agrippina:
3622 2492 3735 2541 anno

2205 2578 2335 2632 lb’li
2390 2579 2671 2646 impressa,
2721 2594 2969 2649 annoque
3018 2580 3155 2634 16w
3200 2581 3398 2636 ibidem
3449 2594 3639 2644 recusa,
3686 2578 3734 2630 ad

2204 2683 2421 2722 manum
2455 2680 2654 2722 essent.

2275 2758 2396 2813 685.
2440 2758 2638 2812 Verum
2664 2773 2785 2813 cum
2811 2760 2924 2815 hinc
2954 2760 3165 2815 tandem
3197 2761 3349 2815 urbis
3370 2760 3522 2827 hujus
3543 2756 3735 2811 Cartim-

2205 2852 2341 2907 siani
2378 2866 2474 2921 pro
2501 2866 2595 2905 sua
2641 2853 2978 2907 immanitate
3026 2854 3373 2908 commodare
3414 2851 3538 2905 mihi
3572 2847 3735 2919 dignati

2206 2942 2340 3007 sint,
2378 2942 2704 3012 descriptum
2729 2958 2794 2996 ex
2815 2944 2965 2998 hisce
2993 2945 3289 3013 pretiosum
3316 2943 3441 2998 illud
3466 2954 3735 2997 monumen-

2209 3040 2320 3087 tum
2356 3032 2499 3086 lubet
2530 3030 2691 3087 etiam
2720 3034 2826 3087 huc
2860 3034 3173 3098 transferre,
3203 3045 3264 3088 ut
3291 3044 3344 3088 et
3371 3035 3443 3099 id,
3475 3033 3602 3103 quod
3629 3042 3733 3101 pau-

522 3132 707 3189 nante,
742 3131 792 3177 et
831 3123 1079 3192 suspiriis
1111 3121 1314 3187 multis,
1344 3121 1532 3191 quanti
1571 3120 1711 3189 apud
1747 3136 1867 3176 eum
1892 3123 2010 3177 silis
2043 3132 2098 3177 et
2129 3110 2174 3171 C
2206 3124 2284 3176 c's
2312 3123 2575 3176 duntaxat
2623 3121 2777 3176 libris
2805 3125 3064 3177 insertum
3103 3126 3402 3188 invenitur,
3439 3124 3661 3193 quodque.
3686 3135 3736 3171 ne

518 3222 680 3282 quam
704 3211 941 3283 perfecta
966 3212 1229 3265 charitate
1253 3226 1347 3264 vos
1367 3211 1571 3279 diligat.
1601 3209 1749 3265 Unde
1762 3211 2098 3266 coaetionem

526 3303 727 3356 nullam
760 3304 939 3357 facere
966 3301 1127 3363 volui,
1165 3316 1230 3354 ne
1262 3299 1509 3354 laederent
1531 3315 1672 3363 cum,
1711 3308 1939 3364 autvos,
1966 3316 2103 3369 quos

520 3394 873 3448 charissimos
902 3407 999 3461 pro
1039 3392 1232 3446 merito
1261 3391 1522 3443 virtutum
1562 3398 1863 3443 vestrarum
1908 3391 2102 3445 habeo.

521 3489 860 3553 Quapropter
899 3481 1299 3535 fraternitatem
1338 3489 1575 3533 vestram
1623 3480 1811 3535 sedulo
1864 3496 2059 3535 moneo
2085 3523 2099 3547 ,

520 3587 577 3631 et
627 3575 894 3629 submisse
939 3584 1101 3643 atque
1143 3572 1301 3626 unice
1361 3585 1574 3642 precor,
1632 3580 1691 3626 ut
1758 3573 2103 3637 eharitatem,

521 3682 681 3735 quam
711 3665 871 3720 corde
905 3664 1149 3734 gestatis,
1201 3663 1546 3719 exsecutione
1585 3664 1764 3733 operis
1812 3664 1864 3718 in
1907 3665 2103 3733 ipsum,

522 3769 708 3828 utpote
753 3758 807 3811 in
837 3758 1074 3827 priorem
1101 3767 1156 3810 et
1184 3754 1400 3809 Patrem
1420 3765 1659 3811 vestrum
1699 3756 2104 3823 charissimum,

522 3852 840 3917 ostendatis,
873 3850 1105 3921 benigne
1129 3860 1183 3905 et
1212 3851 1431 3921 provide
1468 3850 1949 3916 subministrando,
1986 3866 2107 3919 quae

524 3945 626 3999 sibi
659 3959 755 4015 pro
778 3941 1091 3998 multimoda
1130 3942 1440 3997 valetudine
1480 3957 1574 3995 sua
1616 3943 1923 3997 necessaria
1961 3952 2104 3997 sunt.

526 4036 679 4103 Quod
711 4035 757 4091 si
796 4035 948 4090 vobis
990 4036 1044 4089 in
1082 4034 1188 4090 hoc
1226 4033 1579 4088 humanitatis
1612 4032 1788 4088 cilicio
1827 4050 1933 4089 non
1972 4049 2104 4089 eon-

525 4128 781 4193 senserit,
811 4126 1016 4183 malens
1050 4126 1348 4198 periclitari
1385 4126 1452 4181 de
1487 4127 1658 4181 salute
1682 4135 1737 4182 et
1771 4128 1899 4191 vita,
1943 4144 2104 4198 quam

523 4217 726 4288 aliquid
780 4217 847 4271 de
893 4216 1192 4287 disciplina:
1253 4215 1552 4284 corporalis
1608 4217 1788 4286 rigore
1833 4220 2103 4282 om'ttere,

524 4309 669 4377 quod
711 4322 937 4377 prorsus
962 4306 1376 4377 improbandum
1407 4315 1511 4372 est,
1539 4306 1766 4362 forsitan
1800 4309 2103 4373 erubescet,

521 4406 606 4460 ut,
635 4399 725 4468 qui
748 4399 953 4469 prinms
974 4397 1027 4452 in
1049 4397 1307 4470 religione
1329 4406 1430 4461 est,
1451 4397 1503 4451 in
1532 4396 1634 4453 hac
1662 4406 1815 4467 parte
1836 4400 2107 4467 posterior

2203 3213 2423 3282 quidem
2475 3214 2526 3267 in
2576 3212 2762 3268 Sancti
2805 3213 3003 3284 Opera,
3053 3216 3192 3285 apud
3254 3214 3509 3269 Judocum
3555 3212 3736 3266 Badium

2203 3323 2346 3362 anno
2380 3308 2515 3362 1524
2545 3308 2768 3362 Parisiis
2804 3324 3022 3372 excusa,
3055 3325 3337 3379 penesqne
3367 3325 3462 3363 nos
3490 3305 3736 3365 exstantia,

2206 3399 2599 3455 illatumtuisse
2643 3401 2833 3464 miror,
2876 3399 3066 3454 lectori
3110 3400 3160 3453 iu
3210 3412 3459 3471 promptu
3494 3402 3575 3463 sit,
3608 3408 3651 3451 et
3681 3396 3736 3446 ita

2206 3491 2365 3546 simul
2408 3490 2567 3545 fidem
2611 3507 2776 3562 supra
2814 3492 2933 3562 plds
2973 3492 3142 3548 semel
3182 3493 3366 3547 datam
3407 3494 3630 3548 liberem.
3667 3488 3737 3541 Sic

2208 3583 2389 3654 itaque
2421 3584 2625 3637 habet:
2673 3603 2691 3634 ι
2723 3584 2950 3638 Domino
2989 3600 3088 3638 suo
3123 3585 3434 3639 venerando
3478 3581 3735 3650 Badulpho,

2206 3673 2464 3729 Remensi
2501 3675 2822 3744 praposito,
2861 3676 3242 3731 sincerissima:
3310 3676 3578 3731 eharitatis
3619 3671 3737 3726 cultu

2206 3765 2576 3831 observando,
2643 3766 2821 3819 Bruno
2883 3766 3134 3821 salutem.
3202 3766 3420 3821 Veteris
3480 3761 3738 3834 approbata:

2207 3856 2460 3911 amicitia:
2486 3856 2618 3911 ﬁdes
2638 3872 2703 3911 eo
2724 3856 3036 3926 prteclarior
3056 3868 3108 3913 et
3129 3858 3291 3914 laude
3316 3857 3547 3928 ampliori
3568 3855 3739 3923 dignior

2210 3948 2262 4002 in
2288 3958 2340 4003 te
2360 3948 2711 4017 conspicitur,
2734 3962 2841 4016 quo
2863 3949 3041 4002 rarior
3065 3949 3205 4019 apud
3231 3949 3475 4003 homines
3496 3943 3736 4014 reperitur.

2209 4036 2527 4106 Quanquam
2551 4038 2693 4091 enim
2725 4036 2883 4107 longo
2913 4046 3180 4092 terrarum
3213 4047 3387 4093 tractu
3419 4046 3470 4091 et
3494 4031 3738 4105 prolixiora

2211 4129 2469 4199 temporis
2508 4129 2684 4199 spatio
2716 4145 2947 4200 corpora
2992 4131 3060 4185 ab
3098 4130 3329 4185 invicem
3374 4129 3597 4198 seiuncta
3634 4124 3735 4183 sint.

2211 4219 2428 4274 animus
2484 4229 2661 4274 tamen
2708 4220 3097 4277 benevolentize
3139 4232 3245 4277 tute
3296 4223 3363 4275 ab
3407 4220 3569 4274 amico
3612 4212 3736 4269 avrlli

2209 4324 2315 4364 non
2343 4310 2535 4380 potuit.
2568 4311 2719 4376 Quod
2752 4311 2971 4380 quidem
2995 4312 3194 4366 litteris
3219 4314 3325 4368 tuis
3348 4307 3657 4366 suavissimis
3677 4304 3737 4371 (itt

2212 4401 2407 4470 quibus
2437 4403 2568 4456 mihi
2600 4404 2773 4457 amice
2798 4403 3068 4457 blanditus
3091 4406 3172 4475 es)
3213 4420 3312 4460 nec
3348 4415 3449 4459 ιιοιι
3485 4397 3735 4456 beneﬁciis,

524 4488 853 4552 inveniatur,
903 4497 1151 4542 metuens
1193 4500 1262 4541 ne
1312 4487 1602 4542 occasione
1649 4487 1735 4542 sui
1785 4488 1979 4557 aliquis
2042 4505 2108 4543 ex
2144 4476 2185 4531 Ι)
2214 4506 2321 4547 non
2346 4494 2517 4548 solum
2550 4495 2701 4560 mihi,
2731 4511 2918 4550 verum
2948 4496 3112 4550 etiam
3145 4497 3299 4551 fratri
3325 4493 3582 4551 Bernardo
3606 4499 3737 4544 causa

521 4576 680 4631 vobis
700 4577 978 4632 remissior
1003 4577 1084 4631 vel
1112 4577 1343 4648 tepidior
1365 4576 1476 4642 fiat,
1498 4578 1640 4647 quod
1665 4578 1975 4633 nullatenus
1994 4577 2111 4633 for-

524 4665 835 4720 midandum
890 4677 1039 4735 puto.
1090 4666 1169 4722 Ne
1224 4667 1385 4737 hujus
1428 4669 1617 4737 gratia:
1665 4680 1915 4739 expertes
1959 4671 2109 4737 sitis,

524 4766 765 4813 nostram
793 4758 964 4814 vicem
1002 4759 1055 4813 in
1088 4760 1192 4815 hoc
1221 4768 1431 4814 tantum
1463 4770 1657 4816 vestra:
1686 4762 1940 4816 charitati
1978 4777 2111 4816 con-

524 4847 800 4915 cedimus,
839 4856 898 4903 ut
937 4849 1095 4904 liceat
1133 4850 1287 4905 vobis
1321 4859 1633 4907 reverenter
1668 4867 1791 4908 eum
1819 4868 2011 4924 cogere
2044 4854 2113 4909 ad

526 4954 615 5007 ea,
652 4957 771 5012 quae
800 4941 958 4996 saluti
994 4956 1105 4996 suae
1139 4943 1545 4998 commodastis.

519 5035 522 5039 ’
599 5037 724 5093 682.
770 5056 789 5089 ι
829 5037 904 5092 De
928 5052 1033 5102 me,
1065 5036 1285 5102 fratres,
1310 5037 1505 5093 scitote
1528 5038 1785 5108 quoniam
1815 5040 1947 5096 mihi
1994 5040 2116 5095 uni-

528 5145 653 5186 cum
686 5137 807 5199 post
835 5128 1001 5183 Deum
1029 5137 1113 5183 est
1153 5128 1480 5184 desiderium
1516 5129 1771 5185 veniendi
1808 5132 1874 5185 ad
1910 5146 2031 5197 vos,
2060 5142 2117 5187 et

525 5222 744 5278 videndi
797 5234 913 5277 vos.
951 5220 1021 5276 Et
1061 5221 1279 5289 quando
1324 5229 1538 5291 potero,
1577 5236 1742 5292 opere
1790 5222 2113 5294 adimplebo,

525 5315 639 5370 Deo
663 5313 976 5383 adjuraute.
1010 5312 1219 5367 Valete.
1253 5331 1271 5364 ι
1299 5310 1588 5377 Surianus,
1621 5313 1709 5367 tibi
1744 5314 1884 5368 hanc
1914 5316 2113 5384 episto-

527 5406 633 5461 lam
663 5408 927 5477 iutegram
972 5405 1245 5471 recitavit,
1277 5404 1351 5459 ita
1396 5418 1519 5459 mox
1552 5405 1604 5459 in
1636 5421 1758 5461 eam
1809 5407 2063 5461 observat
2095 5424 2109 5460 :

532 5517 551 5550 ι
584 5499 658 5555 De
680 5500 779 5555 hac
801 5500 1125 5568 parametica
1147 5498 1328 5552 dicere
1351 5496 1532 5562 liceat,
1566 5499 1706 5567 quod
1731 5498 1922 5553 Petrus
1945 5500 2113 5556 abbas

526 5587 788 5644 Cellensis
831 5592 991 5660 epist.
1028 5589 1107 5654 5,‘
1140 5587 1236 5642 lib.
1282 5603 1345 5642 ιιι
1396 5589 1615 5659 scripsit
1663 5588 1728 5643 ad
1778 5591 2011 5660 priorem
2058 5599 2116 5645 et

528 5678 725 5737 fratres
762 5680 1064 5738 Car-thasiae
1097 5678 1164 5737 de
1204 5678 1385 5738 Monte
1428 5680 1563 5739 Dei;
1601 5703 1617 5737 ι
1648 5684 1705 5739 ln
1750 5684 2113 5740 crassitudine

2213 4585 2387 4641 nostri
2439 4584 2589 4655 large
2631 4587 2913 4655 impensis,
2962 4586 3188 4656 aliisque
3240 4588 3451 4642 indiciis
3512 4576 3737 4639 nonnullis

2214 4678 2346 4731 satis
2373 4687 2649 4734 ostensum
2685 4688 2789 4734 est.
2820 4679 2973 4735 Unde
2998 4689 3195 4750 grates,
3238 4695 3341 4735 nou
3369 4678 3570 4749 quidem
3607 4669 3738 4727 meri-

2217 4766 2288 4821 tis
2309 4781 2491 4835 pares,
2522 4768 2615 4821 sed
2649 4775 2828 4823 tamen
2852 4783 2918 4823 ex
2947 4784 3083 4839 puro
3112 4769 3263 4825 fonte
3302 4776 3588 4829 manantes,
3617 4757 3738 4816 beni-

2216 4856 2408 4927 gnitati
2464 4866 2568 4912 tua;
2624 4858 2988 4928 rependimus.
3028 4857 3379 4931 Peregrinum
3422 4854 3675 4929 quemdam
3697 4848 3738 4900 in

2217 4947 2339 5002 aliis
2384 4947 2741 5020 legationibus
2783 4950 2916 5005 satis
2964 4950 3174 5006 ﬁdelem
3219 4967 3339 5007 cum
3382 4947 3566 5004 litteris
3604 4941 3661 4997 ad
3699 4947 3739 4989 ιθ

2214 5037 2416 5094 dudum
2465 5040 2792 5108 direximus,
2836 5047 2931 5097 sed
2976 5043 3083 5099 hue
3121 5060 3291 5115 usque
3338 5057 3442 5099 non
3483 5040 3736 5107 comitam-

2216 5132 2446 5203 Dignum
2463 5131 2823 5201 indicavimus
2855 5148 3022 5191 unum
3057 5152 3123 5192 ex
3155 5137 3353 5193 nostris
3394 5129 3625 5191 charitali
3659 5133 3740 5178 tua!

2216 5222 2611 5288 transmittere,
2642 5225 2733 5293 qui
2760 5227 2966 5295 omnia,
2991 5239 3113 5296 quae
3155 5227 3300 5282 circa
3339 5240 3436 5282 nos
3459 5230 3575 5279 sunt
3615 5212 3737 5285 (tluia

2215 5312 2397 5367 minus
2418 5313 2485 5368 ad
2512 5314 2628 5368 haec
2656 5315 2866 5371 calamo
2887 5327 2943 5373 et
2990 5327 3300 5376 atramento
3339 5314 3631 5379 sollicitans)
3664 5320 3737 5361 co-

2214 5405 2422 5476 piosius
2450 5406 2572 5460 viva
2607 5422 2741 5463 voce
2774 5419 3155 5480 prosequatur.

2286 5494 2412 5551 684.
2453 5495 2805 5555 Notiticamus
2833 5516 2964 5572 ergo
3011 5503 3285 5559 dileczioni
3323 5512 3442 5566 tute,
3487 5486 3734 5566 dignationi

2220 5597 2344 5652 tum,
2379 5590 2632 5659 quoniam
2677 5590 2728 5646 id
2772 5593 2866 5647 tibi
2915 5610 3020 5648 non
3071 5596 3335 5664 ingratum
3381 5602 3625 5665 putamus.
3662 5594 3737 5634 n08

2217 5695 2444 5753 corpore
2467 5684 2694 5753 (utinam
2722 5685 2801 5741 sic
2831 5687 3034 5745 mente)
3067 5687 3265 5755 valere,
3304 5696 3357 5742 et
3384 5698 3495 5754 quae
3527 5680 3585 5734 ad
3618 5683 3735 5730 exte-
