3860 6320
135 326 216 382 421
818 362 823 365 .
1621 300 1795 357 ACTA
1810 335 1823 354 .

3237 304 3351 359 ωε)

134 438 251 489 riora
276 428 557 500 pertinent,
592 423 725 479 satis
752 434 869 475 esse
912 432 1011 487 pro
1060 424 1208 470 voto.
1260 414 1462 469 Verum
1504 414 1668 467 etiam
1699 416 1743 470 Α
1773 426 1877 464 non
1928 410 2096 470 vales.
2134 410 2448 466 inimicitias
2489 427 2749 468 exercere
2786 422 2836 469 te
2873 415 3053 470 velle?
3094 394 3371 488 Nunquid

131 524 332 595 operior,
377 517 687 586 supplicans
745 513 938 567 divinae
991 505 1377 561 misericordia:
1419 520 1658 566 manum,

129 630 227 685 qua:
250 623 427 665 onmes
472 606 761 660 inferiores
802 609 956 655 sanet
1005 597 1350 652 inﬁrmitates
1394 610 1567 656 meas,
1610 602 1664 647 et

128 705 262 759 szitiet
289 702 334 754 in
362 698 516 753 bonis
550 693 878 749 desiderium
913 702 1116 741 meum.
1153 686 1211 740 ιιι
1256 685 1451 739 finibus
1484 691 1663 737 autem

127 792 353 852 Calabria:
386 803 505 844 cum
537 784 799 839 fratribus
841 777 1132 849 religiosis,
1183 785 1239 831 et
1282 775 1486 843 aliquot
1528 774 1666 828 bene

130 883 318 942 eruditis
338 877 446 948 (qui
480 877 533 931 in
572 872 817 929 excubiis
858 869 1208 941 persistentes
1248 865 1442 919 divinis
1476 878 1669 932 exspe-

132 985 251 1032 ctant
273 971 488 1035 reditum
515 966 731 1022 Domini
757 964 860 1027 sui,
885 971 966 1027 ut,
994 976 1117 1014 cum
1144 958 1455 1028 pulsaverit,
1484 956 1668 1011 confe—

133 1066 235 1121 stim
281 1059 515 1130 aperiant
563 1056 655 1124 ei)
706 1068 946 1108 eremum
992 1050 1207 1113 incolo,
1261 1049 1330 1103 ab
1391 1048 1667 1101 hominum

134 1149 422 1209 habitatione
447 1144 584 1200 satis
606 1144 846 1212 undique
875 1149 1160 1194 remotam.
1194 1138 1268 1191 De
1307 1134 1458 1205 cujus
1499 1150 1670 1189 anne-

134 1248 276 1301 nitate
315 1240 555 1308 aerisque
600 1236 860 1304 temperie
906 1241 962 1286 ct
1010 1233 1270 1300 sospitate
1310 1227 1394 1282 vel
1443 1227 1670 1298 planitie

134 1332 278 1403 ampla
309 1338 359 1384 et
392 1336 567 1400 grata,
609 1326 752 1380 inter
793 1330 1003 1378 montes
1042 1321 1096 1375 iu
1146 1320 1362 1390 longum
1396 1327 1666 1388 porreeta,

133 1425 205 1479 ubi
231 1430 342 1475 sunt
387 1415 614 1472 virentia
650 1421 805 1481 prata
837 1421 892 1466 et
919 1409 1109 1465 ﬂorida
1151 1422 1377 1477 pascua,
1428 1405 1557 1476 quid
1590 1403 1671 1459 di-

134 1529 267 1586 gnum
291 1509 494 1565 dicam?
520 1510 630 1561 Aut
648 1506 867 1560 collium
901 1503 1135 1571 undique
1163 1516 1221 1555 se
1244 1499 1438 1555 leniter
1459 1496 1672 1566 erigen-

138 1605 245 1656 tium
287 1607 622 1670 prospectum
670 1607 1074 1663 opacarnmque
1120 1590 1337 1643 vallium
1392 1600 1671 1641 recessum

136 1708 236 1748 cum
260 1687 462 1742 amabili
506 1684 810 1747 fluminum,
855 1681 1093 1734 rivorum
1143 1678 1483 1743 fontiun-que
1516 1674 1670 1741 copia

1762 501 2017 555 fortiores
2040 501 2130 557 illo
2151 518 2339 559 sumus
2368 503 2390 556 ?
2420 502 2697 573 Nunquid,
2734 504 2863 573 quia
2891 507 3148 574 pa'ientia
3173 512 3344 575 pieta-

1766 591 1834 645 tis
1863 606 1973 646 sua:
2003 608 2100 647 nos
2125 597 2283 647 modo
2311 595 2376 647 ad
2406 594 2780 662 paenitentiam
2815 605 3090 662 provocat,
3120 597 3192 665 irj
3218 599 3348 652 :rias

1764 694 2102 754 contemptus
2135 685 2351 740 tandem
2376 701 2481 740 non
2511 683 2805 739 ulciscetur
2829 684 2852 737 ?

1835 771 1960 828 686.
1996 773 2134 839 Quid
2154 775 2298 829 enim
2322 784 2403 828 est
2423 773 2755 844 perversius,
2775 772 2901 842 quid
2926 780 3033 826 tam
3062 775 3345 841 rationem,

1760 860 2023 930 juti-iam
2084 864 2361 933 ipsamque
2429 872 2683 917 naturam
2758 877 3107 933 oppugnans,
3180 879 3344 933 quam

1768 964 1968 1007 crcatu:
1988 967 2074 1005 am
2110 953 2229 1021 plus
2259 953 2482 1022 diligere
2513 968 2672 1020 quam
2704 951 2984 1005 Factorem
3007 952 3029 1004 ?
3054 952 3191 1017 Quid
3220 968 3349 1015 (λιττο

1768 1044 2035 1105 agendum
2084 1059 2311 1107 censes,
2374 1041 2743 1097 charissime?
2791 1041 2931 1108 Quid
2985 1042 3087 1096 nisi
3153 1042 3350 1095 dililll-i

1768 1137 1959 1192 cedere
2008 1139 2272 1202 (οηήιίἱς,
2314 1140 2426 1192 cedi
2446 1152 2507 1192 re
2563 1136 2797 1198 veritati,
2849 1150 2969 1203 que
3016 1132 3201 1187 fallere
3244 1148 3348 1185 non

1768 1229 1993 1298 potest?
2017 1231 2262 1283 Consulit
2292 1244 2524 1298 namque
2547 1228 2599 1281 in
2628 1240 2918 1282 commune
2943 1227 3128 1280 dicens
3154 1240 3168 1278 :
3204 1244 3221 1275 ‹
3255 1224 3353 1280 Ve-

1774 1336 1794 1368 ι
1823 1317 1933 1372 nite
1955 1319 2021 1371 ad
2052 1333 2136 1371 me
2181 1333 2392 1384 omnes,
2428 1318 2518 1387 qui
2559 1317 2817 1371 laboratis
2854 1325 2910 1370 et
2940 1315 3147 1369 onerati
3188 1314 3346 1378 estis,

1775 1425 1794 1457 ι
1821 1414 1876 1460 et
1896 1420 1996 1477 ego
2026 1407 2267 1462 reﬁciam
2310 1422 2436 1471 vos;
2471 1425 2487 1457 ι
2529 1405 2718 1460 Nonne
2754 1404 3019 1473 pessimus
3044 1413 3098 1458 et
3142 1404 3349 1457 inutilis

1770 1506 1854 1553 est
1893 1499 2067 1564 labor,
2105 1498 2541 1568 concupiscentia
2580 1498 2844 1559 disteudi,
2892 1495 3126 1550 sollicitu
3166 1494 3350 1549 inibus

1771 1598 1827 1644 et
1864 1589 2254 1652 anxietatibus,
2304 1591 2498 1642 timore
2545 1597 2600 1641 et
2649 1588 2857 1653 dolore,
2904 1602 3007 1659 pro
3051 1588 3356 1657 concupitfs

1772 1680 2110 1737 incessanter
2149 1678 2357 1749 aﬁligi?
2404 1680 2557 1747 Quod
2599 1696 2731 1734 vero
2777 1696 2916 1735 OllllS
2979 1688 3062 1735 est
3110 1678 3353 1751 gravius,

137 1782 238 1852 quis
262 1777 577 1834 sufﬁcienter
605 1770 880 1841 explicet?
908 1768 1015 1823 Nec
1049 1768 1235 1838 irrigui
1275 1766 1471 1820 desunt
1508 1762 1670 1826 horti,
1705 1773 1749 1832 Β
1775 1785 1937 1840 quam
1964 1771 2107 1841 quod
2146 1779 2382 1826 mentem
2421 1787 2451 1825 a
2497 1772 2711 1826 sublimi
2757 1771 3035 1841 dignitatis
3078 1787 3189 1825 sua,
3227 1785 3354 1825 προ

135 1874 536 1936 diversarumque
571 1866 826 1919 arborum
869 1860 1139 1916 fertilitas.
1187 1857 1386 1912 Verum
1414 1855 1542 1925 quid
1591 1854 1675 1908 his

137 1965 306 2020 diutius
328 1958 617 2015 immorer?
647 1956 765 2010 Alia
792 1954 989 2023 quippe
1010 1960 1137 2006 sunt
1156 1950 1553 2005 oblectamenta
1569 1945 1674 2001 viri

136 2053 399 2126 prudentis,
440 2048 675 2119 gratiora
723 2056 779 2100 et
822 2045 1036 2099 utiliora
1082 2041 1258 2107 valde,
1301 2039 1425 2110 quia
1471 2038 1670 2091 divina.

138 2146 478 2201 Verumtamen
507 2139 727 2195 arctiori
760 2136 1064 2207 disciplina,
1090 2134 1387 2203 studiisque
1417 2131 1673 2201 spiritua-

138 2238 249 2291 libus
268 2237 467 2289 animus
495 2231 761 2288 inﬁrmior
785 2230 1058 2299 fatigatus,
1084 2226 1279 2297 saepius
1301 2226 1385 2280 bis
1406 2224 1678 2279 relevatur

139 2344 189 2382 ac
217 2328 442 2396 respirat.
473 2327 646 2379 Arcus
680 2323 824 2378 enim
851 2323 895 2376 si
926 2320 1141 2374 assidue
1161 2319 1231 2374 sit
1253 2327 1458 2378 tensus,
1487 2316 1678 2371 remis-

140 2422 227 2474 sior
249 2429 346 2481 est,
376 2428 427 2470 et
452 2417 626 2470 minus
650 2416 715 2468 ad
746 2412 978 2468 ofﬁcium
1013 2422 1190 2481 aptus.
1230 2409 1367 2477 Quid
1394 2423 1520 2463 vero
1544 2407 1674 2460 soli-

141 2512 241 2565 tudo
283 2509 548 2577 ercmique
591 2507 863 2562 silentium
894 2504 1232 2558 amatoribus
1272 2501 1385 2555 suis
1429 2500 1678 2555 utilitatis

136 2601 555 2673 jucunditatisque
620 2596 887 2663 conferat,
954 2604 1154 2650 norunt
1225 2594 1278 2647 hi
1318 2592 1515 2658 solum,
1586 2592 1676 2659 qui

139 2695 315 2763 experti
343 2703 479 2747 sunt.
515 2692 611 2746 ilic
640 2704 874 2755 namque
906 2687 1037 2741 viris
1083 2686 1318 2740 strenuis
1358 2695 1464 2737 tam
1503 2683 1678 2735 redire

141 2790 181 2841 iu
205 2803 254 2841 se
293 2787 433 2849 licet,
468 2799 630 2854 quam
677 2784 837 2844 libet;
877 2788 933 2835 et
965 2780 1213 2833 habitare
1244 2792 1455 2837 secum,
1505 2775 1680 2827 virtu-

142 2888 327 2944 tumque
347 2877 582 2945 germina
614 2878 878 2927 Instanter
905 2869 1176 2935 excolere,
1210 2878 1372 2937 atque
1414 2867 1479 2921 de
1519 2880 1678 2935 para-

143 2969 226 3021 disi
252 2967 469 3021 felicitcr
498 2964 762 3018 fructibus
794 2963 892 3015 uti.
924 2962 1023 3015 llic
1052 2960 1241 3013 oculus
1267 2958 1354 3013 ille
1400 2955 1681 3025 conquiri-

142 3069 229 3126 tur,
249 3055 391 3126 cujus
418 3070 611 3111 sercno
639 3053 837 3108 intuitu
870 3050 1183 3104 vulneratur
1205 3050 1446 3117 Sponsus
1474 3059 1680 3104 amore,

1775 1864 1830 1920 in
1861 1864 2077 1918 inﬁrma
2107 1864 2383 1934 deprimit,
2408 1866 2550 1933 quod
2572 1873 2657 1919 est
2682 1863 2943 1932 injustitia
2966 1864 3142 1920 omnis
3163 1864 3186 1917 ?
3207 1864 3348 1935 Fuge

1773 1968 1924 2025 ergo,
1977 1952 2150 2008 frater
2200 1955 2295 2021 mi,
2352 1953 2475 2025 fuge
2522 1956 2621 2009 has
2672 1954 2951 2008 molestias
3005 1966 3059 2008 et
3106 1955 3354 2010 m'serias

1776 2056 1989 2109 onmes,
2021 2051 2078 2097 et
2105 2043 2339 2098 transfer
2368 2051 2420 2099 te
2443 2059 2471 2097 a
2511 2050 2831 2113 tempestate
2871 2043 3031 2113 hujus
3070 2044 3254 2098 mundi
3298 2046 3353 2098 in

1778 2139 1947 2185 tutam
1993 2141 2047 2185 et
2087 2132 2325 2200 quietam
2366 2142 2553 2202 portus
2609 2134 2916 2188 stationem.
2977 2134 3131 2187 Novit
3191 2133 3355 2187 etiam
3430 2138 3433 2141 '

1776 2221 2064 2290 prudentia
2092 2232 2204 2287 tua,
2226 2222 2352 2292 quid
2381 2224 2537 2277 nobis
2569 2221 2846 2291 Sapientia
2870 2223 3030 2276 dicat.
3062 2242 3079 2273 ι
3104 2222 3212 2275 Nisi
3236 2224 3357 2291 quis

1784 2331 1802 2364 ι
1832 2314 2225 2368 renuntiaverit
2257 2313 2535 2380 omnibus,
2572 2328 2690 2382 qua:
2728 2314 2995 2382 pOSsidet,
3039 2328 3145 2366 non
3185 2320 3359 2380 potest

1786 2420 1803 2452 ί
1836 2418 1987 2459 meus
2037 2418 2158 2460 esse
2198 2405 2515 2474 discipulus.
2549 2424 2568 2458 ι
2628 2406 2782 2471 Quod
2846 2420 3005 2474 quam
3053 2404 3356 2473 pulchrmn,

1779 2508 1940 2563 quam
1968 2496 2040 2549 sit
2084 2495 2234 2560 utile,
2274 2511 2546 2566 quamque
2582 2496 2880 2563 jucundum
2923 2496 2976 2551 in
3015 2496 3197 2551 schola
3245 2497 3362 2565 ejus

1780 2588 1880 2642 sub
1908 2588 2193 2659 disciplina
2233 2589 2465 2660 Spiritus
2492 2592 2552 2645 S.
2592 2606 2829 2656 manere,
2869 2592 3105 2646 divinam
3140 2593 3365 2662 adipirci

1781 2678 2196 2750 philosOphiam,
2253 2697 2374 2751 qua:
2409 2682 2519 2735 sola
2585 2682 2677 2736 dat
2716 2682 3099 2737 beatitudinem
3157 2699 3367 2753 veram,

1782 2773 1904 2839 quis
1949 2788 2056 2826 non
2103 2773 2319 2826 videat?
2371 2774 2711 2844 Quapropter
2753 2789 2931 2844 opera:
2979 2776 3210 2845 pretium
3262 2786 3366 2843 est,

1783 2863 2027 2933 diligenti
2081 2865 2487 2921 examinatione
2524 2867 2864 2935 prudentiam
2914 2877 3058 2921 tuam
3106 2870 3205 2922 ista
3247 2886 3369 2939 per-

1784 2955 2045 3023 pendere;
2075 2956 2216 3024 quod
2248 2957 2292 3011 si
2320 2972 2471 3011 amor
2498 2958 2587 3011 Dei
2625 2969 2675 3012 te
2706 2975 2809 3013 non
2844 2958 3053 3021 invitat,
3093 2970 3366 3016 tantorum

1783 3044 2137 3113 praemiorum
2176 3046 2382 3102 utilitas
2411 3057 2461 3102 te
2490 3065 2593 3101 non
2638 3059 2918 3118 provocat,
2959 3050 3147 3105 Saltem
3185 3069 3371 3107 ncces-

140 3118 227 3219 qno
250 3118 436 3204 mundo
482 3154 537 3202 et
581 3160 719 3217 puro
767 3142 1101 3212 conspicitur
1148 3139 1308 3193 Deus.
1363 3136 1460 3191 Hic
1509 3133 1678 3187 otium
1709 3118 1749 3175 (ἶ
1782 3138 1917 3193 sitas
1946 3148 2000 3192 et
2025 3138 2188 3193 timor
2212 3155 2491 3208 poenarum
2525 3141 2590 3195 ad
2621 3145 2722 3195 hoc
2742 3142 3071 3211 compellere
3094 3144 3272 3197 debet.

141 3242 404 3296 celebratur
424 3238 785 3309 negotiosum,
809 3242 864 3288 et
886 3234 940 3287 in
963 3232 1142 3303 quieta
1167 3239 1425 3300 pausatur
1444 3226 1678 3280 actione.

198 3330 305 3385 685.
342 3328 438 3384 llic
487 3342 584 3398 pro
622 3323 942 3380 certaminis
995 3321 1178 3375 labore
1229 3324 1481 3387 repensat
1536 3314 1681 3368 Dens

142 3420 329 3475 athletis
366 3421 474 3474 suis
511 3416 814 3471 mercedem
867 3422 1129 3482 Optatam.
1176 3425 1364 3480 pacem
1413 3406 1679 3468 videlicet,

140 3530 273 3583 quam
299 3512 524 3566 mundus
573 3510 803 3579 ignorat,
849 3513 903 3559 et
955 3503 1214 3575 gaudium
1261 3500 1312 3553 in
1364 3497 1567 3566 Spiritu
1620 3496 1677 3549 S.

140 3602 243 3656 llaec
282 3613 359 3657 est
407 3601 495 3655 illa
540 3597 743 3652 Rachel
788 3596 1044 3658 formosa,
1087 3593 1311 3661 pulchra
1357 3599 1597 3659 aSpectn,
1650 3602 1679 3639 a

139 3692 277 3748 Jaruh
301 3693 412 3763 plus
438 3692 659 3752 dilecta,
686 3688 810 3741 licet
844 3686 1023 3740 minus
1052 3683 1284 3737 ﬁliorum
1311 3680 1483 3744 ferax,
1518 3694 1679 3748 quam

140 3784 217 3837 Lia
247 3784 532 3845 fecundior,
566 3781 658 3836 sed
696 3780 858 3848 lippa.
886 3776 1177 3830 Pauciores
1210 3774 1353 3827 enim
1391 3781 1515 3825 sunt
1554 3787 1683 3824 con—

141 3877 488 3946 templationis,
509 3889 671 3944 quam
693 3870 924 3924 actionis
943 3866 1458 3921 filii.Verumtamen
1481 3861 1682 3930 Just-ph

140 3985 182 4027 et
223 3974 487 4043 Beniamin
537 3970 658 4042 plus
708 3978 833 4024 sunt
885 3966 1096 4021 caeteris
1144 3964 1404 4017 fratribus
1449 3977 1476 4014 a
1531 3969 1685 4031 patre

141 4064 309 4117 dilecti.
346 4062 469 4117 Haec
506 4075 633 4130 pars
667 4059 757 4111 illa
791 4058 1028 4126 optima,
1073 4070 1235 4125 quam
1280 4052 1445 4106 Maria
1490 4051 1679 4122 elegit,

141 4166 238 4221 qua:
262 4169 358 4207 non
383 4151 678 4206 auferetur.
714 4148 835 4203 Ηωο
859 4146 1157 4202 Sunamitis
1180 4143 1542 4215 pulcherrima
1568 4141 1683 4196 sola

141 4245 183 4297 in
205 4244 435 4298 omnibus
462 4240 656 4294 ﬁnibus
683 4237 845 4292 Israel
869 4245 1110 4309 reperta,
1147 4249 1268 4303 qua:
1293 4231 1456 4286 David
1482 4230 1686 4284 foveret

140 4347 292 4386 senem
323 4341 375 4387 et
415 4330 759 4386 calefaceret.
799 4326 969 4394 Quam
1011 4334 1088 4390 tu,
1130 4324 1299 4377 frater
1340 4321 1682 4386 charissime,

142 4424 316 4476 utinam
362 4423 515 4477 unice
569 4421 848 4491 diligeres.
892 4426 953 4471 ut
989 4417 1107 4486 ejus
1157 4414 1496 4485 amplexibus
1540 4411 1683 4467 fotus
1716 4458 1761 4513 Β

140 4514 294 4568 divino
317 4514 519 4568 caleres
543 4528 730 4567 arnore
753 4513 767 4565 Ξ
795 4509 956 4578 Cujus
979 4510 1022 4564 si
1049 4508 1289 4564 charitas
1311 4507 1477 4561 semel
1502 4506 1684 4559 animo

142 4605 384 4672 insederit,
431 4621 554 4662 mox
595 4604 909 4659 illecebrosa
953 4601 1041 4655 illa
1074 4610 1130 4655 et
1170 4599 1364 4654 blanda
1411 4598 1684 4669 decepti-ix

142 4694 281 4763 gloria
311 4697 489 4751 mundi
522 4697 617 4751 tibi
655 4695 921 4762 sorderet,
948 4692 1314 4761 sollicitusque
1334 4706 1465 4761 opes
1488 4691 1686 4759 (menti

143 4802 250 4843 sane
267 4789 542 4860 onerosas)
574 4789 766 4843 leviter
793 4787 1090 4857 abjiceres;
1127 4801 1226 4841 nec
1253 4803 1359 4841 non
1385 4785 1687 4855 voluptates

144 4879 387 4937 fastidires
416 4896 661 4952 prorsus,
684 4894 839 4950 teque
871 4879 1052 4935 animo
1078 4879 1400 4949 corporique
1443 4879 1686 4933 uocivas.

145 4968 278 5025 Novit
300 4989 529 5044 namque
547 4972 828 5043 prudentia
861 4980 973 5037 tua,
1004 4971 1125 5040 quis
1149 4971 1294 5025 dicat
1322 4989 1333 5024 :
1356 4989 1374 5022 ι
1397 4970 1496 5037 Qui
1517 4970 1688 5040 diltgit

149 5080 164 5111 ι
190 5064 451 5129 mundum,
481 5074 534 5119 et
564 5080 646 5125 ea,
690 5078 808 5133 quae
848 5073 971 5117 sunt
1006 5064 1058 5117 in
1097 5063 1296 5117 nmndo
1327 5081 1344 5113 ι
1378 5062 1522 5132 (quae
1560 5071 1688 5117 sunt

147 5152 412 5221 voluptates
454 5155 632 5209 carnis
655 5195 669 5217 ,
704 5154 1144 5224 concupiscentia
1183 5152 1485 5218 oculorum,
1527 5162 1691 5224 atque

148 5244 337 5297 ambitio
365 5244 565 5311 saeculi)
595 5265 611 5295 ι
642 5261 746 5298 non
774 5253 857 5298 est
890 5245 1131 5298 charitas
1158 5243 1332 5298 Patris
1373 5244 1426 5297 in
1450 5259 1534 5299 eo.
1570 5263 1587 5297 ι
1624 5245 1692 5299 Et

151 5331 255 5387 item
282 5354 293 5389 :
326 5356 342 5386 ι
370 5337 470 5403 Qui
496 5345 576 5390 est
609 5338 816 5391 amicus
848 5336 1031 5390 mundi
1074 5336 1256 5406 hujus,
1300 5335 1551 5390 inimicus
1591 5334 1688 5390 Dei

155 5429 536 5482 «constituitur.
563 5447 580 5479 ι
614 5428 753 5494 Quid
802 5442 930 5497 ergo
979 5438 1086 5481 tam
1129 5428 1392 5496 iniquum,
1444 5426 1571 5495 quid
1613 5426 1691 5479 sic

157 5515 325 5572 iusante
343 5531 391 5571 et
414 5520 760 5588 praecipitatae
792 5520 1004 5580 mentis,
1031 5518 1159 5587 quid
1187 5528 1294 5571 tam
1320 5528 1397 5572 est
1428 5518 1690 5587 pernicio-

158 5623 254 5662 sum
280 5613 462 5679 quidve
495 5611 781 5677 infelicius,
822 5628 982 5681 quam
1013 5623 1204 5667 contra
1233 5627 1378 5676 eum,
1412 5613 1566 5682 cujus
1598 5627 1693 5680 po-

160 5704 305 5759 tentite
349 5707 614 5774 resistere,
652 5719 869 5777 cujusve
905 5705 1159 5761 ultionem
1191 5704 1415 5775 justititc
1454 5702 1689 5774 effugere

1858 3230 1983 3286 687.
2024 3230 2143 3283 Seis
2168 3246 2425 3300 namque,
2454 3246 2561 3301 qua
2593 3233 2884 3301 sponsione
2913 3232 3179 3304 obligatus
3199 3249 3281 3301 es,
3321 3244 3375 3290 et

1781 3337 1945 3390 quam
2014 3323 2360 3392 omnipotens
2410 3334 2493 3379 est
2524 3339 2587 3377 ac
2620 3324 2875 3380 terribilis
2916 3327 3009 3393 sit,
3050 3327 3136 3381 cui
3182 3335 3375 3380 tunct-

1784 3413 1957 3483 ipsum
1976 3430 2171 3470 munus
2186 3424 2396 3487 gratum
2415 3425 2465 3470 ct
2483 3417 2706 3471 omnino
2722 3417 3053 3486 acceptabile
3074 3419 3372 3483 devovisti;

1783 3505 1868 3558 cui
1896 3520 1994 3560 nec
2026 3507 2243 3561 mentiri
2280 3507 2426 3571 licet,
2459 3522 2559 3562 nec
2582 3507 2822 3575 expedit.
2851 3507 2962 3563 Nec
2994 3509 3136 3563 enim
3166 3512 3373 3579 patitur

1783 3596 1953 3652 inulte
2003 3613 2061 3652 se
2098 3599 2335 3653 irrideri.
2378 3599 2767 3653 ReminiSritnr
2792 3603 2988 3670 quippe
3011 3601 3368 3667 dilectiotua,

1785 3693 1951 3759 quod,
1984 3707 2104 3745 cum
2131 3706 2230 3762 ego
2269 3701 2323 3746 et
2353 3704 2407 3746 tu
2450 3703 2502 3746 et
2539 3693 2757 3750 Fulcius
2798 3694 3110 3749 blonoculus
3142 3696 3375 3763 quadam

1784 3786 1873 3840 die
1897 3784 2056 3837 simul
2086 3783 2374 3839 fuissemus
2396 3787 2455 3859 in
2484 3786 2699 3841 hortulo
2725 3803 2753 3840 a
2788 3785 2989 3855 jacenti
3013 3787 3193 3842 domui
3220 3787 3373 3851 Arltc,

1784 3875 1873 3929 ubi
1903 3885 2027 3928 tunc
2043 3874 2707 3948 hospilabat[al.melius.,
2733 3877 3156 3949 hospitabatnr},
3183 3880 3247 3932 de
3269 3878 3373 3932 fal-

1785 3964 1861 4019 sis
1889 3964 2346 4021 oblectationibus
2370 3977 2423 4022 et
2455 3969 2710 4037 perituris
2742 3970 2924 4023 nmndi
2959 3971 3114 4038 hujus
3142 3972 3371 4037 divitiis,

1786 4073 1886 4113 nee
1933 4073 2042 4113 non
2080 4059 2147 4114 de
2183 4060 2439 4129 perennis
2479 4061 2665 4133 gloria:
2701 4064 2912 4132 gaudiis
2944 4062 3278 4131 aliquandiu,
3320 4074 3380 4118 ut

1786 4148 2000 4217 opinor,
2038 4157 2431 4217 tractaremus;
2474 4154 2615 4207 unde
2654 4156 2839 4209 divino
2879 4170 2944 4208 au
2969 4170 3065 4209 ore
3106 4156 3378 4211 ferventes

1785 4240 2135 4308 prounsimus
2177 4256 2243 4296 ac
2300 4244 2542 4297 \ovimus
2590 4245 2813 4312 Spiritui
2867 4246 2949 4310 S.,
2999 4246 3051 4298 in
3125 4247 3377 4313 proximo

1787 4327 2012 4397 fugitiva
2054 4329 2242 4384 saeculi
2284 4331 2612 4401 relinquere,
2649 4343 2704 4387 et
2745 4342 2945 4387 aeterna
2989 4342 3229 4404 captare,
3277 4349 3378 4389 nec

1787 4434 1893 4473 non
1916 4421 2293 4477 monachicum
2319 4423 2563 4477 habitum
2591 4425 2851 4494 recipere.
2878 4426 3030 4490 Quod
3066 4434 3120 4479 et
3152 4426 3203 4478 in
3237 4426 3375 4479 vici-

1790 4528 1863 4568 no
1884 4522 2158 4584 peractum
2180 4526 2346 4582 esset,
2370 4515 2469 4570 nisi
2494 4525 2620 4570 tunc
2641 4516 2861 4571 Fttlcitts
2882 4516 3105 4572 ltomam
3129 4517 3375 4585 abiisset,

1789 4608 1856 4663 ad
1888 4608 2045 4678 cujus
2074 4608 2308 4664 reditum
2338 4611 2643 4682 peragenda
2671 4612 2996 4668 distulimus.
3022 4613 3141 4681 Quo
3165 4631 3373 4670 moram

1790 4700 2024 4757 faciente
2067 4702 2297 4773 aliisque
2361 4703 2852 4760 intervenientibus
2900 4708 3101 4775 causis,
3160 4708 3378 4762 divinus

1789 4807 1943 4848 amor
1966 4793 2227 4864 elanguit,
2260 4795 2507 4868 refriguit
2538 4798 2773 4865 animus,
2806 4797 3098 4871 fervorqne
3132 4801 3376 4858 evanuit.

1790 4882 1929 4950 Quid
1957 4900 2088 4955 ergo
2118 4895 2390 4956 superet.
2434 4887 2778 4953 charissime,
2817 4889 2919 4944 nisi
2957 4904 2986 4944 a
3031 4890 3166 4943 tanti
3208 4890 3375 4944 debiti

1788 4975 2019 5031 nexibus
2050 4985 2101 5031 te
2129 4978 2290 5033 citius
2318 4978 2594 5049 expedire,
2623 4995 2689 5033 ne
2726 4993 2827 5049 pro
2861 4988 2969 5034 tam
3012 4980 3200 5051 grandi
3242 4990 3379 5035 tam-

1790 5084 1895 5138 que
1921 5069 2178 5125 diuturno
2206 5073 2469 5126 mendacii
2499 5074 2726 5127 crimine
2750 5074 2883 5127 iram
2909 5075 3155 5129 iucurras
3176 5072 3380 5127 Poten-

1792 5160 2012 5224 tissimi.
2066 5169 2121 5216 et
2168 5173 2390 5233 pmpter
2434 5165 2539 5219 hoc
2580 5166 2854 5220 cruciatus
2902 5166 3209 5220 immanes?
3244 5165 3378 5231 Quis

1792 5269 2026 5325 namque
2052 5257 2280 5310 inultum
2312 5259 2661 5328 relinqueret,
2691 5274 2749 5315 se
2772 5276 2800 5314 a
2832 5261 3075 5331 quolibet
3103 5260 3203 5315 sibi
3245 5265 3373 5313 sub-

1792 5345 1906 5401 dito
1952 5347 2259 5403 defraudari
2312 5366 2534 5406 munere
2590 5353 2878 5421 promisso,
2943 5352 3176 5406 maxime
3229 5352 3274 5406 si
3326 5353 3377 5406 id

1793 5451 2002 5507 magnae
2030 5436 2167 5494 foret
2196 5440 2298 5495 sibi
2323 5442 2700 5497 mstimationis
2730 5453 2784 5497 et
2812 5445 2970 5512 pretii
2993 5444 3016 5495 ?
3037 5444 3380 5514 Quapropter

1794 5532 1977 5596 crede,
2009 5548 2115 5586 non
2151 5534 2309 5599 mihi,
2347 5537 2440 5589 sed
2471 5539 2769 5604 propheta),
2802 5538 2911 5591 imo
2944 5537 3170 5606 Spiritui
3203 5537 3261 5591 S.
3293 5538 3375 5592 di-

1793 5622 1937 5674 centi
1965 5637 1977 5674 :
2008 5642 2025 5674 ι
2058 5621 2257 5679 Vovete
2279 5636 2330 5678 et
2354 5627 2558 5680 reddite
2577 5626 2806 5680 Domino
2826 5626 2938 5681 Deo
2958 5634 3139 5679 vestro
3161 5642 3375 5695 omnes,

1806 5728 1819 5759 ι
1859 5715 1948 5781 qui
1982 5713 2032 5765 in
2058 5714 2287 5769 circuitu
2312 5713 2427 5784 ejus
2454 5711 2658 5769 aﬂcrtis
2683 5730 2926 5771 munera.
2952 5714 3202 5773 Terribili
3226 5727 3279 5772 et
3304 5722 3376 5781 ei,
