3860 6320
469 309 577 366 425

1280 304 1335 357 S.
1381 303 1724 358 BRUNONIS
1763 290 2407 355 CARTllUSIANORL'M
2433 289 2918 379 IN‘STITUTORIS

3600 299 3690 354 Hi

476 440 495 472 ι
526 420 614 489 qui
644 417 815 473 aufert
839 417 1087 486 Spiritum
1116 416 1440 486 principum,
1470 416 1697 470 terribili
1727 414 1865 483 apud
1891 427 2048 480 reges
2077 414 2123 469 Α
2149 415 2254 473 est,
2306 408 2483 463 sancti
2528 408 2671 463 illius
2722 411 2969 477 priesulis
3015 411 3278 482 Myrcnsis
3328 429 3521 483 corpus
3567 416 3691 489 λιιι-ει

474 532 491 563 ι
521 523 697 566 terrm.
734 530 751 560 ι
784 509 892 563 Cur
918 510 1033 562 llaec
1058 507 1238 562 omnia
1263 508 1497 562 inculcat
1524 507 1759 577 Spiritus
1789 502 1903 566 Dei,
1932 502 2039 555 nisi

465 611 525 658 ut
551 614 601 656 te
630 610 915 655 voventcm
946 604 1234 667 perurgeat
1262 598 1510 660 reddere,
1543 596 1683 666 quod
1722 594 1937 648 vovisti.

543 693 668 748 688.
711 690 852 757 Quid
901 704 1028 743 vero
1077 688 1303 741 reddere
1343 689 1615 757 gravaris,
1658 688 1798 755 quod
1848 684 2061 737 nullam

471 789 737 840 bonorum
771 794 979 836 tuorum
1009 780 1140 836 facit
1167 782 1435 851 jacturam
1469 781 1550 835 vel
1594 780 2045 842 imminutionem,

470 878 726 946 quodque
767 885 856 929 tua
897 881 1099 941 potius,
1140 888 1303 941 quam
1346 872 1511 937 illius,
1552 871 1638 925 cui
1690 869 2046 939 persolveris,

476 968 785 1021 accumulat
818 966 969 1020 lucra
988 964 1011 1017 ’ἰ
1033 963 1298 1030 Quocirca
1327 977 1433 1016 non
1461 970 1510 1015 te
1544 961 1823 1015 detineant
1848 959 2051 1014 divitia:

378 1076 381 1077 '
472 1057 729 1122 fallaces,
786 1057 913 1125 quia
962 1055 1198 1125 inopiam
1259 1054 1530 1123 expellere
1597 1060 2052 1120 nequeuntznec

471 1150 708 1218 dignitas
754 1149 1144 1218 praepositum,
1178 1162 1299 1217 quae
1330 1162 1435 1201 non
1469 1146 1586 1201 sine
1635 1158 1833 1216 magno
1881 1144 2054 1199 admi-

472 1230 712 1294 nistrare
752 1246 982 1307 possunt
1019 1236 1263 1308 periculo
1297 1236 1511 1291 animae.
1560 1234 1747 1290 Aliena
1797 1249 2050 1303 namque,

473 1347 704 1400 quorum
730 1333 977 1387 minister
1017 1331 1093 1385 sis
1123 1339 1176 1385 et
1218 1346 1325 1383 non
1365 1344 1669 1398 possessor,
1713 1328 1765 1382 in
1804 1329 2055 1397 proprios

472 1438 606 1478 usus
628 1431 946 1477 convertere
963 1422 1043 1490 (ut
1064 1436 1197 1491 pace
1222 1430 1308 1474 tua
1334 1420 1531 1489 dicam)
1551 1429 1657 1473 tam
1681 1427 1764 1473 est
1783 1419 2053 1488 odiosum,

476 1528 638 1583 quam
670 1513 932 1582 iniquum.
969 1512 1119 1578 Quod
1146 1512 1189 1565 si
1234 1511 1540 1580 splendoris
1578 1521 1633 1565 et
1665 1510 1849 1580 gloria:
1889 1525 2054 1580 appe-

476 1613 599 1659 tens
621 1604 845 1657 multam
872 1603 1109 1658 volueris
1135 1607 1371 1657 retinere
1398 1601 1680 1665 familiam,
1712 1615 1892 1655 nonne
1932 1616 2055 1657 cum

475 1706 587 1761 tua,
619 1713 737 1766 quas
762 1686 826 1750 ex
849 1697 998 1765 justo
1026 1696 1213 1761 habes,
1244 1710 1349 1749 non
1372 1703 1683 1763 suppetunt,
1711 1709 1930 1749 necesse
1950 1703 2052 1757 est,

2145 502 2388 567 Barium,
2430 502 2642 571 Apulia:
2697 504 2997 569 civitatem,
3064 521 3206 559 anno
3252 506 3412 570 1087,
3448 516 3506 561 ut
3542 510 3693 579 Lupus

2144 592 2463 664 Protospata
2493 595 2546 648 in
2573 594 2843 651 Chronico
2872 597 3073 667 aliique
3098 598 3317 663 docent,
3343 599 3508 655 fuisse
3536 610 3691 659 trans-

2147 684 2344 749 latum;
2386 684 2529 751 quod
2554 699 2677 738 cu.n
2726 685 2973 754 plurimis
3001 686 3070 740 ab
3096 703 3160 741 eo
3187 699 3429 756 tempore
3456 690 3695 750 miraculis

2148 774 2343 829 ibidem
2382 775 2746 841 inclaruisset,
2788 778 3314 847 peregrinationibus
3355 778 3697 849 frequentissi-

2150 866 2276 929 mis,
2302 865 2367 918 ad
2400 866 2450 918 id
2479 866 2696 920 Barium
2726 883 2757 922 e
2786 870 3169 925 remotissimis
3215 872 3382 924 etiam
3424 873 3697 941 regionibus

2153 955 2443 1024 susceptis,
2480 957 2867 1013 ltonorabatnr.

2221 1044 2344 1099 690.
2388 1044 2577 1108 Porro,
2617 1057 2909 1117 antequam
2942 1046 3055 1115 jam
3103 1050 3386 1105 recitatam
3454 1049 3701 1121 epistolam

2152 1135 2220 1190 ad
2260 1135 2608 1207 Radulphum
2648 1137 2890 1194 Viridem
2932 1138 3165 1197 Sanctus
3209 1141 3503 1206 scriberet,
3535 1142 3703 1201 litteris

2147 1224 2263 1294 jam
2291 1228 2359 1283 ab
2390 1242 2455 1281 eo
2487 1228 2664 1284 fuerat
2703 1241 3021 1293 conventus,
3059 1232 3304 1300 aliasque
3342 1231 3411 1286 ad
3455 1234 3702 1302 antiquunm

2155 1314 2328 1381 illum,
2361 1318 2448 1371 cui
2480 1325 2661 1372 tamen
2709 1335 2776 1372 an
2815 1319 3039 1375 redditae
3078 1320 3330 1386 fuissent,
3371 1330 3454 1377 est
3491 1321 3703 1389 dubium,

2155 1408 2390 1461 amicum
2420 1424 2575 1463 suum
2603 1410 2848 1465 miserat.
2889 1410 2995 1466 Fas
3032 1421 3114 1467 est
3137 1413 3253 1466 haec
3278 1413 3462 1467 omnia
3489 1414 3706 1484 colligere

2155 1512 2222 1551 ex
2255 1497 2392 1567 ipsa,
2429 1513 2590 1567 quam
2633 1498 2745 1566 jam
2775 1501 2918 1567 dedi,
2969 1502 3154 1557 Sancti
3194 1504 3368 1559 nostri
3426 1506 3492 1558 ad
3530 1505 3705 1561 Radul-

2156 1587 2322 1654 phum
2351 1587 2601 1657 epistola.
2637 1588 2764 1644 Haec
2788 1592 2931 1646 enim
2964 1592 3119 1647 initio
3144 1593 3222 1648 sic
3252 1595 3416 1650 habet
3445 1614 3458 1647 :
3492 1614 3511 1647 ι
3554 1597 3707 1664 Quan-

2157 1690 2318 1745 quam
2348 1678 2507 1749 longo
2546 1688 2814 1733 terrarum
2847 1689 3027 1736 tractu
3058 1692 3113 1737 et
3144 1683 3443 1753 prolixiore
3481 1689 3708 1757 temporis

476 1795 535 1841 ut
566 1803 783 1857 quoquo
812 1796 969 1855 pacto
1000 1785 1204 1855 eripias
1238 1785 1383 1849 aliis,
1418 1784 1564 1852 quod
1605 1783 1726 1837 aliis
1766 1783 2059 1854 largiaris?
2094 1768 2136 1826 Β
2164 1768 2344 1837 δραιίο
2390 1783 2617 1838 corpora
2654 1771 2722 1824 ab
2774 1771 3006 1826 ίηνίεεῐη
3058 1773 3304 1842 seiuncta
3351 1776 3483 1842 53M.
3528 1778 3710 1834 animus

479 1876 631 1942 Quod
656 1888 764 1931 non
792 1885 897 1941 est,
927 1891 1049 1930 esse
1094 1875 1396 1930 beneficum
1425 1883 1520 1929 aut
1563 1874 1839 1928 liberalem
1866 1890 1881 1928 :
1924 1874 2058 1928 nihil

476 1968 619 2022 enim
653 1976 737 2022 est
771 1966 1012 2030 liberale,
1037 1962 1183 2035 quod
1222 1981 1329 2020 non
1378 1965 1522 2021 idem
1573 1964 1804 2033 justum.
1854 1965 2056 2019 Verum

476 2070 531 2115 et
556 2062 659 2116 hoc
681 2059 957 2114 dilectioni
995 2067 1100 2113 tuae
1138 2073 1457 2128 persuasum
1492 2057 1672 2127 cupio,
1723 2072 1791 2110 ne
1826 2071 1926 2125 pro
1964 2055 2060 2109 do-

479 2153 610 2207 mini
636 2153 1024 2221 archiepiscopi
1054 2150 1477 2216 necessitudine,
1505 2151 1596 2221 qui
1621 2150 1914 2224 ;tlurimum
1933 2164 2062 2203 con.

477 2241 613 2297 siliis
644 2243 751 2297 tuis
772 2242 939 2297 credit
971 2251 1025 2297 et
1054 2242 1268 2306 nititur,
1299 2257 1419 2313 qua:
1448 2256 1554 2297 non
1578 2242 1762 2296 omnia
1796 2239 1945 2309 jusla
1975 2238 2057 2295 vel

479 2330 635 2385 utilia
687 2331 845 2385 facile
884 2331 1103 2395 dantur,
1147 2346 1175 2385 a
1214 2340 1325 2401 tam
1372 2331 1589 2385 sublimi
1629 2329 1869 2386 declines
1902 2345 2061 2399 spon-

476 2419 658 2485 sione;
706 2419 887 2473 divina
924 2420 1191 2474 revocetis
1223 2420 1507 2486 charitate,
1560 2434 1681 2488 quae
1728 2428 1934 2489 quanto
1977 2428 2063 2474 est

476 2509 701 2574 iustior,
744 2518 888 2564 tanto
926 2518 978 2565 et
1033 2510 1235 2566 utilior.
1280 2510 1418 2577 Quid
1472 2518 1651 2564 autem
1702 2518 1812 2563 tam
1849 2509 2063 2577 justum

482 2608 704 2670 tamque
750 2601 901 2665 utile,
947 2601 1143 2671 quidve
1192 2612 1395 2655 natura:
1430 2601 1681 2655 humana:
1711 2600 1793 2655 sic
1835 2600 2063 2655 insitum

477 2700 535 2745 et
565 2706 882 2761 congruum,
912 2707 1071 2761 quam
1106 2692 1327 2761 diligere
1356 2693 1602 2748 bonum?
1631 2692 1697 2746 Et
1742 2692 1873 2761 quid
1915 2691 2064 2746 aliud

479 2791 590 2835 tam
631 2783 851 2845 bonum,
902 2796 1062 2850 quam
1108 2781 1286 2836 Deus?
1324 2781 1437 2835 lino
1486 2781 1615 2851 quid
1658 2780 1805 2835 aliud
1838 2782 2059 2844 bonum,

482 2872 588 2927 nisi
625 2872 771 2928 solus
818 2874 996 2927 Deus?
1047 2871 1199 2927 Unde
1250 2873 1431 2926 anima
1475 2881 1688 2940 sancta,
1737 2872 1897 2943 hujus
1933 2870 2066 2926 boni

472 2966 966 3036 incomparabilem
1014 2967 1283 3031 decorem,
1345 2964 1709 3035 splendorem,
1769 2962 2073 3035 pulchritu-

481 3059 662 3113 dinem
692 3072 756 3113 ex
794 3067 947 3127 parte
988 3057 1248 3125 sentiens,
1288 3057 1487 3111 amoris
1518 3056 1734 3111 ﬂamma
1774 3071 2061 3122 succensa,

2163 1868 2345 1917 tamen
2378 1862 2768 1918 benevolentiae
2794 1874 2897 1919 tuae
2926 1880 2990 1920 ac
3019 1868 3195 1922 amico
3225 1869 3382 1924 avelli
3413 1885 3518 1923 non
3544 1872 3708 1940 poluil.

2162 1950 2313 2016 Quod
2338 1953 2554 2021 quidem
2584 1952 2780 2008 litteris
2806 1955 2912 2010 tuis
2935 1958 3366 2029 suavissimis(in
3390 1959 3581 2029 quibus
3603 1962 3709 2016 mihi

2166 2047 2339 2100 amice
2368 2045 2644 2101 blanditus
2665 2048 2745 2117 es)
2785 2064 2883 2102 nec
2917 2064 3027 2103 non
3069 2050 3371 2117 beneliciis,
3419 2068 3525 2107 non
3567 2053 3710 2107 solum

2162 2140 2319 2206 mihi,
2377 2156 2564 2196 verum
2612 2142 2777 2195 etiam
2831 2141 2983 2197 fratri
3031 2144 3309 2199 Bernardo
3354 2160 3518 2200 causa
3566 2146 3710 2200 nostri

2163 2229 2313 2301 large
2339 2230 2597 2299 impensis
2620 2230 2847 2300 aliisque
2866 2231 3083 2287 indiciis
3105 2233 3378 2289 nonnullis
3401 2234 3536 2289 satis
3559 2219 3713 2289 osten;

2168 2338 2289 2378 sum
2317 2332 2422 2379 est.
2456 2321 2605 2378 Unde
2646 2332 2848 2394 grates,
2895 2339 3005 2380 non
3045 2327 3262 2395 quidem
3302 2327 3516 2381 meritis
3560 2342 3711 2397 pares,

2164 2414 2258 2471 sed
2280 2424 2462 2470 tamen
2499 2430 2561 2470 ex
2595 2431 2729 2486 puro
2762 2414 2912 2472 fonte
2949 2427 3253 2482 manantes,
3287 2418 3605 2489 benignitati
3628 2429 3713 2474 tum

2166 2507 2534 2577 rependimus.
2582 2507 2939 2579 Peregrinum
2986 2512 3274 2579 quemdam
3319 2513 3375 2565 in
3428 2513 3550 2568 aliis
3596 2512 3716 2584 lcga-

2166 2598 2403 2653 tionibus
2429 2601 2559 2654 satis
2588 2600 2801 2655 iidelein
2840 2616 2966 2656 cum
3002 2602 3202 2658 litteris
3244 2604 3311 2657 ad
3347 2613 3398 2659 te
3432 2605 3621 2659 dudum
3650 2606 3714 2659 di-

2169 2688 2427 2753 reximus,
2473 2689 2568 2743 sed
2607 2690 2714 2744 huc
2773 2705 2946 2760 usque
2993 2706 3099 2746 non
3157 2704 3456 2764 comparet.
3520 2695 3717 2765 Dignum

2160 2779 2524 2850 indicavimus
2566 2797 2734 2839 unum
2779 2797 2847 2838 ex
2880 2784 3085 2839 nostris
3122 2785 3377 2840 charitati
3416 2795 3523 2841 tuae
3565 2794 3716 2841 trans-

2167 2870 2405 2936 mittere,
2438 2871 2528 2941 qui
2565 2873 2769 2939 omnia,
2801 2889 2921 2943 quae
2949 2875 3097 2930 circa
3123 2889 3224 2930 nos
3248 2885 3393 2940 sunt,
3417 2878 3541 2947 quia
3566 2878 3719 2931 minus

2158 2963 2237 3017 ad
2271 2962 2385 3016 haec
2414 2962 2627 3016 calamo
2660 2974 2715 3017 ct
2764 2974 3067 3019 atramento
3127 2965 3441 3031 sufficimus,
3483 2967 3720 3035 copiosius

2167 3053 2291 3106 viva
2324 3066 2457 3106 voce
2490 3063 2868 3123 prosequatur.
2908 3053 3268 3110 Notilicamus
3298 3071 3431 3126 ergo
3474 3056 3718 3110 dilectioni

477 3151 609 3205 dicit
636 3167 652 3205 :
702 3167 721 3202 ι
753 3118 934 3205 Sitivit
977 3150 1158 3203 anima
1200 3164 1320 3203 mea
1344 3150 1412 3203 ad
1437 3150 1605 3204 Deum
1629 3147 1834 3203 fontem
1859 3148 2059 3216 vivum,
2090 3118 2136 3181 C
2170 3154 2295 3213 tum,
2329 3158 2437 3204 etc.
2459 3168 2478 3201 ι
2501 3145 2628 3203 Tale
2649 3156 2731 3203 est
2757 3148 3015 3217 epistolae,
3042 3162 3071 3202 a
3095 3146 3298 3203 Sancto
3321 3149 3389 3203 ad
3412 3148 3719 3218 Radulphum

486 3258 505 3291 ι
536 3239 751 3309 quando
777 3240 990 3294 veniam
1030 3249 1083 3293 et
1110 3240 1381 3308 apparebo
1421 3247 1547 3294 ante
1570 3239 1762 3295 faciem
1794 3238 1912 3294 Dei.
1945 3258 1965 3291 ι

551 3331 677 3387 689.
726 3349 743 3382 ‹
771 3330 989 3386 Utinam
1010 3346 1114 3385 non
1139 3332 1444 3401 asperneris
1465 3333 1697 3387 amicum
1719 3339 2061 3396 monentem;

482 3424 688 3477 utinam
732 3438 838 3479 non
863 3424 1023 3477 surda
1065 3438 1196 3477 aure
1235 3426 1425 3478 audias
1462 3424 1628 3479 verba
1659 3423 1896 3493 Spiritus
1943 3421 2061 3488 Dei,

484 3512 694 3565 utinam
721 3511 991 3567 desiderio
1016 3514 1291 3582 longzeque
1318 3513 1713 3583 exspectationi
1737 3527 1871 3567 meae
1901 3512 2064 3566 satis-

483 3604 673 3668 facias,
696 3602 1063 3669 dilectissime,
1103 3621 1168 3659 ne
1200 3606 1402 3659 diutius
1436 3605 1712 3660 crucietur
1745 3619 1842 3675 pro
1869 3612 1920 3658 te
1949 3604 2067 3658 ani-

462 3709 580 3749 ima
623 3707 740 3748 mea
805 3696 951 3749 curis
1008 3696 1571 3768 sollicitudinibusque
1634 3707 1797 3765 atque
1848 3698 2061 3751 timore.

482 3782 617 3837 Nam
644 3784 687 3837 si
718 3785 927 3839 venerit
957 3787 1119 3855 (quod
1149 3788 1290 3842 Deus
1326 3788 1596 3858 avertat!)
1627 3798 1677 3843 te
1694 3788 1864 3858 prius,
1894 3804 2063 3857 quam

490 3877 654 3931 debiti
684 3886 870 3931 votum
898 3878 1148 3945 solveris,
1174 3881 1241 3933 ab
1258 3879 1361 3933 liae
1384 3879 1640 3935 recedere
1663 3880 1798 3943 vita,
1826 3894 1915 3933 me
1938 3896 2065 3935 con-

484 3965 638 4018 tinua
674 3966 894 4021 tristitia
935 3967 1051 4021 sine
1099 3968 1299 4037 aliqua
1324 3966 1437 4036 spei
1504 3967 1878 4022 consolatione
1916 3968 2065 4024 tabe—

482 4065 721 4112 scentem
754 4058 1052 4127 relinques.
1096 4059 1436 4128 Quapropter
1475 4068 1533 4114 et
1576 4070 1631 4115 te
1675 4071 1959 4115 exoratum
2010 4070 2067 4116 et

486 4150 840 4219 imprecatum
860 4152 1038 4221 cupio,
1070 4161 1130 4205 ut
1151 4151 1231 4206 vel
1254 4168 1420 4206 causa
1442 4152 1705 4208 orationis
1726 4153 1796 4208 ad
1818 4163 2066 4209 sanctum

483 4238 789 4307 Nicolaum,
830 4242 954 4298 inde
984 4244 1049 4297 ad
1074 4258 1172 4298 nos
1198 4258 1368 4312 usque
1405 4244 1595 4300 venire
1629 4246 1888 4314 digneris,
1929 4263 2067 4317 qua-

487 4342 645 4387 tenus
681 4334 867 4389 videas
902 4349 1061 4399 eum,
1100 4336 1192 4405 qui
1244 4344 1294 4390 te
1337 4337 1495 4391 unice
1540 4336 1735 4409 diligit.
1772 4350 1825 4395 et
1862 4349 2064 4395 statum

2168 3240 2410 3298 Viridem
2439 3245 2679 3315 scriptae.
2714 3242 2955 3309 initium;
2989 3257 3021 3297 e
3052 3242 3234 3298 verbis
3256 3252 3436 3298 autem
3454 3244 3562 3314 jam
3587 3245 3719 3307 datis,

2168 3333 2366 3402 quibus
2388 3345 2633 3396 constat,
2671 3333 2841 3388 fuisse
2871 3332 3016 3387 illam
3046 3333 3114 3387 ad
3143 3333 3289 3389 hunc
3311 3335 3588 3405 antiquum
3608 3335 3722 3387 Bru-

2169 3422 2329 3476 nonis
2360 3424 2598 3482 amicum
2622 3438 2719 3495 per
2742 3425 2980 3493 aliquem
3011 3439 3040 3478 e
3059 3423 3366 3479 Turritanae
3387 3428 3553 3481 eremi
3577 3426 3723 3481 alunz—

2168 3516 2255 3570 nis
2284 3516 2527 3585 missam,
2557 3517 2905 3573 manifestum
2934 3526 3037 3572 est.
3069 3518 3268 3573 Verum
3293 3520 3418 3589 quis
3453 3520 3627 3585 fuerit,
3651 3520 3720 3572 cui

2168 3608 2222 3664 id
2251 3625 2387 3665 onus
2417 3610 2650 3666 Sanctus
2672 3610 2984 3677 injunxerit,
3005 3620 3265 3679 procerto
3296 3614 3723 3681 nequeoedicere,

2168 3702 2244 3755 uti
2275 3718 2374 3757 nec
2392 3702 2514 3771 quis
2544 3703 2817 3757 exstiterit
2844 3701 2929 3755 ille
2957 3702 3129 3755 frater
3150 3701 3481 3768 Bernardus,
3504 3705 3586 3758 cui
3609 3703 3723 3757 San-

2169 3794 2240 3848 cti
2272 3796 2440 3849 nostri
2469 3812 2634 3851 causa
2665 3794 3002 3850 benefecisse
3041 3795 3358 3864 Badulpbus
3393 3795 3589 3852 Viridis
3630 3813 3728 3850 tue-

2171 3896 2416 3941 moratur
2452 3886 2698 3956 proxime
2740 3887 2847 3941 huc
2897 3886 3174 3940 translatis
3205 3886 3448 3956 epistola:
3489 3890 3555 3941 ad
3609 3889 3727 3941 hunc

2168 3977 2372 4033 verbis.
2396 3978 2665 4046 Antiquos
2687 3977 2927 4046 quidem,
2952 3991 3111 4046 quem
3136 3992 3298 4045 supra
3322 3976 3497 4032 adhuc
3518 3977 3727 4041 laudavi,

2170 4069 2460 4140 Catalogus
2502 4069 2924 4133 monachorum,
2992 4068 3085 4137 qui
3127 4077 3249 4138 post
3303 4067 3490 4123 Sancti
3546 4068 3728 4123 obitum

2168 4162 2434 4232 Lanvino,
2487 4170 2748 4234 tanquam
2788 4162 2981 4233 priori,
3015 4161 3381 4216 obedientiam
3410 4162 3462 4217 in
3509 4160 3730 4215 Turrita-

2174 4268 2244 4307 na
2310 4268 2495 4308 eremo
2541 4254 2843 4322 promisere
2882 4253 3110 4311 fratrem
3164 4254 3483 4324 quemdam,
3536 4252 3729 4309 nom'ee

2171 4347 2524 4410 Bernardum,
2553 4348 2793 4404 exhibet.

484 4436 671 4479 rerum
714 4437 1028 4481 nostrarum
1064 4442 1127 4482 ac
1170 4428 1448 4498 religionis
1492 4430 1763 4495 ordinem.
1808 4448 1908 4487 nec
1958 4449 2056 4488 non

2243 4440 2366 4495 691.
2411 4440 2608 4495 Verum
2644 4442 2788 4495 hunc
2816 4457 2938 4497 cum
2976 4440 3147 4497 fratre
3182 4441 3480 4509 Bernar‘do,
3510 4438 3723 4512 quib“.-

485 4530 606 4582 qua:
632 4516 699 4569 ad
732 4531 1075 4571 communem
1103 4518 1394 4575 utilitatem
1424 4530 1694 4591 spectant,
1726 4536 1907 4577 mutua
1949 4526 2066 4579 \iva

482 4617 614 4660 voce
639 4616 876 4661 tractare
897 4608 1187 4677 possimus.
1218 4611 1285 4665 Et
1307 4612 1516 4668 confido
1560 4614 1614 4669 in
1651 4614 1900 4682 Domino,
1925 4617 2069 4685 quod

460 4698 898 4767 .nonpmnitebit
930 4701 1063 4753 tanti
1098 4701 1310 4758 itineris
1354 4705 1590 4761 subiisse
1629 4706 1891 4762 laborem.
1939 4707 2065 4778 Epi-

460 4789 703 4849 qstolaris
725 4789 1005 4845 brevitatis
1028 4794 1232 4849 excessi
1261 4795 1504 4865 modum,
1528 4799 1654 4868 quia
1683 4799 1810 4853 dum
1834 4811 2063 4867 c0rpore

482 4891 534 4935 te
562 4882 762 4935 habere
790 4898 894 4935 non
922 4899 1165 4952 possum,
1196 4888 1387 4944 saltem
1416 4889 1622 4946 diutius
1647 4893 2065 4946 sermocinando

484 4982 665 5027 tecum
702 4977 986 5042 morabor;
1016 4976 1413 5037 fraternitatem
1439 4992 1585 5038 tuam
1614 4985 1705 5039 diu
1736 4984 2063 5042 incolmnem

464 5081 783 5120 .mcmorem
806 5071 1016 5124 consilii
1039 5074 1210 5127 nostri
1237 5088 1337 5129 nec
1358 5079 1467 5130 voti
1492 5077 1862 5132 immemorem
1887 5080 2069 5147 vigere

481 5160 699 5213 sedulus
720 5172 940 5229 exopto.
976 5163 1154 5218 Vitam
1181 5166 1239 5219 S.
1266 5167 1494 5236 Remigii
1522 5168 1678 5223 nobis
1704 5172 2065 5239 transmittas,

481 5263 598 5313 oro,
633 5252 763 5320 quia
806 5268 1078 5322 nusquam
1121 5255 1175 5308 in
1234 5258 1484 5325 partibus
1528 5261 1733 5316 nostris
1779 5264 2065 5331 reperitur.

484 5338 636 5394 Vale.
672 5362 689 5395 ι
728 5341 878 5398 Hanc
908 5344 1164 5403 aSancto
1198 5349 1502 5418 epistolam,
1532 5366 1653 5407 cum
1691 5354 1743 5408 in
1774 5353 2065 5412 Turritana

482 5431 749 5487 Calabriae
778 5449 963 5489 eremo
1004 5447 1339 5505 versaretur,
1379 5443 1639 5513 scriptam
1690 5445 1879 5511 fuisse,
1920 5448 2067 5518 ipsa-

481 5525 739 5591 metejus
786 5528 952 5581 verba
1012 5544 1161 5583 num.
1209 5530 1313 5587 684
1362 5535 1538 5606 posita
1578 5537 1961 5605 manifestam;
2009 5548 2069 5594 ut

458 5624 688 5681 ,autem,
718 5632 818 5672 cur
848 5620 948 5674 sub
986 5620 1146 5689 hujus
1192 5623 1354 5680 linem
1394 5627 1461 5681 ad
1498 5627 1555 5684 S.
1581 5629 1858 5685 Nicolaum
1882 5632 2064 5687 Brnno

480 5702 825 5774 Radulpbnm
852 5707 1060 5778 invitet,
1095 5712 1357 5771 habeatur
1379 5728 1749 5791 perspectum,
1775 5722 2056 5780 sciendum

2174 4532 2329 4586 nonis
2358 4548 2519 4586 causa
2550 4548 2579 4587 a
2610 4532 2896 4603 Radulpbo
2918 4535 3291 4590 amantissime
3336 4535 3436 4589 luit
3471 4544 3730 4603 exceptus,

2172 4638 2489 4679 asseverare
2526 4626 2774 4680 eumdem
2804 4626 3008 4681 idcirco
3034 4634 3141 4681 non
3186 4628 3383 4696 ausim,
3434 4630 3577 4696 quod
3618 4626 3729 4680 Der-

2171 4713 2377 4767 nardus
2422 4714 2477 4768 in
2529 4715 2677 4769 dicto
2718 4714 2977 4786 Catalogo
3043 4726 3397 4783 memoratus,
3448 4719 3491 4773 si
3542 4733 3628 4772 res
3672 4717 3731 4769 ita

2171 4809 2418 4873 haberet.
2448 4826 2477 4865 e
2506 4807 2796 4864 Turritana
2822 4826 3006 4867 eremo
3033 4812 3098 4866 ad
3123 4811 3464 4883 Radnlpbum
3486 4827 3520 4867 a
3551 4813 3726 4867 Sancto

2171 4903 2371 4956 missus
2398 4902 2564 4958 fuisse
2584 4902 2828 4967 deberet,
2854 4903 3015 4972 idque
3035 4903 3237 4958 factum
3264 4920 3369 4959 non
3394 4903 3561 4959 fuisse
3588 4918 3731 4973 appa-

2171 5000 2309 5057 reat,
2343 5007 2463 5047 eum
2496 4991 2699 5057 Bruno,
2728 4992 2773 5047 si
2808 4992 2862 5051 id
2898 4993 3137 5059 fecisset,
3179 4994 3462 5064 epistolam
3499 5008 3594 5065 per
3625 5006 3728 5046 eum

2171 5084 2237 5139 ad
2289 5081 2634 5152 Raduipbum
2682 5084 3071 5140 verosimiliter
3130 5087 3401 5152 misisset,
3447 5096 3503 5141 et
3549 5094 3727 5146 tamen,

2170 5182 2457 5243 antequam
2490 5175 2555 5228 ad
2588 5176 2731 5230 hunc
2754 5178 3038 5246 epismiam
3067 5176 3173 5233 huc
3205 5176 3318 5245 jam
3365 5178 3726 5244 transcriptam

2169 5266 2344 5334 daret,
2372 5282 2532 5320 unam
2565 5268 2828 5322 duntaxat
2864 5268 2928 5323 ad
2969 5283 3092 5324 eum
3127 5270 3308 5325 adhuc
3355 5270 3538 5335 aliam,
3586 5282 3723 5337 quam

2166 5372 2265 5428 per
2292 5356 2635 5426 peregrinum
2670 5358 2837 5422 misit,
2862 5358 3145 5429 scripsisse
3182 5373 3213 5413 e
3240 5359 3381 5415 datis
3413 5359 3645 5430 epistolae
3670 5355 3724 5408 ad

2166 5450 2507 5521 Radnlphum
2537 5452 2717 5506 verbis
2746 5453 3011 5509 videatur.
3046 5452 3237 5517 Porro,
3264 5453 3343 5508 uti
3372 5454 3493 5525 quis
3522 5454 3725 5507 Bernar.

2166 5544 2265 5597 dus
2296 5544 2403 5603 ille.
2441 5563 2467 5598 a
2522 5546 2803 5615 Railulplio
2850 5545 3119 5600 Brunonis
3163 5562 3327 5601 causa
3368 5544 3725 5616 benignissime

2166 5645 2447 5703 exCepttis,
2474 5637 2764 5701 exstiterit,
2808 5637 2860 5690 in
2886 5638 3117 5691 obscuro
3140 5645 3242 5701 est,
3271 5636 3342 5691 ita
3367 5636 3529 5690 etiam
3551 5646 3718 5689 annos.

2165 5742 2271 5797 quo
2301 5728 2545 5797 epistola,
2573 5744 2731 5798 quam
2764 5744 2862 5800 per
2892 5743 3058 5782 unum
3090 5743 3119 5783 e
3158 5742 3269 5784 suis
3316 5726 3383 5783 ad
3410 5723 3721 5795 Badulplnuu
