3846 6316
115 392 200 449 ωδ
1614 381 1795 441 ACTA
1806 425 1819 439 .

3253 391 3362 450 126

113 512 319 565 Sanctus
344 507 513 572 tttisit,
549 505 751 575 scripta
783 502 876 568 sit,
900 501 1125 558 omnino
1153 515 1238 556 me
1267 499 1419 554 latet.
1470 498 1670 555 Verum
1702 505 1749 562 Α
1781 509 1909 564 tem,
1950 514 1979 553 a
2005 498 2209 555 Joanne
2238 500 2487 557 Cochlmo
2513 501 2731 570 factam,
2758 503 2858 559 fuit
2881 514 3092 561 exacta.
3120 508 3362 564 Tandem

108 604 198 658 etsi
229 602 275 657 id
303 604 372 657 ita
400 602 493 658 sit.
520 613 643 656 eam
674 608 852 653 tamen
892 597 1095 653 idcirco
1123 609 1553 651 commemorare
1582 593 1670 650 hic

108 694 258 758 libuit,
284 694 425 763 quod
450 690 704 763 epistola,
733 703 897 760 quam
937 688 1005 742 ad
1033 687 1240 757 primos
1273 699 1403 742 suos
1437 687 1491 740 in
1535 685 1667 739 Car-

108 783 258 838 tbusia
286 781 578 853 discipulos
608 779 843 834 Sanctus
864 776 1105 847 scripsit,
1142 774 1473 830 recensenda
1505 772 1668 839 foret,

108 883 365 943 rectusque
390 871 530 928 ordo
557 881 616 926 ut
657 880 767 924 tam
794 871 862 925 de
910 884 1017 923 una
1054 883 1215 938 quam
1265 867 1332 921 tle
1369 867 1539 921 altera
1563 880 1670 921 uno

107 967 375 1033 eodemque
411 965 532 1019 loco
576 970 867 1026 tractetur,
901 960 1124 1031 exigere
1173 958 1442 1012 videatur.
1491 958 1671 1029 Atque

107 1055 209 1110 hinc
235 1056 398 1109 etiam
432 1062 519 1110 est
551 1068 653 1108 cur
703 1050 817 1120 jam
846 1065 1009 1121 supra
1047 1065 1114 1105 eo
1151 1048 1268 1119 ipso
1297 1047 1441 1112 loco,
1466 1063 1574 1117 quo
1604 1047 1673 1103 de

108 1144 221 1199 binis
232 1144 344 1213 jam
366 1146 688 1198 memoratis
708 1142 892 1197 Sancti
915 1140 1162 1211 epistolis
1182 1140 1267 1208 agi
1291 1139 1667 1205 conveniebat,

104 1234 156 1288 de
174 1233 389 1304 reliquis
413 1233 583 1288 etiam
604 1234 878 1295 omnibus,
907 1246 1029 1303 quae
1051 1229 1132 1285 vel
1177 1229 1362 1284 Sancti
1393 1243 1518 1283 vero
1543 1237 1671 1283 sunt

106 1325 173 1378 vel
210 1326 255 1379 ei
298 1324 497 1379 saltem
558 1322 949 1401 attribuuntur,
1013 1318 1481 1376 lucubrationibus
1529 1320 1670 1376 serio

101 1418 321 1472 continua
364 1433 532 1488 agere
574 1416 981 1478 constituerim,
1034 1428 1201 1485 reque
1245 1412 1413 1469 etiam
1443 1428 1569 1469 vera
1603 1412 1665 1485 §§

105 1507 221 1562 binis
245 1507 599 1578 sequentibus
632 1509 733 1563 sint
765 1516 1007 1561 acturus.

102 1599 125 1669 δ
151 1599 286 1655 λιιι.
331 1600 565 1657 Sanctus
600 1599 1022 1654 Commentarios
1055 1598 1110 1652 in
1158 1594 1404 1669 Psalmos
1428 1606 1488 1669 et
1517 1597 1572 1651 in
1602 1594 1665 1651 S.

159 1669 299 1724 Pauli
322 1671 553 1740 apostoli
593 1670 882 1738 Epistolas,
911 1671 1002 1741 qui
1033 1668 1244 1741 nomine
1282 1667 1410 1741 ejus
1442 1667 1667 1741 circum:

156 1736 408 1807 feruntur,
444 1759 498 1794 re
520 1736 678 1794 etiam
709 1758 830 1795 cera
867 1736 1179 1803 adornauit;
1229 1736 1571 1808 quandonam
1611 1736 1667 1790 id

152 1821 195 1865 et
220 1829 318 1881 qua
347 1809 594 1865 ttr'etltodo
618 1812 817 1881 fecerit,
846 1822 892 1863 et
933 1826 1177 1881 quaenam
1216 1818 1471 1878 prwterea
1515 1807 1665 1860 lucu-

156 1880 406 1936 (orationes
428 1894 569 1937 certo
590 1880 637 1936 ei
662 1881 878 1935 debeant
899 1880 1140 1935 attribui.

154 1972 263 2031 692.
286 1974 727 2030 Commentarios
741 1975 898 2049 duos,
917 1974 1147 2030 alterum
1167 1972 1221 2027 in
1243 1971 1507 2037 Psalmos,
1530 1970 1667 2025 alte-

103 2081 198 2121 rum
231 2066 285 2121 in
304 2080 497 2121 omnes
520 2065 581 2120 8.
615 2065 766 2120 Pauli
808 2063 1034 2135 apostoli
1080 2064 1368 2136 Epistolas,
1399 2080 1503 2119 una
1542 2080 1666 2119 cum

106 2157 350 2213 nonnullis
380 2157 671 2228 Opusculis
697 2174 793 2213 seu
836 2156 1185 2212 Tractatihus
1229 2155 1667 2226 Sermonumqne

100 2250 391 2306 collectione
418 2260 505 2306 sat
534 2251 709 2306 amula
730 2249 968 2307 Judocus
990 2250 1285 2306 Ascensius
1324 2265 1356 2306 e
1395 2266 1498 2305 ms.
1524 2250 1665 2320 quod

103 2360 124 2396 a
163 2345 443 2400 Guilielmo
485 2344 767 2410 Bibaucio,
808 2344 1111 2399 Carthusia:
1174 2342 1394 2414 Maioris
1452 2343 1665 2410 Priore,

102 2448 377 2509 acceperat,
400 2437 461 2493 8.
484 2436 777 2503 Brunonis,
802 2437 1292 2493 Cartltusianorum
1315 2437 1665 2502 institutoris,

104 2528 320 2596 nomine,
356 2527 585 2584 Parisiis
613 2543 758 2583 anno
788 2527 928 2582 1524
967 2536 1216 2600 typortun
1249 2528 1514 2584 beneficio
1543 2528 1667 2583 vul-

102 2622 252 2686 gavit;
284 2621 583 2689 eademque
612 2620 807 2674 deinde
836 2618 1011 2689 Opera
1041 2621 1244 2684 omnia,
1272 2620 1476 2675 additis
1498 2622 1665 2675 etiam

103 2713 346 2767 nonnullis
370 2712 516 2779 aliis,
544 2712 922 2783 volnmineque
946 2714 1125 2777 unico,
1159 2728 1269 2783 quo
1299 2713 1369 2767 ab
1404 2713 1668 2768 Ascensio

99 2802 222 2857 edita
252 2802 568 2867 fuerant,'in
596 2811 706 2857 tres
737 2811 912 2859 tomos
946 2803 1212 2869 diversos,
1245 2817 1479 2873 quorutn
1513 2803 1666 2873 prior

98 2895 536 2951 Commentarium
577 2896 631 2951 in
675 2895 940 2963 Psalmos,
987 2895 1262 2951 secundus
1310 2894 1660 2951 Commenta-

101 2986 214 3040 rium
245 2987 299 3041 in
326 2985 389 3043 8.
421 2985 577 3041 Pauli
610 2986 898 3058 Epistolas,
928 3002 994 3042 ac
1023 2987 1218 3043 tertius
1242 2986 1476 3057 denique
1513 2985 1665 3056 Opu-

97 3078 222 3131 scula
253 3077 662 3147 Sermonesque
701 3077 1095 3148 complectitur,
1129 3078 1367 3133 discreto
1426 3077 1665 3135 Colonia:

101 3172 388 3242 Agrippinae
418 3186 565 3227 anno
603 3173 731 3227 tbll
766 3174 1071 3243 iterumque
1100 3189 1247 3228 anno
1271 3172 1410 3228 1640
1451 3173 1661 3227 Bruno-

101 3265 166 3321 nis
193 3268 396 3325 pariter
420 3266 772 3323 Carthusiani
801 3268 1020 3321 nomine
1044 3265 1197 3321 fuere
1226 3280 1438 3322 recusa.
1466 3265 1662 3321 Verum

100 3362 269 3416 suae:
296 3361 365 3416 iis
394 3370 546 3427 sunt,
573 3377 696 3431 quae
727 3361 984 3416 Sanctum
1016 3370 1263 3416 nostrum
1290 3368 1441 3415 certo
1463 3360 1667 3415 habent

103 3461 393 3518 auctorem;
419 3452 528 3507 alia
553 3459 767 3514 centra,
800 3467 921 3521 qua:
962 3467 1030 3506 an
1059 3452 1203 3507 illius
1225 3452 1336 3508 sint
1395 3451 1656 3522 disceptao

102 3548 187 3597 tur.
206 3543 281 3599 Ac
310 3544 380 3599 de
408 3545 686 3615 prioribus
713 3545 931 3615 quidem
976 3556 1228 3617 praesenti
1263 3546 1318 3619 ᾗ,
1367 3560 1497 3616 quo,
1543 3559 1664 3615 qum

100 3631 251 3703 Opera
281 3646 487 3707 praeter
510 3638 646 3693 duas
676 3637 705 3711 ᾗ
744 3640 1069 3709 praecedenti
1109 3639 1368 3695 recitatos
1396 3637 1665 3710 Epistolas

101 3736 262 3782 sancto
304 3728 799 3784 Cartbusianorum
849 3728 1065 3784 Pareuti
1124 3729 1354 3784 debeant
1404 3728 1660 3795 attribui,

102 3816 329 3875 lectorem
369 3820 603 3876 edocere
622 3820 811 3886 statui.
842 3836 1003 3891 agere
1034 3820 1148 3890 jam
1179 3837 1325 3876 nunc
1353 3821 1660 3892 aggredior,

102 3916 308 3966 tractatu
332 3912 400 3967 de
424 3911 824 3982 posterioribus
850 3911 960 3985 in§
1004 3921 1322 3984 sequentem
1364 3913 1581 3984 rcjecto.
1616 3914 1663 3969 Α

100 3998 484 4058 Commentario
503 4002 560 4058 in
586 4003 831 4060 Psalmos
866 4006 1005 4060 duco
1032 4005 1268 4059 initium.

159 4093 272 4150 693.
313 4095 571 4150 Historia:
601 4095 879 4151 litterariae
909 4095 1152 4152 Francia!
1181 4095 1493 4168 Scriptores
1525 4106 1659 4152 tem.

102 4181 177 4248 ll,
214 4200 335 4257 pag.
392 4186 527 4249 245.
552 4202 582 4240 a
628 4187 908 4243 nonnullis
951 4203 1058 4243 non
1112 4187 1273 4244 aliam
1310 4189 1380 4245 ob
1417 4203 1659 4255 causam,

102 4289 238 4345 quam
266 4281 409 4349 quod
447 4279 508 4334 S.
545 4279 854 4337 Brunonem
896 4280 1236 4354 Signiensem
1274 4297 1399 4338 cum
1424 4280 1483 4337 S.
1519 4281 1660 4336 Bru-

103 4384 223 4426 noue
268 4372 766 4430 Carthusranorutn
828 4375 1117 4433 fundatore
1172 4376 1538 4444 confuderint,
1593 4392 1660 4433 ex

104 4459 311 4531 Operam
369 4465 472 4522 abs
532 4466 639 4522 hoc
688 4469 1136 4524 concinnatorum
1195 4467 1453 4539 Catalogo
1501 4469 1664 4524 Com—

1773 591 1828 644 in
1858 588 2251 646 Bibliothecam
2279 591 2503 648 Patrum
2524 592 2628 648 fuit
2651 593 2814 659 illata,
2845 605 3107 667 extatque
3137 599 3189 653 in
3219 599 3363 670 Lug-

1771 683 1999 740 dunensi
2025 683 2185 753 hujus
2199 686 2437 742 editione
2462 696 2596 743 tom.
2624 686 2809 744 XVIII.
2831 688 3080 760 Episcopi
3109 690 3361 763 Signien-

1772 773 1847 827 sis
1906 773 2339 831 Commentarios
2411 776 2531 833 luce
2594 778 2808 847 publica
2884 780 3116 835 donatus
3191 790 3277 837 est
3328 799 3359 836 a

1772 862 2099 930 Marchesio,
2128 864 2476 936 Operumque
2496 865 2613 936 ejus
2632 868 2762 923 tomi
2788 869 2972 939 primi,
3003 869 3057 928 in
3085 884 3194 939 quo
3218 868 3364 924 inter

1772 954 2239 1011 Commentarium
2268 957 2321 1012 in
2366 958 2865 1025 Deuteronomium,
2916 961 3165 1031 interque
3194 959 3359 1016 Com-

1773 1048 2098 1103 mentarium
2128 1049 2182 1103 in
2236 1047 2461 1105 Cantica
2492 1052 2832 1107 canticorum
2872 1053 3111 1125 ponitur,
3146 1062 3358 1122 partem

1770 1137 2071 1195 constituit.

1840 1230 1966 1287 694.
2010 1232 2133 1288 Haec
2159 1232 2295 1299 fere,
2323 1242 2381 1287 ut
2407 1234 2518 1305 jam
2550 1234 2685 1302 dixi,
2712 1244 2976 1305 quantum
3007 1235 3075 1291 ad
3104 1236 3357 1291 substan-

1773 1325 1902 1379 tiant
1932 1325 2041 1393 illi;
2073 1336 2238 1396 atque
2273 1327 2345 1380 ita
2378 1342 2655 1398 quantam,
2696 1336 2807 1382 tum
2840 1326 2898 1382 S.
2937 1327 3179 1383 Brunoni
3219 1327 3357 1383 Her»

1772 1417 2090 1487 bipolitano,
2139 1425 2253 1472 tum
2295 1416 2356 1472 8.
2411 1417 2645 1471 Brunoni
2694 1416 2996 1488 Signiensi,
3044 1417 3137 1487 qui
3193 1417 3358 1472 ambo

1771 1508 2017 1564 Psalmos
2047 1510 2396 1566 commcntati
2433 1519 2577 1577 sunt,
2610 1512 2878 1583 expositio
2916 1511 2969 1565 in
3003 1510 3170 1566 hosce
3199 1510 3356 1564 attri-

1770 1600 1981 1655 buenda
2000 1601 2095 1668 sit,
2119 1600 2376 1657 lectorem
2398 1600 2740 1671 potissimum
2764 1600 3026 1666 edocent;
3059 1608 3354 1670 antequam

1771 1704 1974 1760 autem,
2003 1709 2249 1764 quaenam
2279 1694 2338 1750 S.
2370 1694 2631 1759 Brunoni,
2668 1693 3146 1750 Cartltusianorum
3189 1693 3354 1748 insti-

1771 1786 1957 1852 tutori,
1983 1802 2145 1858 quem
2191 1786 2438 1842 Psalmos
2460 1787 2666 1858 pariter
2698 1787 3017 1856 explanasse
3042 1784 3351 1841 admittunt.

1699 1850 2090 1933 Bascrihenda
2151 1878 2252 1944 sit,
2316 1888 2620 1951 exponant,
2690 1888 3010 1950 argumenta
3086 1892 3352 1948 primum,

1768 1970 1966 2039 quibus
2011 1986 2069 2025 re
2108 1971 2274 2027 etiam
2314 1987 2439 2027 vera
2476 1980 2900 2027 commentatum
2944 1984 3067 2027 esse
3112 1969 3355 2026 Psalmos

1770 2063 2031 2119 Sanctum
2094 2072 2339 2119 nostrum
2390 2065 2623 2135 probare
2683 2064 2957 2126 nituntur,
3004 2063 3059 2118 in
3115 2063 3389 2129 medium,

1768 2156 2067 2211 adducunt.
2100 2156 2304 2212 Eadem
2332 2155 2467 2221 fere,
2501 2171 2609 2228 quo
2636 2157 2687 2212 id
2716 2158 2889 2227 ipsum
2919 2156 3167 2227 probem,
3193 2156 3319 2211 adhi
3342 2186 3355 2197 -

1768 2250 1900 2307 bere
1924 2250 2011 2305 hic
2032 2249 2202 2318 lubet,
2232 2265 2355 2305 cum
2382 2249 2507 2315 alia,
2536 2265 2657 2321 qua:
2674 2250 2936 2305 validiora
2958 2250 3087 2313 sint,
3113 2250 3357 2304 invenire

1770 2339 1913 2394 haud
1943 2340 2233 2410 potuerim.
2284 2339 2480 2396 Paucis
2524 2355 2557 2395 θ
2605 2339 2911 2405 versiculis,
2961 2339 3160 2411 quibus
3215 2340 3358 2393 inter

1769 2429 2025 2486 funebres
2057 2429 2247 2487 Sancti
2275 2430 2487 2486 Titulos
2516 2432 2854 2487 recudendos
2880 2431 2963 2486 tit.
3014 2432 3116 2487 107
3163 2428 3357 2485 Micia-

1767 2523 1946 2578 censis
1969 2537 2137 2594 prope
2162 2522 2516 2579 Aurelianum
2553 2523 2788 2579 abbatis:
2810 2524 3061 2580 monachi
3088 2521 3358 2580 Sanctum

1767 2617 2066 2683 celebrant,
2092 2618 2327 2690 printum
2349 2618 2523 2674 locum
2543 2619 2753 2675 obtinet
2771 2632 3009 2689 sequens
3042 2617 3169 2674 hic:
3200 2635 3220 2669 ι
3250 2619 3359 2672 Βο-

1766 2718 1886 2764 ctus
1912 2710 2215 2781 psalmista,
2247 2710 2582 2767 clarissimus
2621 2720 2785 2782 atque
2814 2711 3074 2783 sophista.
3107 2728 3127 2763 ι
3182 2710 3360 2781 Regn-

1769 2800 1914 2857 lares
1958 2800 2231 2859 Noliensis
2269 2801 2329 2859 S.
2378 2802 2643 2859 Vincentii
2680 2804 2733 2857 in
2766 2802 3014 2859 lnferiori
3050 2801 3357 2857 Pictavensi

1767 2894 2042 2965 provincia
2070 2894 2385 2951 monasterii
2421 2894 2670 2950 canonici
2698 2894 2752 2950 in
2786 2894 2943 2950 titulo
2976 2894 3192 2950 funebri
3230 2894 3353 2956 173,

1764 3003 1875 3060 quo
1904 2988 2107 3044 Sancto
2132 2997 2509 3059 parentarnnt,
2542 2989 2616 3043 ita
2642 2987 2846 3043 habent
2875 3006 2891 3043 :
2929 3007 2949 3040 ι
2982 2988 3169 3044 Bruno
3195 3003 3356 3042 nam.

1764 3097 1871 3152 que
1925 3097 2111 3137 veram
2174 3082 2462 3138 scientiam
2516 3091 2573 3137 et
2638 3081 2982 3153 prudentiam
3047 3072 3355 3135 liberalium

1766 3171 1988 3239 artium,
2020 3185 2121 3227 nec
2149 3187 2254 3228 non
2299 3180 2508 3228 ceteras
2547 3171 2852 3228 cardinales
2885 3172 3113 3227 virtutes
3144 3169 3354 3233 habuit,

1766 3274 1823 3320 et
1851 3266 2111 3331 servavit,
2139 3281 2276 3336 quas
2301 3262 2356 3321 in
2384 3267 2524 3322 bono
2554 3268 2662 3323 fine
2684 3266 3107 3323 consummavit.
3144 3266 3356 3322 Dudum

1765 3358 2036 3430 siquidem
2079 3359 2335 3415 Ecclesia:
2357 3360 2503 3415 sedis
2547 3359 2895 3415 Ilemensium
2928 3375 3173 3417 summus
3205 3359 3357 3417 (lida.

1766 3450 1969 3515 scalas,
2011 3459 2196 3520 utpote
2233 3451 2287 3505 in
2320 3450 2587 3507 Psalterio
2608 3460 2665 3506 ct
2695 3450 2897 3506 ceteris
2933 3450 3179 3507 scientiis
3202 3450 3358 3507 lucu-

1766 3544 2117 3609 lentissimus,
2146 3552 2203 3600 et
2237 3544 2487 3600 columna
2522 3545 2687 3599 totius
2720 3543 3039 3614 metropolis
3069 3544 3157 3598 ditt
3188 3547 3361 3600 exsti-

1767 3640 1881 3695 tit.»
1911 3639 2044 3697 Cum
2070 3655 2199 3712 ergo
2221 3639 2396 3694 altero
2422 3653 2454 3694 e
2479 3638 2621 3694 binis
2648 3640 2799 3694 hisce
2822 3635 3016 3693 Titulis
3040 3638 3359 3695 funebribus

1767 3730 1953 3788 Sancti
1979 3734 2150 3789 nostri
2178 3732 2231 3787 in
2256 3731 2487 3787 Psalmis
2508 3732 2775 3795 doctrina,
2800 3730 2995 3796 altero,
3022 3741 3080 3785 ut
3105 3742 3355 3802 apparet.

1768 3823 1819 3881 in
1851 3824 1935 3881 his
1958 3822 2311 3895 esplanandis
2339 3823 2842 3879 commentandisve
2860 3822 3086 3878 claritas
3114 3822 3359 3879 celebre-

1768 3925 1888 3981 tur,
1936 3917 2001 3971 ad
2030 3914 2438 3986 expositionem
2486 3914 3044 3980 commentarinmve,
3097 3928 3259 3984 quem
3302 3914 3357 3968 in

1764 4007 1931 4063 hosce
1962 4008 2051 4063 ille
2080 4006 2442 4073 concinnarit,
2493 4004 2655 4061 alludi
2697 4006 2941 4072 videtur;
2986 4007 3114 4062 hinc
3148 4016 3353 4069 autem,

1765 4100 1935 4156 fuisse
1962 4115 2089 4155 vere
2115 4116 2145 4153 a
2170 4097 2423 4154 Brunone
2453 4096 2696 4153 Psalmos
2726 4101 3122 4153 commentario
3169 4098 3352 4168 expla-

1766 4202 1944 4260 natos,
1970 4191 2401 4249 concludendum
2447 4206 2568 4246 cum
2602 4205 2764 4260 supra
2818 4189 3051 4246 laudatis
3102 4189 3357 4246 Historiae

1766 4283 2041 4341 litterarire
2064 4283 2310 4340 Franciae
2345 4282 2738 4354 Scriptoribus,
2767 4291 3015 4353 apparet.

1835 4377 1961 4432 695.
1999 4377 2277 4444 Attamen,
2310 4392 2434 4432 cum
2466 4376 2583 4431 fleri
2620 4383 2785 4445 queat
2837 4383 2896 4428 ut
2938 4374 3179 4445 praefatis
3213 4377 3355 4432 binis

1765 4465 1959 4523 Titulis
1987 4467 2323 4532 funebribus,
2354 4483 2460 4522 non
2486 4467 2551 4522 ad
2582 4466 2949 4532 Psaltnorutn,
3000 4483 3161 4538 quem
3213 4467 3353 4524 San-

104 4555 400 4609 mentarium
450 4557 766 4628 quempiam
820 4560 872 4614 in
907 4560 1150 4616 Psalmos
1197 4576 1416 4616 erasum
1470 4558 1657 4626 fUlS:C,
1697 4570 1885 4631 pctus
1934 4562 1987 4617 in
2027 4562 2238 4617 litteras
2293 4562 2530 4626 miserit,
2580 4561 3075 4626 Commentarium,
3141 4563 3238 4617 sed
3282 4562 3355 4617 ad

104 4644 301 4710 prtcfali,
325 4647 398 4701 ita
416 4646 535 4703 fere
555 4658 817 4717 quantum
840 4652 907 4705 ad
922 4652 1279 4707 substantiam
1297 4649 1655 4719 subiungunt:

102 4734 198 4800 Quo
256 4741 545 4798 difﬁcultas
611 4744 803 4800 isthmc
862 4747 1057 4801 melius
1111 4745 1433 4810 elucidetur,
1502 4760 1661 4800 nosse

104 4830 443 4896 refernunius
468 4838 705 4891 nondum
738 4837 933 4910 integri
966 4839 1148 4894 smculi
1187 4838 1389 4909 spatio,
1423 4838 1493 4893 ab
1519 4853 1661 4892 anno

103 4923 283 4979 scilicet
332 4927 475 4984 1040
521 4940 694 4998 usque
718 4930 784 4983 ad
832 4944 1033 4983 annum
1077 4931 1214 4985 “2'5
1260 4939 1369 4984 tres
1416 4927 1661 4983 floruisse

104 5009 383 5085 Brunoues,
434 5019 527 5089 qui
584 5020 816 5076 celebris
874 5036 1067 5075 omnes
1112 5021 1349 5075 nominis
1406 5020 1658 5085 fuerunt,

103 5102 302 5166 Psalmis
326 5113 687 5183 explanandis
712 5116 1209 5171 commentandisve
1229 5130 1420 5170 omnes
1442 5132 1660 5184 operam

107 5196 445 5260 dederimus.
473 5205 657 5259 Bruno
678 5205 904 5269 scilicet,
928 5205 1330 5275 Herhipolensis
1356 5207 1657 5276 episcopus,

106 5301 222 5345 anno
251 5293 378 5349 1043
406 5295 518 5350 vita
549 5295 798 5361 functus;
831 5296 891 5350 S.
922 5296 1129 5362 Bruno,
1160 5296 1228 5351 de
1256 5311 1364 5365 quo
1393 5296 1479 5351 hic
1508 5297 1662 5349 nobis

108 5392 289 5449 sermo;
310 5396 363 5441 et
387 5386 447 5441 S.
474 5386 681 5452 Bruno,
707 5390 994 5459 episcopus
1011 5389 1336 5461 Signiensis,
1361 5404 1504 5442 anno
1529 5389 1662 5442 H25

108 5471 278 5527 evivis
311 5477 578 5532 sublatus.
626 5477 833 5535 Prioris
881 5482 933 5534 in
986 5480 1308 5535 Psalterium
1361 5479 1507 5548 Opus
1556 5494 1661 5534 una

110 5574 213 5619 tum
239 5568 350 5625 aliis
396 5571 514 5641 ejus
556 5571 1024 5631 lucubrationibus
1073 5574 1187 5643 jam
1240 5575 1367 5628 inde
1407 5572 1475 5627 ab
1518 5588 1661 5627 anno

112 5654 232 5713 1494
259 5664 389 5732 typis
417 5664 518 5718 fuit
544 5679 827 5732 excusutn,
857 5674 910 5722 et
940 5667 1009 5723 ab
1032 5667 1117 5723 his
1134 5666 1328 5722 deinde
1353 5664 1659 5735 sejunctnm

112 5743 357 5820 Herbipoli
391 5770 531 5811 anno
554 5756 683 5811 1551
713 5772 777 5812 ac
810 5758 1004 5815 deinde
1050 5759 1247 5815 lterum
1289 5758 1483 5829 Lipsiae
1518 5773 1662 5814 anno

119 5836 270 5896 1533-
297 5860 406 5901 ona:
432 5851 704 5920 posterior
747 5850 916 5905 editio
953 5852 1019 5905 ad
1058 5852 1303 5924 proxime
1339 5853 1662 5909 anteceden-

373 5940 636 6007 Ρηιιοι..
679 5943 861 6006 CLll.

1763 4653 2100 4719 eorutndem,
2120 4667 2305 4722 quam,
2322 4667 2445 4706 cum
2476 4652 2662 4706 Remis
2681 4650 2876 4707 alihive
2902 4652 3114 4707 altioris
3140 4654 3354 4709 ordinis

1763 4745 1975 4802 litteras
2012 4747 2253 4811 doceret,
2306 4747 2427 4801 viva
2470 4762 2607 4802 voce
2653 4745 2865 4815 fecerit,
2912 4746 3352 4817 explanationem

1762 4841 1926 4896 allndi
1986 4857 2092 4896 non
2133 4855 2292 4896 nemo
2338 4840 2477 4895 forte
2511 4841 2828 4906 contendat,
2882 4840 3348 4897 Commentarium

1764 4949 1792 4987 a
1844 4933 2100 4988 Brunone
2146 4949 2198 4986 tn
2239 4931 2483 4987 Psahnos
2523 4933 2690 4987 fuisse
2733 4933 2908 5005 reipsa
2964 4935 3348 5004 compositum,

1764 5026 1887 5081 aliis
1917 5026 2093 5079 adhuc
2118 5024 2450 5095 argumentis
2473 5041 2593 5080 cum
2629 5024 2861 5080 laudatis
2906 5022 3159 5079 Historiae
3207 5024 3350 5079 litte-

1766 5119 1922 5173 rariae
1962 5117 2207 5172 Francia:
2253 5116 2621 5188 Scriptoribus
2664 5119 2812 5173 lubet
2860 5117 3103 5173 firmare.
3135 5117 3349 5173 Sil‘ClllO

1763 5213 1951 5267 eodem
1983 5228 2091 5281 quo
2114 5210 2349 5265 Sanctus
2392 5210 2549 5269 obiit.
2583 5209 2749 5265 fuisse
2776 5210 2846 5264 ab
2881 5211 2985 5265 hoc
3016 5210 3068 5263 in
3105 5207 3349 5262 Psalmos

1763 5302 2235 5357 Commentarium
2264 5310 2601 5363 contextum.
2636 5311 2741 5355 tam
2779 5301 3010 5354 firmiter
3047 5299 3350 5354 habebatur

1764 5408 2104 5462 persuasum,
2135 5400 2193 5444 ut
2235 5391 2512 5455 librarius,
2558 5391 2602 5446 si
2646 5392 2698 5445 in
2746 5388 2921 5443 simile
2958 5387 3160 5449 forsan,
3204 5387 3349 5457 quod

1765 5482 2002 5537 auctoris
2039 5495 2234 5535 nomen
2266 5495 2372 5535 non
2404 5480 2707 5551 praeferret,
2739 5478 3002 5547 scriptum
3042 5474 3347 5536 incidisset.

1766 5580 2050 5641 acceptum
2080 5585 2147 5624 ex
2188 5570 2294 5625 hoc
2338 5571 2669 5641 ecgraplmm
2719 5580 2828 5623 tant
2877 5569 2931 5623 in
2978 5568 3157 5639 capite
3195 5576 3253 5622 et
3281 5568 3348 5621 ad

1765 5662 1971 5718 calcem
2000 5661 2243 5734 epistola:
2296 5662 2661 5726 dedicatoriaa,
2713 5676 2874 5730 quam
2907 5661 2959 5715 in
3011 5660 3127 5731 ipso
3152 5657 3350 5731 Operis

1766 5755 1926 5812 titulo
1978 5755 2037 5811 S.
2106 5755 2394 5819 Brunonis,
2449 5754 2936 5810 Cartlmsianorum
2988 5754 3349 5817 institutoris.

1766 5848 1985 5905 nomine
2009 5846 2313 5916 insigniret.
2341 5845 2682 5915 Ecgraphum
2713 5844 3023 5912 huiusmodi
3052 5845 3350 5904 Mabillouii

2789 5937 2861 5999 14
