3860 6320
527 358 629 414 Ξἳῖ

1317 351 1390 408 5.·-
1415 349 1764 408 Billithle
1804 349 2449 408 CARTIIUSIANORUM
2491 351 2982 409 INSTITUTORIS
3666 363 3741 422 £28

529 469 844 542 tcmporein
863 464 1240 524 Silviniacensi
1265 463 1484 520 Ordinis
1521 465 1891 520 Cluniacensis
1923 479 2110 517 mona-
2138 478 2186 534 Α
2215 467 2491 530 contexti,
2542 465 2777 521 Brunoni
2825 476 3012 521 nostro
3072 463 3274 519 fuerint
3325 465 3572 536 ascripti?
3618 471 3742 540 Sane,

529 564 720 626 sterio,
754 563 984 615 duarum
1027 560 1284 615 horarum
1335 559 1512 628 spatio
1560 574 1590 612 a
1641 557 1853 611 Molinis
1887 556 1939 609 in
1981 557 2114 608 Bur-

526 654 730 724 gnndia
764 653 890 716 sito,
917 651 1336 714 asservabatur;
1369 650 1422 703 in
1459 663 1526 702 eo
1556 648 1724 711 enim,
1770 646 1852 728 uti
1891 645 2116 716 ipsemet

531 747 618 800 hic
647 744 903 814 scriptor,
935 743 1026 812 qui
1063 741 1191 796 illttd
1224 742 1421 796 ibidem
1450 740 1676 802 invenit,
1707 739 1943 806 Opertttn
1975 748 2118 806 post-

528 841 821 892 ltnmorum
848 844 975 890 tom.
1001 834 1062 898 ll,
1085 850 1212 905 pag.
1237 833 1306 887 29
1325 841 1570 894 testatur,
1599 831 1900 900 legebatur,
1929 847 1946 878 ι
1980 829 2116 882 luci-

527 931 602 998 pit
650 927 900 998 Epistola
953 924 1222 980 Brunonis
1268 922 1674 977 Carthusiensts
1722 919 1998 989 praepositi
2048 919 2116 974 ad

529 1020 815 1088 Hngonem
841 1019 1124 1072 Astensem
1150 1015 1481 1084 episc0pum.
1507 1013 1734 1067 Domino
1760 1027 1860 1066 suo
1883 1011 2115 1082 Hngoni,

530 1123 634 1166 κιο.
669 1150 684 1164 .
715 1149 728 1164 .
757 1149 772 1165 .
819 1108 1054 1179 Explicit
1100 1105 1336 1177 Epistola
1387 1104 1657 1160 Brunonis
1715 1103 2118 1159 Carthusiensis

529 1201 829 1272 praepositi,
859 1210 964 1254 etc.
1000 1197 1189 1267 Incipit
1223 1196 1490 1264 expositio
1517 1195 1790 1262 Psaltet'ii,
1835 1205 2060 1265 excepta
2086 1210 2116 1249 a

519 1292 814 1355 'Bvrunone,
865 1289 1621 1359 Carthusiense.pra3posito,
1677 1303 1747 1342 ex
1795 1287 2119 1344 tractatibus

533 1395 845 1442 sanctorum
875 1383 1134 1448 Patrum;
1165 1401 1184 1435 ι
1214 1397 1278 1437 ac
1305 1381 1647 1436 Mabillonius
1667 1380 1906 1451 quidem,
1936 1395 2119 1450 ecgra-

531 1481 697 1549 phum
717 1477 844 1532 illud
863 1476 1145 1548 compositi
1174 1492 1205 1530 a
1227 1475 1284 1530 S.
1308 1475 1582 1540 Brunone,
1601 1476 1854 1546 episcopo
1871 1474 2114 1545 Signina,

531 1572 586 1626 in
614 1571 861 1627 Psalmos
887 1568 1277 1626 Commentarii
1297 1568 1599 1639 exemplar,
1633 1567 1786 1636 cnjns
1811 1567 2021 1622 initium
2049 1567 2118 1620 ab

529 1660 1158 1730 exemplaribusexcnSis
1171 1658 1428 1721 differret,
1451 1674 1570 1714 esse
1583 1657 1916 1714 existimavit
1943 1658 2036 1712 lib.
2051 1657 2119 1711 70

527 1754 819 1808 Annalium
847 1751 1319 1808 Benedictinorum
1339 1766 1486 1805 num.
1507 1751 1606 1815 29;
1627 1765 1830 1813 verum,
1855 1749 2005 1802 ainnt
2027 1747 2118 1802 Ili-

529 1847 710 1901 storia:
725 1847 806 1900 lit.
825 1844 1070 1900 Franciae
1095 1844 1390 1914 scriptores
1405 1843 1524 1898 loco
1540 1844 1726 1907 citato,
1743 1857 1914 1911 neque
1927 1841 2118 1912 Operis

520 1938 671 2007 quod
703 1936 771 1991 ab
795 1937 895 1990 hoc
921 1935 1162 1990 antistite
1189 1934 1562 2002 compositum,
1593 1946 1767 2001 neque
1794 1931 1955 1994 illius,
1977 1929 2119 1999 quod

528 2046 558 2084 a
591 2037 777 2085 sancto
792 2025 1420 2083 CartbusiensisOrdinis
1441 2024 1748 2079 Fundatore
1780 2023 2119 2092 fuitcontex-

529 2131 667 2185 tum,
701 2119 978 2190 exemplar
1011 2127 1113 2174 est.
1153 2117 1358 2182 Prima,
1391 2131 1510 2186 qua:
1542 2116 1594 2169 in
1634 2114 1826 2185 Operis
1862 2121 2117 2168 contextu

528 2210 801 2281 ieguntttr,
850 2209 1012 2264 verba
1059 2206 1375 2270 ostendunt,
1433 2205 1820 2260 concinnatum
1875 2217 1994 2257 esse
2050 2202 2118 2257 ab

527 2304 740 2370 Odone,
796 2302 1015 2359 Astensi
1065 2300 1354 2363 monacho,
1398 2297 1900 2360 Commentarium,
1957 2310 2116 2364 quem

531 2395 868 2454 Marcltesius
926 2393 995 2449 ad
1044 2392 1282 2463 Operam
1322 2390 1594 2446 Brunonis
1635 2389 1869 2458 Signini,
1909 2389 1994 2443 cui
2030 2389 2118 2442 in-

531 2491 768 2561 scriptus
809 2496 918 2552 est,
969 2485 1174 2541 calcem
1218 2484 1416 2554 publici
1453 2483 1594 2550 juris
1644 2481 1792 2537 fecit.
1843 2479 2120 2536 Librarius

532 2587 736 2654 itaque,
767 2581 834 2636 de
859 2593 966 2650 quo
991 2579 1102 2649 jam
1136 2592 1260 2630 mox
1290 2591 1474 2631 sumus
1510 2573 1696 2637 locuti,
1721 2588 1827 2627 non
1857 2571 2028 2626 solum
2062 2571 2118 2626 in

532 2674 795 2739 auctoris,
841 2672 926 2727 cui
979 2669 1243 2738 scriptum
1293 2667 1423 2722 illud
1463 2664 1888 2728 attribttendnm,
1930 2678 2117 2743 verum

531 2768 698 2823 etiam
719 2767 772 2820 in
808 2761 1140 2828 Mue-amatis,
1162 2759 1249 2813 cui
1267 2759 1574 2815 dedicatum
1592 2758 1712 2824 fuit,
1733 2757 1950 2813 nomine
1963 2771 2116 2813 erra-

531 2859 627 2924 vit,
645 2860 747 2916 nisi
771 2860 924 2917 forte.
947 2857 1089 2927 quod
1119 2855 1348 2911 subinde
1367 2855 1530 2910 etiam
1544 2853 1677 2907 alias
1692 2853 1891 2908 factum
1918 2850 2118 2922 reperi-

533 2957 640 3018 tur,
662 2954 870 3010 duobus
884 2952 1138 3016 diversis,
1156 2949 1365 3020 l-lugoni
1385 2961 1596 3018 nempe,
1609 2945 1823 3024 Astensi
1841 2945 2114 3016 episcopo,

528 3045 608 3098 nti
651 3046 704 3100 in
750 3045 850 3101 Ms.
897 3044 1198 3116 exemplari
1246 3041 1463 3111 legitur,
1507 3049 1560 3094 et
1597 3037 1832 3092 Brunoni
1866 3037 2113 3108 Signino,

529 3138 608 3192 uti
649 3138 928 3208 exemplar
971 3153 1231 3194 excnsum
1276 3133 1513 3206 prtefert,
1559 3131 1722 3187 fuerit
1771 3131 2114 3201 inscriptmn.

601 3230 728 3286 696.
769 3231 844 3285 Ita
876 3240 1138 3301 quantum
1179 3230 1246 3284 ad
1291 3225 1648 3283 substantiam
1685 3222 1936 3278 Historiae
1973 3222 2118 3277 litte-

531 3319 692 3375 rati?
741 3319 986 3377 Francim
1035 3319 1342 3386 Scriptores
1387 3313 1614 3368 laudati.
1657 3310 1775 3366 Jatn
1817 3326 1970 3373 vero,
1996 3326 2118 3365 cum

532 3409 740 3462 librarii
770 3409 1000 3480 antiqui,
1032 3408 1074 3463 si
1103 3421 1262 3476 quem
1288 3405 1429 3460 forte
1455 3403 1692 3458 auctoris
1715 3403 1934 3458 nomine
1956 3401 2122 3457 desti-

535 3507 712 3552 tntmn
754 3498 806 3551 in
839 3497 1071 3552 Psalmis
1109 3494 1571 3552 Commentarium
1612 3493 1886 3557 invenere,
1923 3507 2120 3548 nomen

537 3588 588 3642 ei
627 3586 685 3642 S.
715 3587 1008 3652 Brunonis,
1037 3586 1522 3658 Carlhnsianorum
1571 3584 1918 3649 institutoris,
1956 3584 2124 3638 ascri-

535 3681 764 3750 pserint,
784 3681 836 3734 in
853 3696 913 3734 ea
936 3695 1065 3734 sane
1091 3679 1232 3744 illos,
1261 3693 1365 3748 qua
1388 3676 1534 3748 Opus
1550 3676 1854 3747 hnjusmodi
1876 3691 1904 3730 a
1923 3676 2122 3732 Sancto

536 3770 630 3825 illo
685 3769 851 3824 fuisse
901 3769 1332 3834 concinnatum,
1398 3768 1800 3834 existimarunt,
1870 3767 2124 3837 opinione

539 3855 725 3918 fuisse,
757 3855 1110 3909 dubitandum
1154 3871 1259 3909 non
1290 3863 1406 3920 est;
1449 3855 1590 3924 quod
1617 3853 1929 3923 proittde‘re
1956 3853 2121 3908 etiam

537 3961 668 4017 vera
693 3947 860 4002 fuisse
883 3963 912 4001 a
941 3946 1144 4003 Sancto
1171 3946 1395 4011 factum,
1419 3955 1736 4016 argumento
1757 3956 1839 4000 est
1861 3960 2120 4015 perquam

542 4039 743 4095 valido.
783 4041 862 4094 Ad
889 4041 941 4094 id
972 4055 1134 4110 porro
1161 4039 1390 4103 accedit,
1423 4054 1451 4092 a
1474 4039 1826 4108 scriptoribus
1857 4038 1971 4092 fere
1997 4052 2124 4092 om-

541 4132 728 4198 nibus,
750 4132 842 4201 qni
863 4130 1192 4186 celebriores
1232 4131 1284 4183 in
1313 4145 1370 4184 re
1397 4128 1658 4182 litteraria
1683 4136 1958 4191 auctores,
1990 4127 2124 4182 scri-

541 4230 771 4290 ptosque
801 4223 870 4276 ab
901 4221 1050 4276 hisce
1072 4221 1237 4275 libros
1258 4227 1566 4282 recensent,
1593 4219 2052 4274 Commentarium
2071 4219 2122 4272 in

540 4313 809 4380 Psalmos,
857 4315 948 4384 qni
989 4330 1020 4368 a
1060 4312 1117 4368 S.
1168 4312 1441 4376 Brunone,
1474 4311 1691 4367 Ordinis
1724 4311 2125 4366 Carthnsiensis

543 4407 853 4473 l'undatore,
907 4408 1202 4462 adornatus
1247 4406 1338 4468 sit,
1379 4405 1813 4460 commemorari.
1849 4404 1918 4458 At
1973 4417 2120 4484 vero,

2217 573 2339 612 cum
2372 573 2402 611 a
2432 558 2593 612 nullis
2618 571 2845 627 prorsus
2874 557 3234 627 scriptoribus
3265 557 3378 612 sive
3405 559 3745 628 antiquioribus

2219 651 2332 704 sive
2371 650 2767 704 recentioribus
2805 649 2856 702 id
2891 647 3092 703 factum
3137 647 3468 714 inveniatur,
3510 660 3562 704 et
3590 661 3744 722 tamen,

2217 743 2398 814 tttjam
2439 742 2664 806 dictum,
2697 742 2764 795 ab
2804 741 2952 795 hisce
2998 739 3112 794 fere
3145 740 3396 794 omnibus
3429 741 3670 811 quispiam
3710 749 3747 801 in

2219 833 2462 887 Psalmos
2507 831 2944 887 Commentaries
2986 830 3222 886 Brunoni
3253 817 3601 885 Cartlnnsiano
3634 837 3749 888 attri-

2220 925 2435 990 buatur,
2467 921 2690 978 multum
2720 921 2998 976 enimvero
3036 922 3121 976 vel
3151 921 3278 975 hinc
3309 920 3641 974 confirmatur
3663 926 3748 994 0μὶ-

2219 1015 2328 1078 ηἰο,
2365 1029 2486 1084 qnae
2532 1029 2659 1069 vere
2697 1014 2764 1068 ab
2805 1014 2908 1070 hoc
2952 1013 3414 1069 Commentarium
3468 1011 3519 1068 itt
3561 1013 3750 1074 Psalntos

2223 1107 2388 1164 fuisse
2439 1108 2774 1164 elaboratum
2805 1109 3019 1176 astruit,
3057 1123 3230 1178 eaque
3271 1110 3432 1172 adeo,
3469 1117 3639 1178 utpote
3668 1121 3750 1168 tum

2221 1200 2441 1267 ideirco,
2473 1210 2584 1254 tmn
2601 1197 2734 1254 alias
2748 1201 2817 1255 ob
2832 1198 3141 1268 causasjam
3163 1199 3449 1264 adductas,
3477 1199 3620 1269 longe
3633 1217 3749 1258 vero-

2219 1293 2490 1349 simillima
2523 1303 2617 1348 aut
2641 1293 2806 1346 etiam
2834 1307 3058 1362 prorsus
3085 1293 3406 1356 indubitata,
3425 1301 3509 1348 est
3532 1295 3750 1349 standum.

2291 1387 2412 1441 697.
2445 1385 2580 1440 Cum
2611 1401 2774 1455 porro
2799 1399 2888 1440 res
2919 1386 2992 1440 ita
3020 1385 3235 1451 habeat,
3261 1385 3604 1439 dubitandum
3627 1387 3750 1440 etiam

2221 1493 2327 1531 non
2383 1486 2625 1546 apparet,
2681 1477 2811 1546 qttin
2858 1475 3297 1531 Commentarius
3359 1491 3388 1529 a
3441 1476 3498 1530 S.
3553 1476 3753 1532 Brunone

2218 1567 2579 1623 Cartlmsiano
2609 1569 2659 1622 in
2701 1569 2943 1623 Psalmos
2976 1569 3336 1639 conscriptus,
3373 1571 3416 1624 is
3445 1569 3556 1638 ipse
3593 1571 3654 1624 sit
3687 1573 3753 1639 qui

2220 1663 2449 1732 primum
2499 1677 2641 1716 anno
2673 1660 2807 1715 1524
2855 1661 3077 1716 Parisiis
3122 1663 3261 1730 apntl
3301 1660 3561 1715 Jndocnm
3595 1665 3754 1716 Ascen-

2221 1756 2382 1819 simn,
2424 1769 2488 1808 ac
2518 1754 2714 1808 deinde
2744 1769 2886 1807 anno
2920 1753 3077 1818 ltili,
3120 1754 3425 1822 iterumque
3472 1767 3606 1806 anno
3655 1753 3754 1806 lGlt)

2224 1850 2364 1920 typis
2393 1850 2806 1904 Coloniensibus
2833 1851 3048 1919 lrodiit.
3075 1849 3172 1905 llic
3202 1850 3344 1905 enim
3373 1850 3756 1904 Commentarius

2222 1958 2251 1996 a
2307 1941 2732 2010 Commentario,
2785 1943 2877 2012 qui
2936 1942 3174 1997 Brunoni
3232 1941 3628 2012 Herbipolitano
3670 1943 3754 2012 epi-

2222 2049 2388 2102 scopo
2437 2034 2710 2100 tribuitur,
2767 2033 2995 2088 mnltunt
3035 2032 3236 2100 differt,
3297 2048 3396 2088 nec
3432 2042 3612 2087 contra
3658 2051 3709 2088 ac
3736 2050 3756 2087 tt

2222 2125 2514 2192 nonnullis,
2545 2126 2637 2196 qni
2686 2135 2971 2196 propterea
3018 2125 3219 2180 Sancto
3257 2137 3443 2179 nostro
3473 2125 3688 2179 contexti
3719 2125 3759 2178 in

2224 2216 2470 2271 Psalmos
2521 2215 2908 2272 Connuentarii
2959 2216 3218 2271 honorem
3264 2230 3548 2284 perperam
3592 2215 3760 2268 ademe-

2221 2318 2363 2374 rant,
2390 2317 2635 2379 putatum
2663 2325 2726 2364 ex
2759 2324 2946 2364 errore
2993 2308 3282 2377 aliquando
3315 2307 3441 2374 fttit,
3483 2323 3602 2362 cum
3635 2308 3760 2362 Cortu-

2219 2402 2504 2465 mentario,
2553 2402 2646 2471 qui
2687 2400 2976 2466 Brunonis,
3025 2399 3268 2470 episcopi
3327 2398 3560 2469 Signini,
3604 2413 3760 2452 nomen

2220 2493 2462 2564 praefert,
2511 2501 2595 2547 est
2647 2492 2821 2557 idem;
2879 2491 3022 2561 quod
3076 2492 3294 2551 iterum.
3342 2488 3558 2544 fuissea
3605 2488 3764 2542 Sancto

2219 2595 2406 2639 nostro
2462 2585 2514 2637 in
2540 2581 2786 2638 Psalntos
2823 2581 3286 2638 Con‘tmentarinm
3328 2581 3675 2642 ctaboratnm,
3699 2593 3764 2641 ar-

2219 2681 2474 2745 gumento
2524 2683 2634 2738 est;
2687 2681 2747 2726 ut
2795 2672 2999 2740 omnia,
3041 2687 3149 2743 quo
3202 2672 3290 2728 hic
3356 2669 3430 2725 illi
3482 2670 3762 2735 astri-ibatur,

2219 2772 2570 2830 concurrant,
2594 2764 3044 2836 quemadmodum
3069 2764 3317 2820 Historia:
3338 2763 3614 2818 litterariae
3638 2761 3766 2816 Fran-

2219 2856 2316 2911 ciae
2353 2857 2670 2927 scriptores,
2721 2871 2951 2926 quorum
3003 2855 3116 2911 fere
3169 2857 3351 2909 omnia
3406 2855 3766 2910 hactennsdiic

2221 2947 2454 3003 adducta
2512 2957 2661 3014 sunt,
2698 2957 2829 3004 tom.
2877 2946 2966 3014 IX,
3014 2963 3133 3018 pag.
3161 2946 3268 3001 245
3303 2957 3453 3002 recte
3499 2946 3766 3007 observant,

2218 3052 2342 3092 mox
2369 3039 2533 3092 etiam
2559 3038 2775 3095 ibidem.
2801 3039 2928 3108 quid
2955 3038 3020 3093 de
3047 3038 3149 3094 hoc
3176 3037 3234 3092 S.
3259 3036 3550 3103 Brunonis,
3580 3036 3769 3091 Cartha-

2220 3129 2494 3184 sianorum
2543 3130 2885 3193 insritutoris,
2933 3128 3108 3200 Opere
3163 3140 3448 3192 censeant,
3500 3138 3768 3198 sequentem

2223 3219 2336 3276 fere
2356 3231 2689 3291 exponentes
2711 3221 2762 3274 in
2789 3219 3004 3275 modum
3033 3239 3045 3275 :
3083 3220 3402 3290 Quicunque
3440 3219 3491 3274 id
3519 3220 3771 3275 attentione

2224 3312 2303 3368 vel
2335 3311 2591 3368 mediocri
2623 3312 2906 3378 CVOIVGI‘iI,
2932 3312 3144 3369 dillicile
3178 3313 3468 3368 admodum
3502 3327 3618 3366 esse
3663 3310 3770 3362 fate-

2222 3404 2386 3466 bitur,
2404 3405 2646 3460 invenire
2667 3407 2880 3475 generis
2903 3405 3061 3475 hujus
3083 3406 3369 3476 scriptum,
3395 3405 3542 3474 quod
3563 3401 3706 3459 simul
3723 3401 3774 3455 sit

2224 3497 2398 3566 magis
2427 3495 2658 3551 solidum
2692 3505 2748 3550 et
2768 3495 2999 3562 clarum,
3035 3497 3207 3565 magis
3226 3497 3507 3552 concisum
3538 3507 3591 3551 et
3622 3494 3682 3547 ab
3704 3491 3776 3546 ob-

2225 3585 2500 3640 scuritatis
2526 3585 2655 3640 vitio
2671 3585 2928 3646 alienum.
2943 3586 2998 3641 Si
3016 3595 3200 3642 notum
3223 3587 3396 3658 magis
3421 3586 3620 3642 fuisset.
3640 3581 3778 3650 magis

2224 3674 2388 3728 etiam
2437 3673 2629 3730 fuisset
2655 3675 2932 3738 usitatum,
2961 3691 3132 3746 neque
3152 3677 3306 3741 adeo,
3331 3692 3494 3747 quam
3517 3677 3618 3730 huc
3642 3684 3778 3739 usque

2225 3764 2344 3830 fuit,
2398 3765 2700 3837 negleCtum
2736 3785 2749 3821 :
2780 3776 2928 3824 recte
2959 3767 3295 3824 Psalmornm
3339 3766 3696 3839 intelligentia:
3719 3764 3779 3815 in-

2197 3856 2498 3926 .spiranda:
2531 3856 2835 3926 judicatum
2874 3859 3066 3915 fuisset
3104 3859 3470 3930 aptissimum.
3522 3859 3779 3914 Auctorem

2227 3948 2446 4018 praefert
2472 3950 2826 4023 scientiarum
2851 3953 3091 4007 omnium
3114 3969 3359 4024 gnarum,
3391 3953 3596 4024 Deique
3621 3953 3781 4023 Spiritu

2228 4039 2516 4110 repletum,
2541 4042 2755 4110 qualem
2785 4042 2844 4097 S.
2876 4041 3209 4118 Brunonem,
3235 4052 3357 4112 post
3379 4057 3478 4098 eos
3503 4045 3591 4113 qui
3624 4041 3783 4098 melius

2229 4131 2376 4187 illum
2410 4149 2628 4200 novere,
2661 4135 3025 4191 exhibuimus.
3058 4135 3134 4191 Ita
3165 4135 3276 4190 fere
3305 4145 3574 4204 quantum
3599 4137 3662 4190 ad
3681 4135 3780 4189 sub-

2226 4228 2483 4282 stantiam
2521 4228 2626 4294 illi;
2655 4243 2817 4299 quam
2845 4239 3026 4283 autem
3073 4229 3189 4282 haec
3223 4244 3343 4299 quae
3367 4229 3435 4283 de
3459 4229 3606 4284 dicto
3632 4225 3784 4282 Sancti

2227 4316 2400 4386 Opere
2438 4319 2736 4388 generatim
2779 4319 2866 4373 hic
2904 4317 3193 4382 allirmant,
3239 4320 3459 4374 veritati
3497 4326 3784 4379 consonent,

2227 4410 2521 4466 ostendunt
2550 4423 2670 4479 qua:
2700 4409 2914 4476 deinde,
2967 4410 3237 4464 nonnullis
3265 4409 3620 4480 interpositis,
3643 4424 3787 4481 quan:

543 4500 753 4569 ῑηίιιιὶθι
778 4499 1026 4554 form-9535
1050 4515 1154 4570 "Dn
1187 4513 1366 4562 nemo.
1399 4496 1509 4551 5013
1546 4495 1776 4565 plurium
1813 4494 2123 4548 BI'UIIOIIIIITI
2159 4514 2201 4571 ι)
2231 4510 2341 4555 ttnn
2373 4501 2438 4555 ad
2478 4501 2794 4556 methodum
2828 4501 2879 4555 in
2913 4516 2979 4558 eo
3014 4511 3284 4558 serVatam
3326 4497 3502 4573 magis
3530 4499 3787 4573 particula-

543 4592 894 4661 homonymia
920 4591 1120 4647 factum
1152 4593 1276 4645 esse
1306 4597 1486 4660 potest
1512 4597 1572 4641 ut
1606 4585 2040 4642 Commentarios
2074 4587 2127 4640 in

543 4684 808 4750 Psalmos,
832 4699 991 4754 quem
1014 4699 1079 4738 ex
1103 4683 1168 4738 iis
1195 4697 1352 4746 unus,
1381 4696 1410 4735 a
1437 4680 1493 4735 S.
1510 4679 1758 4734 Brunone
1770 4678 2130 4733 Carthusiano

535 4776 814 4839 diversus,
860 4784 1233 4840 contexuerat,
1264 4774 1388 4827 huic
1436 4780 1615 4824 tamen
1675 4784 1772 4838 per
1808 4783 2050 4824 errorem
2100 4784 2128 4822 a

545 4868 785 4924 librariis
829 4867 995 4924 fuerit
1032 4868 1321 4935 ascriptus.
1367 4863 1584 4925 Fateor,
1630 4861 1744 4914 ﬁeri
1794 4861 1845 4915 id
1900 4861 1974 4914 ita
2017 4875 2134 4914 om-

544 4959 676 5013 nino
723 4959 929 5028 potuit;
972 4972 1160 5012 verum
1211 4957 1282 5010 ita
1337 4955 1500 5008 etiam
1543 4954 1719 5020 reipsa
1751 4951 1952 5006 factum
1984 4967 2128 5018 esse,

543 5065 738 5120 parum
768 5051 900 5104 mihi
951 5047 1261 5104 verosimile
1296 5053 1538 5116 apparet.
1590 5044 1744 5110 Quod
1768 5044 1812 5097 si
1863 5047 2029 5107 enim,
2073 5050 2133 5098 ut

545 5143 751 5199 Sancto
782 5153 968 5197 nostro
1023 5142 1290 5211 quispiam
1327 5140 1379 5193 in
1417 5137 2130 5208 Psaimos.Commentarius

543 5235 966 5298 attribueretur,
1009 5231 1121 5286 sola
1162 5229 1397 5300 plurium
1443 5229 1776 5294 Brunonum,
1813 5243 1842 5282 a
1899 5243 2128 5298 quorum

510 5343 514 5346 ’
545 5325 764 5394 aliquod
782 5324 932 5392 Opus
953 5321 1256 5390 hujnsmodi
1285 5319 1443 5373 luerit
1469 5305 1846 5388 cotnposiinm,
1869 5320 2132 5388 homony-

514 5488 516 5490 _
547 5419 658 5471 tnia
707 5419 781 5471 sit
818 5416 1043 5477 factum,
1073 5413 1260 5483 quidni
1295 5415 1456 5468 etiam
1509 5413 1610 5468 hac
1648 5413 1842 5469 accidit
1874 5421 1932 5468 ttt
1967 5412 2130 5468 Com-

519 5523 526 5534 ί
551 5508 832 5571 menlarii,
879 5516 991 5559 tttm
1022 5506 1109 5573 qui
1153 5520 1183 5559 a
1211 5504 1271 5559 S.
1296 5505 1563 5568 Brunone,
1594 5503 1994 5576 llerbipolitano
2019 5503 2130 5572 epi-

551 5613 739 5666 scopo,
772 5598 825 5650 in
855 5597 1032 5650 omnia
1065 5597 1274 5651 Veteris
1299 5605 1352 5650 et
1371 5595 1499 5649 Novi
1522 5596 1852 5651 Testantenti
1883 5595 2126 5660 Cantica,

553 5699 665 5740 tum
695 5687 784 5755 qui
819 5702 847 5739 a
885 5685 943 5739 S.
975 5685 1223 5739 Brunone
1262 5685 1486 5755 Signino
1523 5686 1574 5738 in
1607 5685 1804 5756 Moysis
1831 5685 2046 5749 Libros,
2073 5685 2128 5736 in

552 5776 672 5843 Job,
736 5776 793 5830 in
837 5775 1054 5832 Cantica
1104 5777 1436 5832 canticorum
1475 5783 1529 5828 et
1583 5765 1958 5845 Apocalypsim
2005 5783 2127 5830 sunt

2235 4593 2312 4646 ria
2345 4592 2661 4662 adjnngunt.

2303 4683 2424 4738 698.
2473 4684 2650 4754 Atque
2679 4697 2740 4738 ea
2774 4685 2988 4753 quidem
3026 4699 3090 4739 eo
3119 4684 3507 4754 propemodum
3537 4684 3789 4740 recidunt:

2233 4775 2523 4844 Postquam
2551 4776 2806 4842 Sanctus,
2829 4778 2956 4846 quid
2982 4793 3076 4848 per
3106 4777 3429 4831 Psalterium
3462 4777 3793 4846 intelligatur,

2233 4881 2530 4935 sensusque
2571 4867 2836 4936 diversos,
2868 4869 3155 4922 Iitteralem
3185 4869 3415 4932 scilicet,
3462 4868 3718 4923 moralem
3753 4873 3793 4915 et

2233 4959 2541 5028 mysticum,
2582 4960 2634 5013 in
2689 4957 2917 5013 Psalmis
2953 4959 3380 5030 distiuguendos,
3425 4959 3577 5014 brevi
3621 4956 3794 5012 Prtrl'a-

2236 5046 2382 5102 tione
2405 5049 2679 5117 exposuit,
2721 5050 2786 5102 ad
2828 5057 3006 5103 textus
3032 5049 3425 5119 expositionem
3454 5049 3793 5120 progreditur.

2235 5135 2542 5190 Methodnm
2575 5138 2717 5194 hanc
2747 5139 2817 5192 ita
2859 5148 3060 5204 servat,
3095 5147 3171 5204 ut,
3209 5155 3331 5193 cum
3367 5155 3589 5194 sensum
3622 5140 3800 5192 littera-

2233 5225 2338 5281 lem
2381 5229 2640 5296 assignat,
2693 5244 2908 5299 semper
2957 5245 3080 5284 eum
3109 5229 3176 5284 ad
3207 5245 3427 5283 sensum
3486 5227 3796 5299 spiritualem

2235 5335 2328 5375 seu
2363 5321 2669 5389 mysticum,
2715 5335 2744 5372 a
2777 5319 2981 5390 Spiritu
3037 5329 3224 5374 sancto
3270 5321 3320 5373 in
3357 5321 3593 5374 Psalmis
3635 5317 3801 5388 perci-

2231 5424 2336 5479 pne
2378 5410 2664 5475 intentum,
2711 5403 2934 5464 referat.
2966 5411 3041 5465 lta
3082 5411 3261 5465 Bruno
3307 5411 3494 5466 Jesnm
3544 5412 3799 5466 Christum

2235 5501 2458 5570 ejusque
2488 5500 2752 5565 membra,
2782 5517 2874 5554 seu
2911 5501 3053 5555 hunc
3082 5500 3308 5570 ejusque
3356 5503 3657 5556 Ecclesium
3704 5498 3800 5551 ubi.

2233 5608 2338 5662 que
2376 5592 2487 5646 fere
2528 5601 2810 5647 monstrat.
2847 5579 3078 5647 Et‘vero
3113 5593 3225 5646 sola
3267 5593 3382 5647 Ιηεο
3429 5595 3518 5648 via
3561 5603 3666 5658 est,
3701 5607 3801 5658 quas

2235 5686 2301 5739 ad
2370 5686 2662 5754 perfectam
2722 5683 3059 5737 Psalmorum
3093 5684 3508 5755 intelligentiam
3564 5686 3802 5740 deducat.

2236 5777 2468 5832 Sanctus
2529 5784 2712 5830 noster
2757 5777 3008 5846 antiquos
3056 5775 3282 5844 Patres,
3341 5779 3436 5850 qui
3499 5786 3624 5832 ante
3671 5776 3802 5831 ilium
