3846 6316
485 430 575 487 431

1274 427 1335 484 S.
1378 426 1724 483 BRUNONlS
1764 426 2405 485 CARTliUSlANOBUM
2442 430 2925 489 lNSTlTUTORIS

3650 446 3762 501 ‘32

477 545 666 602 Graece
694 554 748 598 et
796 542 1081 611 Hebraice,
1118 543 1257 613 quod
1307 551 1592 612 utramque
1640 542 1778 595 hanc
1823 540 2059 611 linguam
2090 551 2138 604 Α
2169 556 2354 596 mones
2384 558 2477 597 seu
2514 543 2761 599 hontilias
2799 546 3131 604 dividuntur.
3167 551 3258 620 Ut,
3290 568 3411 623 qua:
3436 553 3488 608 in
3520 556 3764 611 decursu

482 652 609 693 eum
630 634 879 691 calluisse
914 643 1231 706 argumento
1283 643 1384 701 est,
1420 634 1742 703 signiﬁcatio
1768 641 2062 701 competat,

478 728 719 801 exponit.
762 728 886 782 Haec
913 728 1025 784 fere
1063 728 1247 791 etiam,
1282 735 1542 797 quantum
1577 727 1643 780 ad
1676 726 2063 791 substantiam,

479 824 660 881 omnia
692 824 757 878 de
790 822 1042 877 methodo
1087 837 1247 891 quattt
1278 822 1331 875 itt
1364 837 1461 876 suo
1491 821 1544 874 itt
1575 820 1632 873 S.
1672 819 1819 873 Pauli
1848 819 2061 887 Episto-

478 917 561 970 las
617 914 1018 970 Commentario
1069 910 1301 967 Sanctus
1350 921 1533 965 noster
1596 909 1782 971 tenuit,
1816 908 2063 963 llistorize

481 1006 762 1061 litteraria:
836 1003 1080 1058 Francia:
1137 1002 1441 1071 Scriptores
1513 1001 1713 1055 laudati
1770 1010 1899 1055 tom.
1950 1000 2057 1067 IX,

478 1113 596 1166 pag.
628 1096 733 1151 247
777 1094 1140 1165 suppeditant,
1186 1091 1443 1146 addentes
1497 1092 1659 1146 etiam
1716 1090 1968 1145 nonnulla
1996 1090 2061 1145 de

476 1186 659 1241 Sancti
690 1195 949 1256 quantum
998 1183 1063 1237 ad
1091 1183 1179 1238 Dei
1210 1184 1437 1252 gratiam
1458 1192 1511 1237 et
1547 1184 1775 1237 liberum
1826 1182 2060 1237 heminis

473 1279 573 1331 sub
604 1280 704 1332 hac
731 1277 1013 1331 arbitrium
1044 1276 1310 1329 doctrina.

544 1371 666 1424 70:2.
704 1369 897 1423 Verum
938 1384 1058 1422 cunt
1094 1369 1207 1422 hate
1239 1368 1305 1421 ad
1350 1367 1659 1421 methodum
1696 1384 1723 1420 a
1759 1366 1959 1421 Sancto
2003 1366 2057 1420 itt

472 1482 592 1527 suo,
621 1462 685 1517 de
714 1477 821 1531 quo
872 1462 960 1516 hic
996 1460 1151 1515 nobis
1188 1476 1389 1526 sermo,
1430 1459 1605 1529 Opere
1634 1468 1903 1513 servatam
1951 1475 2056 1513 non

473 1563 739 1623 spectent,
788 1553 1129 1624 longiusque,
1183 1568 1345 1622 quam
1383 1567 1481 1621 par
1538 1553 1628 1619 sit,
1692 1552 1759 1605 ah
1810 1552 2059 1606 instituto

472 1660 682 1715 nostro,
736 1647 877 1717 quod
929 1648 1227 1713 duntaxat,
1269 1661 1388 1714 qua:
1433 1645 1637 1700 Sancto
1692 1645 2057 1699 attribuantur

465 1738 668 1808 Opera,
698 1748 752 1792 ct
779 1753 907 1808 quo,
934 1753 1054 1811 quae
1085 1736 1230 1790 illius
1250 1750 1376 1789 vere
1399 1748 1544 1799 sunt,
1576 1744 1840 1804 tempore,
1870 1736 2057 1789 modo-

464 1848 570 1900 que
591 1833 794 1902 scripta
841 1832 969 1895 sint,
1011 1829 1308 1882 examinari
1335 1829 1525 1898 exigit,
1566 1844 1664 1883 nos
1698 1828 2052 1894 abducerent,

466 1924 647 1978 missis
703 1924 789 1987 iis,
848 1922 913 1977 de
960 1920 1291 1976 Parmnetico
1330 1920 1394 1974 ad
1430 1920 1672 1975 coelestia
1720 1921 2049 1991 capessenda

466 2016 892 2086 Epigrammate,
919 2014 1282 2083 praeclaraque
1316 2013 1434 2067 lidei
1460 2014 1819 2077 confessione,
1860 2030 1981 2083 qua:
2020 2030 2051 2069 e

464 2106 681 2177 scriptis
709 2104 907 2161 Sancto
947 2115 1131 2159 nostro
1170 2103 1387 2158 ittduhio
1428 2103 1788 2158 attribuendis
1812 2102 2051 2159 eoatme-

464 2195 723 2250 metanda
770 2196 945 2249 adhuc
1000 2195 1088 2249 hic
1130 2202 1358 2258 restant,
1401 2192 1665 2263 quaepiam
1712 2192 1956 2261 proferre
1997 2195 2051 2250 in

464 2288 701 2339 taedium
725 2300 866 2340 nunc
901 2284 1063 2339 lubet.
1094 2284 1172 2338 Ac
1203 2285 1375 2355 primo
1404 2284 1619 2352 quidem
1662 2282 2050 2341 Partencticum

467 2377 597 2432 illud
628 2377 972 2447 Epigramma
1023 2390 1138 2439 sco,
1190 2377 1335 2429 utab
1364 2375 1483 2429 aliis
1526 2384 1773 2438 vocatur,
1807 2374 2049 2444 Elegiam

465 2474 531 2525 de
561 2470 745 2525 mundi
787 2479 1093 2541 contemptu
1122 2470 1387 2525 Brunonis
1418 2479 1568 2524 certo
1593 2482 1734 2531 esse,
1768 2469 1849 2524 vel
1888 2486 1949 2525 ex
1986 2486 2051 2526 eo

465 2566 635 2634 liquet
698 2564 840 2633 quod
888 2564 1094 2618 auctori
1145 2564 1299 2618 alteri
1359 2576 1531 2631 neque
1581 2577 1611 2615 a
1658 2561 2052 2619 recentioribus

466 2668 640 2723 neque
707 2667 736 2705 a
812 2652 1194 2708 vetustioribus
1247 2651 1599 2721 scriptoribus
1675 2652 2048 2720 attribuatur;

463 2744 649 2813 qttanti
695 2753 873 2798 atttcttt
920 2744 1077 2814 pretii
1128 2746 1182 2799 td
1228 2745 1321 2809 sit,
1363 2744 1557 2813 cuique
1621 2752 1732 2797 tum
1787 2758 1852 2796 ex
1903 2742 2051 2815 Opu-

464 2837 600 2893 sculi
636 2878 649 2902 ,
682 2836 824 2907 quod
862 2835 1129 2908 integrum
1165 2854 1312 2892 nunt.
1340 2837 1408 2891 56
1438 2835 1551 2905 jam
1592 2835 1836 2900 recitavi,
1872 2836 2045 2905 inspc~

461 2933 660 2997 ctione,
678 2937 787 2988 tttttt
813 2947 843 2988 e
878 2932 1073 3000 saepius
1095 2932 1338 3001 repetitis
1361 2932 1599 3001 ejusdem
1620 2930 1672 2983 in
1687 2931 1860 3002 Opera
1881 2932 2049 2998 varia,

458 3044 579 3096 qurc
624 3027 804 3083 omnia
845 3027 932 3081 hic
970 3039 1251 3080 recensere
1303 3039 1481 3094 operte
1518 3028 1750 3097 pretium
1800 3044 1904 3082 non
1947 3037 2050 3090 est,

457 3119 795 3178 illationibus
836 3118 1238 3188 dijudicandttnt
1280 3118 1525 3187 relinquo
1588 3120 1741 3187 Quod
1792 3121 1951 3175 modo
1980 3121 2048 3176 ad

456 3212 801 3280 praeclaram,
830 3226 949 3281 qua}
975 3209 1155 3265 Sancti
1180 3208 1343 3262 ctiam
1370 3217 1523 3264 certo
1549 3220 1655 3272 est,
1686 3210 1807 3264 fidei
1840 3210 2049 3264 confcs-
2080 3249 2121 3306 Ο

457 3320 668 3359 ειοιιοιιι
701 3312 931 3375 spectat,
988 3304 1128 3356 hanc
1158 3298 1253 3354 Vir
1285 3310 1507 3355 sanctus
1558 3315 1681 3354 cunt
1728 3301 1888 3355 morti
1932 3316 2051 3356 sese

456 3396 694 3449 \lClltllm
732 3395 982 3452 sentiret.
1025 3391 1225 3458 emisit,
1256 3392 1414 3461 eique
1446 3392 1792 3456 nominatim,
1828 3408 1948 3461 qua:
1984 3394 2051 3448 ad

467 3486 567 3539 SS.
602 3484 887 3538 Trinitatis
920 3499 983 3537 ac
1011 3482 1178 3537 divini
1233 3480 1388 3536 Verbi
1450 3481 1883 3536 lncarnationem
1932 3499 2051 3554 spe-

456 3586 627 3640 ctant,
664 3576 925 3633 inseruit;
962 3574 1013 3628 itt
1044 3574 1150 3628 ﬁne
1178 3573 1363 3638 etiam,
1404 3574 1807 3629 verositnillime
1839 3584 1918 3641 ut,
1955 3593 2052 3646 pro

459 3684 612 3722 more
640 3667 747 3733 (adi
780 3682 927 3720 num.
952 3664 1040 3735 69)
1065 3675 1193 3719 tunc
1232 3665 1450 3731 usitato,
1490 3675 1823 3736 quantopere
1852 3667 2051 3723 Beren-

456 3758 592 3828 garii
649 3756 896 3811 heresim
925 3756 1285 3810 detestaretur
1328 3754 1658 3822 ostenderet,
1707 3756 2047 3829 adjuugens:

463 3872 479 3899 ε
503 3851 675 3906 Credo
698 3852 859 3904 etiam
882 3850 1255 3912 Sacramenta,
1280 3866 1397 3919 quae
1418 3860 1604 3905 sancta
1627 3852 1868 3907 creditct
1890 3870 2048 3909 vene-

2087 1896 2126 1955 Β

372 3942 375 3945 ⁷
456 3952 609 3995 ratur
640 3941 901 4007 Ecclesia,
930 3948 984 3996 et
1022 3940 1342 3995 nominatim
1383 3955 1576 4012 panem
1606 3952 1661 3997 et
1688 3943 1874 3998 vinum
1927 3960 2048 4014 quae

455 4042 849 4091 consecrantur
880 4033 933 4087 in
981 4031 1160 4099 altari,
1189 4040 1310 4102 post
1345 4033 1810 4089 consecrationem
1860 4049 2046 4091 verum

455 4139 654 4195 corpus
681 4138 800 4179 esse
836 4122 1047 4177 Domini
1081 4123 1253 4177 nostri
1293 4121 1420 4178 Jesu
1453 4122 1675 4191 Christi,
1707 4139 1891 4180 veram
1922 4141 2045 4181 car-

455 4232 578 4271 nem
606 4224 659 4271 et
690 4231 877 4270 verum
912 4212 1267 4285 Sanguinem,
1299 4229 1419 4283 qua:
1451 4224 1505 4267 et
1543 4231 1640 4269 nos
1667 4215 1961 4285 accipimus
1991 4218 2045 4271 iit

453 4305 833 4361 remissionem
908 4313 1259 4374 peccatorum
1325 4314 1636 4358 nostrorutn
1691 4316 1746 4360 et
1818 4307 1872 4360 in
1950 4322 2045 4377 spe

453 4396 641 4453 salutis
690 4407 927 4452 internae.
963 4414 981 4447 ι
1030 4395 1226 4464 Scripti
1287 4395 1443 4466 hujus
1501 4393 1803 4466 fragmenta
1850 4398 2045 4452 dunta-

452 4497 548 4542 xat
598 4486 775 4557 aliqua
827 4488 880 4543 in
926 4487 1263 4557 conscriptas
1304 4504 1332 4539 a
1376 4501 1435 4541 se
1463 4486 1646 4541 Sancti
1702 4485 1847 4542 V.tas
1903 4488 2040 4543 ἱιιιιιο

2168 631 2389 687 dicenda
2415 644 2560 703 sunt,
2592 637 2834 693 studioso
2855 638 3042 696 lectori
3073 641 3276 699 clarius
3306 657 3508 716 queant
3548 663 3766 719 propo-

2166 724 2243 791 ni,
2277 725 2609 797 singularum
2650 728 2862 785 illarum
2918 731 3355 791 lucubrationum
3403 740 3769 807 qualemcun-

2152 832 2271 885 que
2300 819 2568 885 notitiam,
2602 830 2891 901 antequam
2943 840 3013 877 an
3061 824 3320 881 Sanctum
3353 840 3596 884 nostrum
3630 848 3768 887 Ven:

2165 907 2404 963 habeant
2445 921 2722 966 auctorem
2778 914 3071 983 inquiram,
3126 920 3418 988 pratmitto,
3477 923 3768 979 translatis

2167 997 2271 1053 huc
2297 998 2467 1054 titulis
2496 1000 2708 1069 saltem,
2730 1004 2927 1072 quibus
2958 1022 3186 1076 qua‘que
3227 1019 3359 1062 tout.
3391 1009 3453 1064 lll
3490 1010 3765 1079 Opernm,

2166 1091 2384 1144 nomine
2419 1091 2687 1148 Brunonis
2708 1093 2949 1150 Colonia:
2975 1096 3289 1168 Agrippinae
3319 1117 3460 1157 anno
3489 1104 3616 1157 ibit
3658 1103 3771 1158 ite-

2116 1228 2119 1229 .
2166 1196 2395 1249 rumque
2424 1197 2567 1236 anno
2622 1183 2759 1238 1640
2792 1185 3083 1252 editorum,
3114 1189 3251 1243 allici
3293 1200 3440 1244 ntur.
3466 1192 3543 1246 Ac
3576 1193 3768 1262 primo

2163 1270 2379 1339 quidem
2440 1272 2601 1340 tituli,
2652 1275 2849 1344 quibus
2902 1277 3159 1346 opuscula
3214 1281 3512 1350 torumque
3569 1285 3763 1354 capita

2163 1359 2546 1431 insigniuntur,
2594 1377 2887 1433 sequentes
2940 1367 2991 1420 hi
3017 1378 3142 1422 sunt
3178 1387 3190 1422 :
3228 1388 3245 1421 ι
3285 1370 3451 1426 Liher
3480 1375 3543 1427 de
3579 1376 3770 1427 laudi-

2161 1449 2262 1504 bus
2302 1451 2586 1514 Ecclesiat;
2627 1456 2801 1525 capita
2839 1469 2983 1525 octo,
3038 1475 3233 1529 nempe
3281 1477 3296 1516 t
3346 1463 3413 1518 de
3466 1463 3764 1531 l’aradi:0,

2162 1554 2198 1592 tt
2230 1540 2300 1595 De
2330 1558 2454 1597 arca
2502 1542 2635 1612 Noe,
2668 1562 2726 1601 ιιι
2764 1547 2838 1601 De
2879 1550 3225 1607 tabernaculo
3268 1552 3512 1622 findens,
3560 1572 3616 1611 tv
3680 1559 3767 1612 De

2163 1632 2357 1702 templo
2386 1632 2715 1705 Salomonis,
2743 1654 2772 1693 v
2803 1639 2879 1693 De
2912 1642 3159 1711 muliere,
3216 1660 3314 1714 per
3337 1663 3499 1716 quatit
3543 1650 3766 1718 signiti-

2159 1734 2316 1776 cntur
2350 1725 2610 1795 Ecclesia,
2641 1744 2693 1783 γι
2742 1731 2819 1787 De
2874 1734 3097 1790 civitate
3142 1747 3329 1792 sancta
3388 1738 3763 1807 Hierusalem,

2160 1828 2231 1901 vit
2267 1813 2339 1869 De
2368 1815 2626 1889 basilicis,
2670 1837 2789 1891 quae
2831 1824 2900 1879 ab
2942 1827 3211 1898 episcopis
3248 1832 3599 1901 ordinantur,
3654 1850 3764 1890 \‘Ill

2159 1900 2233 1957 De
2286 1908 2615 1978 evangelicis
2673 1912 3016 1973 lectionibus.
3067 1918 3232 1977 Liber
3288 1923 3355 1979 de
3412 1929 3765 1983 ornamentis

2155 1993 2432 2057 Ecclesia).
2494 2005 2780 2061 continens
2828 2010 3004 2078 capita
3052 2013 3369 2083 duodecim,
3402 2030 3418 2069 ι
3455 2016 3528 2070 De
3557 2018 3690 2083 lide,
3720 2034 3759 2074 ιι

2155 2100 2230 2155 De
2257 2118 2371 2172 Spe,
2406 2116 2465 2155 ιιι
2495 2102 2570 2154 De
2596 2100 2883 2170 eharitate,
2946 2118 2996 2156 tv
3052 2102 3126 2158 De
3170 2117 3407 2175 quatuor
3453 2108 3763 2166 virtutibus

2153 2189 2538 2255 cardinalibus,
2574 2204 2605 2239 v
2636 2187 2710 2243 De
2753 2189 3074 2256 humilitate,
3107 2207 3157 2245 vr
3221 2193 3294 2247 De
3343 2194 3759 2264 misericordia,

2152 2293 2227 2332 vn
2262 2278 2334 2331 De
2360 2294 2511 2349 pace,
2538 2294 2628 2332 vui
2666 2278 2737 2332 De
2766 2280 3044 2348 patientia,
3084 2298 3139 2336 ιιι
3201 2283 3275 2337 De
3311 2286 3587 2350 castitate,
3615 2302 3649 2340 Χ
3678 2286 3762 2342 De

2152 2369 2478 2433 obedientia,
2513 2386 2567 2425 ιιι
2605 2370 2680 2427 De
2710 2371 3067 2438 abstinentia,
3131 2390 3208 2429 xu
3265 2376 3319 2431 ltt
3351 2378 3553 2446 quibus
3577 2380 3763 2434 virtu.

2157 2459 2297 2514 tibus
2350 2460 2594 2516 Ecclesia
2627 2473 2873 2517 ornatur.
2912 2464 3077 2519 Liber
3119 2466 3185 2522 de
3254 2470 3412 2523 novis
3453 2472 3764 2527 continens

2154 2552 2330 2621 capita
2360 2554 2570 2617 decem,
2597 2569 2791 2623 nempe
2821 2572 2835 2609 t
2863 2556 2935 2610 De
2981 2573 3121 2611 novo
3158 2562 3380 2625 mundo,
3418 2577 3454 2615 ιι
3486 2562 3562 2617 De
3588 2563 3762 2619 caelis

2157 2644 2329 2710 novis,
2367 2660 2423 2698 ιιι
2456 2643 2529 2699 De
2561 2646 2794 2701 nubibus
2821 2648 2992 2714 novis,
3033 2664 3087 2702 tv
3121 2649 3194 2703 De
3247 2653 3523 2707 ntuntibus
3566 2656 3759 2722 novis,

2155 2751 2185 2788 v
2221 2735 2295 2791 De
2319 2736 2605 2791 arboribus
2641 2739 2817 2806 novis,
2843 2756 2892 2793 γι
2936 2739 3009 2794 De
3026 2743 3349 2798 animalibus
3371 2747 3645 2813 novis,vn
3680 2747 3764 2805 De

2156 2825 2515 2892 potestatibus
2567 2828 2755 2895 novis,
2812 2845 2907 2883 \‘tlt
2964 2831 3040 2887 De
3088 2848 3227 2887 novo
3282 2835 3418 2888 mari
3473 2851 3539 2889 ac
3593 2841 3761 2894 novis

2154 2914 2535 2984 piscatoribus,
2587 2932 2638 2971 ιιι
2692 2920 2769 2974 De
2817 2922 3005 2976 avibus
3033 2923 3219 2992 novis,
3255 2941 3285 2978 ιι
3315 2926 3389 2981 De
3428 2924 3760 2986 ﬂuminibus

2156 3021 2331 3060 "QVIS.
2367 3025 2385 3059 ι

2230 3095 2352 3150 704.
2380 3097 2554 3166 Atque
2602 3100 2657 3155 lti
2690 3102 2904 3170 quidem
2956 3105 3357 3175 opusculorum,
3393 3106 3457 3161 ad
3507 3124 3755 3179 quorum

2156 3186 2317 3239 etiam
2348 3188 2507 3257 primi
2530 3199 2691 3259 caput
2718 3190 2964 3246 ultimum
3000 3210 3181 3249 sermo
3205 3198 3270 3251 de
3299 3198 3547 3253 ecclesia:
3589 3200 3755 3255 dedi-

2156 3277 2371 3333 catione
2402 3278 2677 3349 adjicitur,
2721 3281 2859 3337 tituli
2901 3294 3063 3350 sunt;
3122 3300 3434 3344 sermonum
3487 3307 3623 3347 vero
3653 3312 3754 3351 seu

2157 3366 2522 3434 homiliarum,
2556 3386 2692 3440 quas
2730 3371 2886 3441 liber,
2919 3376 3008 3444 qui
3052 3375 3118 3430 de
3149 3376 3539 3437 festivitatibus
3594 3382 3755 3439 festi-

2155 3460 2384 3515 vitatutn
2440 3462 2797 3529 inscribitur,
2865 3469 3321 3538 comprehendit,
3402 3487 3749 3542 sequentes:

2160 3571 2177 3604 ι
2218 3553 2289 3608 De
2330 3553 2432 3609 SS.
2466 3555 2733 3611 Trinitate
2788 3573 3069 3615 sermones
3113 3571 3243 3616 tres.
3309 3564 3384 3619 De
3440 3564 3754 3623 Nativitatc

2154 3643 2365 3698 Domini
2417 3660 2600 3700 sermo
2649 3663 2806 3703 unus.
2863 3648 2919 3704 lit
2964 3661 3156 3707 octava
3200 3653 3515 3725 Epiphaniae
3561 3674 3754 3715 sermo

2154 3752 2309 3790 unus.
2340 3735 2395 3790 lit
2428 3737 2614 3795 Ratnis
2652 3739 2963 3798 Palmarum
3000 3759 3277 3802 sermones
3317 3748 3441 3803 duo.
3482 3748 3540 3805 In
3571 3753 3750 3808 Coma

2153 3828 2364 3882 Domini
2397 3845 2576 3885 sermo
2626 3848 2785 3888 unus.
2846 3835 2901 3889 lit
2949 3837 3035 3891 die
3086 3838 3415 3897 Parascevcs
3456 3858 3752 3901 sermores

2150 3919 2353 3975 duo.ln
2379 3922 2465 3977 die
2496 3935 2685 3980 sancto
2736 3926 2960 3983 Pascha:
3010 3945 3191 3985 sermo
3228 3949 3384 3988 unus.
3426 3934 3482 3989 Ιιι
3534 3937 3753 3994 Ascen-

2151 4010 2303 4065 sione
2330 4012 2604 4069 Dominica
2652 4032 2936 4075 sermones
2959 4021 3086 4076 duo.
3119 4020 3173 4077 ln
3194 4024 3281 4077 die
3311 4036 3506 4081 sancto
3536 4026 3750 4084 Pente-

2150 4113 2328 4158 costcs
2358 4121 2639 4163 sermones
2673 4110 2800 4166 duo.
2831 4112 3123 4169 Sermones
3180 4117 3422 4187 quinqtte
3463 4120 3529 4175 de
3576 4122 3747 4177 beata

2153 4194 2440 4266 Virgine,t
2490 4200 2565 4257 De
2618 4202 2774 4259 laude
2821 4204 2881 4260 Β.
2933 4206 3117 4263 Mariae
3145 4208 3395 4268 Civitatis
3449 4214 3562 4280 Dei,
3592 4231 3631 4271 ιι
3660 4216 3747 4274 De

2140 4286 2441 4346 Nativitatc
2459 4292 2721 4362 ejusdem,
2747 4312 2805 4351 ιιι
2833 4299 2886 4353 1η
2909 4297 3313 4368 Puriiicatioue,
3346 4321 3400 4361 tv
3422 4304 3479 4360 lit
3509 4308 3745 4364 Annuu-

2150 4379 2390 4447 tiatione,
2443 4398 2473 4437 v
2524 4384 2579 4439 lit
2625 4387 3030 4458 Assumptione.
3097 4390 3391 4449 Sermones
3441 4398 3687 4471 quinque

2147 4471 2265 4526 tDe
2293 4472 2701 4545 Martyribus,tt
2737 4479 2809 4536 De
2854 4482 3073 4540 Christo
3121 4485 3252 4553 vite,
3307 4495 3363 4543 ct
3411 4490 3527 4560 ejus
3547 4491 3741 4557 vinea,

454 4580 630 4634 lerant
683 4578 799 4646 ejus
844 4578 1157 4650 biograplti;
1218 4594 1402 4634 verum
1449 4578 1500 4631 id
1532 4579 1799 4661 integrum
1856 4581 2042 4635 Suria-

2152 4579 2205 4617 ιιι
2248 4564 2321 4621 De
2358 4565 2706 4640 Martyribus,
2765 4589 2814 4626 tv
2844 4573 2918 4629 De
2965 4576 3123 4632 bonis
3164 4587 3217 4632 et
3267 4580 3428 4635 malis
3471 4580 3743 4639 fratribus

453 4686 556 4722 nus
608 4669 660 4722 itt
724 4669 835 4723 suis
894 4669 961 4723 ad
1016 4678 1321 4725 contextam
1394 4684 1425 4721 a
1480 4668 1639 4723 Surio
1703 4668 1888 4725 Sancti
1958 4668 2045 4725 Vi-

455 4770 563 4815 tam
614 4759 1071 4816 Anttotatimtibus
1142 4776 1261 4831 pag.
1324 4759 1431 4814 255
1488 4769 1541 4815 ct
1583 4776 1727 4830 seq.,
1764 4777 1827 4817 ac
1888 4763 2040 4816 dein”-

453 4855 519 4908 de
582 4854 747 4907 etiam
823 4852 1200 4918 Mabillonius,
1262 4862 1456 4924 quarto
1524 4854 1906 4911 Analectorum
1964 4865 2044 4913 to-

452 4959 540 4996 ttto
569 4959 621 5012 p.
652 4942 756 4997 400
786 4952 841 4997 et
883 4958 999 5013 seq.
1040 4943 1238 5013 publici
1283 4942 1423 5010 juris
1468 4943 1621 5000 fecit.
1667 4944 1939 5016 lntegrunt
1988 4947 2041 5003 id

413 5018 551 5089 ~nos
596 5034 823 5103 pariter,
846 5051 967 5090 cum
1016 5036 1081 5090 de
1131 5044 1393 5105 tempore,
1441 5050 1549 5104 quo
1597 5036 1830 5091 Sanctus
1880 5039 2037 5104 obiit,

449 5123 829 5190 tractabimus,
858 5124 1262 5181 Commentario
1284 5125 1408 5180 huic
1446 5125 1776 5190 inseremus;
1814 5126 1878 5181 dc
1901 5125 2039 5194 Ope-

448 5216 601 5272 ribus
649 5231 770 5285 qua:
816 5216 1015 5271 Sancto
1066 5215 1470 5284 attribuuntur,
1527 5231 1627 5272 uec
1688 5226 1866 5274 tamen
1921 5216 2037 5286 cjns

449 5317 601 5363 certo
627 5316 774 5371 sunt,
806 5307 967 5363 modo
997 5306 1286 5378 agendum.

446 5419 477 5495 ς
512 5421 697 5495 XLlll.
721 5422 802 5477 Att
851 5439 1029 5491 opera,
1058 5440 1089 5477 a
1128 5422 1237 5490 iant
1283 5424 1605 5495 memoratis
1634 5422 1874 5483 diversa.
1914 5440 2034 5493 qua:

514 5493 701 5548 Sancti
732 5494 939 5548 nomine
958 5495 1101 5547 edita
1126 5504 1269 5563 sunt,
1302 5509 1416 5547 vere
1442 5510 1560 5547 eum
1586 5494 1815 5548 habeant
1848 5508 2033 5549 aucto-

514 5580 645 5620 rem.

513 5677 638 5733 703.
668 5676 1102 5734 Lucubraliones
1121 5695 1239 5749 qua:
1264 5677 1448 5734 Sancti
1471 5678 1689 5733 nomine
1704 5679 1862 5734 edita:
1881 5686 2027 5746 sunt,

443 5780 496 5823 et
518 5782 693 5824 tamen
716 5788 783 5825 an
818 5788 940 5826 eunt
960 5788 1085 5826 vere
1112 5772 1345 5826 habeant
1371 5782 1645 5825 auctorem
1670 5770 2025 5839 disceptatur,

443 5866 495 5917 iu
523 5862 780 5932 opuscula
840 5880 933 5919 seu
990 5873 1252 5919 tractatus
1305 5862 1685 5934 particulares,
1717 5871 1772 5917 et
1799 5862 1851 5917 in
1906 5876 2023 5917 ser-

2148 4657 2602 4729 cohabitantibus,
2629 4673 2717 4717 aut
2769 4669 3097 4738 martyribus
3133 4670 3292 4725 simul
3331 4675 3563 4740 occisis,
3595 4690 3629 4725 v
3654 4674 3743 4730 De

2146 4747 2414 4806 laudando
2442 4753 2550 4809 Deo
2579 4755 2957 4814 instrumentis
3008 4764 3252 4827 musicis,
3285 4779 3383 4834 per
3419 4782 3538 4836 qua:
3586 4783 3742 4824 mar-
3808 4756 3809 4759 η

2148 4848 2322 4910 tyrum
2379 4850 2654 4901 cruciatus
2706 4857 2761 4903 et
2782 4849 3157 4908 confessorem
3185 4852 3507 4914 atllictioncs
3529 4869 3585 4911 ct
3606 4875 3744 4913 con-

2144 4930 2405 4989 fessiones
2474 4937 2850 5008 designantur.
2889 4960 2907 4994 ι
2961 4941 3316 5002 Sermonibtts
3397 4947 3546 5004 hisce
3633 4966 3737 5006 seu

2138 5021 2399 5092 bontiliis,
2450 5044 2608 5097 quas,
2656 5046 2776 5099 qua:
2798 5030 2914 5100 jam
2972 5050 3133 5105 supra
3165 5040 3481 5104 memoravi,
3539 5041 3735 5098 Sancti

2142 5116 2358 5170 nomine
2406 5118 2551 5173 edita
2596 5136 2761 5190 opera
2816 5124 3273 5195 complectuntur,
3344 5144 3629 5187 sermones
3663 5135 3738 5190 de

2141 5205 2241 5259 SS.
2270 5205 2683 5266 Confessoribus
2719 5214 2995 5281 undecim,
3028 5216 3229 5288 aliique
3258 5227 3367 5273 tres
3395 5219 3730 5277 subduntur.

2139 5309 2214 5362 Ac
2244 5309 2432 5363 horum
2477 5311 2695 5380 quidem
2746 5316 3107 5384 posteriorum
3165 5317 3370 5387 primus
3409 5319 3734 5374 inscriititur
3794 5358 3795 5377 ι

2143 5418 2160 5451 ι
2186 5399 2261 5456 De
2295 5400 2626 5471 Virginibus,
2658 5419 2698 5456 ιι
2736 5404 2810 5457 De
2856 5414 3046 5459 sancto
3083 5404 3344 5462 Michaele
3373 5408 3666 5475 arebastgil
3692 5429 3726 5477 ι,
3792 5438 3793 5467 ι

2136 5508 2194 5547 ιιι
2214 5494 2286 5549 De
2312 5506 2621 5565 contemptu
2645 5496 2985 5564 divitiarum;
3012 5518 3030 5551 ι
3061 5496 3428 5556 alierumverc
3445 5500 3726 5569 undecim,
3790 5516 3791 5555 ι

2134 5586 2224 5656 qtti
2260 5586 2422 5641 hosce
2447 5588 2781 5656 prrecedunt,
2803 5591 3010 5660 primus
3033 5603 3111 5646 est
3138 5612 3154 5642 ι
3186 5593 3260 5647 De
3287 5591 3399 5647 Sz'l:
3419 5604 3471 5649 et
3501 5592 3623 5649 luce
3654 5611 3723 5648 ex
3788 5608 3789 5643 ι

2133 5677 2314 5731 verbis
2334 5675 2570 5743 Domini,
2601 5687 2657 5732 et
2689 5679 2905 5733 civitate
2942 5681 2992 5734 itt
3026 5691 3207 5735 monte
3251 5685 3421 5749 posita
3473 5685 3538 5735 de
3582 5700 3720 5752 apo-

2132 5767 2284 5824 stolis
2323 5778 2378 5822 et
2404 5770 2601 5825 ceteris
2630 5770 2945 5825 doctoribus
2989 5788 3050 5825 ac
3096 5770 3520 5838 confessoribus,
3565 5789 3601 5827 ll
3646 5775 3720 5826 De

2132 5860 2349 5916 lucerna
2379 5862 2554 5930 posita
2607 5878 2770 5931 super
2798 5863 3204 5931 candelabrum,
3257 5866 3377 5936 appl
3403 5878 3522 5921 cata
3559 5865 3716 5921 Salo-
