3846 6316
138 342 231 398 453

1653 336 1854 393 ACTA.

3281 350 3385 405 451

139 454 285 516 inani,
313 450 527 508 Christo
556 461 611 507 et
631 453 792 508 beato
828 453 1141 516 Benedicto,
1167 453 1218 506 in
1243 451 1398 522 cujus
1423 450 1560 507 festo
1599 451 1699 505 ba-
1730 456 1779 512 Α
1812 468 1963 515 mss.,
1996 467 2156 521 Opera
2178 454 2301 518 alia,
2328 470 2445 524 qntc
2481 456 2687 528 Signini
2728 460 2971 529 prmsulis
3027 472 3175 517 certo
3238 477 3364 519 sunt

135 544 263 598 bitus
285 552 387 607 est,
434 552 492 598 et
518 545 855 614 applicabilis
911 546 1132 602 cuilibet
1183 544 1503 609 confessori,
1541 562 1603 600 ιιι
1628 546 1702 600 De

134 638 344 692 diversis
364 635 538 691 oculis
561 645 617 692 et
641 640 710 692 de
735 640 1024 710 episcopis,
1059 656 1111 694 tv
1143 639 1220 695 De
1262 638 1441 709 puteis
1466 639 1702 694 Abrahae

133 730 179 784 ἱ)
212 740 308 794 est,
341 745 515 785 sacra:
559 729 876 802 Scriptum,
922 749 1059 804 quos
1083 733 1335 803 aperiunt
1381 734 1610 803 apostoli
1645 743 1702 788 et

131 821 364 876 catholici
421 823 697 889 doctores,
725 841 759 879 γ
802 827 877 881 De
920 825 1116 881 lumbis
1157 825 1464 896 praecinctis
1515 836 1570 881 et
1621 827 1701 879 Iu-

128 914 291 968 cernis
310 914 637 971 ardentibus
656 916 1051 982 confessorum,
1106 934 1159 973 rt
1203 918 1279 974 De
1323 918 1544 973 talentis
1575 918 1702 972 uni-

128 1005 325 1074 cuique,
347 1004 448 1059 scd
481 1007 750 1078 praecipue
773 1007 1046 1079 episcopis
1071 1017 1127 1064 et
1174 1008 1296 1063 aliis
1349 1009 1586 1079 prmlatis
1631 1012 1697 1065 ad

126 1097 314 1150 lucrum
353 1097 665 1153 faciendum
718 1100 773 1153 in
806 1100 909 1154 illis
931 1117 959 1153 a
982 1101 1207 1155 Domino
1232 1101 1480 1166 creditis,
1519 1117 1592 1155 ru
1627 1102 1700 1159 De

127 1188 536 1257 toafessoribus,
568 1194 763 1262 quibus
793 1194 1123 1264 vigilandum
1160 1204 1264 1259 est,
1288 1212 1385 1251 vnt
1418 1199 1490 1251 De
1520 1198 1698 1252 conti-

127 1282 289 1335 nentia
320 1293 378 1337 et
437 1287 642 1341 mundo
692 1287 878 1352 corde,
936 1289 1112 1359 deque
1158 1289 1473 1359 pontiﬁcum
1526 1290 1700 1346 ollieio

124 1388 208 1440 per
227 1376 491 1431 rationale
513 1378 835 1449 significato,
856 1396 909 1435 ιιι
939 1382 1013 1435 De
1038 1382 1230 1451 quovis
1253 1384 1471 1443 Sancto.
1493 1384 1584 1453 qui
1615 1398 1701 1439 re-

127 1464 253 1521 lictis
270 1470 551 1534 omnibus,
580 1472 745 1526 Deum
786 1484 1007 1529 secutus
1037 1486 1143 1541 est,
1173 1477 1337 1532 etiam
1369 1478 1435 1532 de
1456 1476 1697 1550 Virgine,

125 1573 151 1609 ι
195 1557 263 1612 De
300 1560 585 1628 apostolis,
634 1566 984 1636 evangelistis
1014 1576 1071 1623 et
1114 1568 1429 1625 doctoribus
1471 1572 1699 1637 sanctis,

126 1660 172 1701 at
191 1646 263 1701 De
288 1651 481 1705 doctor
504 1650 543 1707 b
562 1668 605 1707 ts
630 1665 683 1709 et
711 1656 1155 1722 pradicatoribus
1180 1660 1387 1716 sanctis
1437 1681 1455 1714 ι

183 1739 303 1793 705.
332 1742 515 1811 Atque
567 1746 680 1800 haec
700 1757 826 1802 sunt
852 1750 1108 1819 opuscula
1134 1752 1317 1807 omnia
1369 1769 1462 1814 seu
1497 1763 1700 1812 tracta-

127 1844 219 1897 tus,
274 1838 516 1908 itemque
545 1842 780 1899 humilia:
830 1860 923 1900 seu
982 1861 1284 1913 sermones,
1332 1850 1423 1919 qui
1470 1867 1696 1919 operum

126 1922 295 1983 Sancti
350 1931 525 1985 nostri
566 1935 807 1999 nomine,
861 1946 1089 1993 curante
1140 1939 1423 1996 Theodoro
1456 1941 1697 2010 Petreio,

125 2016 345 2077 Colonia:
367 2022 680 2094 Agrippina
700 2043 842 2082 anno
873 2029 1029 2092 1611,
1062 2031 1369 2104 iterumque
1394 2045 1510 2104 post
1538 2036 1699 2105 hujus

124 2107 313 2162 obitum
339 2125 489 2167 anno
515 2113 674 2179 1640,
697 2118 834 2187 typis
859 2133 1208 2186 excusorum,
1238 2131 1444 2178 tomum
1478 2127 1697 2182 tertium

125 2201 469 2259 constituunt.
534 2208 732 2262 Verum
804 2210 1057 2268 'llistoria:
1108 2213 1390 2271 litterarizc
1455 2217 1699 2273 Franciae

126 2292 420 2364 Scriptores
442 2306 577 2353 tom.
608 2299 699 2369 IX,
728 2318 850 2375 pag.
884 2304 1011 2373 ΞΩ,
1036 2308 1311 2376 opusculis
1330 2310 1582 2366 omnibus
1603 2326 1697 2366 seu

126 2388 458 2454 tractatibus,
510 2405 577 2445 ac
627 2395 990 2461 sermonibus,
1039 2398 1131 2468 qui
1192 2398 1428 2454 Brunoni
1461 2402 1696 2456 Carthu-

126 2477 392 2535 sianotum
416 2482 471 2536 in
506 2483 609 2539 hac
632 2500 857 2554 operum
904 2488 1024 2557 ejus
1046 2491 1306 2552 editione.
1342 2500 1451 2546 tum
1478 2493 1530 2548 in
1561 2494 1697 2549 alte-

127 2585 193 2634 ra,
214 2587 381 2641 supra
426 2576 723 2631 memorata
778 2588 941 2651 atque
968 2597 996 2634 a
1026 2581 1231 2638 Jndoco
1267 2584 1449 2641 Badio.
1477 2602 1591 2659 seu,
1621 2588 1696 2643 uti

126 2675 151 2714 ε
178 2665 345 2732 patria
376 2667 545 2720 etiam
589 2679 837 2740 vocatur,
886 2672 1150 2729 Ascensio
1182 2689 1325 2731 anno
1372 2678 1511 2731 1521
1540 2680 1699 2733 ador-

124 2756 711 2838 nata,_attribuuntur,
772 2767 1072 2832 generatim
1119 2769 1425 2832 recensitis,
1477 2770 1696 2838 subjun-

125 2836 283 2911 guntz'
309 2866 329 2898 ε
380 2848 839 2920 Verumegrandi
886 2854 975 2907 illo
1005 2855 1356 2925 scriptorum,
1397 2859 1450 2913 in
1490 2836 1699 2917 duabus

124 2933 210 2990 illis
264 2937 613 2996 editionihus
661 2940 720 2997 S.
780 2943 1050 3001 Brunonis
1094 2949 1311 3004 nomine
1350 2965 1693 3017 excusorum.

126 3040 329 3082 numero
379 3033 617 3101 expungi
666 3033 861 3089 debent
913 3038 1038 3093 bine
1094 3041 1352 3110 Opuscula
1395 3044 1577 3100 omnia
1600 3061 1693 3102 seu

1806 544 2313 615 complcctentibus,
2342 549 2545 604 fuerint
2577 565 2604 603 a
2639 550 2940 607 Marrhesio
2957 555 3213 623 reperta?
3240 554 3388 610 lianc

1804 651 1932 691 sane
1964 637 2032 691 ob
2065 654 2283 694 causam
2329 641 2398 695 ita
2421 642 2672 711 opinatos
2722 643 2841 699 illos
2892 660 3033 710 csse,
3077 662 3143 701 cx
3200 646 3385 701 ultima

1804 732 2093 784 verborum
2130 731 2236 786 huc
2262 734 2646 789 translatorum
2676 722 2897 805 peride
2923 748 3167 808 apparet.
3189 738 3386 793 Verum

1802 838 1923 876 cum
1949 837 2016 876 ex
2054 823 2323 879 Brunonis
2373 826 2609 891 nomine,
2641 826 2784 896 quod
2817 827 3045 882 Sanctus
3068 826 3387 882 Cartltusia-

1803 930 1997 968 norum
2042 915 2323 970 institutor
2378 932 2500 971 cum
2550 928 2740 973 sancto
2793 918 3001 974 ordinis
3044 918 3387 974 Benedictini

1804 1004 2031 1073 Signino
2086 1007 2343 1077 episcopo
2414 1008 2579 1063 habet
2636 1024 2944 1075 commune,
3011 1010 3211 1065 factum
3264 1027 3387 1065 esse

1802 1108 1986 1167 queat,
2021 1098 2128 1153 imo
2157 1100 2353 1168 reipsa,
2380 1100 2831 1169 quemadmodum
2885 1102 3083 1156 laudati
3135 1098 3385 1159 Historiae

1804 1188 1905 1243 litt.
1926 1189 2167 1245 Franz-ia:
2189 1191 2480 1260 scriptores
2502 1191 2680 1246 verbis
2708 1192 3168 1253 reritatisvoluut.
3186 1193 3383 1247 factum

1803 1281 1873 1335 sit
1899 1295 1956 1336 ut
1980 1298 2144 1353 Opera
2184 1299 2303 1352 qua:
2340 1301 2368 1337 a
2394 1283 2555 1339 Petro
2593 1284 2821 1339 diacono
2852 1284 2909 1339 S.
2935 1285 3169 1339 Brunoni
3199 1285 3383 1355 Signi-

1803 1388 1874 1427 uo
1905 1372 2104 1427 diserte
2130 1374 2519 1442 attribuuntur,
2569 1374 2627 1429 S.
2674 1374 2911 1427 Brunoni
2956 1373 3322 1430 Carthusiano
3350 1389 3382 1429 a

1802 1464 2039 1520 librariis
2083 1465 2284 1522 fuerint
2336 1468 2604 1538 adscripta
2634 1509 2648 1532 ,
2713 1470 2898 1539 quidni
2970 1471 3132 1524 etiam
3182 1470 3383 1526 factum

1802 1557 1990 1612 eodem
2017 1572 2083 1613 ex
2110 1560 2290 1628 capite
2325 1574 2446 1613 esse
2481 1570 2644 1629 queat
2690 1571 2749 1614 ut
2774 1561 3030 1630 opuscula
3064 1578 3155 1617 seu
3216 1579 3381 1632 opera

1803 1650 2159 1719 qumpiam,in
2210 1652 2552 1721 suppeditato
2608 1669 2636 1706 a
2690 1652 2850 1708 Petro
2879 1653 3109 1709 diacono
3139 1667 3383 1722 operum,

1806 1759 1926 1812 qum
1956 1742 2139 1797 Brnno
2170 1743 2429 1814 Signinus
2459 1746 2787 1816 composuit,
2844 1747 3098 1814 Catalogo
3130 1763 3383 1817 expresse

1807 1850 1912 1888 non
1942 1844 2263 1903 memorata,
2294 1838 2417 1892 huic
2443 1852 2538 1906 per
2577 1852 2818 1891 errorem
2870 1854 2899 1891 a
2945 1839 3206 1902 librariis,
3253 1853 3383 1893 mss.

1802 1927 2173 1997 antiquorum,
2203 1930 2255 1983 iu
2292 1931 2489 1999 quibus
2534 1948 2564 1985 a
2601 1930 2899 1986 Marcbcsio
2933 1930 3082 1986 fuere
3142 1932 3383 1994 inventa,

1801 2019 2113 2076 auctoribus
2160 2020 2363 2077 fuerint
2389 2023 2649 2091 ascripta,
2680 2022 2805 2079 licet
2832 2023 3045 2078 interim
3080 2040 3182 2077 non
3219 2024 3382 2089 illius,

1802 2111 1895 2164 sed
1922 2111 1980 2165 S.
2009 2110 2280 2167 Brunonis
2302 2112 2787 2168 Carthusianorunt
2818 2115 3145 2170 institutoris
3168 2117 3384 2171 essent?

1799 2203 1963 2263 Aiunt
1998 2206 2214 2275 quidem
2255 2205 2342 2259 illa
2393 2207 2445 2260 in
2476 2222 2607 2263 mss.
2654 2208 2804 2263 hisce
2849 2209 3109 2279 antiquis,
3137 2210 3382 2280 equibus

1802 2313 1830 2351 a
1861 2297 2161 2352 Marchesio
2186 2306 2340 2352 eruta
2382 2296 2553 2363 fuere,
2586 2297 2836 2365 adjuncta
2859 2297 3029 2354 fuisse
3078 2299 3197 2355 aliis
3251 2315 3360 2370 ope

1801 2389 1973 2450 ribus,
2004 2404 2125 2459 quae
2152 2389 2422 2444 Brunonis
2481 2388 2689 2461 Signini
2733 2405 2875 2455 esse,
2904 2400 3113 2446 certum
3163 2393 3383 2447 omnino

1799 2486 1883 2532 est
1935 2487 2097 2547 atque
2156 2478 2538 2533 indubitatum.
2607 2477 2803 2533 Verum
2848 2480 2977 2550 quid
3024 2480 3382 2536 tum?Codex

1801 2584 1906 2623 ms.
1933 2570 2209 2638 antiquus,
2238 2583 2270 2623 e
2299 2584 2407 2638 quo
2434 2568 2491 2624 S.
2522 2568 2793 2625 Brunonis
2831 2569 3176 2627 Carthusiani
3216 2585 3381 2643 Opera

1800 2674 1944 2713 anno
1973 2659 2130 2725 1524,
2177 2659 2416 2714 Judocus
2451 2660 2744 2716 Ascensius
2769 2662 2956 2726 edidit,
2991 2664 3258 2734 alterque,
3288 2665 3381 2734 qui

1803 2759 1915 2804 tum
1957 2750 2007 2803 in
2032 2750 2319 2806 Carthttsia
2369 2750 2556 2819 Majori
2613 2754 3018 2820 asscrvabatur,
3067 2755 3287 2825 scriptis
3330 2756 3386 2811 in

1799 2838 2042 2895 Psalmos
2070 2856 2122 2897 et
2139 2848 2191 2896 'tn
2219 2857 2409 2896 omnes
2432 2843 2489 2897 S.
2514 2834 2664 2896 Pauli
2685 2844 2912 2913 apostoli
2934 2845 3201 2915 Epistolas
3224 2845 3385 2901 Com-

1800 2934 2100 2998 mental-iis,
2134 2936 2224 3004 qui
2276 2935 2465 2990 Sancti
2505 2937 2677 2991 nostri
2724 2945 2877 2992 certo
2930 2947 3078 3003 sunt,
3130 2940 3378 3008 adjunc|e

1799 3024 1988 3089 etiam,
2019 3034 2077 3079 ut
2134 3025 2385 3080 laudatus
2439 3025 2674 3082 Jttdocus
2731 3028 3025 3083 Ascensius
3076 3030 3127 3084 itt
3162 3030 3379 3099 prtefixa

127 3126 376 3176 ιηεωωε
418 3124 818 3192 panic-“lares,
874 3128 999 3184 hinc
1059 3145 1336 3189 sermones
1360 3149 1553 3191 omnes
1604 3154 1698 3193 seu
1726 3145 1767 3204 ρ
1804 3115 1951 3170 hisce
1973 3116 2198 3186 epistola
2222 3118 2552 3173 dedicatoria
2591 3118 2750 3173 fidem
2803 3118 2957 3181 facit,
2989 3120 3091 3173 alia
3148 3121 3379 3175 habebat

125 3207 361 3266 lnmilize.
412 3212 531 3269 Nec
564 3215 640 3289 hi,
693 3232 791 3271 nec
818 3217 916 3281 illi,
948 3230 1007 3273 ut
1037 3230 1096 3275 ut
1123 3224 1339 3278 nomine
1362 3223 1479 3292 ejus
1499 3230 1699 3283 conde-

126 3301 291 3361 corati,
322 3303 393 3356 ad
420 3318 551 3359 eum
604 3308 897 3373 pertinent,
941 3317 1257 3381 tantumque
1297 3327 1394 3383 per
1432 3330 1695 3384 errorem,

126 3402 178 3441 ex
199 3390 309 3459 ipso
337 3393 433 3449 illo
458 3397 679 3452 nomine
728 3411 939 3463 natum,
983 3404 1213 3473 contigit
1257 3415 1314 3461 ιιι
1371 3410 1593 3478 ascripti
1646 3414 1694 3466 ei

128 3478 321 3539 fuerint.
375 3486 632 3543 Totidem
695 3499 823 3545 sunt
879 3491 1020 3548 fctus
1078 3495 1271 3550 ealatni
1318 3496 1374 3551 S.
1431 3498 1696 3556 Brunonis

128 3570 306 3641 Signini
354 3576 625 3648 episcopi,
660 3595 804 3635 anno
848 3582 987 3638 “2'5
1022 3585 1128 3639 vita
1180 3584 1375 3649 functi,
1430 3603 1495 3643 ac
1539 3589 1694 3657 proin

126 3659 594 3721 Cartbusianorum
618 3669 916 3727 lnstitutori
944 3674 1191 3743 aequalis.
1231 3675 1473 3733 Dubitari
1502 3678 1604 3735 hac
1630 3681 1695 3735 dc

130 3766 175 3806 re
198 3770 292 3810 non
317 3766 525 3825 potest,
554 3759 679 3813 dttm
712 3761 837 3817 huic
859 3762 980 3818 illos
999 3780 1029 3818 a
1059 3765 1220 3821 Petro
1251 3767 1491 3824 Diacono
1516 3769 1694 3825 Cassi-

127 3848 363 3919 nensique
384 3849 829 3924 bibliothecario,
846 3856 938 3925 qui
962 3865 1085 3911 ante
1106 3857 1247 3914 idem
1266 3860 1690 3934 (duodecimum)

127 3939 354 3995 iaculum
389 3942 632 3999 medium
680 3946 922 4015 scripsit,
952 3947 1005 4001 in
1033 3963 1254 4017 operum
1308 3968 1528 4008 suorum
1556 3955 1692 4009 duo-

128 4025 224 4088 bus,
256 4033 526 4102 opusculo
554 4050 747 4106 nempe
782 4039 858 4093 De
882 4039 1014 4094 viris
1065 4040 1365 4098 illustribus
1399 4043 1691 4100 Cassinen-

128 4116 271 4185 sibus,
299 4132 356 4177 et
385 4122 663 4181 Chronico
698 4130 1015 4184 monasterii
1054 4130 1418 4199 Cassinensis,
1472 4136 1561 4189 ubi
1598 4150 1692 4192 eos

128 4208 415 4281 singulatim
480 4230 787 4283 enumerat,
850 4221 1072 4275 attribui
1123 4223 1387 4280 videmus.
1451 4225 1519 4281 Et
1563 4242 1691 4286 vero

129 4296 288 4357 Mauro
338 4304 667 4373 Mal‘ChBSiO,
724 4308 1031 4366 Cassinensi
1090 4311 1321 4378 tfe‘eano,
1392 4330 1536 4370 curm
1586 4313 1690 4371 fuit

128 4404 342 4453 assert-re
369 4412 470 4452 eos
505 4415 571 4453 ac
599 4402 823 4456 reddere
855 4419 984 4458 vero
1016 4421 1113 4459 suo
1142 4408 1381 4474 auctori,
1412 4410 1513 4464 sub
1535 4412 1689 4479 cujus

1798 3208 2079 3275 opuscula,
2108 3223 2229 3278 quae
2265 3224 2373 3262 una
2408 3224 2529 3264 cum
2572 3208 2992 3264 Commentariis
3028 3209 3133 3264 illis
3156 3210 3244 3266 hic
3268 3208 3378 3265 vnl-

1799 3303 1968 3372 gavit,
2001 3316 2229 3371 qumque
2271 3310 2450 3357 tamen
2492 3302 2673 3356 omnia
2721 3301 2779 3357 S.
2834 3300 3103 3356 Brunonis
3154 3302 3379 3358 Cartim-

1799 3393 1938 3448 siani
1974 3409 2078 3447 non
2130 3402 2275 3455 sunt,
2312 3394 2387 3447 uti
2415 3408 2561 3454 mox.
2602 3393 2840 3463 prmfatis
2886 3393 3263 3464 scriptoribus,
3291 3395 3379 3462 qni

1798 3486 1945 3540 nulla
1993 3500 2060 3539 ex
2111 3486 2261 3540 hisce
2296 3485 2345 3540 ei
2372 3486 2700 3551 attribuunt,
2760 3485 2956 3556 partim
3012 3485 3359 3540 assentiendo

1795 3576 2023 3633 docebo.

1869 3673 1993 3728 707.
2027 3672 2207 3743 Atque
2245 3687 2346 3745 ego
2386 3672 2628 3743 quidem,
2661 3680 2721 3725 ιιι
2749 3685 2811 3725 ea
2838 3671 2889 3725 in
2921 3671 3097 3727 dictos
3124 3686 3254 3726 mss.
3284 3685 3377 3725 co-

1796 3766 1945 3822 dices
1965 3782 2058 3821 seu
2091 3767 2356 3822 inhornm
2396 3780 2583 3828 unum,
2632 3778 2662 3817 e
2707 3778 2813 3830 quo
2862 3762 3057 3817 deinde
3112 3762 3248 3817 alter
3306 3762 3376 3816 sit

1797 3856 2180 3925 transcriptus,
2227 3855 2430 3910 fuerint
2488 3854 2661 3917 illata,
2704 3853 2905 3908 factum
2956 3869 3083 3908 reor
3125 3869 3189 3907 ex
3228 3853 3353 3924 igno

1795 3943 1973 3997 rantia
2020 3942 2352 4013 praccipitive
2394 3939 2599 4009 judicio
2638 3939 2865 4001 librarii,
2899 3940 3012 4010 qui,
3046 3955 3167 3995 cum
3198 3939 3376 3993 omnia

1788 4035 1982 4091 Sancti
2043 4036 2216 4091 nostri
2257 4050 2422 4106 opera
2481 4034 2838 4090 describenda
2902 4034 3005 4089 sibi
3038 4034 3375 4104 sumpsisset,

1793 4129 2040 4201 forteque
2081 4129 2297 4185 fortuna
2342 4129 2396 4183 in
2455 4128 2712 4199 opuscula
2763 4144 2883 4198 quae
2934 4129 3206 4184 Brunonis
3248 4129 3374 4183 sint-

1791 4209 2008 4292 pliciter
2056 4238 2278 4288 nomen,
2331 4220 2477 4277 nullo
2517 4221 2701 4275 addito
2756 4220 2963 4275 nomini
3013 4221 3140 4275 huic
3196 4221 3375 4283 titulo,

1792 4317 2135 4385 praeferrent,
2160 4329 2223 4368 ea
2255 4312 2525 4367 Brunonis
2555 4310 2750 4366 nostri.
2787 4319 2881 4364 aut
2928 4309 3074 4366 nullo
3103 4309 3261 4366 ulane
3286 4320 3374 4365 aut

1794 4408 2089 4479 perexiguo
2166 4406 2448 4475 praemisso
2496 4404 2767 4466 examine,
2842 4418 2963 4457 esse
3030 4403 3359 4458 existimarit

129 4488 317 4543 nomine
342 4490 590 4547 Vcnetiis
641 4495 878 4565 imprimi
934 4512 1029 4553 eos
1068 4498 1216 4567 fecit,
1279 4502 1487 4558 duobus
1528 4507 1686 4560 tomis
1715 4490 1766 4551 Ῑ)
1794 4516 1966 4571 eaqoe
2011 4508 2295 4570 proplerca
2326 4497 2447 4551 aliis
2476 4511 2505 4550 3
2530 4510 2588 4551 Se
2625 4495 2735 4563 iam
2788 4495 3078 4564 άεεετῖιιιῑε
3129 4497 3373 4565 Βοηυῖηίε

129 4575 388 4648 discretos,
417 4585 509 4652 qui
562 4601 669 4640 non
703 4588 806 4642 nisi
852 4605 1017 4643 unum
1063 4580 1219 4647 molis
1240 4590 1402 4660 justa:
1442 4595 1690 4655 volumen

129 4677 463 4736 constituunt.
489 4679 669 4735 Editio
690 4692 773 4737 est
802 4684 927 4737 anni
961 4684 1117 4747 1611,
1144 4695 1198 4741 et
1226 4696 1417 4743 exacta
1443 4690 1508 4742 ad
1536 4690 1690 4760 plura

130 4766 318 4836 antiqua
364 4786 522 4838 mss.,
574 4787 694 4842 qum
721 4774 1155 4845 coinplectuntur
1198 4779 1300 4833 alia
1332 4780 1571 4849 ejusdem
1603 4800 1689 4837 an-

132 4855 290 4915 tistitis
312 4876 504 4931 opera,
555 4879 677 4933 qua‘
729 4865 872 4921 inter
908 4869 1164 4923 nonnulla
1207 4880 1350 4936 sunt,
1395 4888 1513 4941 qua}
1542 4873 1687 4929 Petri

133 4946 321 5007 [ἤθεουί
359 4954 701 5027 diligentiam
734 4960 1000 5029 fugerant.
1033 4981 1052 5014 ι
1267 5014 1273 5019 .

186 5042 295 5098 706.
320 5045 597 5104 Hactenus
622 5050 739 5114 illi;
771 5067 957 5106 verum
993 5068 1115 5108 cum
1179 5054 1323 5110 inter
1347 5070 1534 5126 opera,
1567 5074 1689 5129 quae

133 5128 320 5193 laurus
344 5139 679 5197 Marchesius
719 5159 860 5198 anno
897 5145 1028 5199 1651
1066 5144 1308 5201 Vcnetiis
1333 5146 1391 5201 S.
1418 5147 1687 5205 Brunonis

132 5221 310 5296 Signini
340 5248 431 5287 seu
482 5233 785 5305 Signicnsis
838 5238 1076 5307 episcopi
1116 5239 1333 5294 nomine
1363 5240 1555 5306 edidit,
1579 5242 1689 5296 sint

131 5318 287 5385 etiam,
320 5326 391 5380 uti
447 5327 667 5397 ipsitnet
716 5328 803 5384 hic
863 5338 1124 5396 tatentnr,
1166 5333 1452 5401 nonnulla,
1480 5349 1599 5404 qua:
1630 5335 1683 5389 in

135 5415 438 5480 suppeditato
462 5435 493 5473 a
524 5419 688 5476 Prtro
731 5422 963 5478 diacono
986 5439 1232 5494 operum,
1281 5440 1402 5494 qua:
1452 5426 1685 5481 Sanctus

136 5499 204 5558 hic
227 5509 422 5563 ordinis
452 5510 784 5567 Benedictiui
836 5515 1065 5570 antistes
1121 5516 1421 5579 contexuit,
1454 5515 1686 5570 elencho

138 5609 222 5649 non
261 5614 563 5672 occurrunt,
598 5618 697 5659 cur
721 5604 1045 5672 Marchesio,
1099 5606 1213 5661 {me
1252 5606 1414 5661 etiam
1445 5606 1505 5660 S.
1544 5606 1681 5660 Bru-

138 5691 271 5743 tzoais
303 5694 502 5764 Signini
524 5709 645 5752 esse
670 5697 1036 5759 contendenti,
1072 5712 1374 5757 assensum,
1405 5684 1684 5750 uti'verbis

142 5780 349 5841 recitatis
402 5788 620 5857 faciunt,
668 5792 986 5860 praebuere?
1040 5792 1119 5847 Au
1172 5792 1314 5861 quad
1362 5792 1413 5845 in
1439 5790 1681 5859 antiquis

1798 4592 1957 4661 hujus
1989 4590 2249 4659 operibus
2280 4588 2559 4657 adjecerit.
2590 4586 2788 4643 Verum
2815 4602 2937 4642 cum
2957 4602 3045 4641 res
3069 4588 3143 4642 ita
3161 4586 3361 4642 habeat

1795 4684 1982 4755 quidni
2008 4684 2169 4741 etiam
2209 4681 2371 4737 simili
2437 4680 2648 4735 ratione
2685 4679 2885 4734 factum
2934 4694 3055 4735 esse
3109 4690 3293 4751 queat,
3326 4690 3376 4733 ut

1776 4767 1849 4835 'in
1889 4778 2105 4834 codices
2132 4792 2261 4832 mss.
2296 4774 2569 4844 antiquos,
2595 4773 2683 4841 qui
2718 4772 3023 4828 Marchcsio
3052 4773 3376 4843 pra-luxere,

1795 4880 1888 4925 aut
1919 4868 2108 4923 saltem
2158 4869 2209 4921 in
2251 4867 2444 4921 borum
2508 4882 2696 4929 unum,
2751 4879 2782 4919 e
2827 4878 2934 4934 quo
2963 4865 3153 4934 reliqui
3178 4864 3374 4919 deinde

1792 4960 1994 5015 fuerint
2019 4958 2299 5026 descripti,
2330 4954 2591 5026 cpnscnla
2619 4955 2819 5026 aliqua,
2847 4970 2965 5025 quzc
2989 4955 3045 5009 S.
3079 4955 3370 5021 Brunonis,

1795 5052 2003 5124 Signini
2036 5051 2292 5122 episcopi,
2326 5064 2435 5104 non
2479 5058 2627 5111 sunt,
2662 5047 2863 5103 fuerint
2899 5046 3077 5102 illata?
3106 5047 3180 5101 Ex
3211 5064 3372 5116 opus-

1793 5143 1930 5200 culis
1956 5144 2135 5213 itaque
2159 5140 2525 5209 hotniliisque,
2549 5154 2669 5208 qum
2719 5137 2902 5192 Sancti
2936 5137 3102 5191 nostri
3155 5136 3373 5191 nomine

1789 5237 2012 5292 Parisiis
2035 5250 2098 5290 ac
2127 5234 2322 5290 deinde
2345 5232 2583 5287 Colonia:
2610 5232 2919 5301 Agrippina:
2950 5229 3001 5283 in
3035 5228 3210 5284 lucem
3244 5243 3367 5297 pro-

1789 5332 1962 5394 diere,
1993 5339 2155 5398 atque
2203 5342 2232 5380 a
2272 5325 2572 5380 Marchesio
2622 5322 2832 5378 interim
2871 5322 3121 5390 hunc-que
3163 5320 3369 5374 secutis

1790 5422 2042 5477 Historia:
2083 5420 2359 5474 litterariae
2416 5417 2661 5472 Francitc
2714 5413 3068 5485 scriptoribus
3118 5412 3177 5466 S.
3235 5410 3368 5464 Bru-

1789 5514 1939 5574 noni,
1974 5511 2201 5580 Signino
2222 5509 2494 5578 episcopo,
2522 5506 2911 5566 attribuuntur,
2938 5517 3064 5555 vere
3105 5500 3230 5554 huic
3279 5500 3363 5553 illa

1790 5602 2137 5659 attribuenda
2169 5601 2439 5665 videntur,
2466 5613 2587 5668 quae
2646 5606 2759 5650 tum
2791 5593 2929 5648 tituli
2962 5607 3154 5662 parum
3175 5591 3365 5662 vulga-

1790 5697 1887 5761 ris,
1919 5709 2077 5764 quem
2108 5694 2422 5762 prteferunt,
2444 5700 2553 5744 tum
2580 5686 2909 5759 argumenti,
2938 5684 3080 5755 quod
3106 5693 3366 5747 tractant,

1787 5788 1996 5842 ratione
2019 5783 2353 5840 conveniunt
2402 5797 2522 5835 cum
2574 5777 2850 5849 operibus,
2878 5793 2998 5847 quae
3035 5792 3064 5830 a
3095 5774 3367 5841 Brunone,
