3846 6316
528 306 630 362 455

1342 301 1397 357 S.
1436 299 1781 359 BRUNONlS
1819 298 2460 358 CARTllUSiANORUM
2494 300 2974 360 INSTITUTORIS
3628 315 3714 374 436

520 423 749 495 Signino
775 434 867 476 seu
906 414 1176 488 Signiensi
1228 415 1505 487 episcopo,
1539 416 1859 471 concinnata
1906 414 2096 480 fuisse,
2129 417 2173 472 A
2201 415 2419 479 bnendi,
2446 426 2532 470 est
2559 416 2804 480 dubium,
2828 431 2970 479 cum,
3008 423 3362 486 prmterquam
3385 422 3516 491 quod
3552 428 3717 495 prioris

518 516 708 571 Petrus
730 513 1000 568 Diaconus
1032 511 1084 563 in
1108 507 1378 578 Opusculo
1406 507 1481 562 De
1502 507 1635 563 viris
1657 507 1955 562 illustribus
1996 506 2098 561 Ca-

516 606 829 662 sinensibus
855 620 975 674 cap.
1002 603 1070 657 5i
1093 601 1293 656 alibive
1319 600 1522 655 diserte
1562 586 1807 655 testatur.
1847 601 1917 653 Ea
1948 602 2097 655 sedet

514 698 809 761 sententia,
862 696 1025 765 quod,
1091 692 1341 763 quamvis
1405 691 1491 747 hic
1519 691 1752 762 scriptor
1798 708 1827 746 a
1871 693 2097 748 veritate

512 792 679 846 etiam
729 788 958 843 subinde
1016 787 1264 842 deviasse
1317 785 1773 854 deprehendatur,
1822 800 1920 840 nec
1972 774 2094 840 cuin

512 882 693 937 Leone
719 880 1045 941 Marsicano,
1100 877 1213 945 qui,
1265 876 1407 947 quod
1448 875 1642 931 deinde
1694 875 1886 931 Petrus
1925 878 2097 932 conti-

514 972 722 1039 nuavit,
772 969 1065 1026 Casinensc.
1109 968 1413 1023 Chronicon
1460 968 1692 1037 incepit,
1731 970 1997 1039 gravitate
2042 978 2097 1023 et

514 1065 839 1120 anetoritate
889 1060 1286 1133 comparandus
1325 1059 1593 1123 videatur,
1636 1058 1872 1114 Brunoni
1916 1069 2093 1114 tamen

514 1156 741 1227 Signino
798 1170 988 1226 Opera,
1047 1168 1165 1222 qua:
1230 1149 1404 1205 sancti
1464 1150 1623 1219 hujus
1688 1150 1950 1204 antistitis
1987 1166 2093 1204 non

513 1256 719 1311 essent,
775 1245 1093 1314 ascripsisse
1140 1241 1444 1297 censendus
1498 1255 1604 1294 non
1636 1239 1735 1302 sit,
1777 1255 1899 1293 cum
1954 1239 2094 1293 haud

513 1340 739 1408 dudum,
769 1351 1049 1408 postquam
1103 1338 1188 1392 hic
1221 1337 1287 1389 ad
1343 1335 1629 1390 Dominum
1683 1333 1990 1404 migrasset,
2039 1335 2092 1387 in

518 1430 850 1487 monasterio
873 1429 1178 1489 Casutensi,
1214 1427 1314 1491 uti,
1346 1427 1438 1495 qui
1478 1427 1686 1493 primus
1712 1422 1829 1491 ejus
1848 1422 1923 1476 De
1962 1422 2094 1476 viris

515 1526 815 1580 illustribus
842 1523 1173 1594 Opusculum
1204 1521 1416 1592 publice
1440 1519 1581 1586 juris
1621 1517 1768 1580 fecit,
1808 1517 1948 1585 apud
1980 1515 2093 1569 Μιι-

509 1617 775 1671 r.torium
832 1623 962 1669 tom.
1013 1612 1077 1667 Vl
1132 1612 1334 1666 Rerum
1400 1610 1712 1667 Italicarum
1765 1608 2090 1678 scriptorum

513 1706 752 1762 Joannes
805 1706 1045 1774 Baptista
1105 1703 1287 1757 Marus
1342 1703 1394 1755 in
1445 1717 1540 1756 sua
1606 1701 1742 1757 inid
1778 1699 2091 1769 praefatione

509 1798 710 1867 aliique
747 1795 1103 1866 bibliographi
1128 1794 1328 1864 passim
1371 1796 1583 1855 docent,
1617 1793 2093 1849 bibliothecarium

508 1888 705 1960 egerit,
736 1886 1107 1954 crcdibilcquc
1126 1883 1355 1955 proinde
1375 1884 1464 1948 sit,
1492 1883 1556 1936 ad
1589 1898 1803 1937 nzanum
1830 1898 1953 1937 eum
1996 1882 2094 1935 ha-

507 1983 690 2037 buisse
722 1996 906 2051 opera,
936 1994 1055 2049 qua:
1081 1994 1110 2032 a
1136 1977 1337 2032 Sancto
1376 1976 1465 2031 illo
1493 1975 1741 2045 przesnle,
1771 1975 1860 2043 qui
1900 1981 1955 2029 et
1981 1974 2095 2044 ipse

506 2073 820 2145 aliquandiu
888 2072 939 2125 in
1015 2069 1343 2125 monasterio
1411 2067 1693 2123 Casinensi
1765 2066 2090 2120 monachum

508 2175 671 2235 atque
698 2165 862 2219 etiam
887 2163 1137 2219 abbatem
1160 2169 1369 2234 egerat,
1390 2160 1592 2229 scripta
1608 2174 1747 2226 esse,
1775 2159 1895 2215 loco
1922 2158 2092 2213 citato

511 2264 809 2313 asseverat.

576 2348 699 2403 708.
741 2346 879 2401 llinc
906 2360 1026 2401 cum
1058 2344 1253 2399 Petrus
1289 2344 1580 2407 Diaconus,
1644 2343 1810 2397 fuisse
1867 2358 1896 2395 a
1953 2342 2091 2395 Bru-

507 2454 650 2495 none
681 2437 950 2510 Signiensi
996 2436 1388 2506 expositionem
1422 2436 1474 2489 in
1516 2434 1862 2498 Psalterium,
1900 2433 1953 2487 in
1981 2432 2089 2487 Ge-

507 2534 706 2598 nesim,
738 2533 791 2586 in
819 2532 1090 2595 Exodum,
1123 2531 1175 2584 in
1216 2528 1541 2591 Leviticum,
1575 2527 1628 2580 in
1676 2525 1995 2587 Numerum,
2038 2526 2090 2578 in

508 2623 991 2680 Deuteronomium
1012 2664 1027 2685 ,
1084 2622 1135 2675 in
1190 2619 1413 2678 Cantica
1446 2618 1788 2673 canticorum
1820 2625 1875 2671 et
1917 2616 1969 2670 in
1999 2612 2093 2668 Ju-

506 2717 685 2771 dicum
730 2716 1121 2785 conscriptam,
1180 2713 1359 2783 capite
1416 2711 1583 2766 citato
1637 2707 1917 2779 praefatus,
1965 2723 2090 2761 mox

506 2807 797 2879 subjungat
830 2826 843 2861 :
875 2827 891 2859 ι
922 2807 1074 2862 Fecit
1119 2815 1175 2861 et
1200 2820 1481 2861 sermones
1532 2803 1633 2859 hos
1668 2820 1681 2855 :
1716 2801 1790 2856 De
1844 2801 2092 2856 laudibus

504 2898 764 2955 Ecclesiae
822 2898 872 2952 in
927 2896 1269 2952 dedicatione
1323 2894 1529 2965 templi,
1562 2893 1636 2948 De
1677 2893 1956 2957 Paradiso,
2017 2891 2091 2945 De

504 3011 630 3050 arca
654 2993 786 3056 Noe,
812 2991 886 3046 De
908 2986 1257 3046 tabernaculo
1292 2985 1544 3048 foederis,
1592 2984 1664 3038 De
1710 2983 1909 3053 templo
1938 2982 2092 3037 Salo-

506 3083 704 3149 monis,
736 3090 790 3137 et
835 3082 899 3135 de
924 3080 1170 3144 muliere,
1218 3092 1316 3147 per
1364 3092 1526 3146 quam
1577 3073 1817 3131 Ecclesia
1878 3071 2090 3143 signiﬁ-

504 3186 680 3229 catur.
708 3172 782 3228 De
819 3172 1036 3227 civitate
1067 3177 1251 3224 sancta
1285 3166 1655 3227 Hierusalem;
1707 3165 1781 3219 De
1823 3164 2088 3230 basilicis,

506 3282 627 3335 qua:
654 3264 721 3318 ab
751 3263 1019 3333 episcOpEs
1050 3262 1387 3315 dedicantur.
1407 3259 1539 3313 ltcm
1566 3257 1641 3311 De
1667 3256 1993 3326 evangeliis;
2016 3256 2091 3309 De

506 3356 844 3410 ornamentis
874 3352 1151 3415 Ecclesi:e,
1184 3352 1257 3404 De
1294 3349 1419 3413 fide,
1449 3349 1522 3402 De
1550 3362 1663 3416 spe,
1695 3347 1769 3401 De
1791 3348 2088 3411 charitate,

506 3445 584 3500 De
611 3452 842 3515 quatuor
878 3442 1189 3505 virtutibus,
1230 3440 1304 3493 De
1351 3437 1680 3500 humilitate,
1745 3435 1820 3491 De
1879 3436 2091 3490 miseri-

505 3532 715 3598 cordia,
747 3532 822 3587 De
851 3546 1002 3603 pace,
1035 3530 1108 3584 De
1132 3528 1415 3599 patientia,
1450 3529 1524 3581 De
1548 3526 1821 3589 castitate,
1850 3525 1923 3579 De
1952 3526 2087 3579 obe-

511 3625 734 3688 dientia,
760 3624 829 3679 de
876 3622 1202 3679 abstinentia
1237 3618 1377 3675 :Ubi
1412 3619 1648 3674 Ecclesia
1706 3626 1951 3680 ornatur,
2016 3618 2088 3671 De

507 3732 648 3772 novo
677 3716 900 3781 mundo,
931 3714 1006 3770 De
1035 3713 1187 3769 coslis
1229 3714 1403 3777 novis,
1436 3712 1511 3767 De
1546 3711 1782 3766 nubibus
1811 3711 1983 3773 novis,
2015 3711 2089 3765 De

503 3804 781 3862 montibus
808 3806 983 3870 novis,
1031 3805 1106 3860 De
1140 3803 1427 3859 arboribus
1465 3802 1640 3867 novis,
1695 3802 1770 3856 De
1797 3801 2082 3871 potestati—

503 3897 606 3951 lius
643 3895 822 3961 novis,
855 3897 928 3951 De
955 3895 1092 3950 mari
1122 3904 1175 3951 et
1197 3895 1563 3965 piscatoribus
1593 3893 1771 3957 novis,
1800 3893 1874 3949 De
1899 3894 2088 3948 avibus

503 3988 679 4053 novis,
710 3987 784 4043 De
806 3987 1116 4041 fluminibus
1144 3988 1319 4054 novis,
1376 3987 1453 4042 De
1502 3987 1828 4042 animalibus
1852 3986 2028 4051 novis,
2062 4005 2080 4037 ι

503 4082 674 4138 libros
712 4099 807 4137 seu
849 4090 1118 4137 tractatus
1170 4091 1303 4149 tres,
1361 4099 1511 4137 num.
1578 4082 1681 4137 703
1730 4090 2083 4148 memoratos,

501 4176 810 4247 Sancteque
839 4188 1025 4233 nostro
1048 4177 1100 4230 in
1127 4176 1365 4247 prtefatis
1402 4192 1627 4246 operum
1675 4175 1792 4245 ejus
1835 4176 2085 4231 editioni—

498 4266 600 4321 bus
639 4268 925 4338 ascriptus,
969 4283 1198 4337 quorum
1244 4267 1470 4337 primus,
1522 4252 1769 4334 incapiia
1794 4274 1917 4321 octo
1944 4267 2083 4320 divi-

498 4374 612 4422 sus,
642 4376 659 4410 ι
685 4359 1015 4413 Delaudibus
1032 4359 1309 4425 Ecclesim,
1332 4379 1349 4410 ι
1380 4361 1669 4423 secundus,
1686 4361 1863 4429 capita
1883 4360 2083 4416 duode-

2201 521 2232 561 e
2260 507 2403 562 binis
2450 507 2600 563 hisce
2648 508 2869 563 Sanctis
2893 524 3035 574 esse,
3067 524 3243 580 neque
3276 526 3306 567 e
3330 512 3479 570 Petro
3524 518 3720 578 Diacono

2202 612 2380 667 neque
2413 598 2648 660 aliunde,
2685 609 2743 653 nt
2766 598 2877 668 jam
2930 602 3155 666 dictum,
3204 614 3426 671 constet,
3452 608 3553 664 ﬁeri
3580 616 3717 682 possit

2201 697 2258 742 ut
2288 688 2339 741 in
2374 704 2503 745 mss.
2551 690 2767 745 codices
2792 730 2807 755 ,
2856 692 2908 744 in
2947 692 3143 761 quibus
3167 708 3196 747 a
3228 694 3403 750 Mauro
3444 697 3717 769 Marcbesio,

2200 794 2305 832 una
2355 794 2477 834 cum
2532 781 2787 850 cperibus
2850 780 3155 837 Brunonem
3221 784 3540 855 Signiensem
3595 804 3719 849 certo

2201 871 2524 927 habentibus
2553 882 2854 940 auctorem,
2912 874 3064 931 fuere
3108 876 3330 943 inventi,
3376 881 3567 936 ratione
3590 898 3718 951 supra

2198 964 2463 1032 exposita,
2489 972 2545 1018 ut
2564 972 2622 1019 ut
2641 980 2768 1020 vere
2795 966 2970 1021 sancti
2989 966 3151 1037 hujus
3166 969 3528 1027 antistitisnon
3552 985 3720 1037 essent,

2198 1052 2399 1108 fuerint
2430 1053 2582 1109 illati.

2270 1146 2391 1201 709.
2422 1146 2666 1211 Atvero,
2713 1148 2946 1218 inquies,
2985 1150 3176 1206 Petrus
3221 1150 3275 1205 in
3325 1151 3560 1209 Cbronici
3600 1154 3723 1210 Casi-

2197 1240 2382 1294 nensis
2407 1240 2800 1310 supplemento,
2842 1241 2935 1296 lib.
2980 1259 3060 1308 Iv,
3094 1258 3216 1315 cap.
3282 1244 3371 1311 51,
3410 1246 3471 1300 de
3517 1245 3723 1301 Brunone

2199 1330 2467 1399 Signiensi
2492 1331 2571 1386 sic
2599 1332 2793 1387 scribit
2829 1350 2844 1392 :
2881 1353 2900 1385 ι
2939 1333 3053 1389 Νοη
3098 1344 3280 1391 autem
3332 1336 3465 1391 idem
3487 1337 3563 1390 vir
3586 1339 3725 1392 otiose

2197 1422 2286 1476 hic
2308 1422 2512 1477 vixisse
2545 1423 2857 1480 credendus
2883 1435 2991 1491 est,
3029 1428 3123 1496 qui
3172 1427 3306 1483 tales
3338 1443 3401 1484 ac
3422 1437 3585 1483 tantos
3603 1430 3725 1485 nobis

2198 1515 2600 1587 Scripturarnm
2651 1519 2968 1590 exposuerit
3024 1519 3216 1582 libros,
3286 1522 3351 1575 de
3394 1521 3576 1590 quibus
3608 1536 3726 1576 Sum—

2197 1622 2373 1660 mam.
2430 1606 2640 1662 illorum
2706 1608 2916 1664 scilicet
2987 1609 3079 1678 qui
3144 1611 3200 1664 in
3269 1612 3467 1667 nostris
3522 1611 3725 1666 manibus

2198 1716 2434 1763 venere,
2519 1705 2757 1773 pandere
2818 1720 3117 1771 curamus,
3182 1720 3345 1776 super
3409 1704 3723 1768 Psalterium,

2198 1809 2360 1863 super
2377 1794 2652 1862 Genesim,
2676 1812 2837 1867 super
2857 1796 3123 1865 Exodum,
3156 1812 3319 1867 super
3341 1796 3632 1859 Leviticum,
3653 1810 3725 1849 su-

2196 1899 2293 1955 per
2316 1885 2633 1953 Numerum,
2658 1903 2819 1958 super
2842 1888 3344 1955 Deuteronomium,
3372 1902 3523 1958 super
3550 1885 3724 1948 Isaiam,

2196 1994 2359 2049 super
2388 1979 2611 2034 Cantica
2659 1982 3034 2049 canticorum,
3088 1996 3257 2051 super
3304 1981 3567 2044 Judicum,
3599 1992 3728 2045 super

2196 2069 2598 2140 Apocalypsin].
2652 2070 2727 2124 De
2772 2070 2938 2126 totius
2987 2079 3171 2126 autem
3219 2070 3348 2125 anni
3402 2067 3728 2125 festivitatibus

2196 2170 2361 2229 atque
2390 2161 2580 2215 diebus
2624 2159 2921 2216 Dominicis
2964 2161 3271 2231 composuit
3313 2171 3577 2213 sermones
3602 2169 3727 2208 sexa-

2195 2257 2344 2325 ginta
2388 2271 2613 2322 novem,
2639 2255 2905 2312 ltomclias
2945 2268 3159 2311 centum
3207 2254 3580 2327 quinquaginta
3605 2249 3728 2320 quin-

2195 2365 2319 2419 que.
2354 2370 2372 2402 ι
2406 2351 2613 2418 Quibus
2648 2351 2830 2405 verbis
2878 2365 3001 2405 cum
3054 2350 3248 2405 Petrus
3287 2349 3549 2403 Diaconus
3585 2342 3730 2412 plurfs

2194 2461 2476 2501 sermones
2525 2445 2882 2515 homiliasque
2921 2445 2980 2499 S.
3030 2445 3304 2511 Brunoni,
3354 2438 3602 2512 Signieusi
3637 2435 3725 2503 epi-

2195 2553 2382 2609 scopo,
2414 2537 2694 2604 attribuat,
2726 2552 2888 2607 quam
2916 2552 3037 2605 cap.
3087 2536 3156 2589 54
3198 2536 3277 2591 De
3306 2534 3434 2589 viris
3475 2527 3726 2583 illustribus

2199 2637 2511 2693 recenseat,
2548 2629 2817 2699 simulque
2844 2644 2962 2684 sase
2984 2630 3168 2683 omnia
3193 2670 3207 2692 ,
3233 2642 3358 2699 qum
3385 2642 3413 2681 a
3443 2623 3626 2679 Sancto
3650 2619 3727 2672 hoc

2196 2721 2442 2775 antistite
2491 2719 2794 2789 composita
2845 2718 3026 2784 fuere,
3072 2735 3237 2787 opera
3291 2718 3358 2774 ad
3406 2726 3606 2770 manum
3648 2722 3728 2762 non

2196 2813 2448 2868 habuisse
2476 2813 2684 2878 innuat,
2723 2812 2837 2867 fieri
2889 2812 3043 2867 facile
3091 2820 3270 2882 potest
3304 2819 3361 2865 ut
3396 2817 3650 2862 sermones
3688 2798 3728 2851 in

2195 2907 2430 2975 Operum
2466 2905 2525 2961 S.
2572 2906 2840 2961 Brunonis
2868 2904 3216 2960 Carthnsiani
3248 2899 3567 2959 editionibus
3602 2904 3729 2961 supra

2195 2996 2511 3052 memoratis
2540 2995 2727 3051 Sancti
2760 2994 2919 3061 hujus
2949 2994 3285 3049 Patriarchaa
3311 2991 3520 3047 nomine
3545 2980 3726 3054 vulgati.

2118 3108 2162 3170 ς
2197 3098 2253 3144 ιιι
2280 3098 2336 3143 ιιι
2368 3088 2506 3159 apud
2533 3087 2753 3143 Petrum
2784 3086 3076 3141 Diaconnm
3116 3087 3168 3139 in
3198 3084 3537 3141 homiliarum
3566 3086 3731 3132 sermo-

2195 3194 2431 3251 numque
2476 3179 2533 3235 S.
2574 3180 2843 3235 llrnnouis
2882 3177 3091 3249 Signini
3123 3178 3357 3233 elencho
3388 3173 3546 3230 titulis
3575 3178 3729 3240 parum

2194 3273 2409 3327 usitatis
2428 3272 2726 3327 insolitisve
2751 3270 2926 3326 affecti
2950 3287 3053 3325 non
3082 3272 3445 3340 reperiantur,
3468 3255 3732 3320 ceucinnati

2196 3373 2376 3418 tamen
2405 3378 2531 3418 vere
2566 3363 2635 3417 ab
2675 3364 2778 3417 hoc
2822 3361 3042 3417 fuerint.
3075 3361 3298 3422 Fateor,
3338 3361 3418 3415 sic
3456 3357 3731 3412 habente.

2193 3471 2347 3521 rum,
2394 3470 2517 3509 cum
2565 3455 2816 3524 equidem
2872 3454 3124 3509 homilias
3164 3464 3553 3521 sermonesque
3592 3444 3732 3499 dictos

2192 3547 2501 3601 Brunonem
2545 3545 2886 3616 Signicnsem
2937 3546 3139 3601 habere
3180 3556 3494 3604 auctorem,
3540 3554 3569 3594 e
3605 3536 3733 3590 Petro

2194 3637 2430 3691 Diacono
2456 3645 2687 3701 certum,
2721 3646 2781 3689 ut
2806 3634 2920 3705 jam
2947 3635 3176 3699 dictum,
3210 3652 3320 3692 non
3349 3635 3441 3697 sit,
3468 3629 3732 3695 fuerintque

2190 3742 2256 3783 ex
2294 3727 2405 3796 jam
2453 3744 2615 3799 supra
2658 3729 2816 3783 dictis
2850 3730 3013 3784 iidem
3064 3740 3175 3784 tam
3229 3731 3284 3784 in
3325 3726 3594 3785 codicibus
3627 3731 3732 3774 mss.

2194 3821 2468 3892 antiquis,
2499 3822 2623 3891 qui,
2661 3837 2781 3891 qua:
2826 3821 2885 3877 S.
2935 3820 3206 3878 Brunonis
3242 3816 3580 3878 Carthusiani
3612 3819 3733 3869 certo

2190 3921 2350 3977 sunt,
2397 3926 2563 3983 opera
2612 3913 3136 3983 complectebautur,
3186 3929 3354 3983 quam
3405 3913 3457 3966 in
3499 3903 3733 3965 codicibus

2189 4005 2377 4061 itidem
2413 4022 2545 4062 mss.
2578 4007 2848 4076 antiquis,
2895 4007 3009 4077 qui,
3039 4022 3176 4078 quas
3213 4021 3377 4063 nemo
3418 3998 3635 4058 Brunoni
3663 3992 3731 4049 Si-

2189 4097 2354 4169 gnino
2398 4106 2587 4168 negat,
2642 4098 3045 4154 lucubrationes
3095 4101 3485 4162 continebant,
3540 4086 3734 4162 reperti,

2189 4190 2366 4245 sintne
2398 4190 2523 4244 huic
2563 4190 2764 4246 Sancto
2794 4207 2860 4245 cx
2901 4192 3093 4247 ordine
3129 4190 3488 4247 llencdictino
3521 4178 3735 4257 prmsuli.

2189 4299 2254 4336 an
2279 4282 2458 4352 potius
2483 4282 2541 4336 S.
2567 4270 2828 4349 Brunoni,
2858 4284 3351 4340 Carthttsiauorum
3381 4277 3656 4340 institutori
3677 4282 3736 4325 al-

2191 4374 2483 4437 lribncndi,
2510 4385 2692 4430 manet
2720 4375 2896 4431 adlmc
2924 4377 3165 4430 dubium.

497 4450 602 4501 cim
646 4449 1033 4520 complectens,
1076 4469 1093 4501 ι
1125 4451 1198 4505 De
1237 4452 1569 4506 ornamentis
1623 4450 1898 4516 Ecclesia,
1935 4470 1954 4502 ι
2021 4467 2084 4505 ac

2261 4462 2384 4516 7l0.
2443 4462 2550 4517 Nec
2590 4475 2672 4519 est
2723 4467 2864 4533 quod
2908 4481 3172 4535 reponas,
3216 4477 3473 4521 constare
3511 4461 3680 4517 saltent
3716 4469 3739 4505 e

500 4540 690 4595 tertius
716 4542 966 4612 denique,
1000 4542 1268 4613 capitibus
1297 4543 1484 4599 decem
1516 4544 1801 4607 discretus,
1826 4544 1901 4598 De
1929 4544 2085 4599 novis

499 4631 836 4699 inscribitur,
895 4650 924 4687 a
974 4634 1034 4689 S.
1075 4636 1349 4701 Brunone,
1403 4637 1630 4708 Signino
1670 4652 1762 4691 seu
1813 4637 2084 4707 Signiensi

496 4723 770 4796 episcopo,
826 4730 994 4783 luisse
1023 4730 1197 4798 reipsa
1249 4739 1553 4795 contextos,
1608 4712 2081 4785 verosimillimum

495 4831 529 4871 e
578 4816 877 4887 titulorum,
939 4829 1341 4891 argumentum,
1406 4822 1548 4891 quod
1607 4829 1859 4887 tractant,
1901 4823 2084 4891 expri-

497 4909 783 4977 mentium,
835 4911 1119 4967 insolentia
1169 4927 1266 4967 seu
1316 4913 1584 4975 novitate,
1665 4913 1806 4983 apud
1859 4914 2080 4969 Pcw-um

494 5005 793 5061 .Diaconum
826 5022 1040 5079 quoque
1072 5008 1162 5064 hic
1207 5015 1547 5069 occurrente,
1580 5016 1824 5077 apparet.
1858 5009 2078 5074 Verum,

493 5096 638 5166 quod
663 5097 730 5151 ad
755 5098 973 5161 librum,
1004 5102 1094 5169 qui
1124 5117 1142 5150 ι
1175 5098 1249 5153 De
1275 5097 1657 5153 festivitatibus
1678 5099 2028 5153 festivitatum
2058 5119 2075 5151 ι

492 5190 843 5258 inscribitur,
894 5199 1134 5261 spectat,
1188 5207 1310 5246 cum
1357 5191 1469 5256 hic,
1525 5201 1686 5263 prout
1738 5191 1851 5247 sive
1894 5191 2078 5246 Sancti

492 5282 664 5338 nostri
705 5284 821 5340 sive
871 5283 1141 5339 Brunonis
1200 5282 1409 5354 Signini
1452 5283 1671 5338 nomine
1732 5291 1816 5337 est
1868 5284 2074 5346 editus,

490 5388 783 5434 sermones
796 5393 900 5433 non
925 5393 1149 5447 paucos,
1181 5392 1316 5447 quos
1347 5391 1523 5446 neque
1550 5391 1616 5430 ex
1636 5374 1790 5430 titulo
1814 5375 2075 5446 singulari

490 5487 587 5524 seu
637 5486 827 5532 parum
873 5468 1108 5543 vulgari,
1165 5467 1256 5538 qui
1309 5468 1450 5537 apud
1511 5454 1754 5521 Petrunf
1778 5467 2076 5523 Diaconum

488 5575 707 5629 quoque
756 5561 873 5616 loco
900 5565 1147 5631 proxime
1172 5560 1262 5615 cit.
1320 5566 1595 5624 Occurrat,
1642 5572 1817 5628 neque
1861 5558 2077 5613 aliunde

489 5653 663 5705 sancti
724 5652 870 5707 illius
921 5653 1178 5707 antistitis
1243 5667 1362 5707 esse
1416 5658 1565 5706 certo
1623 5658 1866 5718 constat,
1928 5664 2076 5703 cout-

490 5741 781 5815 plectatur,
818 5746 997 5804 sintne
1038 5746 1164 5802 huic
1194 5746 1288 5814 illi,
1335 5761 1401 5801 an
1440 5743 1641 5802 Sancto
1682 5751 1869 5799 nostro
1916 5742 2075 5799 attri-

2190 4554 2353 4609 l'ctro
2404 4554 2673 4619 Diacono,
2731 4557 2911 4626 plures
2957 4557 3124 4612 fuisse
3174 4573 3202 4610 a
3256 4558 3508 4612 Brunouc
3550 4549 3738 4621 Signina

2188 4659 2470 4700 sermones
2500 4647 2863 4716 compositos,
2916 4662 3119 4716 eosque
3165 4649 3424 4717 proinde,
3475 4649 3540 4701 de
3575 4641 3738 4713 quibus

2187 4740 2276 4794 hic
2328 4740 2679 4806 disserimus,
2730 4741 2856 4795 huic
2902 4742 3083 4810 potius
3129 4757 3280 4808 esse,
3326 4756 3489 4813 quam
3536 4730 3735 4793 linmoai

2184 4830 2547 4885 Cartliusiauo
2598 4831 2950 4886 ascribendos
2994 4848 3007 4886 :
3069 4832 3150 4886 uti
3189 4833 3369 4898 enim,
3419 4833 3545 4902 quin
3590 4827 3738 4881 Bruti“

2186 4915 2485 4988 Siguiensis
2520 4916 2733 4987 plures,
2763 4917 2872 4971 imo
2902 4917 3164 4988 plurimos
3215 4933 3500 4974 sermones
3550 4910 3736 4969 concin-

2185 5008 2346 5071 nnrit,
2378 5007 2758 5078 ambigendum
2787 5024 2892 5063 non
2923 5019 3039 5076 est,
3070 5011 3142 5065 ita
3175 5027 3308 5077 nec,
3340 5010 3473 5083 quin
3507 5007 3556 5064 id
3586 5006 3738 5060 Bruno

2186 5109 2371 5154 noster
2401 5099 2591 5155 iecerit
2611 5139 2627 5160 .
2656 5102 2900 5155 revocari
2932 5111 3110 5171 potest
3136 5104 3188 5157 in
3216 5104 3461 5158 dubium.
3501 5101 3574 5156 ita
3608 5091 3737 5150 colli-

2181 5193 2415 5263 gendum
2458 5188 2584 5246 reor
2610 5207 2642 5246 e
2682 5190 2866 5248 Sancti
2911 5202 3021 5249 tum
3060 5195 3381 5265 Epitaphio,
3426 5204 3538 5249 tum
3585 5181 3738 5244 Titulo

2183 5280 2433 5344 funebri,
2483 5280 2626 5335 inter
2674 5283 3011 5339 recudendos
3064 5285 3194 5351 166;
3236 5286 3287 5340 in
3342 5283 3510 5355 priori
3550 5279 3680 5335 enim
3713 5288 3737 5323 ε

2182 5370 2324 5425 hinis
2367 5370 2517 5425 hisce
2562 5374 2931 5428 monumentis
2975 5375 3249 5446 antiquis,
3302 5375 3449 5444 quod
3498 5366 3737 5427 Brunonis

2183 5464 2387 5520 tumulo
2422 5464 2522 5519 fuit
2557 5466 2875 5536 ascriptum,
2916 5466 3149 5525 Sanctus
3173 5471 3259 5526 hic
3277 5468 3736 5526 Cartliusiauortuit

2179 5555 2464 5609 lnstitutor
2494 5555 2567 5609 ita
2599 5555 2828 5625 loquens
2856 5557 3134 5614 inducitur
3162 5575 3177 5614 :
3338 5540 3341 5545 i

2249 5646 2464 5702 Primus
2492 5649 2545 5700 in
2567 5647 2666 5702 hac
2687 5664 2859 5703 eremo
2883 5648 3079 5704 Clariin
3120 5653 3376 5721 fundator
3404 5651 3572 5705 erilis.

2324 5737 2600 5794 Promcrtti
2626 5739 2765 5809 ﬁeri,
2805 5741 2894 5811 qui
2923 5751 3069 5812 tcgor
3091 5745 3186 5799 hoc
3212 5744 3405 5804 lapide.
