  <div class='ocr_page' id='page_1' title='image "/cluster/home/n/w/nwhite01/storage/ocr_20150623/152/hvd.32044015473804/224.png"; bbox 0 0 3846 6316; ppageno 0'>
   <div class='ocr_carea' id='block_1_1' title="bbox 130 362 225 417">
    <p class='ocr_par' dir='ltr' id='par_1_1' title="bbox 130 362 225 417">
     <span class='ocr_line' id='line_1_1' title="bbox 130 362 225 417; baseline -0.021 0"><span class='ocrx_word' id='word_1_1' title='bbox 130 362 225 417; x_wconf 65' lang='grc'><strong>437</strong></span> 
     </span>
    </p>
   </div>
   <div class='ocr_carea' id='block_1_2' title="bbox 195 473 1526 545">
    <p class='ocr_par' dir='ltr' id='par_1_2' title="bbox 195 473 1526 545">
     <span class='ocr_line' id='line_1_2' title="bbox 195 473 1526 545; baseline -0.007 -14"><span class='ocrx_word' id='word_1_2' title='bbox 195 479 356 531; x_wconf 79' lang='lat' dir='ltr'><strong>Bruno</strong></span> <span class='ocrx_word' id='word_1_3' title='bbox 378 476 499 531; x_wconf 82' lang='lat' dir='ltr'><strong>mihi</strong></span> <span class='ocrx_word' id='word_1_4' title='bbox 532 492 742 540; x_wconf 82' lang='lat' dir='ltr'><strong>nomen,</strong></span> <span class='ocrx_word' id='word_1_5' title='bbox 768 475 992 545; x_wconf 77' lang='lat' dir='ltr'><strong>geniter</strong></span> <span class='ocrx_word' id='word_1_6' title='bbox 1023 473 1318 539; x_wconf 73' lang='lat' dir='ltr'><strong>Alemnuia,</strong></span> <span class='ocrx_word' id='word_1_7' title='bbox 1346 486 1526 540; x_wconf 78' lang='lat' dir='ltr'><strong>meque</strong></span> 
     </span>
    </p>
   </div>
   <div class='ocr_carea' id='block_1_3' title="bbox 262 564 1462 634">
    <p class='ocr_par' dir='ltr' id='par_1_3' title="bbox 262 564 1462 634">
     <span class='ocr_line' id='line_1_3' title="bbox 262 564 1462 634; baseline -0.003 -15"><span class='ocrx_word' id='word_1_8' title='bbox 262 566 535 619; x_wconf 77' lang='lat' dir='ltr'><strong>Transtulit</strong></span> <span class='ocrx_word' id='word_1_9' title='bbox 562 567 630 619; x_wconf 85' lang='lat' dir='ltr'><strong>ad</strong></span> <span class='ocrx_word' id='word_1_10' title='bbox 655 564 910 619; x_wconf 78' lang='lat' dir='ltr'><strong>Calabros</strong></span> <span class='ocrx_word' id='word_1_11' title='bbox 941 576 1092 634; x_wconf 78' lang='lat' dir='ltr'><strong>grata</strong></span> <span class='ocrx_word' id='word_1_12' title='bbox 1122 564 1265 633; x_wconf 82' lang='lat' dir='ltr'><strong>quies</strong></span> <span class='ocrx_word' id='word_1_13' title='bbox 1285 564 1462 616; x_wconf 80' lang='lat' dir='ltr'><strong>eremi.</strong></span> 
     </span>
    </p>
   </div>
   <div class='ocr_carea' id='block_1_4' title="bbox 193 652 1643 723">
    <p class='ocr_par' dir='ltr' id='par_1_4' title="bbox 193 652 1643 723">
     <span class='ocr_line' id='line_1_4' title="bbox 193 652 1643 723; baseline -0.003 -14"><span class='ocrx_word' id='word_1_14' title='bbox 193 657 368 709; x_wconf 83' lang='lat' dir='ltr'><strong>Doctor</strong></span> <span class='ocrx_word' id='word_1_15' title='bbox 389 670 533 709; x_wconf 83' lang='lat' dir='ltr'><strong>eram</strong></span> <span class='ocrx_word' id='word_1_16' title='bbox 552 695 568 720; x_wconf 97' lang='lat'><strong>,</strong></span> <span class='ocrx_word' id='word_1_17' title='bbox 590 672 762 722; x_wconf 67' lang='lat' dir='ltr'><strong>prrcro</strong></span> <span class='ocrx_word' id='word_1_18' title='bbox 795 652 1013 719; x_wconf 79' lang='lat' dir='ltr'><strong>Christi,</strong></span> <span class='ocrx_word' id='word_1_19' title='bbox 1044 663 1150 708; x_wconf 91' lang='lat' dir='ltr'><strong>etc.</strong></span> <span class='ocrx_word' id='word_1_20' title='bbox 1628 712 1643 723; x_wconf 33' lang='grc' dir='ltr'><strong><em>η</em></strong></span> 
     </span>
    </p>
   </div>
   <div class='ocr_carea' id='block_1_5' title="bbox 125 746 1688 822">
    <p class='ocr_par' dir='ltr' id='par_1_5' title="bbox 125 746 1688 822">
     <span class='ocr_line' id='line_1_5' title="bbox 125 746 1688 822; baseline -0.003 -16"><span class='ocrx_word' id='word_1_21' title='bbox 125 756 174 806; x_wconf 86' lang='lat' dir='ltr'><strong>lu</strong></span> <span class='ocrx_word' id='word_1_22' title='bbox 215 751 484 821; x_wconf 71' lang='lat' dir='ltr'><strong>posteriori</strong></span> <span class='ocrx_word' id='word_1_23' title='bbox 532 766 694 816; x_wconf 84' lang='lat' dir='ltr'><strong>vero,</strong></span> <span class='ocrx_word' id='word_1_24' title='bbox 742 767 851 822; x_wconf 91' lang='lat' dir='ltr'><strong>quo</strong></span> <span class='ocrx_word' id='word_1_25' title='bbox 882 749 1290 818; x_wconf 83' lang='lat' dir='ltr'><strong>Andegavcnsis</strong></span> <span class='ocrx_word' id='word_1_26' title='bbox 1341 746 1402 803; x_wconf 88' lang='grc'><strong>8.</strong></span> <span class='ocrx_word' id='word_1_27' title='bbox 1446 746 1688 803; x_wconf 84' lang='lat' dir='ltr'><strong>Mauricii</strong></span> 
     </span>
    </p>
   </div>
   <div class='ocr_carea' id='block_1_6' title="bbox 125 843 1686 914">
    <p class='ocr_par' dir='ltr' id='par_1_6' title="bbox 125 843 1686 914">
     <span class='ocr_line' id='line_1_6' title="bbox 125 843 1686 914; baseline -0.003 -17"><span class='ocrx_word' id='word_1_28' title='bbox 125 845 331 900; x_wconf 79' lang='lat' dir='ltr'><strong>ecclesia</strong></span> <span class='ocrx_word' id='word_1_29' title='bbox 358 845 564 900; x_wconf 90' lang='lat' dir='ltr'><strong>Sancto</strong></span> <span class='ocrx_word' id='word_1_30' title='bbox 593 854 779 899; x_wconf 90' lang='lat' dir='ltr'><strong>nostro</strong></span> <span class='ocrx_word' id='word_1_31' title='bbox 805 843 1131 914; x_wconf 90' lang='lat' dir='ltr'><strong>parentavit,</strong></span> <span class='ocrx_word' id='word_1_32' title='bbox 1166 858 1397 912; x_wconf 87' lang='lat' dir='ltr'><strong>sequens</strong></span> <span class='ocrx_word' id='word_1_33' title='bbox 1427 858 1532 895; x_wconf 88' lang='lat' dir='ltr'><strong>una</strong></span> <span class='ocrx_word' id='word_1_34' title='bbox 1565 857 1686 895; x_wconf 90' lang='lat' dir='ltr'><strong>cum</strong></span> 
     </span>
    </p>
   </div>
   <div class='ocr_carea' id='block_1_7' title="bbox 125 932 1684 1006">
    <p class='ocr_par' dir='ltr' id='par_1_7' title="bbox 125 932 1684 1006">
     <span class='ocr_line' id='line_1_7' title="bbox 125 932 1684 1006; baseline -0.004 -15"><span class='ocrx_word' id='word_1_35' title='bbox 125 937 287 991; x_wconf 84' lang='lat' dir='ltr'><strong>multis</strong></span> <span class='ocrx_word' id='word_1_36' title='bbox 308 937 424 991; x_wconf 89' lang='lat' dir='ltr'><strong>aliis</strong></span> <span class='ocrx_word' id='word_1_37' title='bbox 448 937 515 992; x_wconf 89' lang='lat' dir='ltr'><strong>de</strong></span> <span class='ocrx_word' id='word_1_38' title='bbox 543 936 603 992; x_wconf 91' lang='grc'><strong>8.</strong></span> <span class='ocrx_word' id='word_1_39' title='bbox 632 936 886 989; x_wconf 90' lang='lat' dir='ltr'><strong>Brunone</strong></span> <span class='ocrx_word' id='word_1_40' title='bbox 912 935 1106 1006; x_wconf 85' lang='lat' dir='ltr'><strong>legitur</strong></span> <span class='ocrx_word' id='word_1_41' title='bbox 1129 934 1425 989; x_wconf 78' lang='lat' dir='ltr'><strong>versiculus</strong></span> <span class='ocrx_word' id='word_1_42' title='bbox 1451 951 1464 986; x_wconf 90' lang='lat'><strong>:</strong></span> <span class='ocrx_word' id='word_1_43' title='bbox 1499 952 1517 985; x_wconf 73' lang='grc' dir='ltr'>ι</span> <span class='ocrx_word' id='word_1_44' title='bbox 1550 932 1684 986; x_wconf 83' lang='lat' dir='ltr'><strong>Mul-</strong></span> 
     </span>
    </p>
   </div>
   <div class='ocr_carea' id='block_1_8' title="bbox 128 1026 1688 1097">
    <p class='ocr_par' dir='ltr' id='par_1_8' title="bbox 128 1026 1688 1097">
     <span class='ocr_line' id='line_1_8' title="bbox 128 1026 1688 1097; baseline -0.003 -15"><span class='ocrx_word' id='word_1_45' title='bbox 128 1040 199 1083; x_wconf 79' lang='lat' dir='ltr'><strong>tos</strong></span> <span class='ocrx_word' id='word_1_46' title='bbox 240 1043 511 1084; x_wconf 87' lang='lat' dir='ltr'><strong>sermones</strong></span> <span class='ocrx_word' id='word_1_47' title='bbox 561 1027 797 1081; x_wconf 77' lang='lat' dir='ltr'><strong>faciebat</strong></span> <span class='ocrx_word' id='word_1_48' title='bbox 842 1043 939 1096; x_wconf 89' lang='lat' dir='ltr'><strong>per</strong></span> <span class='ocrx_word' id='word_1_49' title='bbox 989 1026 1256 1097; x_wconf 79' lang='lat' dir='ltr'><strong>regiones.</strong></span> <span class='ocrx_word' id='word_1_50' title='bbox 1310 1045 1329 1077; x_wconf 72' lang='grc' dir='ltr'>ι</span> <span class='ocrx_word' id='word_1_51' title='bbox 1378 1026 1510 1080; x_wconf 89' lang='lat' dir='ltr'><strong>Cum</strong></span> <span class='ocrx_word' id='word_1_52' title='bbox 1559 1040 1688 1094; x_wconf 85' lang='lat' dir='ltr'><strong>ergo</strong></span> 
     </span>
    </p>
   </div>
   <div class='ocr_carea' id='block_1_9' title="bbox 126 1116 1686 1189">
    <p class='ocr_par' dir='ltr' id='par_1_9' title="bbox 126 1116 1686 1189">
     <span class='ocr_line' id='line_1_9' title="bbox 126 1116 1686 1189; baseline -0.003 -15"><span class='ocrx_word' id='word_1_53' title='bbox 126 1123 335 1177; x_wconf 77' lang='lat' dir='ltr'><strong>Sanctus</strong></span> <span class='ocrx_word' id='word_1_54' title='bbox 377 1129 597 1189; x_wconf 86' lang='lat' dir='ltr'><strong>uoster,</strong></span> <span class='ocrx_word' id='word_1_55' title='bbox 648 1121 725 1173; x_wconf 91' lang='lat' dir='ltr'><strong>uti</strong></span> <span class='ocrx_word' id='word_1_56' title='bbox 766 1135 796 1173; x_wconf 90' lang='lat' dir='ltr'><strong>e</strong></span> <span class='ocrx_word' id='word_1_57' title='bbox 834 1120 946 1189; x_wconf 92' lang='lat' dir='ltr'><strong>jam</strong></span> <span class='ocrx_word' id='word_1_58' title='bbox 986 1119 1262 1185; x_wconf 90' lang='lat' dir='ltr'><strong>recitatis,</strong></span> <span class='ocrx_word' id='word_1_59' title='bbox 1310 1133 1429 1187; x_wconf 70' lang='lat' dir='ltr'><strong>qua:</strong></span> <span class='ocrx_word' id='word_1_60' title='bbox 1464 1116 1686 1186; x_wconf 61' lang='lat' dir='ltr'><strong>pra-fata</strong></span> 
     </span>
    </p>
   </div>
   <div class='ocr_carea' id='block_1_10' title="bbox 123 1210 1687 1281">
    <p class='ocr_par' dir='ltr' id='par_1_10' title="bbox 123 1210 1687 1281">
     <span class='ocr_line' id='line_1_10' title="bbox 123 1210 1687 1281; baseline -0.004 -12"><span class='ocrx_word' id='word_1_61' title='bbox 123 1216 235 1269; x_wconf 87' lang='lat' dir='ltr'><strong>bina</strong></span> <span class='ocrx_word' id='word_1_62' title='bbox 270 1221 621 1268; x_wconf 90' lang='lat' dir='ltr'><strong>monumenta</strong></span> <span class='ocrx_word' id='word_1_63' title='bbox 673 1212 893 1281; x_wconf 89' lang='lat' dir='ltr'><strong>antiqua</strong></span> <span class='ocrx_word' id='word_1_64' title='bbox 940 1212 1315 1281; x_wconf 76' lang='lat' dir='ltr'><strong>suppeditant,</strong></span> <span class='ocrx_word' id='word_1_65' title='bbox 1367 1210 1687 1265; x_wconf 90' lang='lat' dir='ltr'><strong>testimoniis</strong></span> 
     </span>
    </p>
   </div>
   <div class='ocr_carea' id='block_1_11' title="bbox 122 1300 1687 1374">
    <p class='ocr_par' dir='ltr' id='par_1_11' title="bbox 122 1300 1687 1374">
     <span class='ocr_line' id='line_1_11' title="bbox 122 1300 1687 1374; baseline -0.004 -12"><span class='ocrx_word' id='word_1_66' title='bbox 122 1307 444 1363; x_wconf 78' lang='lat' dir='ltr'><strong>manifestum</strong></span> <span class='ocrx_word' id='word_1_67' title='bbox 473 1315 591 1368; x_wconf 87' lang='lat' dir='ltr'><strong>est,</strong></span> <span class='ocrx_word' id='word_1_68' title='bbox 627 1319 930 1374; x_wconf 65' lang='lat' dir='ltr'><strong>praeconem</strong></span> <span class='ocrx_word' id='word_1_69' title='bbox 974 1303 1174 1358; x_wconf 81' lang='lat' dir='ltr'><strong>Christi</strong></span> <span class='ocrx_word' id='word_1_70' title='bbox 1207 1302 1405 1371; x_wconf 85' lang='lat' dir='ltr'><strong>egerit,</strong></span> <span class='ocrx_word' id='word_1_71' title='bbox 1436 1300 1687 1355; x_wconf 90' lang='lat' dir='ltr'><strong>dubitan-</strong></span> 
     </span>
    </p>
   </div>
   <div class='ocr_carea' id='block_1_12' title="bbox 122 1396 1685 1468">
    <p class='ocr_par' dir='ltr' id='par_1_12' title="bbox 122 1396 1685 1468">
     <span class='ocr_line' id='line_1_12' title="bbox 122 1396 1685 1468; baseline -0.001 -18"><span class='ocrx_word' id='word_1_72' title='bbox 122 1400 231 1451; x_wconf 86' lang='lat' dir='ltr'><strong>dum</strong></span> <span class='ocrx_word' id='word_1_73' title='bbox 248 1414 341 1452; x_wconf 87' lang='lat' dir='ltr'><strong>non</strong></span> <span class='ocrx_word' id='word_1_74' title='bbox 371 1409 478 1464; x_wconf 91' lang='lat' dir='ltr'><strong>cst,</strong></span> <span class='ocrx_word' id='word_1_75' title='bbox 507 1403 639 1467; x_wconf 88' lang='lat' dir='ltr'><strong>quin</strong></span> <span class='ocrx_word' id='word_1_76' title='bbox 665 1413 943 1454; x_wconf 74' lang='lat' dir='ltr'><strong>sermones</strong></span> <span class='ocrx_word' id='word_1_77' title='bbox 967 1399 1153 1462; x_wconf 90' lang='lat' dir='ltr'><strong>etiam,</strong></span> <span class='ocrx_word' id='word_1_78' title='bbox 1184 1414 1321 1468; x_wconf 91' lang='lat' dir='ltr'><strong>quos</strong></span> <span class='ocrx_word' id='word_1_79' title='bbox 1343 1399 1409 1452; x_wconf 88' lang='lat' dir='ltr'><strong>ad</strong></span> <span class='ocrx_word' id='word_1_80' title='bbox 1433 1396 1685 1467; x_wconf 88' lang='lat' dir='ltr'><strong>populum</strong></span> 
     </span>
    </p>
   </div>
   <div class='ocr_carea' id='block_1_13' title="bbox 120 1487 1686 1553">
    <p class='ocr_par' dir='ltr' id='par_1_13' title="bbox 120 1487 1686 1553">
     <span class='ocr_line' id='line_1_13' title="bbox 120 1487 1686 1553; baseline 0.002 -15"><span class='ocrx_word' id='word_1_81' title='bbox 120 1489 257 1551; x_wconf 70' lang='lat' dir='ltr'><strong>dixit,</strong></span> <span class='ocrx_word' id='word_1_82' title='bbox 283 1488 656 1542; x_wconf 89' lang='lat' dir='ltr'><strong>conciunarit.</strong></span> <span class='ocrx_word' id='word_1_83' title='bbox 689 1487 841 1553; x_wconf 86' lang='lat' dir='ltr'><strong>Quod</strong></span> <span class='ocrx_word' id='word_1_84' title='bbox 873 1503 997 1542; x_wconf 90' lang='lat' dir='ltr'><strong>cum</strong></span> <span class='ocrx_word' id='word_1_85' title='bbox 1032 1488 1106 1541; x_wconf 90' lang='lat' dir='ltr'><strong>ita</strong></span> <span class='ocrx_word' id='word_1_86' title='bbox 1156 1489 1225 1541; x_wconf 81' lang='lat' dir='ltr'><strong>sit</strong></span> <span class='ocrx_word' id='word_1_87' title='bbox 1247 1527 1261 1552; x_wconf 97' lang='lat'><strong>,</strong></span> <span class='ocrx_word' id='word_1_88' title='bbox 1299 1502 1404 1541; x_wconf 91' lang='lat' dir='ltr'><strong>non</strong></span> <span class='ocrx_word' id='word_1_89' title='bbox 1435 1498 1517 1541; x_wconf 89' lang='lat' dir='ltr'><strong>est</strong></span> <span class='ocrx_word' id='word_1_90' title='bbox 1557 1501 1686 1541; x_wconf 86' lang='lat' dir='ltr'><strong>sane</strong></span> 
     </span>
    </p>
   </div>
   <div class='ocr_carea' id='block_1_14' title="bbox 121 1578 1684 1650">
    <p class='ocr_par' dir='ltr' id='par_1_14' title="bbox 121 1578 1684 1650">
     <span class='ocr_line' id='line_1_14' title="bbox 121 1578 1684 1650; baseline -0.003 -16"><span class='ocrx_word' id='word_1_91' title='bbox 121 1596 224 1643; x_wconf 82' lang='lat' dir='ltr'><strong>cur,</strong></span> <span class='ocrx_word' id='word_1_92' title='bbox 252 1580 310 1633; x_wconf 89' lang='lat' dir='ltr'><strong>ob</strong></span> <span class='ocrx_word' id='word_1_93' title='bbox 334 1596 656 1634; x_wconf 84' lang='lat' dir='ltr'><strong>sermonum</strong></span> <span class='ocrx_word' id='word_1_94' title='bbox 678 1595 708 1632; x_wconf 87' lang='lat' dir='ltr'><strong>a</strong></span> <span class='ocrx_word' id='word_1_95' title='bbox 731 1578 789 1633; x_wconf 90' lang='lat' dir='ltr'><strong>S.</strong></span> <span class='ocrx_word' id='word_1_96' title='bbox 818 1580 1087 1643; x_wconf 86' lang='lat' dir='ltr'><strong>Brunone,</strong></span> <span class='ocrx_word' id='word_1_97' title='bbox 1114 1579 1385 1650; x_wconf 89' lang='lat' dir='ltr'><strong>Signiensi</strong></span> <span class='ocrx_word' id='word_1_98' title='bbox 1412 1580 1684 1648; x_wconf 87' lang='lat' dir='ltr'><strong>episcopo,</strong></span> 
     </span>
    </p>
   </div>
   <div class='ocr_carea' id='block_1_15' title="bbox 120 1670 1686 1742">
    <p class='ocr_par' dir='ltr' id='par_1_15' title="bbox 120 1670 1686 1742">
     <span class='ocr_line' id='line_1_15' title="bbox 120 1670 1686 1742; baseline -0.001 -17"><span class='ocrx_word' id='word_1_99' title='bbox 120 1672 520 1742; x_wconf 76' lang='lat' dir='ltr'><strong>compositorum</strong></span> <span class='ocrx_word' id='word_1_100' title='bbox 546 1670 965 1737; x_wconf 83' lang='lat' dir='ltr'><strong>multitudinem,</strong></span> <span class='ocrx_word' id='word_1_101' title='bbox 988 1671 1114 1726; x_wconf 88' lang='lat' dir='ltr'><strong>huic</strong></span> <span class='ocrx_word' id='word_1_102' title='bbox 1138 1672 1339 1742; x_wconf 85' lang='lat' dir='ltr'><strong>potius,</strong></span> <span class='ocrx_word' id='word_1_103' title='bbox 1364 1687 1523 1740; x_wconf 89' lang='lat' dir='ltr'><strong>quam</strong></span> <span class='ocrx_word' id='word_1_104' title='bbox 1553 1671 1686 1724; x_wconf 85' lang='lat' dir='ltr'><strong>Bru-</strong></span> 
     </span>
    </p>
   </div>
   <div class='ocr_carea' id='block_1_16' title="bbox 120 1762 1681 1830">
    <p class='ocr_par' dir='ltr' id='par_1_16' title="bbox 120 1762 1681 1830">
     <span class='ocr_line' id='line_1_16' title="bbox 120 1762 1681 1830; baseline -0.001 -13"><span class='ocrx_word' id='word_1_105' title='bbox 120 1763 229 1817; x_wconf 90' lang='lat' dir='ltr'><strong>noni</strong></span> <span class='ocrx_word' id='word_1_106' title='bbox 268 1773 456 1818; x_wconf 89' lang='lat' dir='ltr'><strong>nostro</strong></span> <span class='ocrx_word' id='word_1_107' title='bbox 500 1763 861 1818; x_wconf 89' lang='lat' dir='ltr'><strong>attribuamus</strong></span> <span class='ocrx_word' id='word_1_108' title='bbox 905 1764 1079 1819; x_wconf 89' lang='lat' dir='ltr'><strong>editos</strong></span> <span class='ocrx_word' id='word_1_109' title='bbox 1107 1762 1264 1830; x_wconf 85' lang='lat' dir='ltr'><strong>hujus</strong></span> <span class='ocrx_word' id='word_1_110' title='bbox 1310 1764 1526 1818; x_wconf 88' lang='lat' dir='ltr'><strong>nomine</strong></span> <span class='ocrx_word' id='word_1_111' title='bbox 1564 1779 1681 1817; x_wconf 83' lang='lat' dir='ltr'><strong>ser-</strong></span> 
     </span>
    </p>
   </div>
   <div class='ocr_carea' id='block_1_17' title="bbox 121 1854 1686 1925">
    <p class='ocr_par' dir='ltr' id='par_1_17' title="bbox 121 1854 1686 1925">
     <span class='ocr_line' id='line_1_17' title="bbox 121 1854 1686 1925; baseline 0.001 -20"><span class='ocrx_word' id='word_1_112' title='bbox 121 1870 304 1919; x_wconf 85' lang='lat' dir='ltr'><strong>mones,</strong></span> <span class='ocrx_word' id='word_1_113' title='bbox 324 1855 417 1923; x_wconf 89' lang='lat' dir='ltr'><strong>qui</strong></span> <span class='ocrx_word' id='word_1_114' title='bbox 453 1854 644 1919; x_wconf 87' lang='lat' dir='ltr'><strong>titulis,</strong></span> <span class='ocrx_word' id='word_1_115' title='bbox 676 1865 1051 1925; x_wconf 80' lang='lat' dir='ltr'><strong>argumentum</strong></span> <span class='ocrx_word' id='word_1_116' title='bbox 1085 1855 1227 1924; x_wconf 87' lang='lat' dir='ltr'><strong>quod</strong></span> <span class='ocrx_word' id='word_1_117' title='bbox 1253 1863 1483 1908; x_wconf 79' lang='lat' dir='ltr'><strong>tractant</strong></span> <span class='ocrx_word' id='word_1_118' title='bbox 1512 1855 1686 1923; x_wconf 76' lang='lat' dir='ltr'><strong>expri-</strong></span> 
     </span>
    </p>
   </div>
   <div class='ocr_carea' id='block_1_18' title="bbox 120 1944 1686 2015">
    <p class='ocr_par' dir='ltr' id='par_1_18' title="bbox 120 1944 1686 2015">
     <span class='ocr_line' id='line_1_18' title="bbox 120 1944 1686 2015; baseline 0.002 -19"><span class='ocrx_word' id='word_1_119' title='bbox 120 1944 643 2009; x_wconf 82' lang='lat' dir='ltr'><strong>mentibus,insolitis</strong></span> <span class='ocrx_word' id='word_1_120' title='bbox 665 1959 756 1999; x_wconf 90' lang='lat' dir='ltr'><strong>seu</strong></span> <span class='ocrx_word' id='word_1_121' title='bbox 781 1960 971 2015; x_wconf 86' lang='lat' dir='ltr'><strong>parum</strong></span> <span class='ocrx_word' id='word_1_122' title='bbox 1004 1944 1313 2014; x_wconf 72' lang='lat' dir='ltr'><strong>vulgaribus</strong></span> <span class='ocrx_word' id='word_1_123' title='bbox 1334 1946 1475 1999; x_wconf 75' lang='lat' dir='ltr'><strong>haud</strong></span> <span class='ocrx_word' id='word_1_124' title='bbox 1499 1946 1686 2000; x_wconf 84' lang='lat' dir='ltr'><strong>distiu-</strong></span> 
     </span>
    </p>
   </div>
   <div class='ocr_carea' id='block_1_19' title="bbox 120 2042 353 2103">
    <p class='ocr_par' dir='ltr' id='par_1_19' title="bbox 120 2042 353 2103">
     <span class='ocr_line' id='line_1_19' title="bbox 120 2042 353 2103; baseline 0.009 -18"><span class='ocrx_word' id='word_1_125' title='bbox 120 2042 353 2103; x_wconf 75' lang='lat' dir='ltr'><strong>guunlur.</strong></span> 
     </span>
    </p>
   </div>
   <div class='ocr_carea' id='block_1_20' title="bbox 177 2123 1687 2196">
    <p class='ocr_par' dir='ltr' id='par_1_20' title="bbox 177 2123 1687 2196">
     <span class='ocr_line' id='line_1_20' title="bbox 177 2123 1687 2196; baseline 0.001 -19"><span class='ocrx_word' id='word_1_126' title='bbox 177 2124 292 2178; x_wconf 78' lang='lat' dir='ltr'><strong>7H.</strong></span> <span class='ocrx_word' id='word_1_127' title='bbox 324 2123 536 2194; x_wconf 81' lang='lat' dir='ltr'><strong>Reponi</strong></span> <span class='ocrx_word' id='word_1_128' title='bbox 568 2126 784 2195; x_wconf 81' lang='lat' dir='ltr'><strong>quidem</strong></span> <span class='ocrx_word' id='word_1_129' title='bbox 816 2134 1012 2194; x_wconf 87' lang='lat' dir='ltr'><strong>potest,</strong></span> <span class='ocrx_word' id='word_1_130' title='bbox 1046 2141 1328 2181; x_wconf 83' lang='lat' dir='ltr'><strong>sermones</strong></span> <span class='ocrx_word' id='word_1_131' title='bbox 1364 2141 1500 2196; x_wconf 84' lang='lat' dir='ltr'><strong>quos</strong></span> <span class='ocrx_word' id='word_1_132' title='bbox 1550 2125 1687 2181; x_wconf 89' lang='lat' dir='ltr'><strong>San-</strong></span> 
     </span>
    </p>
   </div>
   <div class='ocr_carea' id='block_1_21' title="bbox 121 2215 1688 2287">
    <p class='ocr_par' dir='ltr' id='par_1_21' title="bbox 121 2215 1688 2287">
     <span class='ocr_line' id='line_1_21' title="bbox 121 2215 1688 2287; baseline 0.001 -16"><span class='ocrx_word' id='word_1_133' title='bbox 121 2228 219 2271; x_wconf 82' lang='lat' dir='ltr'><strong>ctus</strong></span> <span class='ocrx_word' id='word_1_134' title='bbox 258 2215 323 2270; x_wconf 83' lang='lat' dir='ltr'><strong>ad</strong></span> <span class='ocrx_word' id='word_1_135' title='bbox 374 2215 635 2286; x_wconf 88' lang='lat' dir='ltr'><strong>populum</strong></span> <span class='ocrx_word' id='word_1_136' title='bbox 678 2216 903 2283; x_wconf 85' lang='lat' dir='ltr'><strong>habuit,</strong></span> <span class='ocrx_word' id='word_1_137' title='bbox 940 2231 1046 2269; x_wconf 88' lang='lat' dir='ltr'><strong>non</strong></span> <span class='ocrx_word' id='word_1_138' title='bbox 1097 2215 1280 2287; x_wconf 79' lang='lat' dir='ltr'><strong>lingua</strong></span> <span class='ocrx_word' id='word_1_139' title='bbox 1328 2216 1554 2281; x_wconf 89' lang='lat' dir='ltr'><strong>Latina,</strong></span> <span class='ocrx_word' id='word_1_140' title='bbox 1594 2217 1688 2272; x_wconf 90' lang='lat' dir='ltr'><strong>sed</strong></span> 
     </span>
    </p>
   </div>
   <div class='ocr_carea' id='block_1_22' title="bbox 122 2305 1685 2377">
    <p class='ocr_par' dir='ltr' id='par_1_22' title="bbox 122 2305 1685 2377">
     <span class='ocr_line' id='line_1_22' title="bbox 122 2305 1685 2377; baseline -0.001 -14"><span class='ocrx_word' id='word_1_141' title='bbox 122 2309 355 2363; x_wconf 85' lang='lat' dir='ltr'><strong>idiomate</strong></span> <span class='ocrx_word' id='word_1_142' title='bbox 380 2307 590 2377; x_wconf 81' lang='lat' dir='ltr'><strong>vulgari</strong></span> <span class='ocrx_word' id='word_1_143' title='bbox 621 2305 785 2361; x_wconf 83' lang='lat' dir='ltr'><strong>fuisse</strong></span> <span class='ocrx_word' id='word_1_144' title='bbox 814 2306 1034 2361; x_wconf 88' lang='lat' dir='ltr'><strong>indubie</strong></span> <span class='ocrx_word' id='word_1_145' title='bbox 1055 2307 1414 2375; x_wconf 85' lang='lat' dir='ltr'><strong>conscriptos,</strong></span> <span class='ocrx_word' id='word_1_146' title='bbox 1440 2322 1504 2362; x_wconf 88' lang='lat' dir='ltr'><strong>ac</strong></span> <span class='ocrx_word' id='word_1_147' title='bbox 1530 2308 1685 2376; x_wconf 86' lang='lat' dir='ltr'><strong>proin</strong></span> 
     </span>
    </p>
   </div>
   <div class='ocr_carea' id='block_1_23' title="bbox 123 2396 1687 2467">
    <p class='ocr_par' dir='ltr' id='par_1_23' title="bbox 123 2396 1687 2467">
     <span class='ocr_line' id='line_1_23' title="bbox 123 2396 1687 2467; baseline -0.001 -13"><span class='ocrx_word' id='word_1_148' title='bbox 123 2402 392 2454; x_wconf 82' lang='lat' dir='ltr'><strong>exborum</strong></span> <span class='ocrx_word' id='word_1_149' title='bbox 443 2414 584 2467; x_wconf 89' lang='lat' dir='ltr'><strong>quos</strong></span> <span class='ocrx_word' id='word_1_150' title='bbox 643 2397 985 2452; x_wconf 89' lang='lat' dir='ltr'><strong>concinnarit</strong></span> <span class='ocrx_word' id='word_1_151' title='bbox 1034 2396 1397 2462; x_wconf 85' lang='lat' dir='ltr'><strong>multitudine,</strong></span> <span class='ocrx_word' id='word_1_152' title='bbox 1435 2414 1532 2467; x_wconf 91' lang='lat' dir='ltr'><strong>pro</strong></span> <span class='ocrx_word' id='word_1_153' title='bbox 1572 2414 1687 2452; x_wconf 87' lang='lat' dir='ltr'><strong>ser-</strong></span> 
     </span>
    </p>
   </div>
   <div class='ocr_carea' id='block_1_24' title="bbox 122 2484 1688 2559">
    <p class='ocr_par' dir='ltr' id='par_1_24' title="bbox 122 2484 1688 2559">
     <span class='ocr_line' id='line_1_24' title="bbox 122 2484 1688 2559; baseline -0.001 -16"><span class='ocrx_word' id='word_1_154' title='bbox 122 2490 347 2544; x_wconf 83' lang='lat' dir='ltr'><strong>monibus</strong></span> <span class='ocrx_word' id='word_1_155' title='bbox 382 2487 581 2543; x_wconf 87' lang='lat' dir='ltr'><strong>Latiue</strong></span> <span class='ocrx_word' id='word_1_156' title='bbox 610 2488 966 2556; x_wconf 89' lang='lat' dir='ltr'><strong>conscriptis,</strong></span> <span class='ocrx_word' id='word_1_157' title='bbox 996 2488 1063 2543; x_wconf 91' lang='lat' dir='ltr'><strong>de</strong></span> <span class='ocrx_word' id='word_1_158' title='bbox 1084 2484 1295 2558; x_wconf 87' lang='lat' dir='ltr'><strong>quibus</strong></span> <span class='ocrx_word' id='word_1_159' title='bbox 1327 2489 1413 2543; x_wconf 91' lang='lat' dir='ltr'><strong>hic</strong></span> <span class='ocrx_word' id='word_1_160' title='bbox 1449 2490 1688 2559; x_wconf 88' lang='lat' dir='ltr'><strong>disputa-</strong></span> 
     </span>
    </p>
   </div>
   <div class='ocr_carea' id='block_1_25' title="bbox 123 2579 1686 2649">
    <p class='ocr_par' dir='ltr' id='par_1_25' title="bbox 123 2579 1686 2649">
     <span class='ocr_line' id='line_1_25' title="bbox 123 2579 1686 2649; baseline 0.001 -15"><span class='ocrx_word' id='word_1_161' title='bbox 123 2596 239 2643; x_wconf 86' lang='lat' dir='ltr'><strong>mus,</strong></span> <span class='ocrx_word' id='word_1_162' title='bbox 266 2580 314 2635; x_wconf 90' lang='lat' dir='ltr'><strong>ei</strong></span> <span class='ocrx_word' id='word_1_163' title='bbox 346 2579 719 2634; x_wconf 87' lang='lat' dir='ltr'><strong>attribuendis</strong></span> <span class='ocrx_word' id='word_1_164' title='bbox 756 2580 908 2649; x_wconf 86' lang='lat' dir='ltr'><strong>argui</strong></span> <span class='ocrx_word' id='word_1_165' title='bbox 938 2594 1043 2633; x_wconf 92' lang='lat' dir='ltr'><strong>non</strong></span> <span class='ocrx_word' id='word_1_166' title='bbox 1077 2594 1267 2648; x_wconf 80' lang='lat' dir='ltr'><strong>posse;</strong></span> <span class='ocrx_word' id='word_1_167' title='bbox 1296 2595 1483 2634; x_wconf 89' lang='lat' dir='ltr'><strong>verum</strong></span> <span class='ocrx_word' id='word_1_168' title='bbox 1521 2596 1585 2634; x_wconf 78' lang='lat' dir='ltr'><strong>ex</strong></span> <span class='ocrx_word' id='word_1_169' title='bbox 1622 2596 1686 2635; x_wconf 92' lang='lat' dir='ltr'><strong>eo</strong></span> 
     </span>
    </p>
   </div>
   <div class='ocr_carea' id='block_1_26' title="bbox 122 2670 1689 2739">
    <p class='ocr_par' dir='ltr' id='par_1_26' title="bbox 122 2670 1689 2739">
     <span class='ocr_line' id='line_1_26' title="bbox 122 2670 1689 2739; baseline 0 -14"><span class='ocrx_word' id='word_1_170' title='bbox 122 2673 241 2739; x_wconf 86' lang='lat' dir='ltr'><strong>quod</strong></span> <span class='ocrx_word' id='word_1_171' title='bbox 271 2673 477 2726; x_wconf 89' lang='lat' dir='ltr'><strong>multos</strong></span> <span class='ocrx_word' id='word_1_172' title='bbox 506 2670 686 2726; x_wconf 83' lang='lat' dir='ltr'><strong>Brimo</strong></span> <span class='ocrx_word' id='word_1_173' title='bbox 710 2671 969 2726; x_wconf 89' lang='lat' dir='ltr'><strong>idiomate</strong></span> <span class='ocrx_word' id='word_1_174' title='bbox 992 2672 1198 2739; x_wconf 87' lang='lat' dir='ltr'><strong>vulgari</strong></span> <span class='ocrx_word' id='word_1_175' title='bbox 1232 2687 1512 2727; x_wconf 88' lang='lat' dir='ltr'><strong>sermones</strong></span> <span class='ocrx_word' id='word_1_176' title='bbox 1537 2674 1689 2726; x_wconf 89' lang='lat' dir='ltr'><strong>ador-</strong></span> 
     </span>
    </p>
   </div>
   <div class='ocr_carea' id='block_1_27' title="bbox 122 2765 1689 2833">
    <p class='ocr_par' dir='ltr' id='par_1_27' title="bbox 122 2765 1689 2833">
     <span class='ocr_line' id='line_1_27' title="bbox 122 2765 1689 2833; baseline 0.003 -16"><span class='ocrx_word' id='word_1_177' title='bbox 122 2766 259 2829; x_wconf 80' lang='lat' dir='ltr'><strong>narit,</strong></span> <span class='ocrx_word' id='word_1_178' title='bbox 284 2765 493 2819; x_wconf 89' lang='lat' dir='ltr'><strong>multos</strong></span> <span class='ocrx_word' id='word_1_179' title='bbox 520 2765 687 2818; x_wconf 90' lang='lat' dir='ltr'><strong>etiam</strong></span> <span class='ocrx_word' id='word_1_180' title='bbox 710 2779 857 2827; x_wconf 89' lang='lat' dir='ltr'><strong>eum,</strong></span> <span class='ocrx_word' id='word_1_181' title='bbox 886 2780 1021 2833; x_wconf 89' lang='lat' dir='ltr'><strong>quos</strong></span> <span class='ocrx_word' id='word_1_182' title='bbox 1049 2765 1114 2819; x_wconf 86' lang='lat' dir='ltr'><strong>ad</strong></span> <span class='ocrx_word' id='word_1_183' title='bbox 1138 2780 1266 2819; x_wconf 90' lang='lat' dir='ltr'><strong>suos</strong></span> <span class='ocrx_word' id='word_1_184' title='bbox 1293 2765 1375 2819; x_wconf 89' lang='lat' dir='ltr'><strong>vel</strong></span> <span class='ocrx_word' id='word_1_185' title='bbox 1401 2765 1453 2818; x_wconf 91' lang='lat' dir='ltr'><strong>in</strong></span> <span class='ocrx_word' id='word_1_186' title='bbox 1480 2765 1689 2821; x_wconf 86' lang='lat' dir='ltr'><strong>altioris</strong></span> 
     </span>
    </p>
   </div>
   <div class='ocr_carea' id='block_1_28' title="bbox 122 2857 1688 2927">
    <p class='ocr_par' dir='ltr' id='par_1_28' title="bbox 122 2857 1688 2927">
     <span class='ocr_line' id='line_1_28' title="bbox 122 2857 1688 2927; baseline 0.002 -17"><span class='ocrx_word' id='word_1_187' title='bbox 122 2859 299 2913; x_wconf 84' lang='lat' dir='ltr'><strong>ordinis</strong></span> <span class='ocrx_word' id='word_1_188' title='bbox 330 2858 583 2913; x_wconf 85' lang='lat' dir='ltr'><strong>scientiis</strong></span> <span class='ocrx_word' id='word_1_189' title='bbox 626 2857 811 2913; x_wconf 75' lang='lat' dir='ltr'><strong>Remis</strong></span> <span class='ocrx_word' id='word_1_190' title='bbox 838 2858 1131 2927; x_wconf 88' lang='lat' dir='ltr'><strong>discipulos</strong></span> <span class='ocrx_word' id='word_1_191' title='bbox 1168 2857 1249 2911; x_wconf 87' lang='lat' dir='ltr'><strong>vel</strong></span> <span class='ocrx_word' id='word_1_192' title='bbox 1291 2858 1342 2912; x_wconf 90' lang='lat' dir='ltr'><strong>in</strong></span> <span class='ocrx_word' id='word_1_193' title='bbox 1382 2857 1688 2913; x_wconf 73' lang='lat' dir='ltr'><strong>Carthasim</strong></span> 
     </span>
    </p>
   </div>
   <div class='ocr_carea' id='block_1_29' title="bbox 123 2948 1679 3020">
    <p class='ocr_par' dir='ltr' id='par_1_29' title="bbox 123 2948 1679 3020">
     <span class='ocr_line' id='line_1_29' title="bbox 123 2948 1679 3020; baseline 0.001 -17"><span class='ocrx_word' id='word_1_194' title='bbox 123 2948 475 3020; x_wconf 64' lang='grc' dir='ltr'><strong>Εδῐςὼῐίξείιηρ</strong></span> <span class='ocrx_word' id='word_1_195' title='bbox 513 2950 714 3005; x_wconf 89' lang='lat' dir='ltr'><strong>cremis</strong></span> <span class='ocrx_word' id='word_1_196' title='bbox 746 2953 1040 3005; x_wconf 86' lang='lat' dir='ltr'><strong>monachos</strong></span> <span class='ocrx_word' id='word_1_197' title='bbox 1071 2951 1288 3015; x_wconf 83' lang='lat' dir='ltr'><strong>dixerit,</strong></span> <span class='ocrx_word' id='word_1_198' title='bbox 1335 2950 1525 3006; x_wconf 83' lang='lat' dir='ltr'><strong>Latine</strong></span> <span class='ocrx_word' id='word_1_199' title='bbox 1555 2967 1679 3005; x_wconf 83' lang='lat' dir='ltr'><strong>con-</strong></span> 
     </span>
    </p>
   </div>
   <div class='ocr_carea' id='block_1_30' title="bbox 125 3039 1686 3110">
    <p class='ocr_par' dir='ltr' id='par_1_30' title="bbox 125 3039 1686 3110">
     <span class='ocr_line' id='line_1_30' title="bbox 125 3039 1686 3110; baseline 0.003 -19"><span class='ocrx_word' id='word_1_200' title='bbox 125 3039 383 3106; x_wconf 86' lang='lat' dir='ltr'><strong>cinnasse,</strong></span> <span class='ocrx_word' id='word_1_201' title='bbox 448 3040 714 3095; x_wconf 89' lang='lat' dir='ltr'><strong>credibile</strong></span> <span class='ocrx_word' id='word_1_202' title='bbox 782 3050 1027 3109; x_wconf 85' lang='lat' dir='ltr'><strong>apparet.</strong></span> <span class='ocrx_word' id='word_1_203' title='bbox 1091 3041 1270 3107; x_wconf 85' lang='lat' dir='ltr'><strong>Quare</strong></span> <span class='ocrx_word' id='word_1_204' title='bbox 1331 3044 1686 3110; x_wconf 85' lang='lat' dir='ltr'><strong>quorumdam</strong></span> 
     </span>
    </p>
   </div>
   <div class='ocr_carea' id='block_1_31' title="bbox 125 3133 1764 3229">
    <p class='ocr_par' dir='ltr' id='par_1_31' title="bbox 125 3133 1764 3229">
     <span class='ocr_line' id='line_1_31' title="bbox 125 3133 1764 3229; baseline 0.004 -44"><span class='ocrx_word' id='word_1_205' title='bbox 125 3133 286 3188; x_wconf 85' lang='lat' dir='ltr'><strong>saltem</strong></span> <span class='ocrx_word' id='word_1_206' title='bbox 320 3150 391 3188; x_wconf 78' lang='lat' dir='ltr'><strong>ex</strong></span> <span class='ocrx_word' id='word_1_207' title='bbox 436 3134 505 3189; x_wconf 86' lang='lat' dir='ltr'><strong>iis</strong></span> <span class='ocrx_word' id='word_1_208' title='bbox 552 3134 645 3205; x_wconf 88' lang='lat' dir='ltr'><strong>qui</strong></span> <span class='ocrx_word' id='word_1_209' title='bbox 686 3134 905 3189; x_wconf 88' lang='lat' dir='ltr'><strong>nomine</strong></span> <span class='ocrx_word' id='word_1_210' title='bbox 972 3135 1089 3202; x_wconf 88' lang='lat' dir='ltr'><strong>ejus</strong></span> <span class='ocrx_word' id='word_1_211' title='bbox 1132 3135 1480 3204; x_wconf 85' lang='lat' dir='ltr'><strong>prodierunt,</strong></span> <span class='ocrx_word' id='word_1_212' title='bbox 1522 3152 1622 3191; x_wconf 89' lang='lat' dir='ltr'><strong>nec</strong></span> <span class='ocrx_word' id='word_1_213' title='bbox 1658 3152 1689 3191; x_wconf 89' lang='lat' dir='ltr'><strong>a</strong></span> <span class='ocrx_word' id='word_1_214' title='bbox 1719 3166 1764 3229; x_wconf 65' lang='grc' dir='ltr'>Ο</span> 
     </span>
    </p>
   </div>
   <div class='ocr_carea' id='block_1_32' title="bbox 124 3221 1688 3295">
    <p class='ocr_par' dir='ltr' id='par_1_32' title="bbox 124 3221 1688 3295">
     <span class='ocr_line' id='line_1_32' title="bbox 124 3221 1688 3295; baseline 0.003 -18"><span class='ocrx_word' id='word_1_215' title='bbox 124 3221 258 3279; x_wconf 81' lang='lat' dir='ltr'><strong>Petro</strong></span> <span class='ocrx_word' id='word_1_216' title='bbox 290 3226 537 3281; x_wconf 87' lang='lat' dir='ltr'><strong>Diacono</strong></span> <span class='ocrx_word' id='word_1_217' title='bbox 569 3224 806 3280; x_wconf 88' lang='lat' dir='ltr'><strong>Brunoni</strong></span> <span class='ocrx_word' id='word_1_218' title='bbox 836 3224 1113 3295; x_wconf 89' lang='lat' dir='ltr'><strong>Signiensi</strong></span> <span class='ocrx_word' id='word_1_219' title='bbox 1144 3225 1347 3282; x_wconf 86' lang='lat' dir='ltr'><strong>diserte</strong></span> <span class='ocrx_word' id='word_1_220' title='bbox 1378 3227 1688 3283; x_wconf 59' lang='lat' dir='ltr'><strong>attribuas,-</strong></span> 
     </span>
    </p>
   </div>
   <div class='ocr_carea' id='block_1_33' title="bbox 125 3318 1690 3390">
    <p class='ocr_par' dir='ltr' id='par_1_33' title="bbox 125 3318 1690 3390">
     <span class='ocr_line' id='line_1_33' title="bbox 125 3318 1690 3390; baseline 0.004 -22"><span class='ocrx_word' id='word_1_221' title='bbox 125 3325 215 3381; x_wconf 86' lang='lat' dir='ltr'><strong>tur,</strong></span> <span class='ocrx_word' id='word_1_222' title='bbox 236 3332 424 3373; x_wconf 78' lang='lat' dir='ltr'><strong>revera</strong></span> <span class='ocrx_word' id='word_1_223' title='bbox 459 3318 638 3388; x_wconf 89' lang='lat' dir='ltr'><strong>ipsum</strong></span> <span class='ocrx_word' id='word_1_224' title='bbox 667 3332 790 3373; x_wconf 90' lang='lat' dir='ltr'><strong>esse</strong></span> <span class='ocrx_word' id='word_1_225' title='bbox 816 3327 1116 3382; x_wconf 88' lang='lat' dir='ltr'><strong>auctorem,</strong></span> <span class='ocrx_word' id='word_1_226' title='bbox 1146 3334 1275 3374; x_wconf 88' lang='lat' dir='ltr'><strong>vero</strong></span> <span class='ocrx_word' id='word_1_227' title='bbox 1301 3334 1521 3390; x_wconf 83' lang='lat' dir='ltr'><strong>prorsus</strong></span> <span class='ocrx_word' id='word_1_228' title='bbox 1549 3320 1690 3375; x_wconf 83' lang='lat' dir='ltr'><strong>absi-</strong></span> 
     </span>
    </p>
   </div>
   <div class='ocr_carea' id='block_1_34' title="bbox 127 3407 1691 3476">
    <p class='ocr_par' dir='ltr' id='par_1_34' title="bbox 127 3407 1691 3476">
     <span class='ocr_line' id='line_1_34' title="bbox 127 3407 1691 3476; baseline 0.006 -19"><span class='ocrx_word' id='word_1_229' title='bbox 127 3407 229 3461; x_wconf 86' lang='lat' dir='ltr'><strong>mile</strong></span> <span class='ocrx_word' id='word_1_230' title='bbox 251 3424 355 3462; x_wconf 88' lang='lat' dir='ltr'><strong>non</strong></span> <span class='ocrx_word' id='word_1_231' title='bbox 385 3417 467 3462; x_wconf 89' lang='lat' dir='ltr'><strong>est</strong></span> <span class='ocrx_word' id='word_1_232' title='bbox 492 3448 506 3472; x_wconf 94' lang='lat'><strong>,</strong></span> <span class='ocrx_word' id='word_1_233' title='bbox 538 3407 666 3461; x_wconf 86' lang='lat' dir='ltr'><strong>licet</strong></span> <span class='ocrx_word' id='word_1_234' title='bbox 706 3407 926 3461; x_wconf 91' lang='lat' dir='ltr'><strong>interim</strong></span> <span class='ocrx_word' id='word_1_235' title='bbox 960 3408 1013 3462; x_wconf 92' lang='lat' dir='ltr'><strong>id</strong></span> <span class='ocrx_word' id='word_1_236' title='bbox 1045 3407 1111 3463; x_wconf 90' lang='lat' dir='ltr'><strong>de</strong></span> <span class='ocrx_word' id='word_1_237' title='bbox 1155 3409 1408 3464; x_wconf 91' lang='lat' dir='ltr'><strong>omnibus</strong></span> <span class='ocrx_word' id='word_1_238' title='bbox 1450 3409 1586 3476; x_wconf 88' lang='lat' dir='ltr'><strong>illis,</strong></span> <span class='ocrx_word' id='word_1_239' title='bbox 1628 3426 1691 3466; x_wconf 91' lang='lat' dir='ltr'><strong>ac</strong></span> 
     </span>
    </p>
   </div>
   <div class='ocr_carea' id='block_1_35' title="bbox 128 3488 1691 3571">
    <p class='ocr_par' dir='ltr' id='par_1_35' title="bbox 128 3488 1691 3571">
     <span class='ocr_line' id='line_1_35' title="bbox 128 3488 1691 3571; baseline 0.004 -20"><span class='ocrx_word' id='word_1_240' title='bbox 128 3501 421 3555; x_wconf 86' lang='lat' dir='ltr'><strong>nominatim</strong></span> <span class='ocrx_word' id='word_1_241' title='bbox 452 3503 522 3557; x_wconf 90' lang='lat' dir='ltr'><strong>de</strong></span> <span class='ocrx_word' id='word_1_242' title='bbox 550 3516 616 3555; x_wconf 89' lang='lat' dir='ltr'><strong>eo</strong></span> <span class='ocrx_word' id='word_1_243' title='bbox 668 3501 759 3571; x_wconf 88' lang='lat' dir='ltr'><strong>qui</strong></span> <span class='ocrx_word' id='word_1_244' title='bbox 794 3500 935 3555; x_wconf 89' lang='lat' dir='ltr'><strong>inter</strong></span> <span class='ocrx_word' id='word_1_245' title='bbox 958 3501 1206 3556; x_wconf 83' lang='lat' dir='ltr'><strong>undecim</strong></span> <span class='ocrx_word' id='word_1_246' title='bbox 1230 3502 1277 3556; x_wconf 88' lang='lat' dir='ltr'><strong>ei</strong></span> <span class='ocrx_word' id='word_1_247' title='bbox 1304 3488 1591 3558; x_wconf 83' lang='lat' dir='ltr'><strong>attributes</strong></span> <span class='ocrx_word' id='word_1_248' title='bbox 1616 3504 1691 3558; x_wconf 88' lang='lat' dir='ltr'><strong>De</strong></span> 
     </span>
    </p>
   </div>
   <div class='ocr_carea' id='block_1_36' title="bbox 127 3591 1686 3658">
    <p class='ocr_par' dir='ltr' id='par_1_36' title="bbox 127 3591 1686 3658">
     <span class='ocr_line' id='line_1_36' title="bbox 127 3591 1686 3658; baseline 0.003 -16"><span class='ocrx_word' id='word_1_249' title='bbox 127 3591 509 3647; x_wconf 79' lang='lat' dir='ltr'><strong>confessoribus</strong></span> <span class='ocrx_word' id='word_1_250' title='bbox 555 3608 840 3647; x_wconf 87' lang='lat' dir='ltr'><strong>sermones</strong></span> <span class='ocrx_word' id='word_1_251' title='bbox 893 3593 1190 3648; x_wconf 89' lang='lat' dir='ltr'><strong>secundum</strong></span> <span class='ocrx_word' id='word_1_252' title='bbox 1236 3593 1415 3649; x_wconf 90' lang='lat' dir='ltr'><strong>locum</strong></span> <span class='ocrx_word' id='word_1_253' title='bbox 1455 3594 1686 3658; x_wconf 89' lang='lat' dir='ltr'><strong>obtinet,</strong></span> 
     </span>
    </p>
   </div>
   <div class='ocr_carea' id='block_1_37' title="bbox 128 3681 1690 3759">
    <p class='ocr_par' dir='ltr' id='par_1_37' title="bbox 128 3681 1690 3759">
     <span class='ocr_line' id='line_1_37' title="bbox 128 3681 1690 3759; baseline 0.001 -24"><span class='ocrx_word' id='word_1_254' title='bbox 128 3695 420 3749; x_wconf 71' lang='lat' dir='ltr'><strong>asseverare</strong></span> <span class='ocrx_word' id='word_1_255' title='bbox 455 3697 564 3735; x_wconf 88' lang='lat' dir='ltr'><strong>non</strong></span> <span class='ocrx_word' id='word_1_256' title='bbox 618 3681 820 3746; x_wconf 78' lang='lat' dir='ltr'><strong>ausim,</strong></span> <span class='ocrx_word' id='word_1_257' title='bbox 849 3681 1025 3751; x_wconf 89' lang='lat' dir='ltr'><strong>quod,</strong></span> <span class='ocrx_word' id='word_1_258' title='bbox 1053 3682 1505 3759; x_wconf 86' lang='lat' dir='ltr'><strong>quemadmodum</strong></span> <span class='ocrx_word' id='word_1_259' title='bbox 1546 3683 1690 3737; x_wconf 83' lang='lat' dir='ltr'><strong>Mar-</strong></span> 
     </span>
    </p>
   </div>
   <div class='ocr_carea' id='block_1_38' title="bbox 129 3762 1693 3846">
    <p class='ocr_par' dir='ltr' id='par_1_38' title="bbox 129 3762 1693 3846">
     <span class='ocr_line' id='line_1_38' title="bbox 129 3762 1693 3846; baseline 0.004 -22"><span class='ocrx_word' id='word_1_260' title='bbox 129 3772 318 3829; x_wconf 84' lang='lat' dir='ltr'><strong>cbesius</strong></span> <span class='ocrx_word' id='word_1_261' title='bbox 370 3774 427 3828; x_wconf 90' lang='lat' dir='ltr'><strong>in</strong></span> <span class='ocrx_word' id='word_1_262' title='bbox 490 3789 590 3827; x_wconf 87' lang='lat' dir='ltr'><strong>sua</strong></span> <span class='ocrx_word' id='word_1_263' title='bbox 641 3774 718 3829; x_wconf 91' lang='lat' dir='ltr'><strong>De</strong></span> <span class='ocrx_word' id='word_1_264' title='bbox 774 3772 833 3829; x_wconf 98' lang='grc'><strong>8.</strong></span> <span class='ocrx_word' id='word_1_265' title='bbox 887 3762 1161 3830; x_wconf 86' lang='lat' dir='ltr'><strong>Brunone</strong></span> <span class='ocrx_word' id='word_1_266' title='bbox 1197 3774 1421 3846; x_wconf 85' lang='lat' dir='ltr'><strong>Signino</strong></span> <span class='ocrx_word' id='word_1_267' title='bbox 1471 3774 1693 3846; x_wconf 89' lang='lat' dir='ltr'><strong>ejusque</strong></span> 
     </span>
    </p>
   </div>
   <div class='ocr_carea' id='block_1_39' title="bbox 129 3865 1694 3937">
    <p class='ocr_par' dir='ltr' id='par_1_39' title="bbox 129 3865 1694 3937">
     <span class='ocr_line' id='line_1_39' title="bbox 129 3865 1694 3937; baseline 0.003 -19"><span class='ocrx_word' id='word_1_268' title='bbox 129 3866 353 3932; x_wconf 78' lang='lat' dir='ltr'><strong>operibus</strong></span> <span class='ocrx_word' id='word_1_269' title='bbox 376 3866 771 3921; x_wconf 84' lang='lat' dir='ltr'><strong>dissertatione</strong></span> <span class='ocrx_word' id='word_1_270' title='bbox 794 3865 1075 3932; x_wconf 89' lang='lat' dir='ltr'><strong>historica,</strong></span> <span class='ocrx_word' id='word_1_271' title='bbox 1102 3866 1252 3921; x_wconf 89' lang='lat' dir='ltr'><strong>hisce</strong></span> <span class='ocrx_word' id='word_1_272' title='bbox 1277 3866 1516 3937; x_wconf 73' lang='lat' dir='ltr'><strong>przelixa,</strong></span> <span class='ocrx_word' id='word_1_273' title='bbox 1547 3879 1694 3923; x_wconf 67' lang='lat' dir='ltr'><strong>recte</strong></span> 
     </span>
    </p>
   </div>
   <div class='ocr_carea' id='block_1_40' title="bbox 130 3957 1692 4027">
    <p class='ocr_par' dir='ltr' id='par_1_40' title="bbox 130 3957 1692 4027">
     <span class='ocr_line' id='line_1_40' title="bbox 130 3957 1692 4027; baseline 0.003 -20"><span class='ocrx_word' id='word_1_274' title='bbox 130 3966 279 4023; x_wconf 86' lang='lat' dir='ltr'><strong>notal,</strong></span> <span class='ocrx_word' id='word_1_275' title='bbox 310 3959 364 4012; x_wconf 89' lang='lat' dir='ltr'><strong>in</strong></span> <span class='ocrx_word' id='word_1_276' title='bbox 400 3959 512 4011; x_wconf 88' lang='lat' dir='ltr'><strong>line</strong></span> <span class='ocrx_word' id='word_1_277' title='bbox 541 3972 604 4011; x_wconf 89' lang='lat' dir='ltr'><strong>ea</strong></span> <span class='ocrx_word' id='word_1_278' title='bbox 630 3957 927 4024; x_wconf 90' lang='lat' dir='ltr'><strong>contineat,</strong></span> <span class='ocrx_word' id='word_1_279' title='bbox 951 3972 1070 4027; x_wconf 77' lang='lat' dir='ltr'><strong>quae</strong></span> <span class='ocrx_word' id='word_1_280' title='bbox 1093 3973 1198 4013; x_wconf 90' lang='lat' dir='ltr'><strong>non</strong></span> <span class='ocrx_word' id='word_1_281' title='bbox 1219 3959 1320 4013; x_wconf 89' lang='lat' dir='ltr'><strong>nisi</strong></span> <span class='ocrx_word' id='word_1_282' title='bbox 1351 3975 1380 4013; x_wconf 93' lang='lat' dir='ltr'><strong>a</strong></span> <span class='ocrx_word' id='word_1_283' title='bbox 1406 3960 1692 4025; x_wconf 84' lang='lat' dir='ltr'><strong>monacho,</strong></span> 
     </span>
    </p>
   </div>
   <div class='ocr_carea' id='block_1_41' title="bbox 132 4042 1671 4119">
    <p class='ocr_par' dir='ltr' id='par_1_41' title="bbox 132 4042 1671 4119">
     <span class='ocr_line' id='line_1_41' title="bbox 132 4042 1671 4119; baseline 0.005 -23"><span class='ocrx_word' id='word_1_284' title='bbox 132 4042 361 4116; x_wconf 78' lang='lat' dir='ltr'><strong>Regulam</strong></span> <span class='ocrx_word' id='word_1_285' title='bbox 387 4048 803 4102; x_wconf 88' lang='lat' dir='ltr'><strong>Benedictinam</strong></span> <span class='ocrx_word' id='word_1_286' title='bbox 829 4047 1097 4117; x_wconf 80' lang='lat' dir='ltr'><strong>professo,</strong></span> <span class='ocrx_word' id='word_1_287' title='bbox 1120 4048 1223 4102; x_wconf 91' lang='lat' dir='ltr'><strong>dici</strong></span> <span class='ocrx_word' id='word_1_288' title='bbox 1251 4050 1491 4119; x_wconf 88' lang='lat' dir='ltr'><strong>potuisse</strong></span> <span class='ocrx_word' id='word_1_289' title='bbox 1515 4050 1671 4105; x_wconf 88' lang='lat' dir='ltr'><strong>viden</strong></span> 
     </span>
    </p>
   </div>
   <div class='ocr_carea' id='block_1_42' title="bbox 133 4140 1697 4213">
    <p class='ocr_par' dir='ltr' id='par_1_42' title="bbox 133 4140 1697 4213">
     <span class='ocr_line' id='line_1_42' title="bbox 133 4140 1697 4213; baseline 0.004 -21"><span class='ocrx_word' id='word_1_290' title='bbox 133 4147 221 4193; x_wconf 87' lang='lat' dir='ltr'><strong>tur.</strong></span> <span class='ocrx_word' id='word_1_291' title='bbox 268 4141 435 4197; x_wconf 84' lang='lat' dir='ltr'><strong>Primi</strong></span> <span class='ocrx_word' id='word_1_292' title='bbox 476 4142 696 4212; x_wconf 78' lang='lat' dir='ltr'><strong>quidem</strong></span> <span class='ocrx_word' id='word_1_293' title='bbox 738 4140 1087 4196; x_wconf 86' lang='lat' dir='ltr'><strong>Carthusiaui</strong></span> <span class='ocrx_word' id='word_1_294' title='bbox 1122 4142 1233 4212; x_wconf 85' lang='lat' dir='ltr'><strong>jam</strong></span> <span class='ocrx_word' id='word_1_295' title='bbox 1280 4143 1403 4197; x_wconf 86' lang='lat' dir='ltr'><strong>inde</strong></span> <span class='ocrx_word' id='word_1_296' title='bbox 1448 4144 1516 4199; x_wconf 90' lang='lat' dir='ltr'><strong>ab</strong></span> <span class='ocrx_word' id='word_1_297' title='bbox 1567 4144 1697 4213; x_wconf 82' lang='lat' dir='ltr'><strong>ipsis</strong></span> 
     </span>
    </p>
   </div>
   <div class='ocr_carea' id='block_1_43' title="bbox 134 4230 1694 4302">
    <p class='ocr_par' dir='ltr' id='par_1_43' title="bbox 134 4230 1694 4302">
     <span class='ocr_line' id='line_1_43' title="bbox 134 4230 1694 4302; baseline 0.004 -18"><span class='ocrx_word' id='word_1_298' title='bbox 134 4230 180 4284; x_wconf 85' lang='lat' dir='ltr'><strong>S.</strong></span> <span class='ocrx_word' id='word_1_299' title='bbox 202 4234 462 4289; x_wconf 75' lang='lat' dir='ltr'><strong>Brunonis</strong></span> <span class='ocrx_word' id='word_1_300' title='bbox 484 4233 819 4302; x_wconf 85' lang='lat' dir='ltr'><strong>temporibus</strong></span> <span class='ocrx_word' id='word_1_301' title='bbox 839 4232 896 4289; x_wconf 92' lang='lat' dir='ltr'><strong>S.</strong></span> <span class='ocrx_word' id='word_1_302' title='bbox 928 4234 1273 4289; x_wconf 87' lang='lat' dir='ltr'><strong>Benedictum</strong></span> <span class='ocrx_word' id='word_1_303' title='bbox 1301 4234 1513 4288; x_wconf 81' lang='lat' dir='ltr'><strong>Patrem</strong></span> <span class='ocrx_word' id='word_1_304' title='bbox 1537 4250 1694 4290; x_wconf 85' lang='lat' dir='ltr'><strong>suum</strong></span> 
     </span>
    </p>
   </div>
   <div class='ocr_carea' id='block_1_44' title="bbox 135 4326 1696 4397">
    <p class='ocr_par' dir='ltr' id='par_1_44' title="bbox 135 4326 1696 4397">
     <span class='ocr_line' id='line_1_44' title="bbox 135 4326 1696 4397; baseline 0.004 -21"><span class='ocrx_word' id='word_1_305' title='bbox 135 4328 474 4396; x_wconf 83' lang='lat' dir='ltr'><strong>appellavere,</strong></span> <span class='ocrx_word' id='word_1_306' title='bbox 504 4326 859 4397; x_wconf 84' lang='lat' dir='ltr'><strong>ejusdemque</strong></span> <span class='ocrx_word' id='word_1_307' title='bbox 891 4326 1088 4383; x_wconf 85' lang='lat' dir='ltr'><strong>festum</strong></span> <span class='ocrx_word' id='word_1_308' title='bbox 1120 4326 1343 4382; x_wconf 86' lang='lat' dir='ltr'><strong>solemni</strong></span> <span class='ocrx_word' id='word_1_309' title='bbox 1377 4329 1481 4383; x_wconf 90' lang='lat' dir='ltr'><strong>ritu</strong></span> <span class='ocrx_word' id='word_1_310' title='bbox 1512 4329 1696 4383; x_wconf 89' lang='lat' dir='ltr'><strong>hodie-</strong></span> 
     </span>
    </p>
   </div>
   <div class='ocr_carea' id='block_1_45' title="bbox 132 4420 1696 4489">
    <p class='ocr_par' dir='ltr' id='par_1_45' title="bbox 132 4420 1696 4489">
     <span class='ocr_line' id='line_1_45' title="bbox 132 4420 1696 4489; baseline 0.005 -21"><span class='ocrx_word' id='word_1_311' title='bbox 132 4432 219 4484; x_wconf 88' lang='lat' dir='ltr'><strong>que</strong></span> <span class='ocrx_word' id='word_1_312' title='bbox 244 4420 559 4485; x_wconf 88' lang='lat' dir='ltr'><strong>celebrant;</strong></span> <span class='ocrx_word' id='word_1_313' title='bbox 587 4428 644 4473; x_wconf 90' lang='lat' dir='ltr'><strong>ut</strong></span> <span class='ocrx_word' id='word_1_314' title='bbox 677 4420 925 4489; x_wconf 88' lang='lat' dir='ltr'><strong>proinde,</strong></span> <span class='ocrx_word' id='word_1_315' title='bbox 957 4420 1059 4474; x_wconf 86' lang='lat' dir='ltr'><strong>etsi</strong></span> <span class='ocrx_word' id='word_1_316' title='bbox 1088 4420 1251 4474; x_wconf 84' lang='lat' dir='ltr'><strong>etiam</strong></span> <span class='ocrx_word' id='word_1_317' title='bbox 1284 4429 1339 4474; x_wconf 90' lang='lat' dir='ltr'><strong>et</strong></span> <span class='ocrx_word' id='word_1_318' title='bbox 1364 4420 1415 4473; x_wconf 88' lang='lat' dir='ltr'><strong>in</strong></span> <span class='ocrx_word' id='word_1_319' title='bbox 1445 4435 1696 4476; x_wconf 90' lang='lat' dir='ltr'><strong>sermone</strong></span> 
     </span>
    </p>
   </div>
   <div class='ocr_carea' id='block_1_46' title="bbox 1635 350 1843 409">
    <p class='ocr_par' dir='ltr' id='par_1_46' title="bbox 1635 350 1843 409">
     <span class='ocr_line' id='line_1_46' title="bbox 1635 350 1843 409; baseline -0.005 0"><span class='ocrx_word' id='word_1_320' title='bbox 1635 350 1843 409; x_wconf 79' lang='lat' dir='ltr'><strong>ACTA.</strong></span> 
     </span>
    </p>
   </div>
   <div class='ocr_carea' id='block_1_47' title="bbox 1714 465 3373 545">
    <p class='ocr_par' dir='ltr' id='par_1_47' title="bbox 1714 465 3373 545">
     <span class='ocr_line' id='line_1_47' title="bbox 1714 465 3373 545; baseline 0.004 -24"><span class='ocrx_word' id='word_1_321' title='bbox 1714 476 1762 531; x_wconf 75' lang='grc' dir='ltr'><strong>Α</strong></span> <span class='ocrx_word' id='word_1_322' title='bbox 1794 483 1899 523; x_wconf 92' lang='lat' dir='ltr'><strong>non</strong></span> <span class='ocrx_word' id='word_1_323' title='bbox 1949 465 2228 534; x_wconf 82' lang='lat' dir='ltr'><strong>videatur,</strong></span> <span class='ocrx_word' id='word_1_324' title='bbox 2260 481 2382 538; x_wconf 63' lang='lat' dir='ltr'><strong>quis</strong></span> <span class='ocrx_word' id='word_1_325' title='bbox 2419 468 2471 524; x_wconf 93' lang='lat' dir='ltr'><strong>in</strong></span> <span class='ocrx_word' id='word_1_326' title='bbox 2512 466 2634 523; x_wconf 91' lang='lat' dir='ltr'><strong>aliis</strong></span> <span class='ocrx_word' id='word_1_327' title='bbox 2685 465 2872 523; x_wconf 81' lang='lat' dir='ltr'><strong>Sancti</strong></span> <span class='ocrx_word' id='word_1_328' title='bbox 2924 468 3202 537; x_wconf 83' lang='lat' dir='ltr'><strong>operibus,</strong></span> <span class='ocrx_word' id='word_1_329' title='bbox 3247 473 3373 545; x_wconf 83' lang='lat' dir='ltr'><strong>styli</strong></span> 
     </span>
    </p>
   </div>
   <div class='ocr_carea' id='block_1_48' title="bbox 3272 356 3383 414">
    <p class='ocr_par' dir='ltr' id='par_1_48' title="bbox 3272 356 3383 414">
     <span class='ocr_line' id='line_1_48' title="bbox 3272 356 3383 414; baseline 0.027 -3"><span class='ocrx_word' id='word_1_330' title='bbox 3272 356 3383 414; x_wconf 63' lang='lat'><strong>659</strong></span> 
     </span>
    </p>
   </div>
   <div class='ocr_carea' id='block_1_49' title="bbox 1794 562 3374 631">
    <p class='ocr_par' dir='ltr' id='par_1_49' title="bbox 1794 562 3374 631">
     <span class='ocr_line' id='line_1_49' title="bbox 1794 562 3374 631; baseline 0.002 -16"><span class='ocrx_word' id='word_1_331' title='bbox 1794 562 1965 627; x_wconf 90' lang='lat' dir='ltr'><strong>ratio;</strong></span> <span class='ocrx_word' id='word_1_332' title='bbox 1993 562 2388 631; x_wconf 89' lang='lat' dir='ltr'><strong>aliquantulum</strong></span> <span class='ocrx_word' id='word_1_333' title='bbox 2418 563 2562 618; x_wconf 90' lang='lat' dir='ltr'><strong>enim</strong></span> <span class='ocrx_word' id='word_1_334' title='bbox 2595 564 2861 617; x_wconf 87' lang='lat' dir='ltr'><strong>diversam</strong></span> <span class='ocrx_word' id='word_1_335' title='bbox 2890 563 2944 618; x_wconf 89' lang='lat' dir='ltr'><strong>in</strong></span> <span class='ocrx_word' id='word_1_336' title='bbox 2977 563 3204 619; x_wconf 85' lang='lat' dir='ltr'><strong>diversis</strong></span> <span class='ocrx_word' id='word_1_337' title='bbox 3233 568 3374 619; x_wconf 88' lang='lat' dir='ltr'><strong>scri-</strong></span> 
     </span>
    </p>
   </div>
   <div class='ocr_carea' id='block_1_50' title="bbox 1792 652 3375 725">
    <p class='ocr_par' dir='ltr' id='par_1_50' title="bbox 1792 652 3375 725">
     <span class='ocr_line' id='line_1_50' title="bbox 1792 652 3375 725; baseline 0.002 -18"><span class='ocrx_word' id='word_1_338' title='bbox 1792 652 1995 723; x_wconf 91' lang='lat' dir='ltr'><strong>ptionis</strong></span> <span class='ocrx_word' id='word_1_339' title='bbox 2022 654 2307 722; x_wconf 83' lang='lat' dir='ltr'><strong>generibus</strong></span> <span class='ocrx_word' id='word_1_340' title='bbox 2346 654 2468 725; x_wconf 89' lang='lat' dir='ltr'><strong>styli</strong></span> <span class='ocrx_word' id='word_1_341' title='bbox 2517 654 2781 708; x_wconf 87' lang='lat' dir='ltr'><strong>rationem</strong></span> <span class='ocrx_word' id='word_1_342' title='bbox 2820 654 2889 707; x_wconf 89' lang='lat' dir='ltr'><strong>ab</strong></span> <span class='ocrx_word' id='word_1_343' title='bbox 2932 667 3040 707; x_wconf 90' lang='lat' dir='ltr'><strong>uno</strong></span> <span class='ocrx_word' id='word_1_344' title='bbox 3077 655 3375 724; x_wconf 84' lang='lat' dir='ltr'><strong>eodemque</strong></span> 
     </span>
    </p>
   </div>
   <div class='ocr_carea' id='block_1_51' title="bbox 1791 743 3372 817">
    <p class='ocr_par' dir='ltr' id='par_1_51' title="bbox 1791 743 3372 817">
     <span class='ocr_line' id='line_1_51' title="bbox 1791 743 3372 817; baseline -0.003 -15"><span class='ocrx_word' id='word_1_345' title='bbox 1791 748 2060 817; x_wconf 88' lang='lat' dir='ltr'><strong>scriptore</strong></span> <span class='ocrx_word' id='word_1_346' title='bbox 2102 746 2329 801; x_wconf 88' lang='lat' dir='ltr'><strong>subinde</strong></span> <span class='ocrx_word' id='word_1_347' title='bbox 2376 746 2651 812; x_wconf 86' lang='lat' dir='ltr'><strong>adhiberi,</strong></span> <span class='ocrx_word' id='word_1_348' title='bbox 2708 746 2836 815; x_wconf 90' lang='lat' dir='ltr'><strong>quid</strong></span> <span class='ocrx_word' id='word_1_349' title='bbox 2884 744 3127 799; x_wconf 89' lang='lat' dir='ltr'><strong>mirum?</strong></span> <span class='ocrx_word' id='word_1_350' title='bbox 3173 743 3372 800; x_wconf 80' lang='lat' dir='ltr'><strong>Verum</strong></span> 
     </span>
    </p>
   </div>
   <div class='ocr_carea' id='block_1_52' title="bbox 1789 839 3378 911">
    <p class='ocr_par' dir='ltr' id='par_1_52' title="bbox 1789 839 3378 911">
     <span class='ocr_line' id='line_1_52' title="bbox 1789 839 3378 911; baseline -0.002 -17"><span class='ocrx_word' id='word_1_351' title='bbox 1789 841 2138 911; x_wconf 89' lang='lat' dir='ltr'><strong>quandonam</strong></span> <span class='ocrx_word' id='word_1_352' title='bbox 2190 855 2471 895; x_wconf 83' lang='lat' dir='ltr'><strong>sermones</strong></span> <span class='ocrx_word' id='word_1_353' title='bbox 2520 840 2638 894; x_wconf 92' lang='lat' dir='ltr'><strong>illos</strong></span> <span class='ocrx_word' id='word_1_354' title='bbox 2691 839 2924 894; x_wconf 88' lang='lat' dir='ltr'><strong>Sanctus</strong></span> <span class='ocrx_word' id='word_1_355' title='bbox 2976 840 3378 908; x_wconf 84' lang='lat' dir='ltr'><strong>composuerit?</strong></span> 
     </span>
    </p>
   </div>
   <div class='ocr_carea' id='block_1_53' title="bbox 1791 930 3376 1000">
    <p class='ocr_par' dir='ltr' id='par_1_53' title="bbox 1791 930 3376 1000">
     <span class='ocr_line' id='line_1_53' title="bbox 1791 930 3376 1000; baseline -0.001 -14"><span class='ocrx_word' id='word_1_356' title='bbox 1791 930 1926 987; x_wconf 91' lang='lat' dir='ltr'><strong>Cum</strong></span> <span class='ocrx_word' id='word_1_357' title='bbox 1957 932 2369 987; x_wconf 85' lang='lat' dir='ltr'><strong>exhortationes</strong></span> <span class='ocrx_word' id='word_1_358' title='bbox 2391 971 2405 994; x_wconf 95' lang='lat'><strong>,</strong></span> <span class='ocrx_word' id='word_1_359' title='bbox 2440 947 2575 1000; x_wconf 89' lang='lat' dir='ltr'><strong>quas</strong></span> <span class='ocrx_word' id='word_1_360' title='bbox 2606 930 3061 999; x_wconf 87' lang='lat' dir='ltr'><strong>complectuntur,</strong></span> <span class='ocrx_word' id='word_1_361' title='bbox 3093 931 3376 989; x_wconf 84' lang='lat' dir='ltr'><strong>monachis</strong></span> 
     </span>
    </p>
   </div>
   <div class='ocr_carea' id='block_1_54' title="bbox 1790 1020 3373 1094">
    <p class='ocr_par' dir='ltr' id='par_1_54' title="bbox 1790 1020 3373 1094">
     <span class='ocr_line' id='line_1_54' title="bbox 1790 1020 3373 1094; baseline -0.001 -17"><span class='ocrx_word' id='word_1_362' title='bbox 1790 1032 1848 1077; x_wconf 91' lang='lat' dir='ltr'><strong>ut</strong></span> <span class='ocrx_word' id='word_1_363' title='bbox 1875 1024 2167 1094; x_wconf 91' lang='lat' dir='ltr'><strong>plurimum</strong></span> <span class='ocrx_word' id='word_1_364' title='bbox 2198 1022 2545 1087; x_wconf 84' lang='lat' dir='ltr'><strong>conveniant,</strong></span> <span class='ocrx_word' id='word_1_365' title='bbox 2580 1020 2782 1077; x_wconf 84' lang='lat' dir='ltr'><strong>fuerint</strong></span> <span class='ocrx_word' id='word_1_366' title='bbox 2811 1023 3178 1077; x_wconf 86' lang='lat' dir='ltr'><strong>verosimilius</strong></span> <span class='ocrx_word' id='word_1_367' title='bbox 3212 1022 3373 1076; x_wconf 89' lang='lat' dir='ltr'><strong>iidem</strong></span> 
     </span>
    </p>
   </div>
   <div class='ocr_carea' id='block_1_55' title="bbox 1792 1112 3372 1191">
    <p class='ocr_par' dir='ltr' id='par_1_55' title="bbox 1792 1112 3372 1191">
     <span class='ocr_line' id='line_1_55' title="bbox 1792 1112 3372 1191; baseline -0.003 -20"><span class='ocrx_word' id='word_1_368' title='bbox 1792 1116 1891 1171; x_wconf 89' lang='lat' dir='ltr'><strong>abs</strong></span> <span class='ocrx_word' id='word_1_369' title='bbox 1918 1116 2034 1181; x_wconf 88' lang='lat' dir='ltr'><strong>illo,</strong></span> <span class='ocrx_word' id='word_1_370' title='bbox 2067 1131 2189 1170; x_wconf 90' lang='lat' dir='ltr'><strong>cum</strong></span> <span class='ocrx_word' id='word_1_371' title='bbox 2216 1116 2270 1169; x_wconf 90' lang='lat' dir='ltr'><strong>in</strong></span> <span class='ocrx_word' id='word_1_372' title='bbox 2312 1129 2495 1169; x_wconf 90' lang='lat' dir='ltr'><strong>eremo</strong></span> <span class='ocrx_word' id='word_1_373' title='bbox 2527 1129 2620 1167; x_wconf 90' lang='lat' dir='ltr'><strong>seu</strong></span> <span class='ocrx_word' id='word_1_374' title='bbox 2658 1112 3019 1167; x_wconf 86' lang='lat' dir='ltr'><strong>Cartlmsiana</strong></span> <span class='ocrx_word' id='word_1_375' title='bbox 3052 1128 3146 1167; x_wconf 88' lang='lat' dir='ltr'><strong>seu</strong></span> <span class='ocrx_word' id='word_1_376' title='bbox 3179 1112 3372 1191; x_wconf 46' lang='lat' dir='ltr'><strong>Turri-j</strong></span> 
     </span>
    </p>
   </div>
   <div class='ocr_carea' id='block_1_56' title="bbox 1791 1204 3372 1276">
    <p class='ocr_par' dir='ltr' id='par_1_56' title="bbox 1791 1204 3372 1276">
     <span class='ocr_line' id='line_1_56' title="bbox 1791 1204 3372 1276; baseline -0.003 -13"><span class='ocrx_word' id='word_1_377' title='bbox 1791 1207 2046 1275; x_wconf 90' lang='lat' dir='ltr'><strong>tanajam</strong></span> <span class='ocrx_word' id='word_1_378' title='bbox 2070 1215 2401 1271; x_wconf 83' lang='lat' dir='ltr'><strong>versaretur,</strong></span> <span class='ocrx_word' id='word_1_379' title='bbox 2432 1204 2738 1276; x_wconf 86' lang='lat' dir='ltr'><strong>compositi,</strong></span> <span class='ocrx_word' id='word_1_380' title='bbox 2769 1213 2931 1273; x_wconf 87' lang='lat' dir='ltr'><strong>atque</strong></span> <span class='ocrx_word' id='word_1_381' title='bbox 2956 1205 3021 1258; x_wconf 91' lang='lat' dir='ltr'><strong>ad</strong></span> <span class='ocrx_word' id='word_1_382' title='bbox 3051 1220 3166 1268; x_wconf 87' lang='lat' dir='ltr'><strong>eos,</strong></span> <span class='ocrx_word' id='word_1_383' title='bbox 3195 1205 3285 1274; x_wconf 87' lang='lat' dir='ltr'><strong>qui</strong></span> <span class='ocrx_word' id='word_1_384' title='bbox 3316 1205 3372 1258; x_wconf 91' lang='lat' dir='ltr'><strong>in</strong></span> 
     </span>
    </p>
   </div>
   <div class='ocr_carea' id='block_1_57' title="bbox 1790 1295 3372 1368">
    <p class='ocr_par' dir='ltr' id='par_1_57' title="bbox 1790 1295 3372 1368">
     <span class='ocr_line' id='line_1_57' title="bbox 1790 1295 3372 1368; baseline -0.001 -14"><span class='ocrx_word' id='word_1_385' title='bbox 1790 1298 2131 1368; x_wconf 89' lang='lat' dir='ltr'><strong>disciplinam</strong></span> <span class='ocrx_word' id='word_1_386' title='bbox 2158 1296 2275 1366; x_wconf 83' lang='lat' dir='ltr'><strong>ejus</strong></span> <span class='ocrx_word' id='word_1_387' title='bbox 2298 1297 2496 1353; x_wconf 85' lang='lat' dir='ltr'><strong>ibidem</strong></span> <span class='ocrx_word' id='word_1_388' title='bbox 2524 1310 2645 1350; x_wconf 89' lang='lat' dir='ltr'><strong>sese</strong></span> <span class='ocrx_word' id='word_1_389' title='bbox 2673 1295 2962 1360; x_wconf 87' lang='lat' dir='ltr'><strong>dederant,</strong></span> <span class='ocrx_word' id='word_1_390' title='bbox 3006 1298 3372 1365; x_wconf 90' lang='lat' dir='ltr'><strong>pronunciati.</strong></span> 
     </span>
    </p>
   </div>
   <div class='ocr_carea' id='block_1_58' title="bbox 1788 1387 3375 1461">
    <p class='ocr_par' dir='ltr' id='par_1_58' title="bbox 1788 1387 3375 1461">
     <span class='ocr_line' id='line_1_58' title="bbox 1788 1387 3375 1461; baseline 0 -18"><span class='ocrx_word' id='word_1_391' title='bbox 1788 1389 1897 1445; x_wconf 89' lang='lat' dir='ltr'><strong>Nec</strong></span> <span class='ocrx_word' id='word_1_392' title='bbox 1936 1400 2217 1461; x_wconf 82' lang='lat' dir='ltr'><strong>propterea</strong></span> <span class='ocrx_word' id='word_1_393' title='bbox 2269 1399 2446 1443; x_wconf 89' lang='lat' dir='ltr'><strong>tamen</strong></span> <span class='ocrx_word' id='word_1_394' title='bbox 2517 1397 2674 1458; x_wconf 90' lang='lat' dir='ltr'><strong>putes</strong></span> <span class='ocrx_word' id='word_1_395' title='bbox 2725 1387 3033 1441; x_wconf 86' lang='lat' dir='ltr'><strong>verosimile</strong></span> <span class='ocrx_word' id='word_1_396' title='bbox 3086 1404 3191 1442; x_wconf 92' lang='lat' dir='ltr'><strong>non</strong></span> <span class='ocrx_word' id='word_1_397' title='bbox 3252 1403 3375 1443; x_wconf 86' lang='lat' dir='ltr'><strong>esse</strong></span> 
     </span>
    </p>
   </div>
   <div class='ocr_carea' id='block_1_59' title="bbox 1790 1479 3372 1549">
    <p class='ocr_par' dir='ltr' id='par_1_59' title="bbox 1790 1479 3372 1549">
     <span class='ocr_line' id='line_1_59' title="bbox 1790 1479 3372 1549; baseline -0.002 -13"><span class='ocrx_word' id='word_1_398' title='bbox 1790 1482 2048 1537; x_wconf 91' lang='lat' dir='ltr'><strong>Sanctum</strong></span> <span class='ocrx_word' id='word_1_399' title='bbox 2096 1492 2362 1549; x_wconf 88' lang='lat' dir='ltr'><strong>nostrum,</strong></span> <span class='ocrx_word' id='word_1_400' title='bbox 2413 1496 2534 1535; x_wconf 90' lang='lat' dir='ltr'><strong>cum</strong></span> <span class='ocrx_word' id='word_1_401' title='bbox 2586 1479 2771 1535; x_wconf 78' lang='lat' dir='ltr'><strong>Remis</strong></span> <span class='ocrx_word' id='word_1_402' title='bbox 2818 1480 2993 1534; x_wconf 87' lang='lat' dir='ltr'><strong>adhuc</strong></span> <span class='ocrx_word' id='word_1_403' title='bbox 3039 1489 3372 1545; x_wconf 88' lang='lat' dir='ltr'><strong>versaretur,</strong></span> 
     </span>
    </p>
   </div>
   <div class='ocr_carea' id='block_1_60' title="bbox 1787 1569 3372 1644">
    <p class='ocr_par' dir='ltr' id='par_1_60' title="bbox 1787 1569 3372 1644">
     <span class='ocr_line' id='line_1_60' title="bbox 1787 1569 3372 1644; baseline -0.001 -17"><span class='ocrx_word' id='word_1_404' title='bbox 1787 1574 1953 1628; x_wconf 85' lang='lat' dir='ltr'><strong>verba</strong></span> <span class='ocrx_word' id='word_1_405' title='bbox 1988 1575 2053 1628; x_wconf 89' lang='lat' dir='ltr'><strong>ad</strong></span> <span class='ocrx_word' id='word_1_406' title='bbox 2081 1572 2361 1644; x_wconf 88' lang='lat' dir='ltr'><strong>p0pulum,</strong></span> <span class='ocrx_word' id='word_1_407' title='bbox 2392 1583 2584 1628; x_wconf 91' lang='lat' dir='ltr'><strong>contra</strong></span> <span class='ocrx_word' id='word_1_408' title='bbox 2615 1587 2678 1626; x_wconf 91' lang='lat' dir='ltr'><strong>ac</strong></span> <span class='ocrx_word' id='word_1_409' title='bbox 2713 1586 2864 1625; x_wconf 90' lang='lat' dir='ltr'><strong>num.</strong></span> <span class='ocrx_word' id='word_1_410' title='bbox 2911 1569 3009 1635; x_wconf 79' lang='lat'><strong>95,</strong></span> <span class='ocrx_word' id='word_1_411' title='bbox 3055 1571 3372 1636; x_wconf 89' lang='lat' dir='ltr'><strong>docuimus,</strong></span> 
     </span>
    </p>
   </div>
   <div class='ocr_carea' id='block_1_61' title="bbox 1788 1661 3373 1736">
    <p class='ocr_par' dir='ltr' id='par_1_61' title="bbox 1788 1661 3373 1736">
     <span class='ocr_line' id='line_1_61' title="bbox 1788 1661 3373 1736; baseline -0.003 -17"><span class='ocrx_word' id='word_1_412' title='bbox 1788 1681 2024 1736; x_wconf 90' lang='lat' dir='ltr'><strong>unquam</strong></span> <span class='ocrx_word' id='word_1_413' title='bbox 2074 1664 2296 1732; x_wconf 83' lang='lat' dir='ltr'><strong>fecisse;</strong></span> <span class='ocrx_word' id='word_1_414' title='bbox 2336 1664 2436 1719; x_wconf 89' lang='lat' dir='ltr'><strong>etsi</strong></span> <span class='ocrx_word' id='word_1_415' title='bbox 2468 1664 2612 1719; x_wconf 90' lang='lat' dir='ltr'><strong>enim</strong></span> <span class='ocrx_word' id='word_1_416' title='bbox 2644 1662 2898 1725; x_wconf 89' lang='lat' dir='ltr'><strong>Latinos,</strong></span> <span class='ocrx_word' id='word_1_417' title='bbox 2933 1663 2999 1716; x_wconf 91' lang='lat' dir='ltr'><strong>de</strong></span> <span class='ocrx_word' id='word_1_418' title='bbox 3026 1662 3223 1730; x_wconf 89' lang='lat' dir='ltr'><strong>quibus</strong></span> <span class='ocrx_word' id='word_1_419' title='bbox 3252 1661 3373 1727; x_wconf 87' lang='lat' dir='ltr'><strong>hic,</strong></span> 
     </span>
    </p>
   </div>
   <div class='ocr_carea' id='block_1_62' title="bbox 1790 1750 3376 1817">
    <p class='ocr_par' dir='ltr' id='par_1_62' title="bbox 1790 1750 3376 1817">
     <span class='ocr_line' id='line_1_62' title="bbox 1790 1750 3376 1817; baseline -0.004 -6"><span class='ocrx_word' id='word_1_420' title='bbox 1790 1771 2075 1811; x_wconf 88' lang='lat' dir='ltr'><strong>sermones</strong></span> <span class='ocrx_word' id='word_1_421' title='bbox 2107 1764 2235 1810; x_wconf 85' lang='lat' dir='ltr'><strong>tunc</strong></span> <span class='ocrx_word' id='word_1_422' title='bbox 2262 1754 2672 1809; x_wconf 88' lang='lat' dir='ltr'><strong>verosimillime</strong></span> <span class='ocrx_word' id='word_1_423' title='bbox 2695 1752 2837 1806; x_wconf 91' lang='lat' dir='ltr'><strong>haud</strong></span> <span class='ocrx_word' id='word_1_424' title='bbox 2865 1752 3142 1817; x_wconf 89' lang='lat' dir='ltr'><strong>habuerit,</strong></span> <span class='ocrx_word' id='word_1_425' title='bbox 3172 1750 3376 1805; x_wconf 89' lang='lat' dir='ltr'><strong>habere</strong></span> 
     </span>
    </p>
   </div>
   <div class='ocr_carea' id='block_1_63' title="bbox 1789 1830 3377 1922">
    <p class='ocr_par' dir='ltr' id='par_1_63' title="bbox 1789 1830 3377 1922">
     <span class='ocr_line' id='line_1_63' title="bbox 1789 1830 3377 1922; baseline -0.006 -16"><span class='ocrx_word' id='word_1_426' title='bbox 1789 1830 1960 1922; x_wconf 86' lang='lat' dir='ltr'><strong>potuit</strong></span> <span class='ocrx_word' id='word_1_427' title='bbox 1985 1852 2148 1915; x_wconf 90' lang='lat' dir='ltr'><strong>alios,</strong></span> <span class='ocrx_word' id='word_1_428' title='bbox 2181 1851 2435 1906; x_wconf 88' lang='lat' dir='ltr'><strong>idiomate</strong></span> <span class='ocrx_word' id='word_1_429' title='bbox 2474 1847 2679 1918; x_wconf 83' lang='lat' dir='ltr'><strong>vulgari</strong></span> <span class='ocrx_word' id='word_1_430' title='bbox 2711 1855 3028 1911; x_wconf 83' lang='lat' dir='ltr'><strong>contextos,</strong></span> <span class='ocrx_word' id='word_1_431' title='bbox 3062 1846 3154 1915; x_wconf 90' lang='lat' dir='ltr'><strong>qui</strong></span> <span class='ocrx_word' id='word_1_432' title='bbox 3215 1844 3377 1898; x_wconf 91' lang='lat' dir='ltr'><strong>modo</strong></span> 
     </span>
    </p>
   </div>
   <div class='ocr_carea' id='block_1_64' title="bbox 1788 1935 3378 2009">
    <p class='ocr_par' dir='ltr' id='par_1_64' title="bbox 1788 1935 3378 2009">
     <span class='ocr_line' id='line_1_64' title="bbox 1788 1935 3378 2009; baseline -0.006 -12"><span class='ocrx_word' id='word_1_433' title='bbox 1788 1941 2168 1997; x_wconf 87' lang='lat' dir='ltr'><strong>interciderint</strong></span> <span class='ocrx_word' id='word_1_434' title='bbox 2207 1950 2299 1995; x_wconf 85' lang='lat' dir='ltr'><strong>aut</strong></span> <span class='ocrx_word' id='word_1_435' title='bbox 2338 1953 2610 2009; x_wconf 83' lang='lat' dir='ltr'><strong>nunquam</strong></span> <span class='ocrx_word' id='word_1_436' title='bbox 2652 1938 2816 1992; x_wconf 90' lang='lat' dir='ltr'><strong>etiam</strong></span> <span class='ocrx_word' id='word_1_437' title='bbox 2874 1937 2926 1990; x_wconf 93' lang='lat' dir='ltr'><strong>in</strong></span> <span class='ocrx_word' id='word_1_438' title='bbox 2970 1936 3180 1990; x_wconf 88' lang='lat' dir='ltr'><strong>litteras</strong></span> <span class='ocrx_word' id='word_1_439' title='bbox 3224 1935 3378 1989; x_wconf 82' lang='lat' dir='ltr'><strong>missi</strong></span> 
     </span>
    </p>
   </div>
   <div class='ocr_carea' id='block_1_65' title="bbox 1790 2027 3381 2101">
    <p class='ocr_par' dir='ltr' id='par_1_65' title="bbox 1790 2027 3381 2101">
     <span class='ocr_line' id='line_1_65' title="bbox 1790 2027 3381 2101; baseline -0.003 -13"><span class='ocrx_word' id='word_1_440' title='bbox 1790 2033 2014 2089; x_wconf 86' lang='lat' dir='ltr'><strong>fuerint.</strong></span> <span class='ocrx_word' id='word_1_441' title='bbox 2066 2033 2212 2088; x_wconf 86' lang='lat' dir='ltr'><strong>Idem</strong></span> <span class='ocrx_word' id='word_1_442' title='bbox 2260 2032 2426 2087; x_wconf 86' lang='lat' dir='ltr'><strong>etiam</strong></span> <span class='ocrx_word' id='word_1_443' title='bbox 2468 2040 2595 2101; x_wconf 89' lang='lat' dir='ltr'><strong>puta</strong></span> <span class='ocrx_word' id='word_1_444' title='bbox 2642 2030 2709 2084; x_wconf 89' lang='lat' dir='ltr'><strong>de</strong></span> <span class='ocrx_word' id='word_1_445' title='bbox 2754 2030 3127 2093; x_wconf 81' lang='lat' dir='ltr'><strong>sermonibus,</strong></span> <span class='ocrx_word' id='word_1_446' title='bbox 3162 2027 3206 2082; x_wconf 91' lang='lat' dir='ltr'><strong>si</strong></span> <span class='ocrx_word' id='word_1_447' title='bbox 3243 2042 3381 2095; x_wconf 83' lang='lat' dir='ltr'><strong>quos</strong></span> 
     </span>
    </p>
   </div>
   <div class='ocr_carea' id='block_1_66' title="bbox 1790 2117 3377 2187">
    <p class='ocr_par' dir='ltr' id='par_1_66' title="bbox 1790 2117 3377 2187">
     <span class='ocr_line' id='line_1_66' title="bbox 1790 2117 3377 2187; baseline -0.004 -7"><span class='ocrx_word' id='word_1_448' title='bbox 1790 2126 1934 2181; x_wconf 90' lang='lat' dir='ltr'><strong>forte</strong></span> <span class='ocrx_word' id='word_1_449' title='bbox 1979 2125 2233 2187; x_wconf 89' lang='lat' dir='ltr'><strong>Sanctus,</strong></span> <span class='ocrx_word' id='word_1_450' title='bbox 2264 2137 2387 2177; x_wconf 92' lang='lat' dir='ltr'><strong>cum</strong></span> <span class='ocrx_word' id='word_1_451' title='bbox 2431 2122 2482 2175; x_wconf 92' lang='lat' dir='ltr'><strong>in</strong></span> <span class='ocrx_word' id='word_1_452' title='bbox 2522 2119 2893 2185; x_wconf 86' lang='lat' dir='ltr'><strong>solitudinem,</strong></span> <span class='ocrx_word' id='word_1_453' title='bbox 2934 2117 3132 2173; x_wconf 82' lang='lat' dir='ltr'><strong>saeculo</strong></span> <span class='ocrx_word' id='word_1_454' title='bbox 3168 2118 3377 2184; x_wconf 87' lang='lat' dir='ltr'><strong>relicto,</strong></span> 
     </span>
    </p>
   </div>
   <div class='ocr_carea' id='block_1_67' title="bbox 1783 2208 3376 2288">
    <p class='ocr_par' dir='ltr' id='par_1_67' title="bbox 1783 2208 3376 2288">
     <span class='ocr_line' id='line_1_67' title="bbox 1783 2208 3376 2288; baseline -0.008 -16"><span class='ocrx_word' id='word_1_455' title='bbox 1783 2216 1896 2288; x_wconf 87' lang='lat' dir='ltr'><strong>jam</strong></span> <span class='ocrx_word' id='word_1_456' title='bbox 1962 2214 2313 2277; x_wconf 83' lang='lat' dir='ltr'><strong>secessisset,</strong></span> <span class='ocrx_word' id='word_1_457' title='bbox 2373 2213 2440 2266; x_wconf 89' lang='lat' dir='ltr'><strong>ad</strong></span> <span class='ocrx_word' id='word_1_458' title='bbox 2497 2209 2753 2281; x_wconf 90' lang='lat' dir='ltr'><strong>populum</strong></span> <span class='ocrx_word' id='word_1_459' title='bbox 2804 2224 3040 2279; x_wconf 90' lang='lat' dir='ltr'><strong>unquam</strong></span> <span class='ocrx_word' id='word_1_460' title='bbox 3095 2208 3376 2274; x_wconf 88' lang='lat' dir='ltr'><strong>habuerit;</strong></span> 
     </span>
    </p>
   </div>
   <div class='ocr_carea' id='block_1_68' title="bbox 1790 2302 3385 2384">
    <p class='ocr_par' dir='ltr' id='par_1_68' title="bbox 1790 2302 3385 2384">
     <span class='ocr_line' id='line_1_68' title="bbox 1790 2302 3385 2384; baseline -0.008 -18"><span class='ocrx_word' id='word_1_461' title='bbox 1790 2311 1932 2384; x_wconf 89' lang='lat' dir='ltr'><strong>quod</strong></span> <span class='ocrx_word' id='word_1_462' title='bbox 1966 2326 2025 2365; x_wconf 91' lang='lat' dir='ltr'><strong>re</strong></span> <span class='ocrx_word' id='word_1_463' title='bbox 2060 2308 2224 2363; x_wconf 88' lang='lat' dir='ltr'><strong>etiam</strong></span> <span class='ocrx_word' id='word_1_464' title='bbox 2256 2308 2369 2376; x_wconf 89' lang='lat' dir='ltr'><strong>ipsa</strong></span> <span class='ocrx_word' id='word_1_465' title='bbox 2404 2304 2606 2359; x_wconf 87' lang='lat' dir='ltr'><strong>factum</strong></span> <span class='ocrx_word' id='word_1_466' title='bbox 2640 2318 2793 2367; x_wconf 87' lang='lat' dir='ltr'><strong>esse,</strong></span> <span class='ocrx_word' id='word_1_467' title='bbox 2823 2318 2952 2357; x_wconf 88' lang='lat' dir='ltr'><strong>vero</strong></span> <span class='ocrx_word' id='word_1_468' title='bbox 2982 2302 3126 2356; x_wconf 80' lang='lat' dir='ltr'><strong>hami</strong></span> <span class='ocrx_word' id='word_1_469' title='bbox 3158 2308 3385 2372; x_wconf 87' lang='lat' dir='ltr'><strong>apparet</strong></span> 
     </span>
    </p>
   </div>
   <div class='ocr_carea' id='block_1_69' title="bbox 1790 2392 3382 2468">
    <p class='ocr_par' dir='ltr' id='par_1_69' title="bbox 1790 2392 3382 2468">
     <span class='ocr_line' id='line_1_69' title="bbox 1790 2392 3382 2468; baseline -0.009 -9"><span class='ocrx_word' id='word_1_470' title='bbox 1790 2403 2060 2459; x_wconf 89' lang='lat' dir='ltr'><strong>absimile.</strong></span> <span class='ocrx_word' id='word_1_471' title='bbox 2088 2399 2285 2468; x_wconf 82' lang='lat' dir='ltr'><strong>Quidni</strong></span> <span class='ocrx_word' id='word_1_472' title='bbox 2315 2398 2456 2452; x_wconf 87' lang='lat' dir='ltr'><strong>enim</strong></span> <span class='ocrx_word' id='word_1_473' title='bbox 2490 2396 2689 2450; x_wconf 82' lang='lat' dir='ltr'><strong>factum</strong></span> <span class='ocrx_word' id='word_1_474' title='bbox 2734 2410 2856 2449; x_wconf 88' lang='lat' dir='ltr'><strong>esse</strong></span> <span class='ocrx_word' id='word_1_475' title='bbox 2880 2403 3044 2464; x_wconf 86' lang='lat' dir='ltr'><strong>queat</strong></span> <span class='ocrx_word' id='word_1_476' title='bbox 3068 2402 3126 2447; x_wconf 92' lang='lat' dir='ltr'><strong>ut</strong></span> <span class='ocrx_word' id='word_1_477' title='bbox 3148 2392 3382 2447; x_wconf 89' lang='lat' dir='ltr'><strong>Sanctus</strong></span> 
     </span>
    </p>
   </div>
   <div class='ocr_carea' id='block_1_70' title="bbox 1790 2484 3380 2560">
    <p class='ocr_par' dir='ltr' id='par_1_70' title="bbox 1790 2484 3380 2560">
     <span class='ocr_line' id='line_1_70' title="bbox 1790 2484 3380 2560; baseline -0.008 -11"><span class='ocrx_word' id='word_1_478' title='bbox 1790 2503 1995 2554; x_wconf 87' lang='lat' dir='ltr'><strong>noster,</strong></span> <span class='ocrx_word' id='word_1_479' title='bbox 2034 2492 2133 2547; x_wconf 89' lang='lat' dir='ltr'><strong>etsi</strong></span> <span class='ocrx_word' id='word_1_480' title='bbox 2173 2490 2284 2560; x_wconf 88' lang='lat' dir='ltr'><strong>jam</strong></span> <span class='ocrx_word' id='word_1_481' title='bbox 2321 2488 2670 2543; x_wconf 88' lang='lat' dir='ltr'><strong>eremitarum</strong></span> <span class='ocrx_word' id='word_1_482' title='bbox 2695 2530 2708 2553; x_wconf 92' lang='lat'><strong>,</strong></span> <span class='ocrx_word' id='word_1_483' title='bbox 2739 2500 2969 2555; x_wconf 89' lang='lat' dir='ltr'><strong>quorum</strong></span> <span class='ocrx_word' id='word_1_484' title='bbox 3011 2486 3079 2540; x_wconf 89' lang='lat' dir='ltr'><strong>ad</strong></span> <span class='ocrx_word' id='word_1_485' title='bbox 3121 2484 3380 2555; x_wconf 89' lang='lat' dir='ltr'><strong>populum</strong></span> 
     </span>
    </p>
   </div>
   <div class='ocr_carea' id='block_1_71' title="bbox 1788 2577 3381 2647">
    <p class='ocr_par' dir='ltr' id='par_1_71' title="bbox 1788 2577 3381 2647">
     <span class='ocr_line' id='line_1_71' title="bbox 1788 2577 3381 2647; baseline -0.006 -7"><span class='ocrx_word' id='word_1_486' title='bbox 1788 2586 1956 2640; x_wconf 88' lang='lat' dir='ltr'><strong>verba</strong></span> <span class='ocrx_word' id='word_1_487' title='bbox 2010 2584 2192 2638; x_wconf 84' lang='lat' dir='ltr'><strong>facere</strong></span> <span class='ocrx_word' id='word_1_488' title='bbox 2235 2597 2338 2636; x_wconf 90' lang='lat' dir='ltr'><strong>non</strong></span> <span class='ocrx_word' id='word_1_489' title='bbox 2370 2591 2487 2647; x_wconf 90' lang='lat' dir='ltr'><strong>est,</strong></span> <span class='ocrx_word' id='word_1_490' title='bbox 2531 2581 2657 2633; x_wconf 69' lang='lat' dir='ltr'><strong>vita:</strong></span> <span class='ocrx_word' id='word_1_491' title='bbox 2705 2579 3013 2633; x_wconf 87' lang='lat' dir='ltr'><strong>institutum</strong></span> <span class='ocrx_word' id='word_1_492' title='bbox 3065 2577 3381 2647; x_wconf 79' lang='lat' dir='ltr'><strong>amplexus,</strong></span> 
     </span>
    </p>
   </div>
   <div class='ocr_carea' id='block_1_72' title="bbox 1790 2669 3381 2741">
    <p class='ocr_par' dir='ltr' id='par_1_72' title="bbox 1790 2669 3381 2741">
     <span class='ocr_line' id='line_1_72' title="bbox 1790 2669 3381 2741; baseline -0.006 -9"><span class='ocrx_word' id='word_1_493' title='bbox 1790 2691 2073 2732; x_wconf 89' lang='lat' dir='ltr'><strong>sermones</strong></span> <span class='ocrx_word' id='word_1_494' title='bbox 2094 2674 2323 2730; x_wconf 89' lang='lat' dir='ltr'><strong>subinde</strong></span> <span class='ocrx_word' id='word_1_495' title='bbox 2354 2672 2418 2725; x_wconf 89' lang='lat' dir='ltr'><strong>ad</strong></span> <span class='ocrx_word' id='word_1_496' title='bbox 2451 2669 2705 2741; x_wconf 84' lang='lat' dir='ltr'><strong>pepulum</strong></span> <span class='ocrx_word' id='word_1_497' title='bbox 2733 2670 2987 2724; x_wconf 83' lang='lat' dir='ltr'><strong>habuerit</strong></span> <span class='ocrx_word' id='word_1_498' title='bbox 3010 2678 3105 2723; x_wconf 90' lang='lat' dir='ltr'><strong>aut</strong></span> <span class='ocrx_word' id='word_1_499' title='bbox 3136 2669 3189 2723; x_wconf 91' lang='lat' dir='ltr'><strong>in</strong></span> <span class='ocrx_word' id='word_1_500' title='bbox 3221 2669 3381 2723; x_wconf 88' lang='lat' dir='ltr'><strong>itine—</strong></span> 
     </span>
    </p>
   </div>
   <div class='ocr_carea' id='block_1_73' title="bbox 1791 2759 3383 2836">
    <p class='ocr_par' dir='ltr' id='par_1_73' title="bbox 1791 2759 3383 2836">
     <span class='ocr_line' id='line_1_73' title="bbox 1791 2759 3383 2836; baseline -0.004 -15"><span class='ocrx_word' id='word_1_501' title='bbox 1791 2768 1963 2833; x_wconf 88' lang='lat' dir='ltr'><strong>ribus,</strong></span> <span class='ocrx_word' id='word_1_502' title='bbox 1992 2782 2111 2836; x_wconf 78' lang='lat' dir='ltr'><strong>quae</strong></span> <span class='ocrx_word' id='word_1_503' title='bbox 2132 2780 2195 2819; x_wconf 84' lang='lat' dir='ltr'><strong>ex</strong></span> <span class='ocrx_word' id='word_1_504' title='bbox 2222 2764 2383 2818; x_wconf 88' lang='lat' dir='ltr'><strong>dictis</strong></span> <span class='ocrx_word' id='word_1_505' title='bbox 2410 2761 2665 2825; x_wconf 84' lang='lat' dir='ltr'><strong>confecit,</strong></span> <span class='ocrx_word' id='word_1_506' title='bbox 2691 2770 2783 2813; x_wconf 90' lang='lat' dir='ltr'><strong>aut</strong></span> <span class='ocrx_word' id='word_1_507' title='bbox 2817 2760 2871 2816; x_wconf 91' lang='lat' dir='ltr'><strong>in</strong></span> <span class='ocrx_word' id='word_1_508' title='bbox 2898 2759 3164 2823; x_wconf 90' lang='lat' dir='ltr'><strong>ecclesiis,</strong></span> <span class='ocrx_word' id='word_1_509' title='bbox 3195 2774 3383 2814; x_wconf 87' lang='lat' dir='ltr'><strong>eremo</strong></span> 
     </span>
    </p>
   </div>
   <div class='ocr_carea' id='block_1_74' title="bbox 1792 2849 3381 2921">
    <p class='ocr_par' dir='ltr' id='par_1_74' title="bbox 1792 2849 3381 2921">
     <span class='ocr_line' id='line_1_74' title="bbox 1792 2849 3381 2921; baseline -0.006 -9"><span class='ocrx_word' id='word_1_510' title='bbox 1792 2873 1887 2912; x_wconf 87' lang='lat' dir='ltr'><strong>seu</strong></span> <span class='ocrx_word' id='word_1_511' title='bbox 1931 2857 2268 2919; x_wconf 69' lang='lat' dir='ltr'><strong>Turritanm,</strong></span> <span class='ocrx_word' id='word_1_512' title='bbox 2307 2870 2400 2908; x_wconf 86' lang='lat' dir='ltr'><strong>seu</strong></span> <span class='ocrx_word' id='word_1_513' title='bbox 2438 2851 2844 2917; x_wconf 69' lang='lat' dir='ltr'><strong>Carthusianm,</strong></span> <span class='ocrx_word' id='word_1_514' title='bbox 2886 2868 3047 2921; x_wconf 91' lang='lat' dir='ltr'><strong>quam</strong></span> <span class='ocrx_word' id='word_1_515' title='bbox 3083 2849 3381 2915; x_wconf 87' lang='lat' dir='ltr'><strong>incolebat,</strong></span> 
     </span>
    </p>
   </div>
   <div class='ocr_carea' id='block_1_75' title="bbox 1791 2943 3384 3015">
    <p class='ocr_par' dir='ltr' id='par_1_75' title="bbox 1791 2943 3384 3015">
     <span class='ocr_line' id='line_1_75' title="bbox 1791 2943 3384 3015; baseline -0.005 -10"><span class='ocrx_word' id='word_1_516' title='bbox 1791 2949 2018 3010; x_wconf 89' lang='lat' dir='ltr'><strong>vicinis,</strong></span> <span class='ocrx_word' id='word_1_517' title='bbox 2065 2948 2131 3001; x_wconf 92' lang='lat' dir='ltr'><strong>ad</strong></span> <span class='ocrx_word' id='word_1_518' title='bbox 2173 2963 2267 3001; x_wconf 90' lang='lat' dir='ltr'><strong>eas</strong></span> <span class='ocrx_word' id='word_1_519' title='bbox 2316 2947 2384 3001; x_wconf 89' lang='lat' dir='ltr'><strong>ab</strong></span> <span class='ocrx_word' id='word_1_520' title='bbox 2428 2945 2730 3015; x_wconf 89' lang='lat' dir='ltr'><strong>episcopis,</strong></span> <span class='ocrx_word' id='word_1_521' title='bbox 2773 2958 2875 3013; x_wconf 87' lang='lat' dir='ltr'><strong>per.</strong></span> <span class='ocrx_word' id='word_1_522' title='bbox 2914 2943 3003 3012; x_wconf 88' lang='lat' dir='ltr'><strong>pia</strong></span> <span class='ocrx_word' id='word_1_523' title='bbox 3053 2944 3384 3009; x_wconf 77' lang='lat' dir='ltr'><strong>incenSaque</strong></span> 
     </span>
    </p>
   </div>
   <div class='ocr_carea' id='block_1_76' title="bbox 1796 3037 3384 3111">
    <p class='ocr_par' dir='ltr' id='par_1_76' title="bbox 1796 3037 3384 3111">
     <span class='ocr_line' id='line_1_76' title="bbox 1796 3037 3384 3111; baseline -0.003 -15"><span class='ocrx_word' id='word_1_524' title='bbox 1796 3044 1929 3109; x_wconf 84' lang='lat' dir='ltr'><strong>Viri,</strong></span> <span class='ocrx_word' id='word_1_525' title='bbox 1960 3042 2113 3111; x_wconf 87' lang='lat' dir='ltr'><strong>cujus</strong></span> <span class='ocrx_word' id='word_1_526' title='bbox 2136 3056 2315 3095; x_wconf 89' lang='lat' dir='ltr'><strong>raram</strong></span> <span class='ocrx_word' id='word_1_527' title='bbox 2343 3040 2466 3093; x_wconf 65' lang='lat' dir='ltr'><strong>vitae</strong></span> <span class='ocrx_word' id='word_1_528' title='bbox 2488 3038 2830 3093; x_wconf 85' lang='lat' dir='ltr'><strong>sanctitatem</strong></span> <span class='ocrx_word' id='word_1_529' title='bbox 2854 3046 3190 3108; x_wconf 86' lang='lat' dir='ltr'><strong>perspectam</strong></span> <span class='ocrx_word' id='word_1_530' title='bbox 3217 3037 3384 3092; x_wconf 77' lang='lat' dir='ltr'><strong>habe-</strong></span> 
     </span>
    </p>
   </div>
   <div class='ocr_carea' id='block_1_77' title="bbox 1793 3126 3381 3200">
    <p class='ocr_par' dir='ltr' id='par_1_77' title="bbox 1793 3126 3381 3200">
     <span class='ocr_line' id='line_1_77' title="bbox 1793 3126 3381 3200; baseline -0.007 -9"><span class='ocrx_word' id='word_1_531' title='bbox 1793 3137 1944 3198; x_wconf 88' lang='lat' dir='ltr'><strong>bant,</strong></span> <span class='ocrx_word' id='word_1_532' title='bbox 1978 3132 2179 3189; x_wconf 90' lang='lat' dir='ltr'><strong>monila</strong></span> <span class='ocrx_word' id='word_1_533' title='bbox 2217 3130 2365 3200; x_wconf 82' lang='lat' dir='ltr'><strong>gregi</strong></span> <span class='ocrx_word' id='word_1_534' title='bbox 2392 3130 2495 3185; x_wconf 89' lang='lat' dir='ltr'><strong>sibi</strong></span> <span class='ocrx_word' id='word_1_535' title='bbox 2525 3128 2821 3184; x_wconf 86' lang='lat' dir='ltr'><strong>commisso</strong></span> <span class='ocrx_word' id='word_1_536' title='bbox 2861 3128 3120 3198; x_wconf 89' lang='lat' dir='ltr'><strong>prodesse</strong></span> <span class='ocrx_word' id='word_1_537' title='bbox 3150 3126 3381 3182; x_wconf 86' lang='lat' dir='ltr'><strong>volenti-</strong></span> 
     </span>
    </p>
   </div>
   <div class='ocr_carea' id='block_1_78' title="bbox 1795 3219 3378 3292">
    <p class='ocr_par' dir='ltr' id='par_1_78' title="bbox 1795 3219 3378 3292">
     <span class='ocr_line' id='line_1_78' title="bbox 1795 3219 3378 3292; baseline -0.007 -9"><span class='ocrx_word' id='word_1_538' title='bbox 1795 3231 1915 3292; x_wconf 85' lang='lat' dir='ltr'><strong>bus,</strong></span> <span class='ocrx_word' id='word_1_539' title='bbox 1943 3224 2231 3282; x_wconf 88' lang='lat' dir='ltr'><strong>evocatus?</strong></span> <span class='ocrx_word' id='word_1_540' title='bbox 2261 3243 2278 3273; x_wconf 74' lang='grc' dir='ltr'>ι</span> <span class='ocrx_word' id='word_1_541' title='bbox 2312 3221 2508 3277; x_wconf 80' lang='lat' dir='ltr'><strong>Multos</strong></span> <span class='ocrx_word' id='word_1_542' title='bbox 2532 3236 2812 3277; x_wconf 87' lang='lat' dir='ltr'><strong>sermones</strong></span> <span class='ocrx_word' id='word_1_543' title='bbox 2835 3221 3022 3290; x_wconf 84' lang='lat' dir='ltr'><strong>(verba</strong></span> <span class='ocrx_word' id='word_1_544' title='bbox 3045 3228 3171 3274; x_wconf 88' lang='lat' dir='ltr'><strong>sunt</strong></span> <span class='ocrx_word' id='word_1_545' title='bbox 3191 3219 3378 3290; x_wconf 80' lang='lat' dir='ltr'><strong>proxi-</strong></span> 
     </span>
    </p>
   </div>
   <div class='ocr_carea' id='block_1_79' title="bbox 1794 3308 3385 3385">
    <p class='ocr_par' dir='ltr' id='par_1_79' title="bbox 1794 3308 3385 3385">
     <span class='ocr_line' id='line_1_79' title="bbox 1794 3308 3385 3385; baseline -0.003 -14"><span class='ocrx_word' id='word_1_546' title='bbox 1794 3333 1882 3371; x_wconf 89' lang='lat' dir='ltr'><strong>me</strong></span> <span class='ocrx_word' id='word_1_547' title='bbox 1905 3316 2126 3380; x_wconf 88' lang='lat' dir='ltr'><strong>laudati,</strong></span> <span class='ocrx_word' id='word_1_548' title='bbox 2159 3329 2266 3385; x_wconf 92' lang='lat' dir='ltr'><strong>quo</strong></span> <span class='ocrx_word' id='word_1_549' title='bbox 2291 3313 2496 3368; x_wconf 82' lang='lat' dir='ltr'><strong>Sancto</strong></span> <span class='ocrx_word' id='word_1_550' title='bbox 2519 3320 2861 3381; x_wconf 88' lang='lat' dir='ltr'><strong>parentatum</strong></span> <span class='ocrx_word' id='word_1_551' title='bbox 2885 3308 3007 3377; x_wconf 89' lang='lat' dir='ltr'><strong>fuit,</strong></span> <span class='ocrx_word' id='word_1_552' title='bbox 3036 3309 3199 3365; x_wconf 89' lang='lat' dir='ltr'><strong>Tituli</strong></span> <span class='ocrx_word' id='word_1_553' title='bbox 3229 3309 3385 3367; x_wconf 87' lang='lat' dir='ltr'><strong>fune-</strong></span> 
     </span>
    </p>
   </div>
   <div class='ocr_carea' id='block_1_80' title="bbox 1793 3396 2877 3478">
    <p class='ocr_par' dir='ltr' id='par_1_80' title="bbox 1793 3396 2877 3478">
     <span class='ocr_line' id='line_1_80' title="bbox 1793 3396 2877 3478; baseline -0.011 -12"><span class='ocrx_word' id='word_1_554' title='bbox 1793 3409 1927 3475; x_wconf 87' lang='lat' dir='ltr'><strong>bris)</strong></span> <span class='ocrx_word' id='word_1_555' title='bbox 1963 3408 2190 3463; x_wconf 66' lang='lat' dir='ltr'><strong>t&#39;aciel:at</strong></span> <span class='ocrx_word' id='word_1_556' title='bbox 2216 3423 2311 3478; x_wconf 86' lang='lat' dir='ltr'><strong>per</strong></span> <span class='ocrx_word' id='word_1_557' title='bbox 2335 3406 2604 3477; x_wconf 80' lang='lat' dir='ltr'><strong>regiones.</strong></span> <span class='ocrx_word' id='word_1_558' title='bbox 2647 3424 2665 3456; x_wconf 78' lang='grc' dir='ltr'><strong>ι</strong></span> <span class='ocrx_word' id='word_1_559' title='bbox 2872 3396 2877 3401; x_wconf 67' lang='grc'><em>”</em></span> 
     </span>
    </p>
   </div>
   <div class='ocr_carea' id='block_1_81' title="bbox 1866 3493 3381 3565">
    <p class='ocr_par' dir='ltr' id='par_1_81' title="bbox 1866 3493 3381 3565">
     <span class='ocr_line' id='line_1_81' title="bbox 1866 3493 3381 3565; baseline -0.004 -9"><span class='ocrx_word' id='word_1_560' title='bbox 1866 3502 1988 3556; x_wconf 82' lang='grc'>715.</span> <span class='ocrx_word' id='word_1_561' title='bbox 2019 3500 2125 3555; x_wconf 86' lang='lat' dir='ltr'><strong>Sed</strong></span> <span class='ocrx_word' id='word_1_562' title='bbox 2157 3500 2272 3554; x_wconf 70' lang='lat' dir='ltr'><strong>hinc</strong></span> <span class='ocrx_word' id='word_1_563' title='bbox 2301 3499 2365 3552; x_wconf 85' lang='lat' dir='ltr'><strong>de</strong></span> <span class='ocrx_word' id='word_1_564' title='bbox 2396 3496 2770 3561; x_wconf 90' lang='lat' dir='ltr'><strong>sermonibus;</strong></span> <span class='ocrx_word' id='word_1_565' title='bbox 2802 3511 2938 3565; x_wconf 89' lang='lat' dir='ltr'><strong>quos</strong></span> <span class='ocrx_word' id='word_1_566' title='bbox 2968 3493 3203 3551; x_wconf 85' lang='lat' dir='ltr'><strong>Sanctus</strong></span> <span class='ocrx_word' id='word_1_567' title='bbox 3230 3510 3381 3551; x_wconf 83' lang='lat' dir='ltr'><strong>com-</strong></span> 
     </span>
    </p>
   </div>
   <div class='ocr_carea' id='block_1_82' title="bbox 1794 3588 3382 3666">
    <p class='ocr_par' dir='ltr' id='par_1_82' title="bbox 1794 3588 3382 3666">
     <span class='ocr_line' id='line_1_82' title="bbox 1794 3588 3382 3666; baseline -0.006 -15"><span class='ocrx_word' id='word_1_568' title='bbox 1794 3593 2039 3666; x_wconf 87' lang='lat' dir='ltr'><strong>posuerit</strong></span> <span class='ocrx_word' id='word_1_569' title='bbox 2063 3601 2226 3664; x_wconf 89' lang='lat' dir='ltr'><strong>atque</strong></span> <span class='ocrx_word' id='word_1_570' title='bbox 2250 3592 2315 3646; x_wconf 91' lang='lat' dir='ltr'><strong>ad</strong></span> <span class='ocrx_word' id='word_1_571' title='bbox 2347 3591 2604 3662; x_wconf 88' lang='lat' dir='ltr'><strong>populum</strong></span> <span class='ocrx_word' id='word_1_572' title='bbox 2627 3589 2987 3660; x_wconf 89' lang='lat' dir='ltr'><strong>discipulosve</strong></span> <span class='ocrx_word' id='word_1_573' title='bbox 3007 3604 3134 3644; x_wconf 87' lang='lat' dir='ltr'><strong>suos</strong></span> <span class='ocrx_word' id='word_1_574' title='bbox 3159 3588 3382 3654; x_wconf 81' lang='lat' dir='ltr'><strong>dixerit,</strong></span> 
     </span>
    </p>
   </div>
   <div class='ocr_carea' id='block_1_83' title="bbox 1796 3679 3381 3750">
    <p class='ocr_par' dir='ltr' id='par_1_83' title="bbox 1796 3679 3381 3750">
     <span class='ocr_line' id='line_1_83' title="bbox 1796 3679 3381 3750; baseline -0.004 -10"><span class='ocrx_word' id='word_1_575' title='bbox 1796 3685 2118 3740; x_wconf 83' lang='lat' dir='ltr'><strong>disseruisse</strong></span> <span class='ocrx_word' id='word_1_576' title='bbox 2173 3682 2424 3737; x_wconf 80' lang='lat' dir='ltr'><strong>sulliciat.</strong></span> <span class='ocrx_word' id='word_1_577' title='bbox 2487 3680 2625 3735; x_wconf 91' lang='lat' dir='ltr'><strong>Sunt</strong></span> <span class='ocrx_word' id='word_1_578' title='bbox 2676 3694 2838 3750; x_wconf 86' lang='lat' dir='ltr'><strong>porro</strong></span> <span class='ocrx_word' id='word_1_579' title='bbox 2884 3679 2990 3735; x_wconf 91' lang='lat' dir='ltr'><strong>duo</strong></span> <span class='ocrx_word' id='word_1_580' title='bbox 3045 3681 3223 3736; x_wconf 90' lang='lat' dir='ltr'><strong>adhuc</strong></span> <span class='ocrx_word' id='word_1_581' title='bbox 3272 3680 3381 3735; x_wconf 87' lang='lat' dir='ltr'><strong>alia</strong></span> 
     </span>
    </p>
   </div>
   <div class='ocr_carea' id='block_1_84' title="bbox 1795 3770 3384 3847">
    <p class='ocr_par' dir='ltr' id='par_1_84' title="bbox 1795 3770 3384 3847">
     <span class='ocr_line' id='line_1_84' title="bbox 1795 3770 3384 3847; baseline -0.003 -16"><span class='ocrx_word' id='word_1_582' title='bbox 1795 3790 1981 3847; x_wconf 87' lang='lat' dir='ltr'><strong>opera,</strong></span> <span class='ocrx_word' id='word_1_583' title='bbox 2012 3790 2133 3845; x_wconf 72' lang='lat' dir='ltr'><strong>qua:</strong></span> <span class='ocrx_word' id='word_1_584' title='bbox 2167 3774 2370 3829; x_wconf 84' lang='lat' dir='ltr'><strong>Sancto</strong></span> <span class='ocrx_word' id='word_1_585' title='bbox 2406 3783 2594 3827; x_wconf 82' lang='lat' dir='ltr'><strong>nostro</strong></span> <span class='ocrx_word' id='word_1_586' title='bbox 2630 3781 2826 3842; x_wconf 81' lang='lat' dir='ltr'><strong>praeter</strong></span> <span class='ocrx_word' id='word_1_587' title='bbox 2848 3770 2961 3841; x_wconf 86' lang='lat' dir='ltr'><strong>jam</strong></span> <span class='ocrx_word' id='word_1_588' title='bbox 3002 3788 3166 3844; x_wconf 90' lang='lat' dir='ltr'><strong>supra</strong></span> <span class='ocrx_word' id='word_1_589' title='bbox 3194 3788 3384 3828; x_wconf 84' lang='lat' dir='ltr'><strong>recen-</strong></span> 
     </span>
    </p>
   </div>
   <div class='ocr_carea' id='block_1_85' title="bbox 1798 3863 3384 3935">
    <p class='ocr_par' dir='ltr' id='par_1_85' title="bbox 1798 3863 3384 3935">
     <span class='ocr_line' id='line_1_85' title="bbox 1798 3863 3384 3935; baseline -0.004 -11"><span class='ocrx_word' id='word_1_590' title='bbox 1798 3868 1900 3925; x_wconf 89' lang='lat' dir='ltr'><strong>sita</strong></span> <span class='ocrx_word' id='word_1_591' title='bbox 1929 3868 2321 3922; x_wconf 89' lang='lat' dir='ltr'><strong>attribuuntur.</strong></span> <span class='ocrx_word' id='word_1_592' title='bbox 2351 3865 2591 3919; x_wconf 85' lang='lat' dir='ltr'><strong>Primqu</strong></span> <span class='ocrx_word' id='word_1_593' title='bbox 2614 3864 2806 3919; x_wconf 90' lang='lat' dir='ltr'><strong>borum</strong></span> <span class='ocrx_word' id='word_1_594' title='bbox 2829 3872 2933 3933; x_wconf 90' lang='lat' dir='ltr'><strong>est,</strong></span> <span class='ocrx_word' id='word_1_595' title='bbox 2958 3863 3109 3935; x_wconf 86' lang='lat' dir='ltr'><strong>cujus</strong></span> <span class='ocrx_word' id='word_1_596' title='bbox 3137 3864 3384 3919; x_wconf 87' lang='lat' dir='ltr'><strong>meminit</strong></span> 
     </span>
    </p>
   </div>
   <div class='ocr_carea' id='block_1_86' title="bbox 1797 3957 3379 4033">
    <p class='ocr_par' dir='ltr' id='par_1_86' title="bbox 1797 3957 3379 4033">
     <span class='ocr_line' id='line_1_86' title="bbox 1797 3957 3379 4033; baseline -0.002 -21"><span class='ocrx_word' id='word_1_597' title='bbox 1797 3957 2123 4014; x_wconf 89' lang='lat' dir='ltr'><strong>Possevinus</strong></span> <span class='ocrx_word' id='word_1_598' title='bbox 2175 3958 2229 4012; x_wconf 92' lang='lat' dir='ltr'><strong>in</strong></span> <span class='ocrx_word' id='word_1_599' title='bbox 2284 3958 2562 4028; x_wconf 89' lang='lat' dir='ltr'><strong>Apparatu</strong></span> <span class='ocrx_word' id='word_1_600' title='bbox 2615 3971 2804 4021; x_wconf 90' lang='lat' dir='ltr'><strong>sacro,</strong></span> <span class='ocrx_word' id='word_1_601' title='bbox 2840 3970 3067 4033; x_wconf 88' lang='lat' dir='ltr'><strong>operum</strong></span> <span class='ocrx_word' id='word_1_602' title='bbox 3107 3958 3379 4019; x_wconf 92' lang='lat' dir='ltr'><strong>omnium,</strong></span> 
     </span>
    </p>
   </div>
   <div class='ocr_carea' id='block_1_87' title="bbox 1798 4049 3383 4122">
    <p class='ocr_par' dir='ltr' id='par_1_87' title="bbox 1798 4049 3383 4122">
     <span class='ocr_line' id='line_1_87' title="bbox 1798 4049 3383 4122; baseline -0.002 -16"><span class='ocrx_word' id='word_1_603' title='bbox 1798 4066 1918 4122; x_wconf 75' lang='lat' dir='ltr'><strong>qua:</strong></span> <span class='ocrx_word' id='word_1_604' title='bbox 1947 4050 2034 4106; x_wconf 89' lang='lat' dir='ltr'><strong>vel</strong></span> <span class='ocrx_word' id='word_1_605' title='bbox 2068 4050 2303 4105; x_wconf 88' lang='lat' dir='ltr'><strong>Sanctus</strong></span> <span class='ocrx_word' id='word_1_606' title='bbox 2330 4064 2457 4106; x_wconf 85' lang='lat' dir='ltr'><strong>vere</strong></span> <span class='ocrx_word' id='word_1_607' title='bbox 2482 4049 2792 4115; x_wconf 82' lang='lat' dir='ltr'><strong>contexuit,</strong></span> <span class='ocrx_word' id='word_1_608' title='bbox 2824 4049 2910 4105; x_wconf 88' lang='lat' dir='ltr'><strong>vel</strong></span> <span class='ocrx_word' id='word_1_609' title='bbox 2941 4058 3193 4105; x_wconf 82' lang='lat' dir='ltr'><strong>contexta</strong></span> <span class='ocrx_word' id='word_1_610' title='bbox 3220 4051 3289 4105; x_wconf 89' lang='lat' dir='ltr'><strong>ab</strong></span> <span class='ocrx_word' id='word_1_611' title='bbox 3315 4063 3383 4104; x_wconf 87' lang='lat' dir='ltr'><strong>co</strong></span> 
     </span>
    </p>
   </div>
   <div class='ocr_carea' id='block_1_88' title="bbox 1799 4144 3379 4217">
    <p class='ocr_par' dir='ltr' id='par_1_88' title="bbox 1799 4144 3379 4217">
     <span class='ocr_line' id='line_1_88' title="bbox 1799 4144 3379 4217; baseline -0.003 -16"><span class='ocrx_word' id='word_1_612' title='bbox 1799 4145 1944 4201; x_wconf 87' lang='lat' dir='ltr'><strong>credi</strong></span> <span class='ocrx_word' id='word_1_613' title='bbox 1997 4161 2028 4199; x_wconf 89' lang='lat' dir='ltr'><strong>a</strong></span> <span class='ocrx_word' id='word_1_614' title='bbox 2090 4144 2367 4201; x_wconf 88' lang='lat' dir='ltr'><strong>nonnullis</strong></span> <span class='ocrx_word' id='word_1_615' title='bbox 2423 4145 2661 4211; x_wconf 88' lang='lat' dir='ltr'><strong>sciebat,</strong></span> <span class='ocrx_word' id='word_1_616' title='bbox 2714 4144 2945 4201; x_wconf 85' lang='lat' dir='ltr'><strong>elencho</strong></span> <span class='ocrx_word' id='word_1_617' title='bbox 3000 4145 3379 4217; x_wconf 82' lang='lat' dir='ltr'><strong>subjungens:</strong></span> 
     </span>
    </p>
   </div>
   <div class='ocr_carea' id='block_1_89' title="bbox 1805 4235 3379 4304">
    <p class='ocr_par' dir='ltr' id='par_1_89' title="bbox 1805 4235 3379 4304">
     <span class='ocr_line' id='line_1_89' title="bbox 1805 4235 3379 4304; baseline 0.001 -13"><span class='ocrx_word' id='word_1_618' title='bbox 1805 4257 1823 4291; x_wconf 71' lang='grc' dir='ltr'>ι</span> <span class='ocrx_word' id='word_1_619' title='bbox 1858 4238 2050 4292; x_wconf 85' lang='lat' dir='ltr'><strong>Exstat</strong></span> <span class='ocrx_word' id='word_1_620' title='bbox 2077 4246 2256 4292; x_wconf 86' lang='lat' dir='ltr'><strong>autem</strong></span> <span class='ocrx_word' id='word_1_621' title='bbox 2288 4252 2390 4291; x_wconf 89' lang='lat' dir='ltr'><strong>ms.</strong></span> <span class='ocrx_word' id='word_1_622' title='bbox 2419 4237 2555 4291; x_wconf 90' lang='lat' dir='ltr'><strong>liber</strong></span> <span class='ocrx_word' id='word_1_623' title='bbox 2584 4237 2659 4292; x_wconf 89' lang='lat' dir='ltr'><strong>De</strong></span> <span class='ocrx_word' id='word_1_624' title='bbox 2682 4235 2929 4293; x_wconf 87' lang='lat' dir='ltr'><strong>laudibus</strong></span> <span class='ocrx_word' id='word_1_625' title='bbox 2958 4238 3080 4291; x_wconf 74' lang='lat' dir='ltr'><strong>vita:</strong></span> <span class='ocrx_word' id='word_1_626' title='bbox 3101 4236 3379 4304; x_wconf 62' lang='lat' dir='ltr'><strong>solitaria},</strong></span> 
     </span>
    </p>
   </div>
   <div class='ocr_carea' id='block_1_90' title="bbox 1800 4320 3382 4398">
    <p class='ocr_par' dir='ltr' id='par_1_90' title="bbox 1800 4320 3382 4398">
     <span class='ocr_line' id='line_1_90' title="bbox 1800 4320 3382 4398; baseline 0 -14"><span class='ocrx_word' id='word_1_627' title='bbox 1800 4330 1867 4385; x_wconf 92' lang='lat' dir='ltr'><strong>ab</strong></span> <span class='ocrx_word' id='word_1_628' title='bbox 1897 4330 2085 4385; x_wconf 90' lang='lat' dir='ltr'><strong>eodem</strong></span> <span class='ocrx_word' id='word_1_629' title='bbox 2112 4320 2369 4383; x_wconf 62' lang='lat' dir='ltr'><strong>Qrunone</strong></span> <span class='ocrx_word' id='word_1_630' title='bbox 2392 4329 2754 4398; x_wconf 89' lang='lat' dir='ltr'><strong>conscriptus,</strong></span> <span class='ocrx_word' id='word_1_631' title='bbox 2783 4329 2923 4398; x_wconf 90' lang='lat' dir='ltr'><strong>apud</strong></span> <span class='ocrx_word' id='word_1_632' title='bbox 2954 4327 3177 4382; x_wconf 89' lang='lat' dir='ltr'><strong>Paulum</strong></span> <span class='ocrx_word' id='word_1_633' title='bbox 3206 4327 3382 4384; x_wconf 68' lang='lat' dir='ltr'><strong>Roge-</strong></span> 
     </span>
    </p>
   </div>
   <div class='ocr_carea' id='block_1_91' title="bbox 1802 4416 3384 4491">
    <p class='ocr_par' dir='ltr' id='par_1_91' title="bbox 1802 4416 3384 4491">
     <span class='ocr_line' id='line_1_91' title="bbox 1802 4416 3384 4491; baseline 0.001 -19"><span class='ocrx_word' id='word_1_634' title='bbox 1802 4419 1981 4485; x_wconf 89' lang='lat' dir='ltr'><strong>rium,</strong></span> <span class='ocrx_word' id='word_1_635' title='bbox 2033 4416 2821 4491; x_wconf 26' lang='lat' dir='ltr'><strong>Cartbusianum,‘Carthusiae</strong></span> <span class='ocrx_word' id='word_1_636' title='bbox 2877 4416 3118 4472; x_wconf 81' lang='lat' dir='ltr'><strong>Venetae.</strong></span> <span class='ocrx_word' id='word_1_637' title='bbox 3174 4437 3192 4469; x_wconf 75' lang='grc' dir='ltr'><strong><em>ι</em></strong></span> <span class='ocrx_word' id='word_1_638' title='bbox 3247 4418 3384 4473; x_wconf 88' lang='lat' dir='ltr'><strong>llinc</strong></span> 
     </span>
    </p>
   </div>
   <div class='ocr_carea' id='block_1_92' title="bbox 136 4507 3384 4581">
    <p class='ocr_par' dir='ltr' id='par_1_92' title="bbox 136 4507 3384 4581">
     <span class='ocr_line' id='line_1_92' title="bbox 136 4507 3384 4581; baseline 0.001 -22"><span class='ocrx_word' id='word_1_639' title='bbox 136 4507 211 4563; x_wconf 90' lang='lat' dir='ltr'><strong>illo</strong></span> <span class='ocrx_word' id='word_1_640' title='bbox 252 4524 467 4576; x_wconf 88' lang='lat' dir='ltr'><strong>auctor,</strong></span> <span class='ocrx_word' id='word_1_641' title='bbox 507 4512 651 4580; x_wconf 87' lang='lat' dir='ltr'><strong>quod</strong></span> <span class='ocrx_word' id='word_1_642' title='bbox 700 4524 878 4566; x_wconf 83' lang='lat' dir='ltr'><strong>tamen</strong></span> <span class='ocrx_word' id='word_1_643' title='bbox 920 4527 1027 4566; x_wconf 91' lang='lat' dir='ltr'><strong>non</strong></span> <span class='ocrx_word' id='word_1_644' title='bbox 1058 4511 1216 4578; x_wconf 88' lang='lat' dir='ltr'><strong>facit,</strong></span> <span class='ocrx_word' id='word_1_645' title='bbox 1261 4511 1437 4566; x_wconf 87' lang='lat' dir='ltr'><strong>Patris</strong></span> <span class='ocrx_word' id='word_1_646' title='bbox 1479 4514 1697 4567; x_wconf 90' lang='lat' dir='ltr'><strong>nomine</strong></span> <span class='ocrx_word' id='word_1_647' title='bbox 1730 4516 1775 4573; x_wconf 84' lang='grc' dir='ltr'><strong>Ι)</strong></span> <span class='ocrx_word' id='word_1_648' title='bbox 1804 4510 2124 4566; x_wconf 83' lang='lat' dir='ltr'><strong>Theodorus</strong></span> <span class='ocrx_word' id='word_1_649' title='bbox 2156 4511 2420 4577; x_wconf 87' lang='lat' dir='ltr'><strong>Petreius,</strong></span> <span class='ocrx_word' id='word_1_650' title='bbox 2452 4525 2598 4575; x_wconf 89' lang='lat' dir='ltr'><strong>cum,</strong></span> <span class='ocrx_word' id='word_1_651' title='bbox 2630 4509 2809 4563; x_wconf 87' lang='lat' dir='ltr'><strong>omnia</strong></span> <span class='ocrx_word' id='word_1_652' title='bbox 2836 4509 2894 4563; x_wconf 93' lang='grc'><strong>8.</strong></span> <span class='ocrx_word' id='word_1_653' title='bbox 2925 4510 3193 4564; x_wconf 85' lang='lat' dir='ltr'><strong>Brunonis</strong></span> <span class='ocrx_word' id='word_1_654' title='bbox 3219 4525 3384 4581; x_wconf 87' lang='lat' dir='ltr'><strong>opera</strong></span> 
     </span>
    </p>
   </div>
   <div class='ocr_carea' id='block_1_93' title="bbox 138 4601 1698 4673">
    <p class='ocr_par' dir='ltr' id='par_1_93' title="bbox 138 4601 1698 4673">
     <span class='ocr_line' id='line_1_93' title="bbox 138 4601 1698 4673; baseline 0.004 -22"><span class='ocrx_word' id='word_1_655' title='bbox 138 4602 503 4657; x_wconf 83' lang='lat' dir='ltr'><strong>condecoraret</strong></span> <span class='ocrx_word' id='word_1_656' title='bbox 543 4601 600 4657; x_wconf 89' lang='lat' dir='ltr'><strong>S.</strong></span> <span class='ocrx_word' id='word_1_657' title='bbox 635 4601 1012 4668; x_wconf 84' lang='lat' dir='ltr'><strong>Benedictum,</strong></span> <span class='ocrx_word' id='word_1_658' title='bbox 1040 4613 1325 4673; x_wconf 89' lang='lat' dir='ltr'><strong>pr0pterea</strong></span> <span class='ocrx_word' id='word_1_659' title='bbox 1354 4613 1530 4657; x_wconf 89' lang='lat' dir='ltr'><strong>tamen</strong></span> <span class='ocrx_word' id='word_1_660' title='bbox 1559 4604 1698 4657; x_wconf 85' lang='lat' dir='ltr'><strong>Bru-</strong></span> 
     </span>
    </p>
   </div>
   <div class='ocr_carea' id='block_1_94' title="bbox 99 4694 1698 4760">
    <p class='ocr_par' dir='ltr' id='par_1_94' title="bbox 99 4694 1698 4760">
     <span class='ocr_line' id='line_1_94' title="bbox 99 4694 1698 4760; baseline -0.001 -13"><span class='ocrx_word' id='word_1_661' title='bbox 99 4728 107 4747; x_wconf 62' lang='grc' dir='ltr'><strong><em>ι</em></strong></span> <span class='ocrx_word' id='word_1_662' title='bbox 140 4694 273 4760; x_wconf 88' lang='lat' dir='ltr'><strong>noni,</strong></span> <span class='ocrx_word' id='word_1_663' title='bbox 312 4694 806 4749; x_wconf 80' lang='lat' dir='ltr'><strong>Carthasianorum</strong></span> <span class='ocrx_word' id='word_1_664' title='bbox 854 4694 1182 4758; x_wconf 88' lang='lat' dir='ltr'><strong>institutori,</strong></span> <span class='ocrx_word' id='word_1_665' title='bbox 1222 4708 1345 4748; x_wconf 90' lang='lat' dir='ltr'><strong>esse</strong></span> <span class='ocrx_word' id='word_1_666' title='bbox 1384 4710 1504 4747; x_wconf 91' lang='lat' dir='ltr'><strong>eum</strong></span> <span class='ocrx_word' id='word_1_667' title='bbox 1547 4702 1698 4748; x_wconf 89' lang='lat' dir='ltr'><strong>certo</strong></span> 
     </span>
    </p>
   </div>
   <div class='ocr_carea' id='block_1_95' title="bbox 98 4780 1697 4851">
    <p class='ocr_par' dir='ltr' id='par_1_95' title="bbox 98 4780 1697 4851">
     <span class='ocr_line' id='line_1_95' title="bbox 98 4780 1697 4851; baseline 0.004 -18"><span class='ocrx_word' id='word_1_668' title='bbox 98 4790 99 4793; x_wconf 79' lang='lat'>‘</span> <span class='ocrx_word' id='word_1_669' title='bbox 140 4780 557 4851; x_wconf 85' lang='lat' dir='ltr'><strong>abjudicandum,</strong></span> <span class='ocrx_word' id='word_1_670' title='bbox 588 4784 985 4840; x_wconf 89' lang='lat' dir='ltr'><strong>consectarium</strong></span> <span class='ocrx_word' id='word_1_671' title='bbox 1024 4783 1259 4839; x_wconf 89' lang='lat' dir='ltr'><strong>nondum</strong></span> <span class='ocrx_word' id='word_1_672' title='bbox 1303 4783 1475 4851; x_wconf 87' lang='lat' dir='ltr'><strong>foret;</strong></span> <span class='ocrx_word' id='word_1_673' title='bbox 1510 4800 1697 4840; x_wconf 87' lang='lat' dir='ltr'><strong>vermn</strong></span> 
     </span>
    </p>
   </div>
   <div class='ocr_carea' id='block_1_96' title="bbox 140 4876 1699 4953">
    <p class='ocr_par' dir='ltr' id='par_1_96' title="bbox 140 4876 1699 4953">
     <span class='ocr_line' id='line_1_96' title="bbox 140 4876 1699 4953; baseline 0.002 -24"><span class='ocrx_word' id='word_1_674' title='bbox 140 4876 183 4931; x_wconf 88' lang='lat' dir='ltr'><strong>in</strong></span> <span class='ocrx_word' id='word_1_675' title='bbox 210 4878 308 4936; x_wconf 83' lang='lat' dir='ltr'><strong>ﬁne</strong></span> <span class='ocrx_word' id='word_1_676' title='bbox 348 4883 596 4953; x_wconf 85' lang='lat' dir='ltr'><strong>ejusdem</strong></span> <span class='ocrx_word' id='word_1_677' title='bbox 628 4896 690 4935; x_wconf 90' lang='lat' dir='ltr'><strong>ea</strong></span> <span class='ocrx_word' id='word_1_678' title='bbox 724 4890 984 4951; x_wconf 63' lang='lat' dir='ltr'><strong>praeterea</strong></span> <span class='ocrx_word' id='word_1_679' title='bbox 1027 4890 1137 4934; x_wconf 91' lang='lat' dir='ltr'><strong>tum</strong></span> <span class='ocrx_word' id='word_1_680' title='bbox 1179 4880 1247 4935; x_wconf 86' lang='lat' dir='ltr'><strong>de</strong></span> <span class='ocrx_word' id='word_1_681' title='bbox 1278 4879 1333 4933; x_wconf 93' lang='lat' dir='ltr'><strong>S.</strong></span> <span class='ocrx_word' id='word_1_682' title='bbox 1370 4878 1660 4933; x_wconf 87' lang='lat' dir='ltr'><strong>Benedicto</strong></span> <span class='ocrx_word' id='word_1_683' title='bbox 1685 4918 1699 4943; x_wconf 91' lang='lat'><strong>,</strong></span> 
     </span>
    </p>
   </div>
   <div class='ocr_carea' id='block_1_97' title="bbox 144 4972 1701 5042">
    <p class='ocr_par' dir='ltr' id='par_1_97' title="bbox 144 4972 1701 5042">
     <span class='ocr_line' id='line_1_97' title="bbox 144 4972 1701 5042; baseline 0.001 -19"><span class='ocrx_word' id='word_1_684' title='bbox 144 4979 232 5027; x_wconf 83' lang='lat' dir='ltr'><strong>tam</strong></span> <span class='ocrx_word' id='word_1_685' title='bbox 279 4976 345 5031; x_wconf 90' lang='lat' dir='ltr'><strong>de</strong></span> <span class='ocrx_word' id='word_1_686' title='bbox 406 4975 656 5030; x_wconf 88' lang='lat' dir='ltr'><strong>domibus</strong></span> <span class='ocrx_word' id='word_1_687' title='bbox 726 4973 1094 5029; x_wconf 89' lang='lat' dir='ltr'><strong>Benedictinis</strong></span> <span class='ocrx_word' id='word_1_688' title='bbox 1158 4972 1526 5042; x_wconf 87' lang='lat' dir='ltr'><strong>proloquitur,</strong></span> <span class='ocrx_word' id='word_1_689' title='bbox 1581 4986 1701 5042; x_wconf 64' lang='lat' dir='ltr'><strong>quae</strong></span> 
     </span>
    </p>
   </div>
   <div class='ocr_carea' id='block_1_98' title="bbox 142 5063 1698 5132">
    <p class='ocr_par' dir='ltr' id='par_1_98' title="bbox 142 5063 1698 5132">
     <span class='ocr_line' id='line_1_98' title="bbox 142 5063 1698 5132; baseline 0 -15"><span class='ocrx_word' id='word_1_690' title='bbox 142 5065 301 5120; x_wconf 83' lang='lat' dir='ltr'><strong>nescio</strong></span> <span class='ocrx_word' id='word_1_691' title='bbox 351 5082 419 5120; x_wconf 89' lang='lat' dir='ltr'><strong>an</strong></span> <span class='ocrx_word' id='word_1_692' title='bbox 496 5065 550 5119; x_wconf 90' lang='lat' dir='ltr'><strong>in</strong></span> <span class='ocrx_word' id='word_1_693' title='bbox 621 5065 797 5119; x_wconf 88' lang='lat' dir='ltr'><strong>virum</strong></span> <span class='ocrx_word' id='word_1_694' title='bbox 850 5063 909 5119; x_wconf 91' lang='grc'><strong>8.</strong></span> <span class='ocrx_word' id='word_1_695' title='bbox 954 5064 1229 5119; x_wconf 85' lang='lat' dir='ltr'><strong>Benedicti</strong></span> <span class='ocrx_word' id='word_1_696' title='bbox 1280 5063 1539 5132; x_wconf 80' lang='lat' dir='ltr'><strong>Regulam</strong></span> <span class='ocrx_word' id='word_1_697' title='bbox 1593 5080 1698 5118; x_wconf 87' lang='lat' dir='ltr'><strong>non</strong></span> 
     </span>
    </p>
   </div>
   <div class='ocr_carea' id='block_1_99' title="bbox 143 5154 1703 5227">
    <p class='ocr_par' dir='ltr' id='par_1_99' title="bbox 143 5154 1703 5227">
     <span class='ocr_line' id='line_1_99' title="bbox 143 5154 1703 5227; baseline 0.003 -21"><span class='ocrx_word' id='word_1_698' title='bbox 143 5154 417 5218; x_wconf 80' lang='lat' dir='ltr'><strong>professum</strong></span> <span class='ocrx_word' id='word_1_699' title='bbox 468 5155 741 5227; x_wconf 88' lang='lat' dir='ltr'><strong>quadrare</strong></span> <span class='ocrx_word' id='word_1_700' title='bbox 798 5154 952 5211; x_wconf 86' lang='lat' dir='ltr'><strong>facile</strong></span> <span class='ocrx_word' id='word_1_701' title='bbox 1011 5155 1299 5210; x_wconf 81' lang='lat' dir='ltr'><strong>admissuri</strong></span> <span class='ocrx_word' id='word_1_702' title='bbox 1362 5155 1470 5209; x_wconf 87' lang='lat' dir='ltr'><strong>sint</strong></span> <span class='ocrx_word' id='word_1_703' title='bbox 1513 5169 1703 5211; x_wconf 67' lang='lat' dir='ltr'><strong>omnes</strong></span> 
     </span>
    </p>
   </div>
   <div class='ocr_carea' id='block_1_100' title="bbox 144 5244 1701 5318">
    <p class='ocr_par' dir='ltr' id='par_1_100' title="bbox 144 5244 1701 5318">
     <span class='ocr_line' id='line_1_100' title="bbox 144 5244 1701 5318; baseline 0.003 -22"><span class='ocrx_word' id='word_1_704' title='bbox 144 5244 220 5311; x_wconf 87' lang='lat' dir='ltr'><strong>qui</strong></span> <span class='ocrx_word' id='word_1_705' title='bbox 264 5246 449 5316; x_wconf 90' lang='lat' dir='ltr'><strong>illum,</strong></span> <span class='ocrx_word' id='word_1_706' title='bbox 497 5248 565 5303; x_wconf 90' lang='lat' dir='ltr'><strong>de</strong></span> <span class='ocrx_word' id='word_1_707' title='bbox 612 5263 720 5318; x_wconf 89' lang='lat' dir='ltr'><strong>quo</strong></span> <span class='ocrx_word' id='word_1_708' title='bbox 767 5247 886 5315; x_wconf 88' lang='lat' dir='ltr'><strong>hic,</strong></span> <span class='ocrx_word' id='word_1_709' title='bbox 935 5263 1240 5302; x_wconf 88' lang='lat' dir='ltr'><strong>sermonem</strong></span> <span class='ocrx_word' id='word_1_710' title='bbox 1293 5254 1498 5302; x_wconf 84' lang='lat' dir='ltr'><strong>attente</strong></span> <span class='ocrx_word' id='word_1_711' title='bbox 1550 5247 1701 5302; x_wconf 83' lang='lat' dir='ltr'><strong>evol-</strong></span> 
     </span>
    </p>
   </div>
   <div class='ocr_carea' id='block_1_101' title="bbox 148 5336 319 5389">
    <p class='ocr_par' dir='ltr' id='par_1_101' title="bbox 148 5336 319 5389">
     <span class='ocr_line' id='line_1_101' title="bbox 148 5336 319 5389; baseline 0.006 -1"><span class='ocrx_word' id='word_1_712' title='bbox 148 5336 319 5389; x_wconf 71' lang='lat' dir='ltr'><strong>terim.</strong></span> 
     </span>
    </p>
   </div>
   <div class='ocr_carea' id='block_1_102' title="bbox 204 5424 1703 5500">
    <p class='ocr_par' dir='ltr' id='par_1_102' title="bbox 204 5424 1703 5500">
     <span class='ocr_line' id='line_1_102' title="bbox 204 5424 1703 5500; baseline 0.002 -21"><span class='ocrx_word' id='word_1_713' title='bbox 204 5424 317 5481; x_wconf 70' lang='grc'><strong>712.</strong></span> <span class='ocrx_word' id='word_1_714' title='bbox 346 5427 493 5484; x_wconf 87' lang='lat' dir='ltr'><strong>Utut</strong></span> <span class='ocrx_word' id='word_1_715' title='bbox 524 5429 615 5495; x_wconf 90' lang='lat' dir='ltr'><strong>sit,</strong></span> <span class='ocrx_word' id='word_1_716' title='bbox 648 5428 859 5500; x_wconf 89' lang='lat' dir='ltr'><strong>aliquos</strong></span> <span class='ocrx_word' id='word_1_717' title='bbox 885 5430 1133 5500; x_wconf 88' lang='lat' dir='ltr'><strong>equidem</strong></span> <span class='ocrx_word' id='word_1_718' title='bbox 1160 5445 1190 5483; x_wconf 91' lang='lat' dir='ltr'><strong>e</strong></span> <span class='ocrx_word' id='word_1_719' title='bbox 1213 5428 1586 5495; x_wconf 84' lang='lat' dir='ltr'><strong>sermonibus,</strong></span> <span class='ocrx_word' id='word_1_720' title='bbox 1613 5428 1703 5497; x_wconf 89' lang='lat' dir='ltr'><strong>qui</strong></span> 
     </span>
    </p>
   </div>
   <div class='ocr_carea' id='block_1_103' title="bbox 152 5511 1703 5591">
    <p class='ocr_par' dir='ltr' id='par_1_103' title="bbox 152 5511 1703 5591">
     <span class='ocr_line' id='line_1_103' title="bbox 152 5511 1703 5591; baseline 0.002 -23"><span class='ocrx_word' id='word_1_721' title='bbox 152 5511 326 5573; x_wconf 79' lang='lat' dir='ltr'><strong>Sancto</strong></span> <span class='ocrx_word' id='word_1_722' title='bbox 354 5529 534 5576; x_wconf 87' lang='lat' dir='ltr'><strong>nostro</strong></span> <span class='ocrx_word' id='word_1_723' title='bbox 562 5522 616 5575; x_wconf 89' lang='lat' dir='ltr'><strong>in</strong></span> <span class='ocrx_word' id='word_1_724' title='bbox 638 5535 863 5591; x_wconf 84' lang='lat' dir='ltr'><strong>operum</strong></span> <span class='ocrx_word' id='word_1_725' title='bbox 891 5521 1007 5588; x_wconf 88' lang='lat' dir='ltr'><strong>ejus</strong></span> <span class='ocrx_word' id='word_1_726' title='bbox 1038 5516 1367 5575; x_wconf 85' lang='lat' dir='ltr'><strong>editionibus</strong></span> <span class='ocrx_word' id='word_1_727' title='bbox 1396 5535 1557 5589; x_wconf 85' lang='lat' dir='ltr'><strong>snpra</strong></span> <span class='ocrx_word' id='word_1_728' title='bbox 1588 5520 1703 5572; x_wconf 79' lang='lat' dir='ltr'><strong>lau-</strong></span> 
     </span>
    </p>
   </div>
   <div class='ocr_carea' id='block_1_104' title="bbox 156 5607 1708 5681">
    <p class='ocr_par' dir='ltr' id='par_1_104' title="bbox 156 5607 1708 5681">
     <span class='ocr_line' id='line_1_104' title="bbox 156 5607 1708 5681; baseline 0.005 -21"><span class='ocrx_word' id='word_1_729' title='bbox 156 5607 273 5664; x_wconf 82' lang='lat' dir='ltr'><strong>datis</strong></span> <span class='ocrx_word' id='word_1_730' title='bbox 309 5615 699 5681; x_wconf 88' lang='lat' dir='ltr'><strong>attribuuntur,</strong></span> <span class='ocrx_word' id='word_1_731' title='bbox 732 5629 792 5669; x_wconf 90' lang='lat' dir='ltr'><strong>re</strong></span> <span class='ocrx_word' id='word_1_732' title='bbox 835 5614 998 5669; x_wconf 88' lang='lat' dir='ltr'><strong>etiam</strong></span> <span class='ocrx_word' id='word_1_733' title='bbox 1036 5630 1160 5670; x_wconf 81' lang='lat' dir='ltr'><strong>vera</strong></span> <span class='ocrx_word' id='word_1_734' title='bbox 1195 5613 1260 5667; x_wconf 89' lang='lat' dir='ltr'><strong>ad</strong></span> <span class='ocrx_word' id='word_1_735' title='bbox 1298 5629 1420 5667; x_wconf 88' lang='lat' dir='ltr'><strong>eum</strong></span> <span class='ocrx_word' id='word_1_736' title='bbox 1460 5612 1708 5668; x_wconf 82' lang='lat' dir='ltr'><strong>fortassis</strong></span> 
     </span>
    </p>
   </div>
   <div class='ocr_carea' id='block_1_105' title="bbox 157 5705 1701 5778">
    <p class='ocr_par' dir='ltr' id='par_1_105' title="bbox 157 5705 1701 5778">
     <span class='ocr_line' id='line_1_105' title="bbox 157 5705 1701 5778; baseline 0.001 -24"><span class='ocrx_word' id='word_1_737' title='bbox 157 5705 423 5770; x_wconf 83' lang='lat' dir='ltr'><strong>pertinere,</strong></span> <span class='ocrx_word' id='word_1_738' title='bbox 475 5723 543 5778; x_wconf 64' lang='lat' dir='ltr'><strong>ex</strong></span> <span class='ocrx_word' id='word_1_739' title='bbox 580 5709 643 5763; x_wconf 87' lang='lat' dir='ltr'><strong>iis</strong></span> <span class='ocrx_word' id='word_1_740' title='bbox 672 5722 792 5777; x_wconf 76' lang='lat' dir='ltr'><strong>qum</strong></span> <span class='ocrx_word' id='word_1_741' title='bbox 825 5708 936 5778; x_wconf 89' lang='lat' dir='ltr'><strong>jam</strong></span> <span class='ocrx_word' id='word_1_742' title='bbox 969 5717 1095 5764; x_wconf 90' lang='lat' dir='ltr'><strong>ante</strong></span> <span class='ocrx_word' id='word_1_743' title='bbox 1126 5706 1325 5762; x_wconf 74' lang='lat' dir='ltr'><strong>adduxi</strong></span> <span class='ocrx_word' id='word_1_744' title='bbox 1363 5707 1413 5760; x_wconf 91' lang='lat' dir='ltr'><strong>in</strong></span> <span class='ocrx_word' id='word_1_745' title='bbox 1445 5707 1701 5769; x_wconf 82' lang='lat' dir='ltr'><strong>medium,</strong></span> 
     </span>
    </p>
   </div>
   <div class='ocr_carea' id='block_1_106' title="bbox 159 5790 1699 5870">
    <p class='ocr_par' dir='ltr' id='par_1_106' title="bbox 159 5790 1699 5870">
     <span class='ocr_line' id='line_1_106' title="bbox 159 5790 1699 5870; baseline 0.001 -22"><span class='ocrx_word' id='word_1_746' title='bbox 159 5790 204 5844; x_wconf 84' lang='lat' dir='ltr'><strong>iu</strong></span> <span class='ocrx_word' id='word_1_747' title='bbox 227 5796 453 5854; x_wconf 85' lang='lat' dir='ltr'><strong>animum</strong></span> <span class='ocrx_word' id='word_1_748' title='bbox 484 5798 715 5870; x_wconf 81' lang='lat' dir='ltr'><strong>induco,</strong></span> <span class='ocrx_word' id='word_1_749' title='bbox 747 5800 847 5857; x_wconf 86' lang='lat' dir='ltr'><strong>etsi</strong></span> <span class='ocrx_word' id='word_1_750' title='bbox 895 5799 1113 5856; x_wconf 88' lang='lat' dir='ltr'><strong>interim</strong></span> <span class='ocrx_word' id='word_1_751' title='bbox 1141 5799 1194 5856; x_wconf 87' lang='lat' dir='ltr'><strong>in</strong></span> <span class='ocrx_word' id='word_1_752' title='bbox 1228 5800 1293 5855; x_wconf 89' lang='lat' dir='ltr'><strong>iis</strong></span> <span class='ocrx_word' id='word_1_753' title='bbox 1322 5797 1481 5869; x_wconf 86' lang='lat' dir='ltr'><strong>plane</strong></span> <span class='ocrx_word' id='word_1_754' title='bbox 1510 5797 1699 5854; x_wconf 73' lang='lat' dir='ltr'><strong>eadem</strong></span> 
     </span>
    </p>
   </div>
   <div class='ocr_carea' id='block_1_107' title="bbox 1802 4601 3382 4685">
    <p class='ocr_par' dir='ltr' id='par_1_107' title="bbox 1802 4601 3382 4685">
     <span class='ocr_line' id='line_1_107' title="bbox 1802 4601 3382 4685; baseline -0.001 -27"><span class='ocrx_word' id='word_1_755' title='bbox 1802 4602 2038 4658; x_wconf 67' lang='lat' dir='ltr'><strong>Colonia:</strong></span> <span class='ocrx_word' id='word_1_756' title='bbox 2066 4603 2379 4674; x_wconf 62' lang='lat' dir='ltr'><strong>Agrippinae</strong></span> <span class='ocrx_word' id='word_1_757' title='bbox 2432 4601 2619 4655; x_wconf 89' lang='lat' dir='ltr'><strong>recudi</strong></span> <span class='ocrx_word' id='word_1_758' title='bbox 2662 4609 2808 4655; x_wconf 84' lang='lat' dir='ltr'><strong>esset</strong></span> <span class='ocrx_word' id='word_1_759' title='bbox 2835 4611 3153 4685; x_wconf 64' lang='lat' dir='ltr'><strong>curaturus,</strong></span> <span class='ocrx_word' id='word_1_760' title='bbox 3182 4602 3382 4657; x_wconf 91' lang='lat' dir='ltr'><strong>librum</strong></span> 
     </span>
    </p>
   </div>
   <div class='ocr_carea' id='block_1_108' title="bbox 1805 4691 3387 4762">
    <p class='ocr_par' dir='ltr' id='par_1_108' title="bbox 1805 4691 3387 4762">
     <span class='ocr_line' id='line_1_108' title="bbox 1805 4691 3387 4762; baseline 0 -13"><span class='ocrx_word' id='word_1_761' title='bbox 1805 4694 1984 4758; x_wconf 89' lang='lat' dir='ltr'><strong>illum,</strong></span> <span class='ocrx_word' id='word_1_762' title='bbox 2038 4707 2145 4762; x_wconf 92' lang='lat' dir='ltr'><strong>quo</strong></span> <span class='ocrx_word' id='word_1_763' title='bbox 2199 4709 2305 4747; x_wconf 88' lang='lat' dir='ltr'><strong>una</strong></span> <span class='ocrx_word' id='word_1_764' title='bbox 2351 4708 2473 4747; x_wconf 91' lang='lat' dir='ltr'><strong>cum</strong></span> <span class='ocrx_word' id='word_1_765' title='bbox 2528 4691 2679 4746; x_wconf 91' lang='lat' dir='ltr'><strong>hisce</strong></span> <span class='ocrx_word' id='word_1_766' title='bbox 2710 4692 3134 4762; x_wconf 89' lang='lat' dir='ltr'><strong>imprimeretur.</strong></span> <span class='ocrx_word' id='word_1_767' title='bbox 3183 4694 3387 4749; x_wconf 86' lang='lat' dir='ltr'><strong>habere</strong></span> 
     </span>
    </p>
   </div>
   <div class='ocr_carea' id='block_1_109' title="bbox 1804 4776 3386 4862">
    <p class='ocr_par' dir='ltr' id='par_1_109' title="bbox 1804 4776 3386 4862">
     <span class='ocr_line' id='line_1_109' title="bbox 1804 4776 3386 4862; baseline 0.001 -23"><span class='ocrx_word' id='word_1_768' title='bbox 1804 4785 2142 4850; x_wconf 63' lang='lat' dir='ltr'><strong>(les-nlcrans,</strong></span> <span class='ocrx_word' id='word_1_769' title='bbox 2177 4785 2229 4840; x_wconf 93' lang='lat' dir='ltr'><strong>in</strong></span> <span class='ocrx_word' id='word_1_770' title='bbox 2257 4784 2634 4848; x_wconf 88' lang='lat' dir='ltr'><strong>Cartbusiana,</strong></span> <span class='ocrx_word' id='word_1_771' title='bbox 2664 4798 2824 4852; x_wconf 90' lang='lat' dir='ltr'><strong>quam</strong></span> <span class='ocrx_word' id='word_1_772' title='bbox 2850 4776 3386 4862; x_wconf 76' lang='lat' dir='ltr'><strong>adornavit,Biblio-</strong></span> 
     </span>
    </p>
   </div>
   <div class='ocr_carea' id='block_1_110' title="bbox 1804 4875 3387 4949">
    <p class='ocr_par' dir='ltr' id='par_1_110' title="bbox 1804 4875 3387 4949">
     <span class='ocr_line' id='line_1_110' title="bbox 1804 4875 3387 4949; baseline 0 -17"><span class='ocrx_word' id='word_1_773' title='bbox 1804 4878 1958 4932; x_wconf 89' lang='lat' dir='ltr'><strong>theca</strong></span> <span class='ocrx_word' id='word_1_774' title='bbox 1994 4892 2114 4949; x_wconf 86' lang='lat' dir='ltr'><strong>pag.</strong></span> <span class='ocrx_word' id='word_1_775' title='bbox 2145 4877 2247 4944; x_wconf 82' lang='grc'><strong>55,</strong></span> <span class='ocrx_word' id='word_1_776' title='bbox 2281 4877 2613 4931; x_wconf 90' lang='lat' dir='ltr'><strong>enumeratis</strong></span> <span class='ocrx_word' id='word_1_777' title='bbox 2652 4875 2902 4930; x_wconf 86' lang='lat' dir='ltr'><strong>omnibus</strong></span> <span class='ocrx_word' id='word_1_778' title='bbox 2937 4893 3059 4945; x_wconf 61' lang='lat' dir='ltr'><strong>quae</strong></span> <span class='ocrx_word' id='word_1_779' title='bbox 3116 4877 3387 4932; x_wconf 90' lang='lat' dir='ltr'><strong>Brunonis</strong></span> 
     </span>
    </p>
   </div>
   <div class='ocr_carea' id='block_1_111' title="bbox 1806 4969 3386 5041">
    <p class='ocr_par' dir='ltr' id='par_1_111' title="bbox 1806 4969 3386 5041">
     <span class='ocr_line' id='line_1_111' title="bbox 1806 4969 3386 5041; baseline 0.001 -17"><span class='ocrx_word' id='word_1_780' title='bbox 1806 4984 1926 5024; x_wconf 89' lang='lat' dir='ltr'><strong>esse</strong></span> <span class='ocrx_word' id='word_1_781' title='bbox 1964 4969 2189 5039; x_wconf 87' lang='lat' dir='ltr'><strong>putabat</strong></span> <span class='ocrx_word' id='word_1_782' title='bbox 2235 4969 2506 5039; x_wconf 87' lang='lat' dir='ltr'><strong>operibus,</strong></span> <span class='ocrx_word' id='word_1_783' title='bbox 2541 4970 2776 5039; x_wconf 86' lang='lat' dir='ltr'><strong>adjecit:</strong></span> <span class='ocrx_word' id='word_1_784' title='bbox 2817 4988 2835 5022; x_wconf 78' lang='grc' dir='ltr'>ι</span> <span class='ocrx_word' id='word_1_785' title='bbox 2871 4969 3078 5038; x_wconf 90' lang='lat' dir='ltr'><strong>Quibus</strong></span> <span class='ocrx_word' id='word_1_786' title='bbox 3107 4970 3386 5041; x_wconf 89' lang='lat' dir='ltr'><strong>(operibus</strong></span> 
     </span>
    </p>
   </div>
   <div class='ocr_carea' id='block_1_112' title="bbox 1806 5059 3387 5131">
    <p class='ocr_par' dir='ltr' id='par_1_112' title="bbox 1806 5059 3387 5131">
     <span class='ocr_line' id='line_1_112' title="bbox 1806 5059 3387 5131; baseline -0.001 -15"><span class='ocrx_word' id='word_1_787' title='bbox 1806 5076 2000 5131; x_wconf 91' lang='lat' dir='ltr'><strong>nempe</strong></span> <span class='ocrx_word' id='word_1_788' title='bbox 2039 5078 2067 5115; x_wconf 91' lang='lat' dir='ltr'><strong>a</strong></span> <span class='ocrx_word' id='word_1_789' title='bbox 2116 5061 2366 5115; x_wconf 90' lang='lat' dir='ltr'><strong>Brunone</strong></span> <span class='ocrx_word' id='word_1_790' title='bbox 2393 5061 2732 5131; x_wconf 87' lang='lat' dir='ltr'><strong>compositis)</strong></span> <span class='ocrx_word' id='word_1_791' title='bbox 2768 5060 3098 5117; x_wconf 85' lang='lat' dir='ltr'><strong>Possevinus</strong></span> <span class='ocrx_word' id='word_1_792' title='bbox 3137 5060 3289 5114; x_wconf 87' lang='lat' dir='ltr'><strong>addit</strong></span> <span class='ocrx_word' id='word_1_793' title='bbox 3323 5059 3387 5114; x_wconf 82' lang='lat' dir='ltr'><strong>li-</strong></span> 
     </span>
    </p>
   </div>
   <div class='ocr_carea' id='block_1_113' title="bbox 1806 5148 3387 5227">
    <p class='ocr_par' dir='ltr' id='par_1_113' title="bbox 1806 5148 3387 5227">
     <span class='ocr_line' id='line_1_113' title="bbox 1806 5148 3387 5227; baseline -0.003 -19"><span class='ocrx_word' id='word_1_794' title='bbox 1806 5153 1966 5208; x_wconf 85' lang='lat' dir='ltr'><strong>brum</strong></span> <span class='ocrx_word' id='word_1_795' title='bbox 2002 5153 2076 5207; x_wconf 89' lang='lat' dir='ltr'><strong>De</strong></span> <span class='ocrx_word' id='word_1_796' title='bbox 2107 5152 2356 5227; x_wconf 86' lang='lat' dir='ltr'><strong>laudibus</strong></span> <span class='ocrx_word' id='word_1_797' title='bbox 2375 5152 2503 5207; x_wconf 77' lang='lat' dir='ltr'><strong>vitae</strong></span> <span class='ocrx_word' id='word_1_798' title='bbox 2534 5153 2812 5217; x_wconf 63' lang='lat' dir='ltr'><strong>solitariae,</strong></span> <span class='ocrx_word' id='word_1_799' title='bbox 2842 5166 3001 5221; x_wconf 89' lang='lat' dir='ltr'><strong>quem</strong></span> <span class='ocrx_word' id='word_1_800' title='bbox 3026 5149 3158 5204; x_wconf 90' lang='lat' dir='ltr'><strong>dicit</strong></span> <span class='ocrx_word' id='word_1_801' title='bbox 3183 5148 3387 5203; x_wconf 79' lang='lat' dir='ltr'><strong>Veneta</strong></span> 
     </span>
    </p>
   </div>
   <div class='ocr_carea' id='block_1_114' title="bbox 1808 5238 3386 5314">
    <p class='ocr_par' dir='ltr' id='par_1_114' title="bbox 1808 5238 3386 5314">
     <span class='ocr_line' id='line_1_114' title="bbox 1808 5238 3386 5314; baseline -0.005 -15"><span class='ocrx_word' id='word_1_802' title='bbox 1808 5243 1860 5299; x_wconf 86' lang='lat' dir='ltr'><strong>in</strong></span> <span class='ocrx_word' id='word_1_803' title='bbox 1891 5244 2179 5298; x_wconf 89' lang='lat' dir='ltr'><strong>Cartbusia</strong></span> <span class='ocrx_word' id='word_1_804' title='bbox 2205 5245 2346 5314; x_wconf 89' lang='lat' dir='ltr'><strong>apud</strong></span> <span class='ocrx_word' id='word_1_805' title='bbox 2370 5242 2594 5297; x_wconf 91' lang='lat' dir='ltr'><strong>Paulum</strong></span> <span class='ocrx_word' id='word_1_806' title='bbox 2614 5242 2927 5313; x_wconf 79' lang='lat' dir='ltr'><strong>Rogerium,</strong></span> <span class='ocrx_word' id='word_1_807' title='bbox 2953 5248 3149 5295; x_wconf 70' lang='lat' dir='ltr'><strong>nostrae.</strong></span> <span class='ocrx_word' id='word_1_808' title='bbox 3168 5238 3386 5292; x_wconf 62' lang='lat' dir='ltr'><strong>familiae</strong></span> 
     </span>
    </p>
   </div>
   <div class='ocr_carea' id='block_1_115' title="bbox 1809 5329 3385 5407">
    <p class='ocr_par' dir='ltr' id='par_1_115' title="bbox 1809 5329 3385 5407">
     <span class='ocr_line' id='line_1_115' title="bbox 1809 5329 3385 5407; baseline -0.004 -18"><span class='ocrx_word' id='word_1_809' title='bbox 1809 5336 2175 5407; x_wconf 81' lang='lat' dir='ltr'><strong>Religiosum,</strong></span> <span class='ocrx_word' id='word_1_810' title='bbox 2223 5334 2652 5404; x_wconf 85' lang='lat' dir='ltr'><strong>manuscriptum</strong></span> <span class='ocrx_word' id='word_1_811' title='bbox 2692 5331 2993 5396; x_wconf 89' lang='lat' dir='ltr'><strong>asservari;</strong></span> <span class='ocrx_word' id='word_1_812' title='bbox 3041 5345 3149 5399; x_wconf 86' lang='lat' dir='ltr'><strong>quo</strong></span> <span class='ocrx_word' id='word_1_813' title='bbox 3177 5329 3385 5383; x_wconf 82' lang='lat' dir='ltr'><strong>utinam</strong></span> 
     </span>
    </p>
   </div>
   <div class='ocr_carea' id='block_1_116' title="bbox 1806 5418 3387 5494">
    <p class='ocr_par' dir='ltr' id='par_1_116' title="bbox 1806 5418 3387 5494">
     <span class='ocr_line' id='line_1_116' title="bbox 1806 5418 3387 5494; baseline -0.003 -17"><span class='ocrx_word' id='word_1_814' title='bbox 1806 5427 1971 5494; x_wconf 86' lang='lat' dir='ltr'><strong>potiri</strong></span> <span class='ocrx_word' id='word_1_815' title='bbox 2016 5425 2232 5480; x_wconf 82' lang='lat' dir='ltr'><strong>liceret!</strong></span> <span class='ocrx_word' id='word_1_816' title='bbox 2269 5434 2325 5477; x_wconf 92' lang='lat' dir='ltr'><strong>ut</strong></span> <span class='ocrx_word' id='word_1_817' title='bbox 2363 5424 2617 5478; x_wconf 90' lang='lat' dir='ltr'><strong>nimirum</strong></span> <span class='ocrx_word' id='word_1_818' title='bbox 2666 5421 2827 5476; x_wconf 90' lang='lat' dir='ltr'><strong>simul</strong></span> <span class='ocrx_word' id='word_1_819' title='bbox 2855 5436 2975 5475; x_wconf 90' lang='lat' dir='ltr'><strong>eum</strong></span> <span class='ocrx_word' id='word_1_820' title='bbox 3012 5419 3223 5474; x_wconf 74' lang='lat' dir='ltr'><strong>caeteris</strong></span> <span class='ocrx_word' id='word_1_821' title='bbox 3270 5418 3387 5473; x_wconf 85' lang='lat' dir='ltr'><strong>Divi</strong></span> 
     </span>
    </p>
   </div>
   <div class='ocr_carea' id='block_1_117' title="bbox 1810 5508 3385 5585">
    <p class='ocr_par' dir='ltr' id='par_1_117' title="bbox 1810 5508 3385 5585">
     <span class='ocr_line' id='line_1_117' title="bbox 1810 5508 3385 5585; baseline -0.003 -17"><span class='ocrx_word' id='word_1_822' title='bbox 1810 5514 2363 5585; x_wconf 78' lang='lat' dir='ltr'><strong>Brimonisoperibus</strong></span> <span class='ocrx_word' id='word_1_823' title='bbox 2385 5556 2398 5579; x_wconf 97' lang='lat'><strong>,</strong></span> <span class='ocrx_word' id='word_1_824' title='bbox 2427 5513 2647 5585; x_wconf 87' lang='lat' dir='ltr'><strong>jamjam</strong></span> <span class='ocrx_word' id='word_1_825' title='bbox 2702 5527 2798 5583; x_wconf 88' lang='lat' dir='ltr'><strong>per</strong></span> <span class='ocrx_word' id='word_1_826' title='bbox 2825 5525 2923 5565; x_wconf 90' lang='lat' dir='ltr'><strong>nos</strong></span> <span class='ocrx_word' id='word_1_827' title='bbox 2956 5510 3022 5564; x_wconf 89' lang='lat' dir='ltr'><strong>de</strong></span> <span class='ocrx_word' id='word_1_828' title='bbox 3048 5508 3385 5579; x_wconf 90' lang='lat' dir='ltr'><strong>superiorum</strong></span> 
     </span>
    </p>
   </div>
   <div class='ocr_carea' id='block_1_118' title="bbox 1809 5591 3386 5669">
    <p class='ocr_par' dir='ltr' id='par_1_118' title="bbox 1809 5591 3386 5669">
     <span class='ocr_line' id='line_1_118' title="bbox 1809 5591 3386 5669; baseline -0.004 -11"><span class='ocrx_word' id='word_1_829' title='bbox 1809 5591 2086 5659; x_wconf 84' lang='lat' dir='ltr'><strong>voluntate</strong></span> <span class='ocrx_word' id='word_1_830' title='bbox 2116 5604 2421 5660; x_wconf 89' lang='lat' dir='ltr'><strong>revidendis</strong></span> <span class='ocrx_word' id='word_1_831' title='bbox 2470 5601 2899 5669; x_wconf 88' lang='lat' dir='ltr'><strong>recudendisque</strong></span> <span class='ocrx_word' id='word_1_832' title='bbox 2940 5598 3090 5669; x_wconf 88' lang='lat' dir='ltr'><strong>prelo</strong></span> <span class='ocrx_word' id='word_1_833' title='bbox 3129 5598 3386 5652; x_wconf 88' lang='lat' dir='ltr'><strong>commit-</strong></span> 
     </span>
    </p>
   </div>
   <div class='ocr_carea' id='block_1_119' title="bbox 1813 5687 3381 5765">
    <p class='ocr_par' dir='ltr' id='par_1_119' title="bbox 1813 5687 3381 5765">
     <span class='ocr_line' id='line_1_119' title="bbox 1813 5687 3381 5765; baseline -0.008 -11"><span class='ocrx_word' id='word_1_834' title='bbox 1813 5708 1973 5754; x_wconf 89' lang='lat' dir='ltr'><strong>tatur.</strong></span> <span class='ocrx_word' id='word_1_835' title='bbox 2007 5719 2024 5750; x_wconf 73' lang='grc' dir='ltr'><strong><em>ι</em></strong></span> <span class='ocrx_word' id='word_1_836' title='bbox 2068 5697 2213 5752; x_wconf 90' lang='lat' dir='ltr'><strong>Libri</strong></span> <span class='ocrx_word' id='word_1_837' title='bbox 2267 5708 2480 5765; x_wconf 88' lang='lat' dir='ltr'><strong>quoque</strong></span> <span class='ocrx_word' id='word_1_838' title='bbox 2527 5693 2599 5746; x_wconf 91' lang='lat' dir='ltr'><strong>De</strong></span> <span class='ocrx_word' id='word_1_839' title='bbox 2633 5692 2759 5744; x_wconf 80' lang='lat' dir='ltr'><strong>vitae</strong></span> <span class='ocrx_word' id='word_1_840' title='bbox 2800 5689 3053 5745; x_wconf 73' lang='lat' dir='ltr'><strong>solitariae</strong></span> <span class='ocrx_word' id='word_1_841' title='bbox 3101 5687 3381 5753; x_wconf 88' lang='lat' dir='ltr'><strong>laudibus,</strong></span> 
     </span>
    </p>
   </div>
   <div class='ocr_carea' id='block_1_120' title="bbox 1812 5781 3387 5868">
    <p class='ocr_par' dir='ltr' id='par_1_120' title="bbox 1812 5781 3387 5868">
     <span class='ocr_line' id='line_1_120' title="bbox 1812 5781 3387 5868; baseline -0.008 -20"><span class='ocrx_word' id='word_1_842' title='bbox 1812 5796 1902 5868; x_wconf 91' lang='lat' dir='ltr'><strong>qui</strong></span> <span class='ocrx_word' id='word_1_843' title='bbox 1955 5794 2098 5865; x_wconf 87' lang='lat' dir='ltr'><strong>apud</strong></span> <span class='ocrx_word' id='word_1_844' title='bbox 2156 5791 2381 5847; x_wconf 82' lang='lat' dir='ltr'><strong>Paulum</strong></span> <span class='ocrx_word' id='word_1_845' title='bbox 2439 5786 2759 5858; x_wconf 73' lang='lat' dir='ltr'><strong>ltogerium,</strong></span> <span class='ocrx_word' id='word_1_846' title='bbox 2816 5783 3120 5841; x_wconf 71' lang='lat' dir='ltr'><strong>Carthusiu:</strong></span> <span class='ocrx_word' id='word_1_847' title='bbox 3167 5781 3387 5838; x_wconf 78' lang='lat' dir='ltr'><strong>Venetae</strong></span> 
     </span>
    </p>
   </div>
  </div>
