3846 6316
541 321 611 373 39
1315 317 1373 374 S.
1415 318 1759 375 BRCNONIS
1798 318 2435 377 CARTIIL'SIANORL'M
2477 319 2957 378 INSTITUTORiS

3645 323 3749 378 ‘50

505 439 809 498 alunmum,
834 443 1165 495 asservatur,
1197 449 1227 488 e
1268 432 1558 489 Possevino
1588 437 1640 490 in
1693 435 1808 490 suis
1856 437 1907 489 in
1952 451 2081 490 con-
2111 445 2158 501 Α
2190 437 2498 492 ﬁrmitatem
2533 455 2560 492 a
2591 440 2789 511 comite
2838 440 3069 509 Rugerio
3096 455 3160 493 ex
3201 439 3545 509 mgritudine,
3582 455 3614 494 e
3647 455 3750 508 qua

506 541 539 582 ti
564 539 707 581 xtam
757 542 787 578 a
840 524 1001 578 Surio
1028 523 1085 576 S.
1115 523 1384 578 Brunonis
1424 525 1598 579 \‘itam
1629 528 2082 581 Annolatiouibus

506 637 626 690 pag.
668 619 808 681 251.
853 619 1117 675 Surianus
1147 617 1413 672 meminit.
1453 617 1650 672 Verum
1680 635 1800 673 cum
1841 619 2085 672 Petreius

507 733 569 766 ea
595 753 608 774 ,
647 727 769 781 quze
791 712 904 779 jam
939 713 1071 776 dixi,
1108 714 1158 766 in
1202 722 1452 767 contexta
1490 727 1517 762 a
1549 725 1638 774 se,
1673 724 1919 779 annoque
1953 709 2084 764 1609

509 804 651 872 typis
695 802 910 873 vulgata
951 803 1155 857 ordinis
1200 803 1595 856 Cartbusiensis
1634 800 1968 868 Scriptorum
1995 798 2084 853 Bi-

509 880 776 951 bliotheca
806 896 858 950 in
881 895 1093 952 litteras
1115 898 1326 955 mittat.
1356 912 1455 950 nec
1484 905 1659 948 tamen
1700 895 1967 957 Inundatus,
1990 910 2082 963 qut

514 1002 542 1039 ει
573 987 825 1041 Brunone
856 987 1091 1054 scriptus
1131 987 1236 1050 sit,
1281 985 1353 1038 De
1395 985 1516 1038 vita:
1551 985 1807 1038 solitaria:
1839 984 2086 1039 laudibus

511 1078 650 1131 liber
675 1079 728 1132 in
753 1079 928 1132 lucem
949 1078 1229 1141 hactenus,
1257 1077 1396 1146 quod
1419 1076 1607 1139 sciam,
1633 1074 1794 1129 fuerit
1822 1075 2084 1144 prolatus,

513 1167 740 1225 multum
763 1170 968 1231 dubito,
998 1186 1064 1222 an
1095 1184 1282 1224 errore
1309 1169 1509 1222 factum
1541 1184 1645 1221 non
1683 1169 1772 1232 sit,
1806 1179 1864 1222 ut
1891 1169 2084 1221 librum

512 1259 661 1314 illum
681 1277 780 1315 ms.
801 1261 939 1328 apud
967 1258 1187 1314 Paulum
1213 1259 1842 1329 liogerium,(‘.artlnt:i;e
1875 1259 2086 1312 Veneta:

510 1351 809 1415 alumnum,
834 1363 1048 1407 exstare
1078 1352 1399 1407 existimarit
1428 1352 1766 1406 Passerinus.

580 1443 703 1498 7H.
733 1443 868 1510 Quid
898 1442 940 1497 si
981 1444 1120 1513 apud
1160 1443 1382 1496 Paulum
1442 1441 1728 1511 Bogerium
1768 1440 1902 1494 liber
1935 1441 2084 1509 quis-

509 1535 654 1602 piam
713 1536 1012 1600 exstiterit,
1075 1535 1334 1604 opuscula
1387 1534 1679 1595 nommlla,
1740 1533 1797 1587 S.
1851 1533 2084 1586 Brunoni

508 1627 874 1682 Carthusiano
925 1628 1221 1691 attributa,
1269 1626 1663 1696 complectens,
1705 1625 1890 1694 eique,
1945 1624 2086 1693 quod

507 1718 790 1787 epistolam
822 1734 1037 1788 quoque
1077 1734 1104 1770 a
1163 1717 1364 1772 Sancto
1394 1717 1460 1770 ad
1485 1716 1826 1784 Radulpbum
1851 1715 2087 1769 Viridcm

2184 529 2337 588 obiit,
2366 529 2528 584 Mileti
2557 530 2934 593 deeumbente,
2968 531 3199 599 diploma
3231 530 3395 591 aliud,
3423 531 3472 582 in
3507 545 3612 598 quo
3643 533 3752 584 haec

2185 618 2497 684 singillatim
2541 621 2945 688 exprimuntur,
2993 620 3315 690 postulavit,
3363 622 3723 690 princepsque

2186 708 2442 778 singulari
2472 723 2570 762 suo
2595 710 2647 762 in
2677 708 2735 763 S.
2763 710 3066 763 Brunnnem
3090 724 3294 773 amore,
3316 718 3376 762 ut
3407 709 3756 763 dubitandum

2187 815 2291 853 non
2334 809 2586 870 apparet,
2633 817 2738 854 non
2779 818 2967 871 parum
3009 803 3073 855 ad
3114 801 3166 854 id
3197 801 3529 870 impellente,
3574 809 3758 870 postu—

2187 890 2370 945 lationi
2419 893 2536 962 ejus
2576 908 2820 948 annuens
2864 894 3130 963 diploma,
3181 894 3336 963 quale
3375 894 3419 948 is
3477 894 3759 964 cupiebat,

2186 982 2474 1051 impertiit.
2520 982 2709 1037 Exstat
2749 984 2837 1048 id,
2880 985 2971 1038 sed
3021 984 3206 1049 initio,
3246 995 3504 1054 quantum
3544 984 3758 1054 opinor,

2188 1074 2464 1138 nmtilum,
2521 1077 2661 1144 apud
2721 1076 3011 1130 Surianum
3074 1076 3128 1129 in
3184 1074 3639 1130 Annotationibus
3696 1074 3761 1128 ad

2188 1169 2545 1235 conscriptam
2592 1184 2621 1220 a
2654 1169 2814 1222 Sttrio
2855 1169 3036 1223 Sancti
3069 1169 3242 1221 Vitam
3275 1183 3396 1238 pag.
3442 1167 3546 1222 254
3587 1177 3636 1222 et
3679 1182 3761 1221 se-

2186 1261 2493 1326 qttrntiluts.

2257 1349 2379 1402 7lﬁ.
2415 1349 2572 1404 Hisce
2604 1351 2780 1405 verbis
2804 1353 3142 1421 concipitur:
3179 1371 3195 1402 ς
3237 1351 3359 1406 [huc
3390 1361 3515 1405 sunt
3542 1351 3763 1405 nomina

2188 1452 2241 1494 et
2284 1442 2436 1496 linea:
2460 1458 2740 1498 servorum
2772 1453 2828 1498 et
2851 1444 3170 1498 villanorum
3200 1455 3413 1498 centum
3446 1444 3766 1504 duodecim,

2190 1536 2280 1602 qui
2311 1535 2513 1588 inventi
2542 1546 2666 1589 sunt
2697 1551 2820 1590 cum
2862 1534 3047 1606 Sergio
3078 1536 3353 1605 proditore
3393 1536 3445 1588 in
3484 1534 3768 1588 obsidione

2189 1626 2428 1679 civitatis
2464 1625 2659 1695 Capuae
2699 1626 2952 1681 Kalendis
2981 1627 3190 1687 Martii.
3229 1626 3620 1681 incarnationis
3660 1625 3766 1678 Do-

2192 1717 2320 1769 mini
2346 1732 2490 1771 anno
2515 1717 2799 1772 millesimo
2829 1719 3175 1787 nonagesimo
3202 1728 3392 1772 octavo
3412 1759 3427 1782 ,
3464 1717 3765 1771 indictione

507 1812 797 1881 scriptam,
835 1813 886 1864 in
914 1827 1017 1880 qua
1065 1811 1320 1866 nonnulla
1355 1811 1406 1864 in
1435 1811 1558 1864 vita:
1585 1810 1841 1864 solitaria:
1872 1808 2085 1863 laudem
2120 1787 2163 1844 Β
2194 1820 2379 1871 sexta,
2407 1824 2543 1878 quos
2581 1825 2681 1880 ego
2723 1809 3014 1880 Rogerius,
3044 1809 3308 1865 Calabriae
3339 1820 3392 1865 et
3433 1809 3631 1864 Sicilia:
3671 1824 3772 1876 per

509 1913 1040 1966 commemorantur,
1082 1905 1412 1965 contineret,
1454 1902 1639 1957 titulus
1675 1903 1797 1956 libri
1845 1903 1922 1956 De
1968 1903 2093 1956 vita:

508 1995 767 2050 Solitaria:
804 1996 1054 2050 laudibus
1105 1997 1268 2052 fuerit
1322 1997 1631 2066 ascriptus?
1669 1999 1841 2064 Atque
1878 1996 1992 2050 haec
2028 1994 2094 2050 de

509 2088 688 2156 primo
709 2103 741 2143 e
770 2088 981 2143 duobus
1026 2090 1313 2157 operibus,
1341 2105 1474 2159 .qu:c
1511 2090 1562 2144 in
1603 2104 1860 2157 operum,
1892 2087 2093 2142 Sancto

509 2179 921 2245 attribulorum,
953 2181 1278 2236 editionibus
1310 2196 1414 2236 non
1442 2190 1601 2244 sunt,
1632 2190 1688 2234 et
1715 2190 1893 2234 tamen
1924 2180 2005 2244 ei,
2037 2191 2094 2233 ut

507 2270 622 2336 jam
662 2270 876 2331 monui,
925 2284 956 2323 a
1015 2271 1289 2324 nonnullis
1331 2271 1706 2334 ascribuntur;
1750 2269 1890 2339 quod
1933 2269 2093 2322 modo

513 2360 581 2412 ad
608 2361 908 2414 secundum
934 2376 998 2414 ex
1048 2361 1197 2414 hisce
1228 2361 1492 2428 pcrtinet,
1533 2361 1708 2414 oratio
1756 2361 1869 2414 bace
1913 2369 1995 2413 est
2026 2357 2092 2411 ad

512 2449 697 2504 Iesum
750 2451 1101 2512 cruciﬁxum,
1134 2468 1162 2502 a
1203 2451 1422 2504 vocibus
1451 2451 1641 2504 hisce:
1684 2469 1700 2500 ι
1737 2450 1874 2503 Ante
1909 2449 2093 2504 oculos

516 2553 656 2606 tuos,
680 2542 927 2608 Domine,
944 2543 1126 2613 culpas
1148 2553 1364 2598 nostras
1387 2545 1631 2608 ferimus,
1653 2563 1670 2594 ι
1698 2554 1830 2606 ctc.,
1858 2543 2090 2612 iaeepta,

513 2651 679 2705 quam
712 2635 976 2705 Meleager
1015 2635 1350 2700 l’entimalli,
1390 2636 1541 2690 brevi
1574 2652 1602 2689 a
1647 2652 1705 2691 se
1742 2636 2090 2704 conscriptzu,

515 2743 768 2796 annoque
815 2727 951 2782 162?.
986 2729 1129 2799 typis
1179 2729 1438 2783 Romanis
1464 2729 1691 2798 vulgata:
1736 2727 1793 2782 S.
1826 2727 2095 2782 Brunonis

514 2817 654 2873 Viue
679 2819 931 2889 przeﬁxit,
958 2819 1266 2889 Sanctoque
1286 2820 1411 2875 huic
1427 2819 1912 2873 Cartbusianorum
1938 2818 2095 2873 lustio

514 2915 1006 2970 tutori-attribuit.
1061 2913 1291 2979 Verum,
1342 2915 1516 2985 inquit
1562 2915 1677 2970 fere
1720 2925 1981 2984 quantum
2027 2915 2094 2969 ad

510 3008 874 3062 substantiam
905 3007 956 3062 in
988 3023 1083 3062 sua
1113 3007 1180 3061 de
1210 3006 1266 3060 S.
1299 3008 1552 3062 Brunone
1586 3007 1820 3062 llistoria
1850 3023 1942 3062 seu
1975 3007 2092 3061 Vita

513 3098 857 3164 Zannottius,
886 3101 1083 3168 smpius
1103 3099 1214 3168 jam
1246 3115 1408 3168 supra
1438 3099 1688 3154 laudatus
1707 3142 1720 3165 ,
1748 3101 1975 3154 multum
2003 3101 2092 3154 hic
2120 3130 2165 3191 ρ

515 3201 667 3246 errat
715 3190 1122 3256 Pentimallius,
1169 3208 1290 3246 cum
1343 3193 1522 3246 oratio
1577 3193 1697 3259 illa,
1736 3201 1795 3246 ut
1831 3193 2096 3246 Antonius

515 3285 780 3356 Ilaggius,
813 3284 1237 3354 Augustinianus
1257 3283 1635 3348 Bononiensis,
1663 3284 1714 3338 in
1740 3299 1902 3354 Opere
1950 3284 2093 3352 quod

518 3395 662 3431 anno
693 3376 827 3431 I700
862 3377 1003 3446 typis
1026 3377 1214 3437 edidit,
1235 3378 1517 3444 probatum
1543 3375 1657 3438 dat,
1688 3373 1745 3429 S.
1775 3375 2073 3443 Augustino

518 3471 740 3523 civitate
794 3469 1166 3538 llipponensi,
1221 3469 1377 3536 cujus
1432 3469 1722 3536 episcopus
1760 3476 1877 3520 erat
1958 3475 2014 3520 et
2067 3481 2095 3518 a

517 3560 802 3615 Wandalis
839 3561 1074 3628 undique
1110 3561 1328 3614 obsessa
1351 3601 1367 3624 ,
1407 3559 1569 3614 fuerit
1620 3560 1949 3628 composita,
1990 3574 2096 3627 quo

520 3668 583 3704 ea
612 3660 666 3705 et
706 3666 919 3720 gregem
954 3651 1053 3704 sibi
1085 3651 1436 3704 commissum
1465 3651 1531 3703 ad
1558 3649 1795 3703 divinum
1840 3648 2094 3702 auxilium

523 3743 916 3812 implorandum
942 3743 1238 3808 animaret,
1268 3751 1321 3795 et
1347 3742 1560 3810 propria
1597 3755 1692 3793 sua
1723 3749 1942 3810 peccata
1972 3749 2097 3793 ante

521 3831 856 3886 Crueiﬁxum
915 3830 1229 3900 genuﬁexus
1273 3846 1459 3885 amare
1504 3831 1804 3900 plangeret.
1860 3829 1975 3882 Alia
2031 3829 2098 3883 de

522 3923 812 3990 operibus,
848 3937 969 3991 quae
1008 3922 1089 3976 vel
1121 3920 1303 3977 Sancti
1336 3922 1469 3983 sint,
1504 3920 1585 3974 vel
1616 3922 1663 3974 ei
1704 3921 2095 3984 attribuantur,

522 4013 751 4068 dicenda
783 4029 888 4067 non
920 4013 1166 4075 invenio,
1191 4027 1254 4065 ac
1290 4012 1443 4082 proin
1472 4010 1539 4064 ad
1566 4011 1666 4064 alia
1686 4051 1698 4074 ,
1729 4026 1848 4080 quae
1880 4011 1946 4064 ad
1974 4026 2096 4065 eum

525 4106 823 4176 pertinent,
843 4105 955 4175 jam
986 4119 1240 4174 propero.

525 4199 553 4270 ᾗ
587 4198 761 4254 XLIV.
792 4197 1102 4253 Benerolum
1135 4198 1323 4249 iterant
1362 4212 1483 4265 erga
1519 4213 1573 4248 se
1604 4194 1826 4249 Sanctus
1863 4194 2098 4246 comitem

593 4289 903 4363 Rogcrium,
960 4293 1247 4345 decretorio
1302 4291 1481 4344 morbo
1520 4291 1636 4360 jam
1683 4290 2095 4350 thatmbentem,

594 4384 883 4451 experitur,
914 4385 1153 4452 [tuncque
1192 4383 1378 4437 deinde
1409 4382 1512 4436 rita
1553 4381 1789 4450 functum
1820 4381 1962 4432 haud
2001 4381 2100 4432 du-

2199 1901 2288 1955 Dei
2330 1901 2664 1956 voluntatem
2709 1917 2925 1965 eomes,
2970 1919 3067 1972 pro
3104 1903 3391 1969 miraculo,
3434 1903 3576 1971 quod
3630 1902 3775 1955 Deus

2197 1993 2449 2063 dignatus
2486 2003 2568 2049 est
2609 1994 2738 2048 mihi
2780 1993 3065 2048 visibilitcr
3100 1995 3387 2049 ostendere
3432 1992 3775 2048 orationibus

2195 2087 2255 2142 Β.
2285 2088 2554 2143 Brunonis
2576 2088 2642 2142 ad
2668 2087 2895 2142 salutem
2929 2087 3163 2142 ﬁdelium
3192 2087 3646 2150 Christianorum,
3683 2087 3775 2154 qui

2199 2196 2410 2235 mecum
2442 2189 2618 2242 erant,
2651 2190 2704 2234 et
2735 2195 2934 2244 meam,
2966 2179 3157 2234 donavi
3203 2180 3374 2235 eidem
3403 2178 3462 2233 P.
3496 2177 3774 2236 Brunoni.

2195 2272 2418 2341 ejusque
2460 2272 2869 2327 successoribus
2915 2286 3021 2325 non
3066 2271 3238 2326 soluat
3279 2271 3455 2340 ipsos,
3483 2272 3577 2326 sed
3607 2271 3778 2324 etiam

2198 2364 2334 2417 ﬁlios
2378 2363 2611 2418 ﬁliorum
2652 2377 2874 2416 suorum
2923 2377 3094 2432 usque
3144 2363 3196 2415 in
3249 2362 3674 2430 sempiternum,
3730 2361 3779 2414 in

2195 2469 2382 2508 servus
2427 2465 2717 2524 perpetuos
2763 2462 2819 2508 et
2869 2451 3096 2507 villanos
3147 2468 3270 2507 eum
3320 2453 3570 2507 omnibus
3616 2453 3781 2506 bonis

2195 2565 2382 2602 eorum
2415 2549 2704 2603 mobilibus
2730 2557 2782 2604 et
2806 2547 3121 2611 stabilibus,
3155 2547 3351 2602 habilis
3387 2557 3440 2602 et
3478 2547 3780 2610 habendis,

2197 2640 2396 2710 ubique
2421 2639 2661 2694 locorum
2697 2638 3047 2701 sistentibus,
3089 2637 3452 2706 cujuscunque
3491 2638 3602 2691 sint
3645 2639 3786 2690 artis

2197 2733 2310 2787 sive
2355 2733 2589 2803 negotii,
2646 2732 2762 2786 sive
2808 2730 3120 2794 marinarii;
3174 2745 3308 2799 quos
3355 2730 3666 2799 proditores
3723 2745 3782 2782 ex

2196 2825 2464 2878 sententia
2512 2823 2744 2877 interﬁci
2783 2822 3020 2876 diversis
3066 2820 3354 2891 generibus
3393 2817 3784 2888 suppliciorum

2199 2919 2612 2980 damnaveram;
2655 2917 2748 2971 sed
2780 2915 2847 2968 ad
2890 2914 3204 2983 petitionem
3239 2912 3362 2966 dicti
3403 2910 3462 2964 P.
3506 2911 3788 2964 BrunOnis

2200 3015 2313 3059 tum
2343 3006 2423 3060 eis
2463 3014 2691 3060 mortem
2723 3005 3081 3074 pernicmsam
3115 3002 3362 3073 peperci;
3396 3011 3450 3056 et
3490 3001 3554 3054 ad
3598 3001 3785 3055 cccle-

2199 3098 2404 3152 siarum
2447 3095 2505 3150 Β.
2554 3096 2735 3152 Maria:
2779 3096 2845 3151 de
2893 3111 3077 3151 eremo
3118 3104 3172 3148 et
3218 3093 3279 3146 Β.
3329 3093 3790 3163 prothomartyris

2199 3190 2462 3262 Stephani
2490 3190 2721 3260 obligavi
2752 3198 3043 3260 perpetuas
3071 3187 3360 3242 servitutes
3389 3197 3442 3241 et
3475 3185 3787 3256 villanigia,

2197 3292 2251 3338 et
2285 3284 2412 3337 inde
2458 3281 2575 3336 ﬁeri
2627 3280 2729 3335 feci
2784 3279 3204 3350 chirographum
3245 3278 3387 3346 apud
3434 3275 3790 3346 Squillatium

2199 3390 2320 3428 enm
2356 3373 2646 3427 donatione
2675 3385 2837 3440 quam
2877 3369 2979 3424 feci
3039 3369 3106 3424 de
3138 3367 3466 3422 monasterio
3507 3366 3565 3420 S.
3595 3365 3792 3421 Jacobi

2199 3465 2265 3517 de
2295 3463 2584 3517 Muntauro
2613 3473 2666 3516 et
2699 3462 2979 3516 lenimenti
3008 3461 3112 3515 sui.
3143 3459 3247 3515 Sed
3271 3475 3458 3515 eorum
3485 3459 3721 3513 nomina
3743 3468 3794 3512 et

2201 3558 2355 3610 linea:
2383 3571 2488 3610 non
2512 3556 2784 3610 habentur
2811 3555 2864 3607 in
2894 3554 3082 3607 eodem
3116 3553 3495 3624 chirographo.
3533 3549 3620 3604 Ad
3647 3551 3793 3621 peti-

2201 3650 2402 3702 tionem
2430 3657 2612 3699 auten:
2645 3644 2705 3698 ν.
2748 3644 3010 3707 Lanviui,
3056 3643 3260 3698 l’rioris
3295 3641 3534 3696 ecclesia:
3565 3639 3626 3696 S.
3667 3641 3793 3695 Steo

2199 3740 2386 3809 pbani,
2415 3739 2518 3793 isto
2551 3736 2831 3808 privilegio
2862 3735 2999 3804 jussi
3032 3735 3155 3804 poni
3191 3734 3242 3788 in
3276 3731 3596 3787 memoriam
3634 3747 3794 3785 sem-

2201 3833 2490 3902 piternam,
2516 3840 2570 3883 et
2593 3829 2708 3884 hmc
2728 3829 2943 3883 nomina
2965 3836 3019 3882 et
3041 3827 3193 3881 linea:
3215 3827 3476 3881 dictorum
3499 3838 3798 3879 servorum

2199 3934 2254 3976 et
2279 3921 2622 3976 villanorum.
2646 3938 2662 3969 ι

2268 4015 2394 4069 717.
2428 4015 2690 4083 Ιίοεετίυε
2721 4012 2882 4066 modo
2911 4010 3236 4065 familiarum
3257 4049 3273 4074 ,
3304 4023 3440 4078 quas
3471 4007 3520 4062 in
3548 4008 3800 4062 servitu-

2203 4115 2307 4158 tem
2355 4113 2673 4175 perpetuam
2715 4101 2773 4156 S.
2815 4101 3052 4156 Brunoni
3102 4099 3326 4169 ejusque
3375 4097 3800 4151 successoribus

2202 4197 2378 4260 dedit,
2419 4195 2635 4249 nomina
2686 4203 2966 4256 recenset,
3007 4207 3163 4263 quin,
3205 4191 3296 4260 qui
3334 4188 3477 4242 volet
3551 4189 3801 4244 inveniet

2203 4287 2322 4342 loco
2357 4289 2525 4342 citato
2560 4286 2701 4356 apud
2750 4285 3076 4348 Surianum,
3119 4283 3208 4352 qui
3249 4283 3426 4353 primo
3470 4278 3697 4350 quidem
3747 4281 3800 4332 in

2205 4381 2397 4434 borum
2451 4379 2741 4443 nonnulla,
2789 4392 2911 4446 quae
2960 4376 3310 4438 transcribit,
3367 4375 3439 4428 ita
3489 4371 3796 4425 observat:

597 4474 724 4526 dum
748 4485 861 4542 post
887 4477 1140 4543 sequitur,
1165 4473 1489 4541 conﬁrmatis
1525 4473 1572 4527 ei
1601 4484 1754 4527 antea
1781 4491 1813 4526 a
1860 4471 2103 4525 Paschali
2139 4471 2180 4523 D
2213 4493 2229 4523 ι
2267 4470 2495 4526 Nomina
2547 4470 2739 4524 harum
2776 4468 3098 4522 familiarum
3138 4464 3620 4535 impraesentiarum
3665 4478 3802 4534 per-

594 4578 733 4628 papa
776 4563 1145 4617 donationibus
1172 4563 1436 4623 omnibus.
1460 4563 1861 4634 pririlegiisque,
1885 4578 2002 4631 qua:
2025 4562 2101 4614 vel

593 4669 628 4706 a
663 4654 846 4705 comite
877 4652 1094 4721 Rogerio
1119 4654 1193 4708 rel
1223 4655 1286 4706 ab
1317 4654 1437 4708 aliis
1467 4666 1756 4724 acceperat.

592 4741 722 4795 715.
755 4740 952 4795 Milites
971 4757 1181 4806 omnes,
1208 4743 1300 4812 qui
1328 4745 1380 4797 in
1407 4743 1963 4812 obsidione'Capuana
1994 4744 2101 4797 lio-

525 4834 735 4905 gerium
763 4833 1044 4898 comitem,
1081 4835 1354 4888 dominum
1387 4853 1563 4899 suum,
1590 4837 1856 4904 Capuanis
1876 4839 2101 4904 prodere

528 4923 828 4984 voluerant,
856 4924 1124 4992 captique,
1149 4940 1269 4978 cum
1300 4927 1620 4994 proditionis
1642 4928 1926 4981 consilium
1951 4944 2103 4983 exse-

526 5017 732 5072 cutioni
761 5015 984 5084 jamjam
1037 5026 1220 5071 essent
1250 5019 1586 5079 mandaturi,
1621 5019 1863 5082 fuerant,
1899 5019 2102 5074 Sancto

528 5118 720 5161 nostro
753 5107 840 5159 hic
891 5106 943 5158 in
992 5107 1310 5160 servitutem
1363 5119 1675 5175 perpetuam
1702 5150 1716 5171 ,
1761 5110 1917 5172 dato,
1960 5111 2101 5180 quod

529 5201 555 5266 ᾗ
583 5195 798 5252 XXXIX
848 5196 1116 5266 integrum
1168 5197 1278 5250 fere
1311 5198 1563 5258 recitavi,
1606 5199 1931 5267 diplomate,
1963 5215 2103 5254 anno

529 5291 667 5345 {099
709 5305 777 5343 ex
807 5289 966 5342 dictis
999 5287 1110 5354 jam
1154 5287 1484 5350 tradiderat;
1531 5303 1714 5342 verum
1753 5305 1873 5343 cum
1917 5290 1970 5342 in
2003 5291 2102 5344 hoc

527 5382 862 5451 angulorum
890 5380 1102 5433 illorum
1127 5378 1381 5442 militum,
1406 5378 1746 5450 ﬁliorumque
1764 5382 2101 5445 earumdem,

528 5486 667 5540 quos
703 5471 862 5526 simul
926 5469 1127 5524 Sancto
1163 5465 1576 5537 Turritanmque
1621 5486 1804 5527 eremo
1835 5474 1887 5526 in
1935 5476 2103 5528 servi-

527 5571 700 5617 tatem
751 5573 1065 5632 perpetuam
1113 5562 1156 5613 is
1206 5560 1460 5629 princeps
1504 5562 1704 5627 pariter
1765 5572 1890 5617 tunc
1938 5566 2100 5619 dele-

529 5661 646 5714 rat,
674 5656 889 5708 nomina
917 5668 1021 5707 non
1049 5661 1232 5706 essent
1265 5665 1549 5720 expressa,
1583 5651 1885 5717 Lanvinns,
1917 5673 2103 5710 mona-

529 5744 678 5799 stcrii
717 5746 772 5798 S.
829 5745 1089 5817 Stephani
1142 5742 1334 5806 Prior,
1383 5741 1448 5795 ad
1501 5742 1755 5810 mvinrr-m
1795 5746 2102 5801 donationis

2204 4572 2453 4618 severam
2477 4577 2575 4631 pro
2603 4575 2794 4627 magna
2819 4569 2989 4629 parte,
3017 4568 3070 4612 et
3093 4559 3292 4628 degunt
3317 4556 3367 4610 in
3395 4555 3560 4625 pagis,
3595 4570 3804 4609 mona-

2203 4656 2372 4709 sterio
2396 4653 2713 4723 (Turritano
2736 4653 2942 4708 scilicet
2974 4652 3025 4706 in
3051 4650 3296 4706 Calabria
3328 4663 3420 4703 seu
3441 4647 3498 4703 S.
3523 4646 3802 4716 Stephani

2205 4749 2269 4801 de
2321 4747 2572 4815 Nemore)
2627 4745 2886 4814 subjectis
2937 4746 2988 4799 in
3038 4753 3267 4812 utroque
3317 4740 3464 4802 foro,
3517 4738 3607 4808 qui
3668 4748 3806 4793 sunt

2206 4842 2388 4901 Serra,
2415 4839 2622 4910 Spatul.
2652 4837 2991 4907 Bivungium,
3014 4832 3310 4904 Casparina
3338 4843 3392 4887 et
3421 4831 3802 4894 Montaurum,

2204 4942 2257 4987 et
2280 4934 2331 4984 in
2361 4931 2773 5000 Monte-pavone
2799 4929 2848 4981 in
2878 4925 3261 4995 temporalibus
3285 4932 3489 4976 tantum
3517 4920 3804 4990 subjecto,

2205 5022 2281 5075 uti
2333 5032 2556 5091 putatur
2588 5020 2751 5074 fuisse
2785 5017 3092 5073 Oliviannm
3139 5014 3221 5069 vel
3263 5012 3601 5070 Arunchum,
3637 5021 3702 5065 et
3749 5013 3802 5065 it:

2206 5114 2326 5166 aliis
2353 5111 2755 5182 circumpositis
2787 5109 2940 5179 pagis
2971 5116 3026 5160 et
3053 5105 3280 5174 oppidis.
3323 5103 3575 5170 Quaedam
3608 5112 3809 5155 usu-ta—

2205 5214 2400 5257 verunt
2431 5202 2644 5255 vocales
2673 5201 2880 5253 litteras
2905 5196 2986 5250 vel
3013 5195 3244 5265 syllabas
3270 5208 3488 5263 paucas.
3528 5210 3545 5242 ι
3579 5189 3808 5243 Deinde

2205 5310 2333 5346 vero
2351 5335 2365 5355 ,
2396 5293 2725 5360 reliquarum
2745 5330 2759 5352 ,
2796 5305 2933 5358 quas
2959 5285 3159 5341 Sancto
3185 5284 3235 5338 in
3270 5282 3581 5336 servitutem
3607 5279 3810 5349 Rugo-

2207 5383 2316 5436 rius
2340 5382 2508 5444 dedit,
2533 5381 2863 5434 familiarum
2890 5376 3066 5429 allatis
3095 5373 3423 5435 nominibus,
3456 5370 3806 5439 diplomatis,

2206 5491 2298 5528 seu
2347 5472 2644 5542 privilegii,
2693 5470 2846 5539 cujus
2870 5469 2981 5536 jam
3025 5468 3234 5520 initunn
3281 5464 3440 5528 dedi,
3491 5463 3650 5514 ﬁnem
3701 5477 3808 5514 seu

2206 5564 2498 5618 clausulam
2533 5568 2802 5620 subnectit
2848 5583 2858 5616 :
2901 5564 2979 5618 sic
3027 5572 3203 5616 autem
3245 5561 3358 5614 lucc
3398 5559 3592 5613 habet:
3640 5575 3660 5605 ε
3704 5558 3811 5612 lla:

2207 5669 2329 5711 sunt
2360 5669 2576 5714 centum
2629 5658 2912 5712 duodecim
2963 5656 3117 5708 linem
3165 5668 3442 5708 servorum
3473 5659 3523 5702 et
3557 5648 3816 5705 villanu-

2209 5764 2359 5812 rum,
2390 5765 2523 5818 quos
2568 5751 2684 5802 tle-li
2728 5749 2786 5802 Ρ.
2832 5746 3069 5801 Brunoni
3118 5755 3168 5800 et
3219 5740 3614 5797 successoribus
3680 5742 3814 5809 ejus
