3846 6316
162 274 245 327 131
786 334 795 339 _
1663 275 1863 332 ACTA.

3295 283 3404 336 M2

161 403 267 442 cum
290 387 535 443 onmibns
568 388 725 444 bonis
761 405 949 445 eorum
968 430 980 454 ,
1017 390 1323 458 ubicunque
1354 390 1479 452 sint,
1514 390 1566 444 itt
1596 405 1715 460 pcr—
1745 397 1789 451 Α
1819 389 2061 445 ecclesiae
2082 389 2142 445 Β.
2166 390 2347 446 Maria:
2372 394 2438 448 de
2457 405 2659 457 eremo,
2687 401 2742 449 et
2766 393 3287 465 magistrovBrunoni
3310 412 3403 452 ca-

159 488 379 550 petuum.
405 487 463 533 et
489 479 738 537 habitent
773 482 1120 551 ubicunque;
1145 490 1200 535 et
1239 482 1274 536 ii
1316 480 1535 537 fuerunt
1565 482 1718 552 quasi

157 585 324 624 omnes
354 569 419 624 de
449 571 765 628 lenimento.
782 572 1063 643 Squillacii
1087 589 1144 629 et
1169 573 1444 629 Suberati.
1475 574 1587 629 Hoc
1614 574 1721 645 pri-

158 662 386 732 vilegium
415 664 681 732 scriptum
708 674 791 721 est
818 676 1013 736 quarto
1038 664 1184 720 Junii
1210 667 1412 722 mensis
1437 667 1488 720 in
1514 666 1718 735 capella

155 749 209 803 8.
245 750 488 817 Martini,
526 768 649 822 qua:
677 755 782 809 sita
806 764 889 810 est
931 756 984 810 in
1022 757 1201 811 medio
1238 757 1475 812 civitatis
1516 757 1716 825 Mileti,

155 841 353 895 inﬁrmo
381 843 653 899 existente
696 844 927 901 Domino
958 862 1079 903 meo
1120 848 1353 914 comite,
1394 863 1492 917 per
1529 864 1721 904 manus

155 933 245 987 atci
270 932 527 990 Fulconis
553 936 818 1006 capellani
849 938 977 993 dicti
1010 938 1215 993 domini
1248 940 1484 1005 comitis,
1509 949 1563 995 et
1588 941 1724 995 reci-

154 1032 306 1077 tatum
351 1023 406 1079 in
444 1040 701 1093 camera,
732 1027 825 1083 ubi
870 1028 1009 1095 idem
1055 1029 1308 1086 dominus
1347 1046 1499 1087 meus
1536 1046 1721 1087 eomes

152 1113 382 1169 inﬁrmus
415 1117 665 1184 Jacebat,
717 1127 985 1186 praesente
1033 1118 1250 1174 domina
1305 1135 1424 1175 mea
1462 1120 1722 1176 Adelaide

150 1204 411 1260 comitissa
462 1217 518 1261 et
566 1208 898 1263 concedente
942 1207 1201 1279 Malgerio
1246 1209 1448 1265 domini
1504 1210 1721 1267 comitis

151 1294 280 1359 ﬁlio,
312 1296 678 1365 praesentibus
723 1298 887 1354 Petro
930 1299 997 1354 de
1026 1298 1344 1363 Moritonio,
1388 1299 1627 1356 Boberto
1655 1302 1720 1356 de

149 1383 333 1455 Layna,
364 1383 603 1441 Toraldo
628 1386 968 1455 Carbonello,
1002 1388 1281 1460 Raynaldo
1294 1378 1373 1445 de
1396 1388 1719 1459 Climpcam,

153 1473 339 1530 Uberto
361 1476 432 1530 de
458 1475 657 1532 Selona
677 1518 693 1543 ,
717 1477 1116 1535 lncarnationis
1148 1480 1361 1535 Domini
1393 1481 1562 1536 nostri
1590 1478 1718 1536 Jcsu

150 1562 330 1619 Christi
358 1580 507 1621 anno
533 1566 822 1623 millesimo
852 1569 1155 1624 centesimo
1182 1572 1391 1641 primo,
1423 1570 1720 1627 indictione

150 1669 297 1708 nona.
321 1655 523 1712 Amen.
551 1657 590 1728 -ξ-
620 1658 886 1729 Rogerius
916 1675 1128 1728 comes,
1159 1662 1379 1719 Adclais
1417 1664 1716 1719 comitissa.

152 1744 323 1802 remis
363 1747 435 1803 de
482 1748 790 1807 Moritouio.
836 1752 1155 1825 Malgerius,
1188 1755 1329 1813 titius
1368 1757 1584 1814 comitis
1612 1756 1720 1815 tto-
1750 1737 1795 1792 Β

150 1838 291 1906 gerii.
322 1838 595 1897 Robertus
640 1843 707 1898 de
750 1844 954 1919 Layna.
1006 1845 1309 1906 Tltoraldus
1346 1849 1720 1909 Carbonellus.

153 1927 452 1999 Raynaldus
491 1946 561 1987 ue
600 1933 921 2005 Climpeam.
963 1937 1200 1996 Ubertus
1237 1941 1305 1997 de
1349 1940 1570 2000 Solona.
1610 1943 1725 2015 Ego

149 2018 305 2076 Falco
329 2022 537 2079 domini
560 2026 774 2083 comitis
802 2028 1017 2101 Rogerii
1043 2031 1354 2101 capellanus
1376 2034 1444 2091 de
1468 2036 1725 2094 mandato

150 2110 255 2181 ejus
285 2112 387 2167 hoc
414 2114 756 2188 privilegium
786 2119 978 2191 scripsi
1005 2128 1061 2176 et
1086 2136 1171 2176 me
1204 2124 1519 2195 subscripsi.
1556 2143 1575 2177 ι

211 2201 332 2257 718.
361 2203 739 2274 Μοι-Ιίεηεῑιις,
783 2210 877 2279 qtti
917 2210 970 2265 in
1002 2194 1726 2286 chronologico—diplomati-

151 2308 291 2360 eam,
324 2310 487 2367 quam
518 2297 585 2354 de
615 2298 672 2354 S.
711 2299 966 2358 Brunone
993 2303 1247 2376 digessit,
1284 2304 1583 2362 Diatribam
1617 2324 1721 2365 ms.

151 2387 482 2443 instrumenti
512 2388 670 2459 hujus
693 2402 903 2462 partem
928 2394 1127 2463 intulit,
1156 2396 1391 2468 sigillum
1414 2397 1723 2470 plumbeum

152 2481 474 2550 autographo
503 2498 535 2538 e
564 2484 726 2540 corda
754 2500 875 2541 esse
905 2501 1201 2557 appensum
1220 2530 1236 2557 ,
1270 2503 1301 2544 e
1331 2488 1556 2559 litteris,
1587 2508 1726 2563 quas

151 2585 206 2624 ex
231 2570 417 2637 Italia,
468 2574 525 2629 id
556 2585 673 2640 est,
721 2594 753 2633 e
784 2577 1105 2646 Turritana,
1137 2582 1191 2637 ni
1231 2582 1408 2651 fallar,
1438 2585 1725 2643 Carthusia

153 2667 443 2734 acceperit,
502 2669 791 2737 observat,
842 2679 1006 2742 atque
1056 2673 1388 2731 adamussim
1442 2676 1557 2734 fere
1601 2694 1724 2735 cum

154 2754 367 2813 Suriano
414 2768 532 2814 tum
570 2761 625 2815 in
673 2762 802 2818 dicti
841 2764 1189 2823 instrumenti
1241 2768 1515 2837 clausula,
1563 2786 1724 2842 quam

152 2844 401 2917 integram
443 2850 559 2918 dat,
604 2862 714 2906 tum
754 2853 807 2908 in
833 2856 1111 2925 personis,
1156 2857 1331 2913 eidem
1364 2860 1726 2918 instrunmento

154 2939 488 3012 subscriptis,
531 2946 805 3001 convenit.
847 2946 958 3004 Nec
998 2950 1400 3006 inobservatum
1437 2953 1725 3025 relinquit,

155 3046 244 3087 non
270 3035 716 3139 u‘no‘eodet‘nque
748 3039 908 3095 modo
934 3054 1154 3106 eorum,
1187 3042 1278 3113 qui
1307 3042 1691 3115 diplomatibus
1709 3086 1725 3114 ,
1753 3075 1801 3139 ο

155 3138 257 3191 (ιη
281 3125 460 3193 dedit,
500 3128 958 3200 subscripserunt,
991 3133 1212 3190 nomina
1243 3135 1446 3207 ubique
1472 3141 1721 3206 exarari;

155 3215 285 3275 illum
328 3220 515 3285 enim,
561 3222 654 3292 qui
698 3224 930 3295 exempli
963 3226 1138 3296 gratia
1176 3227 1231 3282 in
1282 3242 1391 3283 uno
1436 3228 1727 3300 diplomate

157 3305 377 3380 libertus
418 3309 492 3367 de
529 3312 699 3368 solma
737 3324 990 3380 vocatur,
1037 3315 1091 3372 in
1134 3316 1308 3373 altero
1346 3317 1610 3376 Ubertum
1660 3322 1729 3379 de

156 3375 351 3459 Solon;
373 3410 474 3457 aut
503 3404 570 3459 de
600 3402 795 3460 Selona
826 3375 1118 3477 appellari;
1152 3424 1341 3465 verum
1370 3412 1550 3479 addit,
1583 3375 1728 3483 quod

156 3504 200 3547 et
220 3496 351 3550 mibi
375 3494 469 3551 hic
495 3496 782 3552 dicendum
803 3507 910 3566 est,
932 3514 1071 3566 sese,
1095 3517 1218 3557 cum
1242 3502 1727 3561 instrumentorum

156 3582 350 3640 illorum
381 3586 722 3659 autographa
762 3588 830 3644 ad
871 3604 1093 3647 manum
1129 3607 1235 3646 non
1272 3592 1502 3662 habeat,
1547 3595 1729 3651 sintne

157 3686 242 3745 hoc
279 3688 367 3745 vel
414 3691 523 3745 isto
551 3691 723 3768 modo.
754 3690 974 3746 nomina
1003 3688 1095 3744 illa
1142 3687 1463 3754 scribenda,
1500 3686 1729 3743 delinire

156 3795 245 3837 non
267 3798 457 3854 posse.
484 3783 663 3854 Atque
681 3783 800 3839 haec
825 3782 1043 3853 quidem
1074 3781 1128 3836 in
1157 3781 1574 3836 instrumentum
1596 3779 1729 3834 illud

158 3872 511 3940 Horkensius;
545 3891 770 3942 verum,
801 3890 924 3931 cum
971 3875 1086 3931 ﬁeri
1119 3874 1289 3943 possit
1323 3883 1383 3929 ut
1421 3887 1528 3928 non
1569 3888 1730 3929 nemo

160 3964 313 4030 forte,
345 3983 417 4049 an
466 3966 763 4039 Rogerius,
812 3966 904 4037 qui
946 3964 1270 4037 proditionis
1301 3963 1571 4034 Capuanae
1609 3976 1731 4018 reos

159 4054 378 4114 Brunoni
433 4058 488 4113 in
537 4058 857 4113 servitutem
905 4056 1156 4122 tradidit,
1212 4054 1587 4123 Sanctusque,
1637 4052 1730 4123 qui

159 4150 351 4205 eosdem
387 4148 497 4204 hoc
524 4149 685 4205 modo
711 4147 815 4204 sibi
840 4147 1033 4218 subjici
1062 4144 1330 4218 permisit,
1360 4151 1551 4200 contra
1577 4158 1733 4197 man-

160 4240 481 4297 suetudinem
502 4240 855 4297 cbristianam
880 4255 987 4295 non
1008 4238 1272 4309 peccarit,
1287 4236 1490 4293 haereat
1510 4234 1730 4302 dubius,

163 4344 383 4397 cruore,
432 4329 707 4387 Brunonis
748 4338 907 4386 aetate
942 4329 1109 4400 justis
1146 4328 1214 4384 de
1260 4325 1442 4383 causis
1480 4333 1728 4397 recepto,

1821 482 1932 536 sale
1956 482 2291 538 Arunchium
2326 499 2453 540 cum
2486 486 2738 543 omnibus
2770 487 3132 556 pertinentiiis
3168 488 3313 554 suis,
3345 498 3403 544 et

1820 588 2009 628 omnes
2061 573 2305 629 villanos.
2359 573 2583 645 Insuper
2621 576 2890 630 concessit
2939 576 3114 631 eidem
3159 562 3403 632 ecclesia:

1821 663 1882 719 Β.
1916 666 2095 722 Marim
2129 675 2185 722 et
2216 668 2540 738 supradictis
2581 667 2843 723 fratribus
2877 668 2990 724 suis
3038 667 3403 724 molendinum

1821 760 2013 813 subtus
2036 758 2410 828 Squillacium,
2429 760 2783 815 constitutum
2811 761 2878 814 ad
2907 760 3108 814 fontem
3141 760 3206 815 de
3224 759 3400 814 Alexi.

1822 849 2327 906 llancdonationcm
2345 866 2531 906 rursus
2551 850 2890 906 conﬁrmavit
2910 851 3200 920 praedictus
3222 865 3407 905 comes

1822 940 1876 996 in
1907 941 2096 1010 grandi
2136 950 2191 995 et
2216 943 2578 1013 peremptoris
2616 958 2712 998 sua
2743 941 3061 1013 aegritudine
3082 928 3267 996 coram
3298 940 3409 994 Ro'

1822 1031 1999 1097 berto,
2028 1032 2201 1087 electo
2229 1031 2589 1088 Melitensium
2613 1036 2888 1103 episcopo,
2914 1042 2970 1087 et
2994 1032 3204 1089 Joanne
3228 1031 3408 1101 Squil-

1823 1120 2000 1177 lacino
2048 1123 2320 1194 episcopo.
2356 1141 2375 1176 ι
2428 1123 2512 1179 Ab
2568 1123 2754 1188 hisce,
2804 1139 2925 1193 qure
3000 1124 3090 1179 ltic
3143 1123 3408 1177 Surianus

1823 1215 2010 1281 tradit,
2041 1230 2145 1269 non
2172 1231 2395 1286 prorsus
2420 1216 2626 1271 abludit
2662 1215 2713 1270 in
2755 1216 3009 1271 Historia:
3041 1216 3248 1271 ordinis
3276 1198 3410 1270 Car-

1825 1306 2116 1361 tltusiensis
2138 1305 2432 1376 Prospectu
2475 1305 2733 1361 Camillus
2787 1304 3048 1370 Tutinus,
3089 1305 3163 1361 ita
3203 1306 3269 1358 ad
3312 1321 3403 1359 au-

1823 1414 1951 1452 num
1980 1397 2120 1452 1102
2149 1399 2392 1453 scribens
2420 1416 2433 1451 :
2468 1415 2485 1450 ι
2521 1398 2717 1453 Comes
2743 1396 3011 1468 Regerius
3036 1396 3203 1451 donat
3225 1411 3409 1451 mona-

1822 1490 1989 1544 sterio
2038 1490 2097 1545 S.
2141 1489 2323 1544 Mariae
2378 1489 2446 1545 de
2502 1504 2717 1553 eremo,
2762 1504 2863 1544 nec
2904 1504 3012 1543 non
3062 1487 3303 1543 Brunoni
3354 1497 3412 1543 et

1820 1580 2067 1637 Lanvino
2096 1582 2382 1637 monachis
2429 1590 2485 1635 et
2528 1581 2936 1637 successoribus
2983 1580 3034 1635 in
3086 1589 3411 1652 perpetuum

1824 1673 1926 1726 tria
1950 1682 2128 1728 castra
2164 1673 2467 1736 Aruncum,
2500 1670 2995 1726 Montem-aureum
3024 1682 3080 1725 et
3101 1668 3411 1726 Olivianum

1826 1776 1882 1821 et
1898 1780 2085 1821 eorum
2110 1766 2258 1821 cives
2283 1774 2447 1837 atque
2470 1764 2691 1833 insuper
2713 1762 3082 1818 molendinum
3110 1761 3163 1816 in
3186 1761 3413 1816 civitate

1826 1857 2130 1929 Squillacii.
2164 1878 2182 1911 ι
2218 1856 2439 1920 Verum,
2469 1865 2830 1927 praeterquam
2867 1856 3009 1925 quod
3038 1853 3267 1909 Tutinus
3296 1852 3415 1910 hate

1825 1953 1893 2008 ad
1922 1966 2121 2008 annum
2146 1949 2304 2015 1102,
2328 1964 2436 2021 quo
2455 1964 2524 2004 ex
2546 1946 2792 2003 dicendis
2812 1962 2996 2003 comes
3018 1945 3282 2017 Rogerius
3298 1943 3413 2014 jam

1824 2045 2060 2109 obierat,
2086 2058 2372 2114 perperam
2408 2040 2631 2096 indubie
2668 2047 3093 2106 commemoret,
3132 2053 3241 2092 non
3280 2038 3416 2092 satis

1825 2137 1983 2206 capio
2008 2135 2101 2206 qui
2128 2148 2315 2189 verum
2367 2146 2488 2188 esse
2517 2138 2715 2201 queat,
2744 2127 2831 2185 vel
2861 2128 2962 2183 tria
2997 2136 3205 2193 castra,
3232 2125 3412 2182 Arun-

1825 2241 1948 2282 cum
1996 2241 2224 2295 nempe,
2276 2223 2768 2278 Montem-aureum
2809 2235 2902 2276 St"
2955 2218 3331 2274 Mcntaurum.
3360 2225 3417 2271 et

1826 2318 2132 2374 Olivianum
2185 2332 2290 2370 una
2348 2330 2474 2370 cum
2536 2311 2899 2384 Squillaeensi
2959 2308 3299 2373 molendino,
3356 2317 3417 2364 ut

1828 2402 2057 2466 Tutinus
2091 2408 2180 2465 ltic
2208 2407 2429 2473 scribit,
2480 2406 2564 2462 vel
2598 2405 2763 2461 etiam
2809 2407 3073 2459 duntaxat
3112 2400 3412 2456 Aruncium

1828 2512 1884 2559 et
1912 2500 2195 2573 praefatum
2230 2499 2628 2559 molendinum,
2661 2504 2721 2551 ut
2769 2494 3039 2551 Surianus
3067 2493 3175 2559 ait,
3206 2490 3411 2546 Sancto

1827 2600 2017 2648 nostro
2068 2598 2192 2661 post
2237 2604 2438 2644 annum
2486 2586 2654 2655 1099,
2703 2585 2781 2641 uti
2810 2584 2971 2640 ambo
3024 2582 3078 2638 bi
3118 2581 3418 2651 scriptores

1829 2683 2068 2745 tradunt,
2097 2696 2127 2735 a
2158 2680 2357 2736 comite
2384 2679 2617 2751 Rogerio
2655 2691 2913 2733 concessa
2946 2673 3181 2746 primum
3212 2671 3415 2737 fuisse;

1826 2775 2026 2830 etenim
2046 2816 2061 2840 ,
2102 2783 2160 2829 ut
2201 2772 2468 2844 diploma,
2501 2787 2655 2826 ntttn.
2687 2769 2790 2824 637
2821 2777 2877 2824 et
2907 2783 3060 2838 seqq.
3092 2766 3417 2831 recitatum,

1828 2865 1989 2920 ﬁdem
2015 2864 2174 2928 facit,
2208 2862 2580 2919 molendinum
2619 2860 2748 2916 illud
2773 2868 2829 2915 et
2856 2859 2963 2913 duo
2990 2871 3020 2913 e
3048 2855 3222 2912 tribus
3251 2850 3417 2911 dictis

1828 2957 2056 3021 castris,
2097 2956 2439 3011 Mentaurum
2472 2953 2728 3008 nimirum
2764 2959 2818 3008 et
2847 2950 3134 3006 Olivanum
3176 2963 3271 3002 seu
3302 2945 3419 3002 Oli-

1830 3049 2068 3109 vianum,
2100 3045 2252 3102 fuere
2276 3048 2344 3101 ab
2379 3046 2482 3101 hoc
2512 3043 2757 3116 principe
2787 3042 2845 3098 8.
2886 3040 3127 3097 Brunoni
3160 3038 3417 3094 Turrita-

1829 3154 2022 3212 nmque
2053 3153 2242 3195 eremo
2264 3136 2378 3207 jam
2425 3138 2548 3192 inde
2587 3136 2655 3190 al)
2682 3150 2825 3191 anno
2858 3133 2996 3195 109.)
3041 3126 3268 3195 collata,
3300 3139 3419 3185 ter-

1832 3232 2108 3301 tiumque,
2151 3229 2293 3301 quod
2336 3227 2427 3283 alii
2475 3227 2753 3282 Aruncum
2800 3240 2894 3280 seu
2932 3220 3279 3285 Arunchum,
3323 3219 3417 3275 alii

1829 3322 2129 3377 Arnncium
2159 3330 2383 3382 vocant,
2413 3319 2527 3390 jam
2575 3318 2702 3372 inde
2746 3317 2909 3373 etiam
2944 3314 3012 3369 ab
3054 3328 3197 3368 anno
3238 3311 3374 3368 1094
3398 3352 3416 3378 ,

1830 3413 1907 3468 uti
1938 3428 1970 3469 e
1996 3411 2317 3484 diplomate,
2349 3426 2499 3464 nunt.
2534 3406 2640 3465 582
2667 3418 2723 3462 et
2749 3406 2892 3461 binis
2933 3420 3088 3475 seqq.
3132 3402 3239 3457 buc
3267 3410 3418 3456 tran-

1828 3507 2052 3578 scripto,
2099 3505 2287 3575 liquet.
2340 3503 2517 3560 Credo
2568 3506 2789 3572 itaque,
2831 3505 2926 3553 aut
2972 3496 3130 3553 binos
3164 3494 3420 3549 laudatos

1830 3600 2125 3669 scriptores
2155 3608 2362 3653 tantum
2390 3596 2549 3660 velle,
2580 3612 2610 3651 a
2640 3594 2837 3650 comite
2860 3589 3092 3663 Roge‘rio
3113 3597 3417 3644 castrorum

1831 3690 2044 3745 illorum
2090 3705 2185 3745 seu
2234 3689 2344 3761 (adi
2385 3704 2535 3742 num.
2581 3686 2710 3754 717)
2754 3698 3014 3756 pagorum
3063 3679 3417 3743 donationes,

1832 3780 2035 3837 Sancto
2065 3788 2253 3835 nostro
2280 3778 2432 3848 prius
2458 3776 2656 3841 factas,
2684 3774 2839 3831 novis
2867 3773 3008 3830 datis
3031 3768 3419 3840 diplomatibus

1831 3871 2002 3929 semel
2031 3882 2195 3943 atque
2233 3871 2431 3926 iterum
2471 3868 2641 3925 fuisse
2668 3878 2789 3938 post
2815 3881 3021 3921 annum
3056 3862 3193 3919 1099
3220 3859 3420 3918 conﬁr-

1832 3972 2041 4029 matas,
2080 3972 2207 4029 aut,
2260 3962 2404 4033 quod
2450 3959 2817 4017 verosimilius
2864 3972 3010 4024 reor,
3060 3970 3168 4011 non
3207 3960 3416 4008 tantum

1832 4052 2092 4108 Tutinum
2110 4095 2125 4119 ,
2151 4055 2295 4123 quod
2322 4052 2574 4123 quisque,
2603 4064 2726 4107 cum
2756 4049 2810 4104 in
2842 4048 2959 4118 ipso
2985 4061 3163 4109 anno,
3190 4057 3298 4113 quo
3330 4055 3420 4097 res

1833 4152 1983 4217 gesta
2014 4144 2106 4209 sit,
2131 4158 2197 4198 ex
2221 4142 2335 4212 jam
2362 4142 2523 4198 dictis
2558 4150 2710 4197 certo
2738 4147 2915 4203 erret,
2949 4134 3105 4192 facile
3130 4133 3417 4198 admittet,

1833 4248 2020 4289 verum
2045 4233 2207 4289 etiam
2242 4231 2534 4287 Surianum
2562 4226 2905 4284 hallucinari.

1903 4326 2029 4382 720.
2063 4328 2241 4395 Atque
2271 4323 2323 4379 id
2364 4322 2581 4394 quidem
2610 4322 2791 4383 etiam,
2827 4323 3092 4387 quantum
3131 4313 3197 4369 ad
3236 4320 3419 4385 poste-

163 4422 284 4477 οωηί
308 4424 459 4477 hunc
484 4421 654 4478 “lisse
679 4419 835 4492 ευιρτι
866 4419 1193 4484 immunem.
1232 4415 1499 4472 Surianus
1520 4416 1573 4471 in
1615 4415 1729 4470 suis
1756 4416 1804 4476 D
1832 4418 2032 4474 riorem
2081 4418 2224 4473 hunc
2259 4415 2603 4486 scriptorem,
2631 4411 2773 4467 haud
2802 4407 3091 4464 admodum
3131 4403 3420 4461 difﬁculter

163 4513 205 4568 iu
228 4524 535 4572 contextam
581 4530 613 4569 a
648 4515 811 4571 Surio
841 4512 1031 4570 Sancti
1063 4512 1242 4568 Vitam
1270 4507 1730 4564 Annotationibus

165 4619 267 4677 pag.
306 4608 414 4663 247
462 4616 519 4663 et
561 4607 914 4677 sequentibus
958 4614 1109 4660 recte
1154 4601 1414 4659 ostendit.
1449 4599 1651 4666 Porro,
1682 4599 1728 4654 si

166 4700 350 4755 auctori
381 4699 512 4755 huic
539 4700 676 4753 ﬁdes
704 4698 806 4764 sit,
837 4697 1104 4769 llogerius
1134 4708 1353 4758 comes,
1380 4705 1490 4747 non
1521 4689 1726 4756 solum,

167 4802 253 4854 quo
277 4790 344 4846 de
364 4790 606 4860 agimus,
634 4789 872 4860 diploma
911 4802 1007 4844 seu
1038 4784 1380 4858 privilegium
1414 4783 1467 4839 in
1502 4781 1563 4838 8.
1594 4779 1728 4835 Bru-

170 4883 302 4940 nonis
328 4884 745 4953 Turritanazque
771 4882 941 4939 eremi
982 4880 1225 4936 favorem
1259 4892 1401 4933 anno
1431 4875 1563 4931 1101
1598 4888 1730 4930 con-

171 4978 331 5042 cessit,
355 4989 547 5033 verum
576 4975 740 5031 etiam
769 4975 879 5030 duo
906 4973 1085 5028 adhuc
1108 4972 1236 5026 alia.

224 5063 337 5122 719.
367 5064 603 5130 Etenim,
629 5072 917 5135 postquam
948 5064 1002 5118 in
1035 5056 1394 5122 Chronotaxi,
1420 5071 1580 5126 quam
1615 5052 1729 5109 suis

174 5152 217 5206 in
236 5155 288 5210 8.
316 5156 583 5213 Brnnonis
600 5154 778 5211 Vitam
799 5151 1262 5211 Annotationibus
1280 5148 1500 5220 adjecit,
1528 5145 1725 5201 factam

177 5246 475 5315 tliplomatis,
503 5264 611 5321 quo
640 5249 798 5304 datos
820 5264 851 5303 a
881 5262 941 5302 se
970 5245 1030 5302 8.
1058 5242 1298 5300 Brunoni
1326 5242 1379 5297 in
1410 5239 1726 5297 servitutem

178 5339 473 5404 proditionis
527 5339 799 5412 Capuante
846 5351 1004 5402 reos,
1061 5333 1339 5407 expressis
1388 5328 1726 5401 singulorum

182 5433 474 5499 nominibus,
501 5432 767 5510 Rogerins
794 5444 979 5488 comes
1002 5427 1300 5491 recensuit,
1315 5422 1725 5482 concessionem

183 5523 334 5581 verbis
353 5542 514 5596 supra
545 5527 686 5583 datis
719 5526 785 5583 ad
830 5524 1034 5581 dictum
1078 5536 1281 5577 annum
1311 5518 1443 5575 1101
1488 5527 1728 5573 comme-

186 5617 397 5684 moravil,
430 5633 551 5673 mox
574 5620 641 5674 ad
660 5618 912 5673 eumdem
939 5629 1142 5671 annum
1177 5611 1493 5683 subiungit:
1532 5627 1551 5663 ι
1591 5607 1722 5663 ltem

185 5700 269 5755 alio
289 5707 379 5762 sub
403 5709 689 5779 diplomate
727 5709 873 5765 dedit
904 5706 1196 5780 praedictus
1239 5704 1501 5776 Bogerius
1541 5716 1725 5760 comes

1832 4511 2031 4567 induco
2053 4510 2107 4565 in
2138 4508 2403 4572 animum,
2433 4504 2575 4576 quod
2609 4503 2660 4558 in
2686 4499 3016 4572 diplomatis,
3047 4512 3172 4554 mox
3210 4511 3420 4552 memo-

1830 4603 1935 4658 rati
1966 4615 2214 4671 annoque
2240 4614 2307 4655 ex
2337 4597 2495 4653 dictis
2522 4593 2661 4651 1099
2687 4592 2831 4656 dati,
2862 4598 3043 4663 parte,
3073 4604 3236 4660 quam
3271 4588 3417 4660 ipse-

1830 4702 1942 4747 met
1964 4691 2146 4762 operis
2167 4688 2249 4743 sui
2276 4702 2398 4759 pag.
2422 4683 2529 4741 2‘25
2548 4691 2602 4739 et
2621 4698 2773 4753 seqq.
2793 4680 3011 4744 recitat,
3033 4688 3143 4733 tum
3168 4676 3415 4741 Aruncii,

1833 4792 1946 4838 tum
1982 4778 2372 4840 Sattillacensis
2403 4774 2695 4832 molendini
2736 4771 2988 4839 donatio,
3018 4770 3078 4826 8.
3115 4768 3354 4825 Brunoni
3384 4782 3416 4823 a

1829 4881 2027 4929 conute
2082 4869 2314 4938 ltogcrio
2359 4869 2499 4924 facta
2539 4872 2814 4923 occurrat.
2862 4861 2970 4918 Nec
3009 4862 3271 4931 estquod
3317 4873 3418 4930 pro

1831 4963 2064 5019 Snriano
2114 4960 2205 5016 hic
2251 4974 2511 5030 reponas,
2552 4956 2804 5013 comitem
2850 4952 3143 5024 Bogcrium
3198 4965 3417 5006 reorum

1830 5057 2130 5118 duntaxat,
2175 5067 2314 5123 quos
2361 5049 2565 5105 Sancto
2609 5064 2707 5121 per
2745 5045 2983 5119 diploma
3023 5045 3150 5099 anni
3191 5041 3330 5098 1099
3361 5041 3416 5096 in

1829 5151 2148 5203 servitutem
2176 5143 2423 5209 tradidit,
2446 5152 2500 5198 et
2531 5139 2844 5197 monasterii
2876 5136 2935 5194 8.
2960 5136 3145 5193 Jacobi
3174 5135 3242 5190 de
3268 5132 3416 5187 Men-

1830 5250 2009 5305 tauro,
2030 5238 2175 5308 quod
2198 5237 2256 5294 S.
2279 5236 2517 5293 Brnnoni
2543 5251 2638 5307 per
2661 5233 2894 5304 diploma
2916 5230 3102 5286 itidem
3129 5224 3420 5283 anni1099

1829 5330 2122 5402 impertiit,
2161 5328 2214 5383 in
2256 5327 2551 5398 diplomate
2591 5323 2718 5378 anni
2754 5321 2912 5387 1101,
2950 5334 3057 5390 quo
3095 5314 3421 5373 donationes

1829 5438 1971 5480 anno
1993 5422 2130 5479 1099
2160 5420 2363 5477 Sancto
2388 5436 2417 5475 a
2448 5434 2507 5475 se
2547 5416 2721 5473 factas
2748 5420 2998 5470 recenset
3056 5410 3236 5465 facere
3263 5418 3419 5463 men-

1831 5515 2064 5579 tionem,
2095 5528 2160 5568 ac
2186 5511 2376 5584 proin,
2407 5525 2513 5566 non
2541 5508 2832 5565 Surianum
2851 5547 2866 5571 ,
2898 5504 2988 5576 qui
3018 5499 3333 5558 Arunchum
3360 5507 3419 5555 et

1827 5607 2193 5664 molendinum
2207 5605 2397 5661 subtus
2418 5599 2769 5672 Squillacium
2785 5595 2842 5652 8.
2858 5595 3093 5651 Brunoni
3118 5607 3262 5649 anno
3282 5590 3412 5647 1101

1829 5718 1857 5757 a
1887 5701 2089 5758 comite
2118 5698 2354 5769 Rogerio
2380 5702 2565 5753 datum
2600 5692 2768 5750 fuisse
2801 5684 3021 5757 scribit,
3056 5686 3416 5751 hallucinari,
