3846 6316
380 303 482 358 ΗΞ

1163 303 1221 360 S.
1258 304 1607 363 BRUNONIS
1646 306 2288 366 CARTHUSIANORUM
2328 308 2813 368 INSTITUTORIS

3529 308 3642 366 4H

376 418 471 471 sed
496 415 727 488 diploma
752 416 880 471 anni
914 416 1051 473 1099
1076 432 1222 473 num.
1260 420 1363 475 657
1400 431 1455 476 et
1492 430 1643 491 seqq.
1670 423 1775 478 huc
1806 432 1953 475 tran-
1981 433 2028 486 Α
2061 424 2233 479 tiones
2262 438 2472 488 omnes,
2506 423 2563 479 S.
2596 425 2833 479 Brunoni
2867 434 3023 480 antea
3062 424 3251 489 factas,
3277 421 3644 487 confirmarit,

377 508 598 575 slatum,
628 522 735 576 quo
760 517 821 563 et
846 507 961 563 hac
988 517 1043 563 et
1072 507 1175 564 alia
1204 511 1370 565 multa
1392 553 1406 577 ,
1434 511 1679 582 proxime
1718 512 1959 567 recitatis

380 599 561 653 Tntini
601 599 784 654 verbis
828 600 1025 670 partim
1052 614 1349 655 memorata
1372 644 1385 668 ,
1428 603 1631 659 Sancto
1656 618 1837 659 comes
1868 603 1961 658 de-

380 690 557 757 derit,
586 704 708 745 esse
735 700 1084 760 corruptum;
1121 692 1437 747 Arunchum
1476 695 1618 747 enim
1651 708 1743 748 seu
1780 693 1961 747 Arun—

381 796 504 834 cum
552 780 612 835 S.
653 781 890 835 Brunoni
935 796 1121 836 comes
1164 799 1270 836 non
1317 784 1550 853 primum
1584 800 1681 853 per
1728 784 1961 854 diploma

382 873 511 926 anni
547 872 680 927 1099
706 872 1017 959 yipertiit,
1050 874 1144 928 sed
1175 875 1288 943 jam
1320 884 1478 929 antea
1510 875 1618 945 (adi
1650 892 1800 930 num.
1835 876 1961 947 585)

380 977 479 1030 per
500 960 734 1027 diploma
762 961 887 1014 anni
914 961 1052 1016 1094
1069 961 1344 1031 impertito
1370 965 1628 1019 terminos
1648 980 1741 1019 seu
1767 965 1965 1020 limites

382 1049 605 1120 (ritlesis
633 1065 785 1104 num.
814 1050 939 1122 641)
967 1051 1132 1118 jussit
1160 1053 1381 1121 apponi;
1411 1054 1552 1122 quod
1576 1069 1705 1108 vero
1736 1054 1965 1124 pertinet

386 1140 455 1194 ad
485 1140 853 1195 molendinum
876 1143 1064 1197 subtus
1090 1143 1460 1213 Squillaeium,
1486 1146 1588 1201 hoc
1614 1146 1833 1215 quidem
1861 1162 1964 1201 una

384 1245 509 1284 cum
556 1230 806 1286 Oliviano
842 1247 936 1286 seu
984 1230 1209 1287 Olivano
1264 1235 1493 1303 aliisque
1546 1236 1819 1291 nonnullis
1871 1252 1968 1307 per

386 1321 621 1391 diploma
651 1322 776 1377 anni
802 1323 934 1378 1099
954 1322 1154 1379 Sancto
1177 1326 1408 1394 primum
1431 1327 1659 1395 largitus
1678 1337 1761 1383 est
1788 1344 1969 1383 comes

390 1417 691 1487 llogerius;
734 1432 919 1470 verum
971 1430 1333 1488 praeterquam
1365 1421 1507 1489 quod
1557 1435 1662 1474 non
1702 1436 1871 1490 pauca
1903 1436 1969 1475 ex

388 1509 476 1563 his
509 1509 576 1563 ad
608 1506 995 1563 Monasmrium
1027 1508 1083 1564 S.
1124 1509 1308 1564 Jacobi
1342 1512 1408 1565 de
1439 1510 1723 1566 Mentauro
1759 1521 1971 1582 specta-

389 1610 539 1667 rent,
582 1602 769 1672 sicque
807 1602 967 1673 hujus
1014 1604 1342 1658 mentionem
1386 1603 1437 1657 in
1468 1604 1617 1659 dicto
1666 1606 1792 1658 anni
1835 1606 1964 1660 1101

389 1693 683 1765 diplomate
724 1694 929 1749 faciens
960 1695 1222 1765 llogerius
1258 1696 1589 1751 mentionem
1616 1698 1823 1766 pariter
1854 1697 1973 1752 illo-

389 1802 510 1842 rum
541 1786 725 1851 faciat,
758 1786 873 1840 fieri
912 1795 1085 1855 potest
1116 1795 1173 1840 ut
1228 1787 1316 1841 hic
1346 1786 1598 1856 princeps
1624 1788 1968 1854 donationes,
1999 1775 2045 1833 Β

390 1891 528 1945 quas
570 1877 625 1931 in
672 1875 730 1930 S.
764 1877 1068 1932 Brunonem
1115 1894 1259 1931 anno
1308 1878 1446 1933 1099
1494 1879 1828 1945 contulerat,
1862 1897 1972 1936 non

391 1981 614 2032 onmes,
665 1967 761 2022 sed
816 1967 1113 2038 prmeipuas
1160 1970 1424 2025 duntaxat
1464 1986 1889 2028 cornmemorare
1920 1974 1976 2030 in

391 2055 620 2127 prrefato
651 2057 776 2111 anni
825 2057 955 2112 1101
1006 2058 1296 2128 diplomate
1326 2058 1582 2125 voluerit;
1624 2070 1681 2114 ut
1716 2062 1972 2129 proinde,

393 2162 530 2217 quas
573 2147 628 2201 in
674 2148 776 2203 hoc
820 2164 927 2202 non
974 2159 1241 2204 recenset.
1282 2148 1458 2204 factas
1485 2151 1630 2204 dicto
1658 2167 1799 2224 anno
1842 2153 1978 2209 1099

395 2254 503 2292 non
533 2238 699 2293 fuisse
720 2281 735 2307 ,
768 2255 1104 2310 consequens
1139 2256 1243 2295 non
1276 2243 1367 2295 sit.
1398 2241 1515 2296 Jam
1546 2258 1672 2296 vero
1704 2258 1826 2297 cum
1866 2246 1981 2300 bzec

398 2331 476 2384 ita
504 2334 758 2400 habeant,
790 2350 896 2388 non
928 2335 1159 2388 Tantum
1191 2334 1446 2399 Tutinus,
1474 2335 1569 2388 sed
1601 2335 1764 2389 etiam
1799 2335 1982 2391 Suria-

400 2437 538 2489 nus,
586 2423 741 2485 dum,
789 2439 932 2478 anno
964 2425 1093 2478 1101
1147 2425 1460 2479 Aruncbum
1508 2434 1564 2479 et
1613 2426 1983 2495 Squillacense

399 2513 769 2568 molendinum
796 2513 997 2569 Sancto
1032 2524 1219 2569 nostro
1249 2530 1277 2568 a
1308 2516 1506 2570 comite
1539 2516 1771 2585 Roget-io
1798 2517 1980 2571 datum

400 2604 569 2660 fuisse
594 2606 819 2669 scribit,
851 2605 1015 2661 fuerit
1043 2606 1405 2662 hallucinatus

475 2716 598 2770 721.
626 2716 803 2786 Atque
831 2717 879 2771 id
917 2733 981 2771 ex
1028 2733 1093 2772 eo
1129 2717 1327 2774 factum
1361 2720 1624 2790 suspicor,
1649 2720 1792 2791 quod
1815 2762 1829 2786 ,
1863 2736 1984 2775 cum

403 2809 656 2862 comitem
706 2806 1031 2877 Rogcrium,
1080 2810 1352 2878 Aruncbi,
1410 2812 1700 2867 molendini
1753 2813 1988 2883 Squilla-

390 2897 600 2959 (censis,
622 2897 954 2966 aliarumque
975 2898 1264 2953 multarum
1291 2916 1467 2954 rerum
1492 2903 1829 2969 donationes,
1854 2918 1988 2972 quas

406 2991 610 3047 Sancto
641 3002 799 3046 antea
836 2991 1061 3056 fecerat,
1086 3010 1229 3049 anno
1259 2995 1382 3049 1101
1412 2996 1767 3051 confirmasse
1791 2996 1986 3051 alicubi

403 3084 648 3157 legisset,
685 3087 1154 3143 confirmationem
1187 3088 1328 3143 banc
1365 3105 1461 3155 pro
1490 3090 1662 3160 prima
1696 3089 1989 3144 donatione

406 3186 669 3244 quantum
700 3178 766 3231 ad
791 3178 1106 3233 Arunchum
1134 3186 1190 3234 et
1218 3179 1585 3235 molendinum
1616 3180 1991 3250 Squillacense

407 3267 712 3337 acceperit,
745 3267 798 3322 in
847 3284 1130 3325 erroneam
1169 3269 1311 3324 banc
1355 3271 1662 3339 opinionem
1704 3272 1989 3337 inductus,

406 3360 604 3429 partim
632 3359 773 3431 quod
807 3360 991 3415 datum
1019 3378 1169 3416 num.
1198 3362 1303 3416 58‘2
1325 3370 1380 3415 et
1406 3362 1546 3417 binis
1572 3377 1727 3431 seqq.
1759 3363 1992 3432 diploma

410 3449 479 3502 ad
502 3463 721 3503 manum
754 3464 862 3503 non
897 3450 1167 3514 habuerit,
1215 3451 1565 3518 animumque
1596 3462 1664 3505 ao
1711 3436 1993 3506 recitatum

410 3555 439 3591 a
470 3553 528 3593 se
554 3538 680 3592 anni
708 3537 843 3593 1099
867 3539 1098 3608 diploma
1132 3556 1237 3593 non
1268 3541 1584 3605 adverterit,
1621 3542 1821 3611 partim
1852 3540 1993 3611 quod

412 3628 747 3699 diplomatis,
779 3646 885 3699 quo
921 3646 1064 3684 anno
1094 3630 1220 3687 1101
1252 3632 1570 3687 donationes
1596 3649 1801 3694 omnes,
1839 3641 1992 3687 antea

411 3736 441 3772 a
474 3735 532 3774 se
560 3720 619 3775 S.
648 3720 882 3775 Brunoni
911 3720 1106 3788 factas,
1134 3737 1317 3777 eomes
1341 3723 1607 3791 Rogerius
1630 3725 1993 3791 confirmavit,

411 3821 621 3882 partem
674 3812 970 3878 duntaxat,
1011 3829 1173 3883 supra
1213 3815 1318 3869 huc
1366 3813 1621 3881 allatam,
1669 3816 1722 3870 in
1758 3831 1865 3886 quo
1896 3831 1996 3871 nec

410 3903 685 3971 Aruncbi,
734 3919 835 3960 nec
878 3905 1168 3960 molrmlini
1220 3904 1852 3979 Squillaeensismentio
1906 3909 1995 3972 fit,

414 3990 484 4049 ad
519 4011 737 4049 manum
766 3995 1038 4050 habuerit.
1073 3995 1149 4050 Ne
1176 4011 1307 4051 vero
1348 3999 1469 4069 quis
1499 4008 1681 4070 putet,
1714 4013 1996 4068 perperam

413 4102 444 4140 a
484 4100 588 4141 me.
622 4089 762 4155 quod
793 4100 858 4140 ex
881 4088 1095 4143 comitis
1129 4087 1347 4159 Rogerii
1378 4092 1503 4145 anni
1542 4090 1668 4145 1101
1708 4091 1999 4159 diplomate

414 4194 576 4248 supra
623 4178 728 4232 huc
780 4180 1165 4249 transcriptum
1216 4192 1330 4245 est,
1385 4198 1483 4253 pro
1533 4180 1691 4250 hujus
1735 4183 1998 4237 duntaxat

416 4279 570 4340 parte
603 4270 824 4334 haberi,
856 4270 1196 4328 Morkensrus
1239 4273 1293 4326 in
1324 4272 2001 4343 cbronologico-dlploma-

418 4362 526 4416 tina
555 4378 650 4417 sua
680 4363 745 4418 dc
784 4362 839 4418 S.
874 4363 1126 4421 Brunoue
1157 4365 1398 4419 Dialriba
1428 4366 1493 4419 ad
1526 4381 1726 4419 annum
1757 4366 1888 4419 1101
1924 4366 2003 4421 sic

2063 524 2228 582 utque
2255 515 2511 583 proinde,
2543 530 2666 569 cum
2695 516 2927 585 diploma
2970 516 3128 583 Illud,
3176 526 3336 588 prout
3368 516 3507 586 apud
3540 514 3649 567 Su-

2064 607 2273 661 rianum
2306 619 2513 675 exstat,
2556 613 3023 667 confirmationem
3061 612 3203 667 illam
3256 627 3362 667 non
3407 610 3654 676 comple-

2063 708 2260 765 CIatur,
2281 716 2385 754 non
2415 703 2888 771 proinstrumento
2910 705 3246 775 integro,sed
3275 718 3374 774 pro
3403 703 3656 773 ejusdem

2063 798 2218 858 parte
2244 791 2505 864 duntaxat
2536 795 2703 863 possit
2731 796 2940 849 haberi.

2136 877 2265 931 722.
2296 880 2561 936 Surianus
2589 899 2752 952 porro
2774 924 2787 947 ,
2829 894 3114 954 postquam
3148 884 3290 938 hanc
3320 883 3373 937 in
3411 881 3659 936 medium

2066 971 2325 1037 adduxit,
2377 975 2565 1044 paucis
2602 976 2897 1042 duntaxat,
2943 992 3063 1046 qua:
3108 977 3197 1030 hic
3234 972 3663 1029 commemorari

2069 1077 2291 1119 necesse
2313 1075 2539 1129 nonest,
2566 1068 2865 1136 interiectis
2888 1068 3192 1139 subjungit:
3217 1086 3234 1118 ι
3255 1066 3524 1121 Cmterum
3550 1064 3666 1117 hoc

2071 1158 2219 1225 ipso,
2256 1176 2274 1210 ι
2311 1173 2418 1228 quo
2444 1175 2637 1229 nempe
2665 1161 2854 1215 ultimo
2876 1161 2988 1231 jam
3030 1170 3384 1215 memoratum
3414 1156 3665 1226 diploma

2070 1248 2254 1301 datum
2284 1258 2520 1314 notatur,
2558 1269 2575 1302 ι
2607 1267 2791 1307 mense
2816 1251 2978 1306 Junio
3010 1252 3123 1322 (χχι
3165 1252 3273 1317 die,
3301 1259 3360 1304 ut
3391 1252 3443 1303 in
3470 1264 3671 1303 emor-

2071 1341 2201 1394 tuali
2228 1341 2365 1395 libro
2395 1343 2696 1399 Carthusiae
2722 1344 2883 1408 illius,
2910 1343 3215 1398 Calabriam
3243 1358 3433 1410 nempe
3460 1341 3516 1395 S.
3547 1340 3673 1395 Ste-

2074 1432 2273 1502 phani,
2306 1433 2527 1503 legitur,
2566 1437 2649 1491 vel
2690 1452 2802 1491 xxu
2837 1446 2893 1491 ut
2926 1438 2977 1492 in
3013 1436 3350 1505 Cassiuensi)
3391 1435 3674 1504 Rogerius

2074 1537 2256 1579 comes
2301 1526 2435 1579 obiit
2480 1542 2624 1581 anno
2670 1528 2802 1583 1101
2829 1569 2842 1594 ,
2889 1538 2949 1583 ut
2995 1528 3156 1582 habet
3185 1528 3491 1583 Cbronicon
3527 1526 3673 1596 Lupi

2076 1612 2467 1685 Protosliathae,
2500 1618 2590 1686 qui
2623 1619 2725 1673 hoc
2780 1629 3024 1689 tempore
3072 1620 3291 1673 vivebat
3340 1620 3391 1672 in
3444 1617 3677 1688 Apulia,

2074 1707 2322 1775 quamvis
2349 1708 2487 1762 male
2505 1707 2704 1764 Julium
2736 1711 2897 1765 habet
2922 1726 3022 1781 pro
3043 1709 3224 1776 Junio,
3263 1710 3401 1765 forte
3430 1711 3680 1779 scripto-

2073 1798 2150 1853 ris
2178 1799 2329 1853 vitio.
2363 1799 2512 1855 Felix
2544 1801 2627 1856 vel
2664 1803 2764 1858 hoc
2792 1805 3012 1859 nomine
3040 1804 3326 1874 princeps,
3357 1805 3502 1872 quod
3535 1812 3669 1871 post

2074 1889 2215 1943 hanc
2260 1889 2696 1947 liberalissimam
2751 1894 3127 1959 donationem,
3186 1894 3333 1947 velut
3384 1895 3439 1947 in
3495 1893 3685 1946 altero

2078 1978 2275 2033 saeculo
2317 1991 2639 2050 recepturus
2685 1983 2990 2037 mercedem
3024 1983 3091 2037 ad
3130 1983 3298 2037 Deum
3343 1982 3530 2037 statim
3571 1981 3687 2036 mi-

2078 2071 2248 2139 grarit
2296 2071 2677 2141 pulcherrimis
2733 2075 3122 2130 misericordia:
3178 2074 3445 2129 fructibus
3501 2075 3688 2129 coho-

2082 2171 2353 2229 neslatus;
2380 2180 2540 2233 quem
2568 2166 2824 2221 trimestri
2864 2176 3073 2221 tantum
3101 2176 3225 2236 post
3253 2165 3469 2221 evoluto
3495 2166 3688 2235 spatio

2082 2264 2343 2324 sequutus
2367 2265 2448 2311 est
2478 2256 2535 2311 S.
2565 2256 2768 2322 Bruno,
2794 2258 3016 2324 eodem,
3059 2274 3165 2328 quo
3198 2258 3493 2327 Rogerius,
3528 2272 3691 2310 anno

2085 2347 2149 2401 (le
2183 2348 2301 2402 istis
2334 2349 2518 2403 mundi
2563 2349 2869 2403 turbinibus
2905 2360 3219 2414 extractus,
3249 2351 3315 2405 de
3356 2358 3533 2405 morte
3558 2349 3691 2419 jam

2084 2442 2335 2511 proxima
2367 2441 2521 2497 fretus
2570 2450 2625 2495 et
2662 2442 2729 2496 de
2779 2442 2956 2497 vicina
3007 2442 3363 2497 aceersitione
3408 2456 3688 2507 securus,

2086 2541 2370 2602 postquam
2416 2533 2758 2601 praecessisse
2804 2549 2928 2587 eum
2974 2534 3143 2598 vidit,
3190 2534 3257 2589 de
3296 2533 3450 2601 cujus
3492 2532 3691 2587 adhuc

2087 2624 2251 2678 unius
2293 2623 2467 2677 salute
2495 2624 2790 2692 cogebatur
2817 2639 2937 2679 esse
2983 2625 3267 2681 sollicitus.
3308 2625 3477 2691 Quem
3505 2625 3687 2678 etiam

2091 2725 2241 2771 tanto
2270 2716 2424 2770 ocius
2455 2725 2509 2770 et
2538 2716 2884 2771 festinantius
2922 2716 3077 2786 sequi
3110 2716 3346 2772 voluisse
3377 2718 3527 2770 visus
3557 2727 3651 2771 est
3673 2757 3691 2782 ,

2090 2816 2149 2862 ut
2195 2807 2333 2876 apud
2380 2822 2648 2862 summum
2697 2806 2934 2873 judicem
2983 2808 3149 2863 Deum
3193 2824 3291 2878 pro
3337 2808 3531 2862 animae
3558 2808 3696 2878 ejus

2091 2898 2450 2961 absolutiOue,
2481 2897 2523 2952 si
2556 2897 2696 2953 forte
2728 2898 2861 2953 locis
2890 2899 3123 2953 obnoxia
3163 2899 3490 2970 purgatoriis
3525 2908 3692 2955 tene-

2093 3000 2246 3045 retur
2287 2990 2484 3055 adhuc,
2516 2990 2817 3044 fiducialius
2864 2992 3256 3056 intercederet,
3295 2991 3492 3047 oblatis
3525 2992 3696 3060 prius

2018 3119 2062 3179 C
2094 3080 2381 3135 sacrificiis
2410 3096 2657 3150 corporis
2686 3090 2742 3134 et
2786 3081 3065 3150 sanguinis
3109 3081 3285 3163 illius,
3318 3082 3409 3152 qui
3441 3098 3470 3135 a
3504 3081 3696 3137 Matre

2094 3174 2336 3244 quinque
2367 3173 2517 3229 siclis
2558 3173 2689 3227 olim
2730 3171 2907 3228 fuerat
2950 3174 3279 3242 redemptus.
3317 3194 3337 3227 ι
3380 3173 3458 3228 lta
3492 3174 3584 3229 ille
3630 3184 3699 3229 et

2097 3274 2246 3319 recte
2271 3265 2519 3334 quidem,
2554 3271 2813 3333 quantum
2846 3264 3060 3333 opinor,
3101 3263 3392 3333 Rogerium
3421 3265 3695 3320 comitem

2096 3371 2279 3411 mense
2304 3354 2495 3422 Junio,
2530 3369 2635 3409 non
2662 3353 2825 3419 Julio,
2851 3363 2910 3408 ut
2944 3354 3125 3424 Lupus
3154 3355 3509 3426 Protospatba
3542 3358 3694 3411 scri-

2095 3449 2203 3511 bit,
2252 3447 2483 3514 obiisse,
2535 3463 2565 3502 e
2615 3447 2921 3503 Cartbusire
2962 3447 3018 3502 S.
3056 3446 3314 3518 Stephani
3356 3447 3696 3518 Neerologio

2098 3541 2396 3605 contendit,
2425 3541 2549 3596 licet
2581 3540 2794 3595 interim
2833 3540 3079 3596 Fazellus
3107 3541 3200 3596 lib.
3227 3557 3321 3606 vn,
3350 3541 3551 3596 decade
3577 3542 3613 3595 2
3636 3552 3703 3597 ct

2097 3640 2219 3701 post
2251 3632 2396 3685 hunc
2418 3631 2667 3686 Bocchus
2696 3631 2880 3685 Pirrus
2907 3632 2957 3685 in
2992 3648 3176 3703 regum
3211 3631 3409 3687 Sicilia!
3438 3631 3701 3689 Chrono—

2098 3720 2238 3790 logia
2285 3735 2382 3790 pro
2415 3736 2599 3775 mense
2637 3719 2781 3775 Julio
2817 3729 2992 3785 stent;
3048 3735 3289 3776 mensem
3339 3723 3483 3777 enim
3539 3724 3702 3780 hunc

2101 3810 2337 3878 Rogerio
2386 3810 2743 3865 emortualem
2783 3827 2813 3866 a
2861 3811 3078 3866 Fazello
3126 3812 3338 3877 notari,
3384 3813 3496 3868 sola
3548 3813 3699 3885 Lupi

2099 3903 2500 3973 Protospatbae,
2532 3902 2583 3957 ni
2628 3902 2803 3968 fallar,
2830 3904 3153 3958 auctoritate
3192 3913 3275 3958 est
3306 3903 3542 3967 factum,
3581 3921 3698 3963 nec

2101 4010 2226 4049 raro
2259 3994 2347 4061 fit,
2395 4003 2451 4048 ut
2495 3996 2545 4048 in
2588 3994 2722 4066 Lupi
2754 3994 3050 4059 Chronico,
3087 3997 3231 4064 quod
3261 3996 3312 4050 in
3342 3994 3500 4064 hujus
3530 4008 3702 4051 auto—

2103 4085 2336 4157 grapbo,
2368 4095 2424 4138 ut
2465 4099 2722 4156 apparet,
2772 4090 3036 4143 mensium
3098 4089 3315 4143 nomina
3355 4089 3512 4143 unica
3555 4089 3707 4144 dun-

2106 4185 2257 4231 taxat
2307 4179 2522 4248 capitali
2567 4195 2659 4234 seu
2708 4180 2901 4234 initiali
2945 4180 3125 4235 littera
3176 4191 3398 4235 exarata
3451 4181 3702 4251 fuerint,

2103 4270 2303 4324 mensis
2329 4268 2549 4325 Martius
2576 4286 2674 4340 pro
2698 4271 2835 4326 Maio
2860 4283 2951 4326 aut
2977 4282 3188 4337 contra,
3215 4274 3455 4345 itemque
3481 4276 3705 4330 mensis

2107 4358 2284 4414 Julius
2317 4374 2413 4430 pro
2441 4359 2601 4415 Junio
2631 4371 2723 4416 aut
2750 4373 2941 4417 contra
2972 4379 3001 4417 a
3031 4363 3269 4418 librariis
3300 4364 3509 4433 positus
3543 4365 3706 4421 inve-

419 4454 654 4511 scribit:
694 4478 711 4509 (
748 4458 1012 4530 Rogerius
1060 4474 1243 4514 comes
1289 4456 1554 4513 Calabriae
1602 4465 1657 4512 et
1711 4457 1909 4512 Siciliae
1949 4458 2000 4511 in
2035 4454 2306 4518 Dniatur.
2354 4452 2473 4507 Jam
2521 4470 2679 4520 vero,
2728 4472 2849 4510 cmn
2902 4472 2989 4512 res
3036 4457 3109 4511 ita
3157 4457 3391 4523 habeat,
3421 4457 3706 4527 Rogerius

423 4550 786 4617 peremptoria
813 4551 1131 4619 aegritudine
1154 4568 1246 4605 sua
1269 4550 1609 4613 donationes,
1635 4549 2002 4603 immunitat's

422 4652 488 4705 ac
517 4637 795 4708 privilegia
836 4640 897 4696 S.
943 4642 1181 4697 Brunoni
1226 4658 1291 4696 ac
1333 4641 1595 4697 fratribus
1640 4642 1805 4696 eremi
1850 4641 2005 4696 Cala-

422 4729 596 4785 briua:
616 4730 879 4787 hactenus
903 4748 1160 4789 concessa
1189 4734 1478 4789 confirmat
1499 4736 1619 4787 data
1648 4734 1834 4788 charta
1863 4734 2003 4803 apud

424 4818 666 4875 Miletum
694 4820 729 4874 4
752 4818 922 4886 Junii,
957 4824 1008 4877 in
1039 4841 1143 4893 qua
1169 4835 1224 4879 et
1252 4825 1521 4892 Capuam?
1538 4824 1859 4895 proditionis
1884 4839 2007 4879 reos

424 4910 645 4966 nomine
669 4911 964 4981 quemlibet
991 4930 1088 4970 suo
1118 4913 1393 4984 exprimit.
1430 4933 1447 4965 ι
1485 4915 1608 4970 Haec
1645 4914 2004 4976 Morkensius,

420 4994 539 5075 qui,
569 5005 649 5060 uti
680 5006 905 5076 ipsemet
927 5008 1023 5072 ait,
1051 5009 1318 5079 integrum
1344 5010 1560 5063 comitis
1584 5008 1803 5077 Rogerii
1834 5008 2008 5078 diplo-

428 5110 516 5148 ma
536 5134 552 5160 ,
580 5105 860 5165 postremo
888 5098 994 5152 huc
1040 5098 1463 5169 transcriptum,
1494 5115 1606 5168 pra:
1639 5100 1889 5153 manibus
1916 5100 2009 5152 ba-

427 5186 581 5267 buit;
634 5205 759 5245 cum
806 5199 985 5246 autem
1032 5190 1303 5259 diploma,
1355 5192 1508 5261 eujus
1558 5191 1737 5246 verbis
1774 5193 2011 5247 recitatis

430 5285 699 5350 meminit,
740 5293 965 5355 quarta,
995 5294 1051 5338 ut
1081 5295 1178 5349 ait,
1209 5284 1354 5339 Junii
1385 5286 1566 5339 datum
1596 5283 1775 5349 fuerit,
1812 5286 1877 5340 de
1906 5286 2011 5340 alio

432 5390 566 5429 sane
596 5376 908 5445 diplomate,
944 5392 1108 5446 quam
1158 5392 1264 5446 quo
1306 5376 1571 5448 Rogcrius
1605 5392 1788 5432 comes
1825 5376 2012 5448 singu-

430 5478 639 5532 lorum,
679 5482 816 5537 quos
844 5465 1045 5522 Sancto
1077 5467 1130 5521 in
1162 5468 1479 5523 servitutem
1514 5466 1760 5529 tradidit,
1797 5464 2013 5523 nomina

432 5540 766 5626 expressisse
793 5574 822 5612 a
851 5557 1083 5616 Suriano
1110 5571 1385 5626 narratur,
1421 5575 1525 5613 non
1567 5560 1837 5630 loquitur;
1873 5561 2015 5629 quo]

434 5662 557 5700 cum
591 5647 663 5702 ita
703 5650 800 5711 sit,
849 5665 1189 5722 consequens
1246 5666 1329 5709 est
1369 5661 1427 5706 ut
1471 5653 1571 5707 hoc
1602 5652 1868 5723 Rogerius
1909 5668 2013 5707 non

437 5747 643 5795 tantum
681 5744 899 5799 nomina
928 5743 1021 5800 illa
1054 5745 1387 5801 recensuerit
1407 5785 1421 5812 ,
1451 5754 1635 5800 verum
1660 5745 1822 5800 etiam
1851 5744 2017 5799 dona-

2105 4552 2311 4614 septem
2354 4545 2617 4599 duntaxat
2660 4555 2753 4599 aut
2800 4547 3101 4602 octodecim
3147 4547 3261 4602 dies
3297 4564 3325 4602 a
3359 4548 3515 4602 dato.
3550 4564 3705 4616 quo,

2106 4652 2457 4706 quascunque
2501 4647 2658 4691 antea
2702 4638 2759 4692 S.
2805 4637 3042 4693 Bruuoni
3093 4638 3331 4706 fecerat,
3373 4639 3709 4696 donationes

2107 4726 2486 4789 confirmavit,
2520 4726 2815 4797 diplomate
2846 4728 2898 4781 in
2928 4728 3066 4783 vivis
3097 4732 3299 4782 mansis
3323 4738 3621 4799 superstes.

2181 4814 2306 4871 725.
2342 4816 2597 4870 Sanctum
2622 4827 2862 4871 nostrum
2888 4834 2989 4871 una
3017 4834 3137 4873 cum
3168 4817 3408 4873 Lanviuo
3429 4820 3496 4874 ad
3521 4820 3708 4890 [toge-

2108 4909 2271 4974 rium,
2302 4918 2547 4964 extremo
2572 4926 2670 4964 suo
2696 4913 2884 4965 morbo
2917 4909 3081 4964 Mileti
3112 4910 3473 4975 laborantem,
3503 4927 3708 4968 accur-

2111 5001 2276 5063 risse,
2312 5003 2524 5071 piisque
2565 5002 3038 5057 adhortationibus
3066 5010 3121 5056 et
3158 5003 3380 5056 monitis
3409 5004 3459 5057 in
3488 5006 3707 5073 gravis-

2113 5093 2267 5148 simis
2293 5095 2606 5148 decretorite
2637 5094 2974 5165 mgritudinis
3003 5093 3260 5149 molestiis
3296 5096 3511 5151 assidue
3541 5112 3708 5153 eum-

2113 5188 2233 5240 dem
2264 5202 2383 5239 esse
2405 5186 2762 5251 consolatum,
2802 5186 3085 5240 Zauottius
3105 5186 3157 5239 in
3186 5188 3492 5258 conscripta
3518 5202 3550 5241 a
3577 5204 3707 5245 sese

2116 5277 2301 5331 Sancti
2336 5276 2457 5332 Vita
2495 5293 2588 5331 seu
2637 5277 2909 5341 Historia,
2960 5277 3036 5330 uti
3085 5292 3205 5331 eam
3246 5286 3438 5340 vocat,
3468 5292 3591 5346 cap.
3632 5279 3707 5332 30

2115 5369 2327 5435 scribit,
2360 5369 2565 5425 addens
2593 5369 2756 5424 etiam
2782 5369 3089 5423 Bruuoncm
3120 5383 3240 5422 cum
3275 5366 3475 5432 Mileto,
3510 5383 3541 5423 e
3566 5369 3707 5423 vivis

2108 5459 2221 5531 jam
2250 5459 2462 5515 sublato
2491 5459 2691 5513 comite
2718 5458 2970 5529 Rogerio,
3004 5458 3057 5512 in
3086 5457 3433 5511 Turritanam
3457 5470 3706 5511 creatum

2092 5565 2262 5612 cesset
2286 5566 2556 5619 reversus,
2587 5553 2875 5621 exsequias
2898 5567 2997 5622 pro
3033 5550 3281 5620 principe
3314 5549 3424 5613 illo,
3455 5549 3540 5603 cui
3571 5564 3708 5604 sane

2120 5647 2411 5717 plurimum
2463 5656 2580 5699 erat
2620 5644 2913 5699 obstrictus
2938 5684 2952 5709 ,
2990 5642 3287 5706 celebrari,
3333 5656 3707 5709 magnumque

2123 5741 2409 5797 Missarum
2438 5752 2721 5793 numerum
2755 5735 2869 5791 fieri
2891 5749 3115 5791 curasse
3134 5774 3148 5802 ,
3183 5748 3245 5789 ac
3272 5731 3559 5788 monachis
3589 5730 3708 5795 suis
