3846 6316
152 287 266 343 us
1673 298 1874 360 ACTA‘.
3293 334 3399 383 Hb

149 410 397 470 pmterea
424 399 725 471 injunxisse
770 411 826 458 ut
856 406 1126 472 precibus,
1150 408 1475 482 jejuniisque
1497 429 1559 469 ac
1586 415 1706 469 aliis

147 491 467 559 (renitentia:
512 493 770 560 operibus
810 497 1181 566 multiplicatis
1217 503 1453 557 divinam
1497 507 1710 560 miseri-

145 582 375 635 cordiam
405 596 505 650 pro
530 583 791 652 principis
817 584 868 638 in
900 585 1246 643 Turritanam
1278 606 1518 646 eretnum
1549 594 1712 648 bene-

142 673 470 728 ﬁcentissimi
504 674 687 727 anima
726 674 1099 744 implorarent.
1140 680 1217 733 ita
1251 680 1368 735 loco
1404 683 1570 737 citato
1600 684 1709 739 ille.

141 765 213 818 Et
259 780 381 820 sane
436 765 541 820 hoc
597 778 959 835 postremum,
1007 772 1150 840 quod
1204 773 1367 827 etiam
1421 789 1451 827 a
1512 773 1712 831 Sancto

139 855 331 910 factum
365 856 533 912 fuisse
575 857 836 914 Surianus
867 861 1049 917 verbis
1094 864 1341 933 proxime
1386 867 1626 923 recitatis
1656 884 1708 922 tn

142 947 246 1002 fine
293 948 501 1013 innuit,
554 966 713 1005 nemo
776 950 964 1017 facile,
1018 965 1278 1023 quantum
1344 959 1576 1027 opinor,
1619 960 1708 1029 qui

138 1038 386 1091 Sanctum
438 1039 509 1093 ab
562 1040 755 1111 ingrati
814 1043 979 1097 animi
1016 1043 1146 1098 vitio
1197 1045 1507 1115 longissime
1566 1049 1710 1103 haud

137 1128 289 1182 dubie
352 1129 636 1186 exstitisse
697 1131 970 1200 alienum,
1029 1136 1417 1201 considerarit,
1484 1138 1537 1193 in
1605 1140 1707 1195 du-

135 1220 275 1273 bium
310 1222 611 1287 revocavit,
639 1224 743 1278 etsi
792 1225 1008 1279 interim
1066 1243 1153 1283 res
1185 1228 1331 1283 nullo
1378 1230 1535 1299 plane
1565 1233 1707 1288 auti-

136 1311 345 1378 qnitatis
380 1313 695 1368 testimonio
722 1317 1039 1370 confirmata
1064 1318 1390 1375 inveniatur.
1420 1321 1547 1389 Nec,
1578 1326 1707 1393 quin

136 1402 356 1457 Sanctus
378 1413 477 1457 aut
509 1405 737 1474 ipsemet
762 1407 828 1461 ad
855 1408 1108 1463 comitem
1146 1411 1459 1483 Rogerium,
1500 1416 1710 1485 gravis-

135 1493 264 1546 simo
285 1493 497 1557 morbo,
528 1509 636 1564 quo
666 1496 808 1549 diem
838 1504 1139 1551 extremum
1170 1500 1389 1567 clausit,
1420 1502 1585 1559 Mileti
1617 1505 1708 1559 de-

134 1586 486 1643 cumbcntcm.
517 1602 627 1656 quo
659 1603 778 1641 eum
810 1588 862 1643 in
890 1592 1225 1660 (egritudinis
1262 1593 1521 1650 molestiis
1567 1597 1710 1651 sola-

131 1687 288 1739 retur,
320 1678 535 1747 plisque
565 1679 782 1734 monitis
806 1680 874 1734 ad
900 1683 1220 1739 mternitatis
1268 1686 1374 1740 iter
1429 1702 1705 1756 pnepara-

134 1778 228 1831 ret,
252 1783 370 1822 sese
397 1770 718 1836 contulerit,
773 1780 868 1825 aut
897 1772 1092 1827 saltem
1145 1773 1443 1831 Lanvinum
1472 1777 1705 1833 aliumve

132 1874 160 1913 e
186 1860 315 1921 suis.
344 1862 437 1931 qui
467 1862 519 1916 id
551 1872 854 1932 pnestaret,
895 1864 1127 1931 miserit,
1150 1867 1530 1937 ambigendum
1564 1871 1707 1926 vide-

135 1960 230 2015 tur,
261 1969 384 2007 cum
440 1970 584 2009 anno
630 1955 789 2021 1008,
842 1965 901 2011 ιιι
943 1973 1105 2028 supra
1160 1958 1410 2023 vidimus,
1456 1963 1706 2018 eumdem

133 2046 374 2097 comitem
404 2045 719 2115 Rogerium,
751 2058 810 2102 ut
845 2065 965 2104 ettm
1011 2051 1062 2104 in
1092 2050 1287 2118 morbi,
1314 2068 1421 2122 quo
1457 2053 1525 2110 ab
1558 2056 1705 2110 obsi-

135 2136 284 2189 dione
312 2136 565 2205 Capuana
591 2153 842 2194 reversus
870 2141 1150 2211 Squillacii
1185 2151 1292 2197 tum
1322 2144 1701 2212 decumbebat,

131 2226 383 2281 molestiis
439 2228 727 2294 solaretur,
762 2243 996 2300 quatuor
1053 2233 1215 2288 etiam
1276 2234 1378 2288 sibi
1435 2236 1703 2306 adjunctis

130 2320 532 2387 sociis,adierit,
561 2336 661 2375 nec
691 2321 924 2376 Miletum
957 2338 986 2377 a
1017 2323 1302 2378 Turritana
1328 2340 1512 2381 eremo
1534 2327 1702 2383 multo

132 2408 351 2477 longius,
378 2425 541 2479 quam
571 2410 947 2479 Squillacium,
972 2413 1044 2468 sit
1071 2424 1360 2469 remotum.

192 2502 318 2555 724.
343 2503 627 2568 Attamen,
687 2520 809 2559 cum
881 2504 1115 2561 Sanctus
1157 2505 1269 2575 iam
1303 2508 1428 2563 inde
1457 2509 1524 2563 ab
1560 2523 1702 2565 anno

132 2592 258 2646 1100
293 2605 382 2646 aut
414 2594 579 2649 etiam
618 2595 725 2664 (adi
768 2611 919 2649 num.
948 2597 1073 2667 678)
1127 2596 1240 2667 iam
1299 2598 1423 2654 inde
1456 2598 1523 2654 ab
1559 2614 1700 2653 anno

132 2686 257 2741 1099
284 2688 554 2742 continuis
602 2686 715 2743 fere
748 2703 811 2743 ac
840 2690 1117 2760 gravibus,
1172 2691 1246 2745 uti
1294 2690 1408 2761 ipsa
1450 2690 1695 2760 epistola,

129 2791 271 2846 supra
291 2777 405 2847 jam
437 2781 589 2843 data,
616 2795 777 2849 quam
840 2789 967 2836 tunc
1004 2795 1100 2851 per
1127 2781 1463 2835 Landuinum
1493 2781 1558 2834 ad
1587 2780 1698 2835 Ma-

129 2868 243 2936 jo;is
268 2871 577 2926 Carthusize
615 2870 812 2927 fratres
857 2872 1023 2938 misit,
1066 2872 1225 2927 ﬁdem
1267 2871 1416 2935 facit,
1468 2871 1697 2926 infirmi-

134 2963 309 3016 tatibus
338 2962 623 3028 laboravit,
662 2979 760 3018 nec
800 2964 999 3019 dudum
1031 2974 1170 3036 post,
1198 2965 1274 3019 uti
1323 2964 1458 3019 infra
1490 2963 1699 3018 videbi-

134 3069 252 3118 mus,
281 3054 555 3109 emortali
612 3056 713 3111 hac
741 3056 849 3110 vita
898 3057 966 3112 ad
1022 3057 1381 3112 immortalem
1425 3054 1691 3127 migrarit,

134 3143 345 3200 fueritne
397 3156 528 3200 tunc
583 3144 691 3210 ille,
748 3162 855 3218 quo
907 3148 1085 3202 minus
1129 3146 1360 3218 ipsemet
1417 3148 1693 3213 comitem,

133 3235 332 3291 adversa
359 3236 668 3293 valetudine
702 3237 860 3293 Mileti
898 3237 1261 3304 laborantem,
1286 3240 1480 3307 adiret,
1507 3244 1695 3297 morio

133 3324 416 3396 impeditus,
448 3344 556 3383 non
614 3346 801 3399 parum
858 3331 1099 3402 ambigo,
1133 3331 1254 3386 licet
1278 3332 1489 3387 interim
1511 3373 1525 3395 ,
1563 3333 1691 3401 quin

133 3419 199 3472 vel
226 3420 449 3489 ipsemet
471 3421 705 3477 Sanctus
745 3422 795 3476 id
820 3422 1027 3487 fet-erit,
1055 3423 1138 3478 vel
1170 3423 1333 3477 alium
1366 3424 1447 3478 sui
1472 3423 1591 3479 loco
1620 3427 1685 3480 ad

135 3506 396 3580 Bogerium
430 3513 660 3578 miserit,
688 3512 1038 3567 dubitandum
1067 3528 1169 3568 non
1210 3514 1463 3580 arbitrer,
1492 3524 1551 3568 ιιι
1570 3513 1683 3581 jam

133 3600 239 3656 dixi.
264 3603 333 3659 Ut
360 3613 420 3657 ut
450 3604 663 3659 interim
688 3620 776 3658 res
804 3603 1017 3670 habeat,
1047 3619 1270 3660 summae
1283 3605 1526 3674 equidem
1542 3620 1686 3660 cura:

135 3696 471 3750 amantissimi
541 3696 820 3765 principis,
878 3711 909 3750 a
977 3711 1085 3766 quo
1144 3696 1372 3765 plurima
1422 3696 1687 3751 beneficia

135 3797 416 3856 acceperat,
457 3787 686 3843 salutem
720 3787 777 3843 S.
807 3786 1045 3843 Brununi
1063 3788 1250 3854 fuisse,
1282 3788 1439 3843 facile
1462 3788 1689 3857 quisque

136 3878 307 3946 etiam
340 3879 504 3933 dictis
535 3878 815 3951 intelliget.
847 3879 959 3933 Nec
1010 3895 1138 3935 vero
1169 3890 1395 3950 apparet
1421 3878 1685 3945 absintile,

137 3970 359 4033 precibus
410 3968 523 4023 suis
546 3970 685 4039 apud
718 3970 886 4024 Deum
914 3970 1159 4026 effecisse
1188 3971 1359 4036 illum,
1402 3979 1461 4024 ttt
1506 3985 1687 4025 comes

136 4057 377 4131 Rogerits
424 4063 614 4125 vitam,
667 4063 810 4118 inter
851 4064 1096 4120 assiduas
1147 4064 1260 4120 fere
1315 4064 1438 4120 belli
1504 4064 1688 4119 turbas

135 4165 303 4216 actam,
353 4155 497 4211 felici
546 4156 692 4211 exitu
743 4156 958 4210 tandem
1011 4158 1345 4221 terminaret,
1404 4171 1434 4210 e
1487 4156 1684 4211 misera

138 4245 216 4303 liae
263 4250 626 4319 lasrymarum
681 4265 1153 4319 mrumnarumque
1200 4249 1335 4304 valle
1362 4250 1428 4303 ad
1485 4258 1685 4304 :eterna

137 4339 229 4393 (ειειὶ
252 4342 447 4411 gaudia
483 4341 795 4397 translatus.
838 4341 988 4396 Haud
1037 4342 1235 4397 dudum
1278 4358 1462 4413 porro,
1487 4342 1680 4412 utjam

139 4433 307 4498 monui,
347 4442 467 4501 post
495 4422 707 4501 ROgerii
732 4433 946 4488 tontitis
972 4433 1176 4488 obitum
1204 4432 1440 4490 Sanctus
1467 4448 1683 4505 quoque

138 4521 292 4577 evivis
312 4523 578 4589 excessit;
609 4534 734 4579 ante
757 4533 933 4579 tamen
962 4539 1123 4593 quam
1182 4524 1236 4580 id
1290 4525 1461 4589 ﬂeret,
1511 4528 1682 4581 dona-

141 4608 298 4677 tiones,
337 4615 727 4683 immunitates,
791 4615 1079 4685 diplomata
1127 4616 1326 4679 omnia,
1380 4617 1681 4673 Turritanze

139 4714 285 4760 cretae
336 4708 600 4761 bat-tenus
640 4724 895 4763 concessa
922 4750 936 4774 ,
968 4724 997 4763 a
1024 4708 1286 4765 Pascltale
1343 4708 1408 4776 ll,
1469 4725 1680 4765 summo

141 4797 375 4861 pont'lire,
412 4798 504 4868 qui
539 4798 757 4853 Urbano
779 4800 821 4854 ll
856 4816 998 4855 anno
1030 4801 1167 4857 l099
1200 4817 1229 4857 e
1266 4802 1401 4856 vivis
1444 4802 1676 4869 sublato,

141 4879 177 4933 in
200 4884 246 4938 S.
269 4886 410 4941 Petri
450 4888 761 4943 cathedram
791 4900 1150 4955 s-tecesserat,
1169 4890 1483 4945 confirmari
1509 4891 1680 4961 impc-

141 4976 284 5030 lravit.
308 4979 465 5033 Anno
491 4978 695 5033 scilicet
724 4979 881 5044 1101,
916 4981 978 5035 ad
1007 4980 1205 5037 Julium
1232 4982 1346 5051 jam
1396 4991 1677 5050 provecto,

142 5057 334 5121 Miletum
361 5076 589 5123 venerat
615 5068 911 5138 Paschalis,
942 5071 1150 5140 hacque
1178 5071 1466 5127 occasione
1499 5080 1679 5139 postu-

142 5151 214 5207 lari
239 5159 296 5213 ab
320 5176 384 5215 eo
412 5160 648 5223 curavit,
674 5170 765 5215 aut
789 5162 952 5215 etiam
979 5162 1205 5232 ipsemet
1245 5177 1341 5232 per
1365 5177 1422 5217 se
1447 5161 1679 5217 Sanetus

145 5248 407 5313 wstulavit,
441 5258 521 5315 ut,
550 5266 668 5319 qua:
699 5250 1003 5306 'l‘urritanre
1039 5266 1224 5307 eremo
1267 5253 1383 5308 sive
1419 5268 1447 5306 a
1483 5253 1681 5307 comite

145 5330 350 5405 Rogerio,
387 5341 504 5396 sive
536 5341 605 5395 ab
637 5340 756 5395 aliis
784 5342 1192 5411 quibuscunque
1222 5341 1433 5397 fuerant
1458 5342 1670 5407 collata,

151 5434 196 5473 ea
217 5427 313 5496 ipse
337 5446 471 5484 nova
498 5445 755 5485 concessa
788 5430 929 5486 bulla
961 5433 1261 5497 roboraret,
1289 5433 1461 5487 sancti
1491 5440 1671 5486 autem

152 5514 222 5567 Viri
254 5523 509 5588 postulato
536 5523 923 5592 benignissime
944 5523 1182 5595 pontifex
1217 5524 1428 5578 annuit.

197 5607 297 5666 713’.
333 5613 613 5670 Paschalis
654 5630 813 5685 papa,
860 5615 1032 5685 inquit
1060 5616 1127 5671 ad
1163 5632 1366 5671 annum
1421 5617 1551 5670 1101
1616 5616 1669 5670 in

151 5690 446 5771 Cltronotaxi,
481 5705 595 5761 suis
621 5705 686 5759 ad
715 5712 1024 5760 contextam
1070 5721 1098 5761 a
1145 5705 1305 5761 Surio
1328 5705 1383 5761 S.
1405 5704 1669 5776 Brunqpis

1735 422 1781 477 Α
1813 416 1986 473 Vitam
2037 421 2491 479 Annotationibus
2525 427 2725 494 addita,
2782 446 2903 501 pag.
2953 433 3058 490 405
3090 440 3350 497 Surianus
3380 463 3394 497 :

1822 525 1841 558 ι
1884 507 2047 563 Mileti
2110 512 2350 567 existens
2400 530 2451 569 vr
2502 515 2621 570 Kal.
2680 516 2905 590 Augusti
2958 525 3023 577 ad
3079 529 3395 595 petitionem

1816 596 1873 651 S.
1910 597 2178 656 Brunonis
2196 610 2247 654 et
2282 601 2507 658 Lanvini
2546 607 2889 664 donationem
2942 611 3064 679 loci,
3095 630 3255 685 quem
3299 636 3397 689 pro

1813 688 2149 745 habitatione
2188 709 2281 746 sua
2320 693 2525 763 (Bruno
2552 698 2760 754 scilicet
2788 701 3012 772 ejusque
3039 707 3191 776 socii)
3217 688 3398 780 elege-

1813 788 1961 844 rant,
2001 778 2200 835 factam
2236 783 2302 839 ab
2332 786 2558 855 egregiae
2586 791 2860 845 memorim
2889 794 3086 848 comite
3140 778 3391 868 Rogerio,

1812 880 1867 925 et
1894 873 2266 929 confirmatam
2310 879 2378 933 ab
2407 879 2624 935 Urbano
2650 882 2715 949 Il,
2750 900 2939 941 rursus
2976 884 3267 957 diplomate
3294 908 3395 947 suo

1812 961 2119 1029 continuat,
2170 965 2407 1036 itemque
2446 968 2767 1027 donationes
2820 975 2956 1031 alias
3022 986 3077 1032 et
3117 981 3392 1049 privilegia

1810 1053 2013 1109 eisdem
2041 1070 2315 1112 concessa.
2350 1078 2367 1110 ι
2403 1058 2654 1126 Tutinus,
2707 1064 3049 1121 donationem
3104 1070 3388 1137 duntaxat,

1811 1159 1914 1214 qua
1951 1145 2213 1215 Rogerius
2261 1166 2449 1217 comes
2480 1151 2538 1206 S.
2576 1152 2930 1210 Brunonitria
2980 1170 3157 1213 castra
3212 1162 3390 1216 Arun—

1811 1251 1931 1290 cum
1954 1278 1968 1301 ,
2000 1238 2232 1295 Montem
2264 1256 2509 1308 aureum,
2549 1253 2602 1299 et
2643 1244 2921 1300 Olivanum
2946 1289 2960 1311 ,
2985 1259 3144 1319 atque
3173 1252 3391 1322 insuper
3428 1246 3431 1251 λ

1812 1327 2181 1396 Squillacense
2230 1333 2598 1388 molendinum
2649 1335 2999 1405 impertierat,
3064 1357 3093 1394 a
3140 1342 3386 1399 Pascltali

1810 1418 2181 1473 confirmatam
2229 1421 2411 1483 fuisse,
2454 1424 2505 1478 in
2537 1424 2783 1481 llistorize
2821 1428 3217 1487 Cartltusicnsis
3255 1433 3387 1487 Pro-

1809 1517 1996 1572 spectu
2047 1525 2168 1581 pag.
2210 1512 2274 1565 H
2310 1513 2517 1568 scribit.
2555 1515 2749 1570 Verum
2800 1517 3028 1574 Suriano
3084 1524 3388 1577 assentien-

1809 1598 1935 1652 dum
1961 1598 2089 1653 mihi
2139 1602 2329 1655 suadet
2387 1602 2739 1669 Morkensius,
2787 1607 2875 1673 qui
2930 1608 3127 1662 bullam
3172 1620 3282 1676 aut,
3336 1611 3382 1666 si

1808 1690 2006 1757 mavis,
2075 1690 2262 1754 Breve,
2297 1693 2440 1762 quod
2486 1694 2722 1749 Brunoni
2778 1696 3056 1753 Paschalis
3105 1700 3381 1769 impertiit,

1739 1767 1781 1821 Β
1807 1780 2075 1850 integrum
2105 1781 2364 1837 hactenus
2409 1783 2460 1836 in
2493 1783 2777 1839 Calabrina
2825 1785 2882 1840 S.
2932 1767 3193 1856 Stephani
3223 1791 3401 1845 domo.

1805 1883 1898 1925 seu
1926 1868 2208 1925 Carthusia
2236 1873 2526 1937 asservari,
2553 1875 2602 1927 in
2628 1876 3378 1947 cltronologieo-diplomatica

1806 1973 1900 2013 sua
1941 1960 2007 2013 de
2036 1958 2095 2014 S.
2122 1960 2369 2017 Brunone
2401 1962 2634 2017 Diatriba
2664 1963 2918 2030 allirmat,
2955 1967 3203 2037 httneque
3242 1985 3382 2036 pra:-

1806 2059 1951 2105 tcrea
2004 2051 2191 2106 scribit
2248 2053 2302 2107 in
2350 2055 2612 2109 modum:
2670 2075 2688 2107 ‹
2733 2055 3008 2112 Paschalis
3059 2060 3099 2113 ll
3148 2077 3279 2131 papa
3327 2078 3381 2117 vt

1804 2137 1922 2192 Kal.
1944 2140 2172 2209 Augusti
2200 2156 2342 2196 anno
2370 2143 2513 2198 1011-
2531 2143 2693 2199 Mileti
2723 2147 2963 2202 existens
2990 2163 3179 2204 omnes
3210 2153 3380 2206 dona-

1805 2229 1999 2297 tiones,
2028 2231 2401 2288 immunitates
2428 2243 2731 2305 caeteraque
2758 2238 3058 2306 privilegia,
3083 2256 3113 2293 a
3131 2241 3380 2311 Rogeriis

1802 2321 1938 2376 duce
1966 2330 2021 2375 et
2044 2324 2243 2377 comite
2268 2337 2544 2388 concessa,
2577 2325 2645 2379 ab
2676 2327 2943 2397 episcopis
2976 2326 3082 2397 (adi
3111 2330 3379 2387 num.558

1801 2421 1853 2466 et
1891 2413 2032 2482 seq.)
2055 2413 2483 2483 liheginensibus
2504 2425 2560 2468 et
2579 2415 3039 2485 Squillacensibus
3060 2419 3379 2488 approbata,

1800 2512 1854 2556 et
1885 2503 1952 2554 ab
1978 2501 2197 2556 Urbano
2227 2500 2267 2555 ll
2298 2502 2637 2568 confirmata,
2665 2508 2789 2559 data
2812 2507 2953 2560 bulla
2986 2509 3323 2564 corroborat.
3351 2531 3369 2560 ι

1800 2591 1875 2646 lta
1901 2591 2007 2656 ille,
2038 2599 2094 2645 et
2120 2599 2265 2646 recte
2302 2592 2541 2661 quidem,
2569 2607 2828 2663 quantum
2877 2599 3090 2666 opinor,
3122 2599 3246 2655 licet
3296 2602 3380 2655 in-

1802 2684 1956 2737 terim
1987 2684 2157 2752 ipsam
2180 2683 2380 2737 bullam
2411 2686 2760 2752 pontiﬁciatn,
2786 2703 2892 2756 quo
2928 2690 3128 2744 certius
3158 2692 3224 2746 de
3249 2692 3374 2756 illis,

1799 2792 1919 2847 quae
1949 2777 2038 2831 hic
2076 2778 2351 2831 memoriae
2398 2778 2596 2847 prodit,
2636 2781 2987 2849 pronuntiare
3037 2797 3272 2851 possem.
3308 2784 3374 2839 ad

1800 2881 2015 2920 manum
2030 2865 2220 2920 vellem
2248 2865 2446 2921 habere

1870 2958 1991 3013 726.
2021 2960 2092 3014 At
2138 2976 2285 3026 vero,
2322 2978 2445 3017 cum
2492 2966 2759 3020 modicum
2801 2966 3061 3022 duntaxat
3117 2969 3375 3037 temporis

1798 3048 2026 3117 spatium
2088 3060 2207 3119 post
2245 3068 2553 3108 concessam
2596 3071 2627 3109 a
2681 3055 2937 3112 Paschale
2977 3058 3178 3113 Bullam
3228 3069 3377 3113 esset

1794 3140 2060 3209 elapsum,
2110 3140 2368 3212 languore
2421 3159 2512 3199 seu
2570 3145 3000 3211 inﬁrmitatibus,
3053 3151 3371 3218 quituseum

1795 3228 2044 3295 Sanctus,
2073 3240 2129 3285 ut.
2160 3233 2381 3300 dictum,
2428 3233 2539 3301 jam
2587 3238 2654 3290 ab
2713 3253 2854 3292 anno
2906 3238 3041 3292 1100
3089 3239 3367 3292 autetiam

1792 3322 1951 3391 paulo
1977 3322 2333 3379 citiusfuerat
2397 3325 2753 3389 coxitlictatus,
2815 3327 3073 3396 paulatim
3122 3329 3365 3398 ingrave-

1795 3414 2091 3479 scentibus,
2123 3417 2494 3483 graviss‘tmum
2516 3417 2700 3472 incilit
2725 3419 2775 3471 itt
2807 3419 3071 3483 morbum,
3102 3435 3207 3489 qtto
3245 3428 3359 3475 tan-

1791 3506 1912 3561 dem
1966 3506 2032 3560 ad
2089 3517 2330 3561 extrema
2377 3507 2637 3562 deductus
2678 3524 2708 3563 e
2753 3509 2964 3563 mortali
3007 3511 3109 3565 hac
3154 3511 3265 3565 vita
3294 3511 3363 3565 ad

1792 3595 2172 3663 immortalem,
2193 3606 2420 3651 vocante
2440 3613 2561 3653 eam
2584 3600 2649 3652 ad
2677 3599 2927 3653 ctefestes
2951 3600 3163 3669 nuptias
3185 3601 3368 3655 Domi-

1788 3702 1878 3749 no,
1940 3688 2217 3759 migravit;
2260 3700 2320 3743 ut
2362 3698 2541 3745 autem
2599 3690 2679 3743 vir
2724 3691 2953 3745 Sanctus
2980 3701 3208 3746 mortem
3265 3694 3368 3747 sibi

1792 3780 2227 3848 appropinquare
2275 3781 2463 3848 sensit,
2493 3781 2687 3837 fratres
2728 3797 2855 3836 suos
2875 3799 2966 3837 seu
2985 3783 3272 3853 discipulos
3300 3786 3365 3839 ad

1789 3885 1850 3925 se
1875 3872 2108 3937 vocavit,
2141 3872 2326 3940 eisque
2348 3872 2510 3926 totius
2532 3872 2654 3926 vita:
2679 3886 2788 3927 sute
2807 3874 2874 3928 ab
2899 3872 3121 3928 infantia
3148 3889 3364 3930 cursum

1787 3963 2065 4032 exposuit,
2094 3962 2306 4032 aliaque
2330 3964 2606 4033 praestitit,
2637 3980 2755 4033 qua:
2782 3964 2833 4018 in
2864 3966 3154 4035 encyclica,
3198 3980 3359 4034 quam

1787 4054 1854 4108 de
1883 4054 2053 4108 sancti
2110 4053 2281 4106 Patris
2336 4053 2418 4106 sui
2474 4055 2621 4106 obittt
2664 4054 3034 4123 scripserunt,
3092 4068 3364 4123 quamque

1787 4146 2051 4216 integram
2103 4145 2294 4198 Titulis
2351 4145 2667 4198 funebribus
2724 4145 3075 4213 praemittam,
3140 4144 3361 4212 epistola

1787 4239 2020 4307 religiosi
2051 4238 2351 4291 Turritanze
2381 4238 2547 4291 eremi
2568 4237 2752 4291 incolae
2776 4245 3068 4305 exponunt.
3098 4255 3115 4287 ι
3150 4235 3362 4302 Sciens,

1786 4333 2055 4402 inquiunt,
2087 4332 2213 4401 quia
2247 4331 2391 4384 venit
2439 4331 2568 4384 hora
2598 4326 2734 4395 ejus,
2767 4336 2824 4379 ιιι
2850 4336 3087 4379 transcat
3141 4343 3204 4381 cx
3262 4328 3364 4383 hoc

1786 4424 1986 4478 mundo
2016 4424 2081 4477 ad
2101 4422 2338 4488 Patrem,
2364 4420 2673 4476 convocatis
2713 4417 2967 4470 fratribus
2989 4418 3123 4480 suis,
3157 4418 3223 4471 ab
3247 4418 3361 4489 ipsa

1791 4514 2016 4569 infantia
2046 4512 2285 4578 singulas
2319 4519 2506 4567 anates
2555 4524 2683 4564 suas
2744 4507 3046 4577 rt-plicavit,
3106 4518 3160 4564 et
3202 4512 3364 4565 totius

1789 4604 2044 4672 temporis
2072 4603 2154 4656 sui
2184 4604 2408 4659 scientia
2430 4608 2488 4656 et
2514 4600 2778 4655 sententia
2834 4599 3082 4670 dignum,
3116 4620 3133 4653 ι
3168 4601 3219 4655 id
3247 4616 3354 4664 est.

1787 4703 1846 4748 ut
1880 4692 2215 4748 Mabillonius
2239 4693 2292 4747 in
2320 4689 2618 4748 Annalibus
2643 4689 2732 4744 lib.
2757 4706 2883 4755 Lxx,
2918 4706 3065 4745 num.
3095 4690 3164 4746 29
3198 4693 3362 4745 inter-

1786 4798 2047 4862 pretatur,
2094 4808 2113 4840 ι
2144 4789 2320 4844 divina
2360 4786 2825 4855 animadversione
2878 4788 3094 4857 dignum
3150 4787 3361 4858 procla-

1787 4888 1969 4942 mavit.
1999 4888 2190 4943 Postea
2236 4886 2394 4941 ﬁdem
2422 4900 2571 4939 suam
2596 4885 2662 4939 de
2688 4882 2951 4939 Trinitate
3003 4893 3277 4954 protracto
3306 4895 3361 4940 et

1780 4977 2044 5048 profundo
2070 4993 2318 5033 sermone
2363 4977 2608 5046 exposuit
2648 4987 2702 5031 et
2736 4976 3003 5030 conclusit
3035 4977 3133 5031 sic.
3173 4996 3191 5028 ι
3224 4976 3358 5029 Pro-

1782 5068 2033 5123 fessionis
2082 5067 2202 5121 fidei
2241 5067 2421 5132 modo,
2475 5082 2640 5136 quam
2703 5064 2937 5119 Sanctus
2984 5074 3109 5118 tunc
3154 5065 3356 5130 emisit,

1780 5168 1991 5229 partem
2048 5157 2415 5228 subiungunt;
2471 5171 2657 5211 verum
2710 5155 2869 5219 hanc,
2938 5162 3046 5206 tum
3087 5162 3166 5214 ut,
3216 5153 3357 5221 quod

1781 5264 1942 5318 supra
1975 5249 2223 5318 promisi,
2253 5255 2523 5316 praestem,
2555 5255 2665 5299 tum
2702 5261 2768 5299 ne
2807 5245 2894 5298 hic
2954 5244 3242 5311 pretiosum
3267 5259 3357 5298 vc-

1779 5340 2034 5394 nerandze
2079 5337 2421 5409 antiquitatis
2464 5349 2716 5406 puraeque
2770 5349 2834 5388 ac
2883 5332 3099 5387 illibata:
3172 5330 3356 5386 Sancti

1776 5432 1949 5485 nostri
1979 5430 2102 5485 fidei
2134 5435 2541 5485 monumentum
2566 5424 2806 5479 studioso
2832 5423 3016 5478 lectori
3047 5421 3357 5477 desileran-

1778 5523 1903 5577 dum
1961 5522 2284 5592 relinquam,
2337 5522 2600 5590 integram
2643 5518 2750 5572 huc
2798 5516 3093 5572 transferre
3140 5516 3284 5571 lubet
3326 5532 3356 5572 e

1775 5621 1986 5680 quarto,
2017 5613 2101 5666 cui
2130 5611 2195 5665 ad
2222 5626 2344 5681 pag.
2369 5609 2473 5665 400
2508 5616 2685 5664 exstat
2734 5607 3017 5676 insertum,
3072 5605 3355 5687 Analecta-

1777 5716 1896 5775 rum
1926 5699 2212 5759 Mabillonii
2243 5708 2406 5754 tomo.

1716 4462 1760 4515 Ι)
