3860 6320
492 329 595 386 M7

1298 324 1357 380 s.
1388 322 1733 380 BBUNONIS
1771 317 2411 379 canrnusnaonun
2451 316 2932 374 lNSTlTUTOltlS
3644 320 3729 375 na

565 442 687 496 727.
717 440 794 495 lta
845 439 1051 493 habet:
1092 454 1110 487 ι
1141 435 1317 491 Credo
1369 436 1599 491 firmiter
1648 436 1700 491 iu
1756 434 1969 488 Patrem
2027 439 2082 484 et
2111 438 2155 492 Α
2188 427 2352 482 fundo
2383 443 2632 483 sermone
2660 427 2908 497 exposuit
2968 434 3020 481 et
3077 426 3346 482 conclusit
3397 427 3493 491 sic,
3530 447 3545 479 ι
3578 430 3730 487 Credo

495 531 693 586 Filium
757 538 813 584 et
839 526 1104 597 Spiritum
1157 534 1435 590 sanctum,
1493 522 1708 578 Patrem
1756 522 2075 593 ingenitum,

496 622 691 677 Filium
721 620 1080 690 unigenitum,
1135 615 1395 688 Spiritum
1445 616 1706 671 Sanctum
1743 629 1807 668 ex
1852 622 2080 681 utroque

497 710 919 782 procedentem,
970 718 1027 764 et
1074 709 1172 764 has
1206 716 1317 763 tres
1367 721 1627 777 personas
1671 719 1835 758 unum
1888 704 2076 757 Deum.

499 804 675 861 Credo
702 804 847 873 quod
877 802 1017 857 idem
1049 801 1141 856 Dei
1187 800 1355 855 Filius
1378 809 1670 869 conceptus
1692 797 1763 852 sit
1784 798 1848 851 de
1876 796 2078 866 Spiritu

499 905 690 951 sancto
714 911 778 950 ex
812 894 977 949 Maria
1003 892 1243 963 Virgine.
1284 892 1458 947 Credo
1509 892 1650 961 quod
1689 890 1851 961 Virgo
1889 889 2082 945 castis-

500 989 635 1044 sima
667 987 979 1043 fueritante
1003 993 1238 1055 partum,
1288 984 1440 1053 virgo
1498 982 1549 1036 in
1616 990 1798 1051 partu,
1850 988 1905 1036 et
1958 988 2082 1051 post

499 1089 739 1150 partum,
768 1080 920 1147 virgo
945 1079 996 1133 in
1020 1087 1280 1133 reternum
1308 1075 1691 1142 permanserit.
1721 1073 1915 1137 Credo,
1940 1072 2082 1143 quod

500 1172 641 1228 idem
689 1172 782 1228 Dei
839 1170 1005 1225 Filius
1070 1174 1365 1236 conceptus
1413 1165 1651 1220 sitinter
1693 1166 1960 1228 homines,
2023 1166 2084 1218 ut

500 1276 663 1316 verus
709 1264 891 1320 homo.
922 1258 1037 1313 sine
1082 1265 1324 1327 peccato.
1378 1246 1553 1310 Credo
1614 1254 1755 1324 quod
1795 1254 1934 1309 idem
1987 1251 2082 1306 Dei

501 1351 669 1407 Filius
691 1350 949 1405 invidiose
976 1364 1003 1401 a
1029 1347 1250 1417 perﬁdis
1269 1345 1472 1403 Judmis
1493 1354 1680 1415 captus
1701 1347 1793 1411 sit,
1827 1344 2085 1413 injuriose

501 1452 790 1503 tractatus.
850 1439 1049 1509 injuste
1108 1439 1327 1510 ligatus,
1380 1448 1717 1509 consputus,
1762 1437 2083 1509 flagellatus,

500 1542 747 1588 mortuus
776 1540 828 1586 et
856 1531 1115 1601 sepultus.
1177 1531 1465 1587 Descendit
1485 1532 1553 1585 ad
1581 1530 1804 1597 inferos,
1838 1539 1894 1585 ut
1916 1529 2087 1597 capti-

498 1640 596 1680 vos
621 1639 748 1681 suos
785 1623 909 1679 inde
948 1623 1223 1689 liberaret,
1273 1624 1552 1680 descendit
1595 1632 1815 1693 propter
1868 1624 2085 1679 redem.

498 1716 736 1784 ptionem
767 1723 1026 1777 nostram,
1064 1723 1119 1769 et
1147 1715 1464 1773 resurrexit.
1511 1715 1769 1770 Ascendit
1797 1716 1864 1769 ad
1894 1716 2083 1780 eteius,

2187 538 2203 570 ‹
2237 519 2399 573 etiavn
2433 528 2775 573 sacramenta
2827 532 2948 587 quae
3001 528 3184 571 sancta
3234 516 3405 573 credit
3447 526 3500 572 et
3539 534 3729 577 venera-

2188 626 2206 661 t
2237 616 2324 662 tur
2347 607 2585 663 Ecclesia
2620 617 2711 661 :et
2740 607 3058 660 nominatim
3091 622 3283 677 panem
3315 617 3369 663 et
3396 609 3596 674 vinum,
3629 626 3729 680 qua:

2189 718 2208 753 ο
2233 708 2623 755 consecrantur
2653 698 2703 753 in
2737 698 3051 768 altari,post
3080 699 3545 754 consecrationem
3572 716 3730 757 verum

2190 808 2207 841 ι
2237 803 2435 858 corpus
2462 804 2583 843 esse
2653 786 2866 843 Domini
2915 787 3087 843 nostri
3130 785 3258 843 Jesu
3307 787 3531 852 Christi,
3574 805 3731 845 veram

2190 898 2208 933 ι
2243 895 2462 934 carnem
2493 888 2547 934 et
2577 895 2761 934 verum
2793 879 3132 951 sanguinem,
3184 895 3304 949 qua:
3326 889 3382 935 et
3412 895 3509 934 nos
3560 882 3732 951 accipi-

2190 991 2208 1024 ι
2248 987 2366 1027 mus
2393 972 2445 1027 in
2477 972 2850 1028 remissionem
2881 981 3229 1041 peccatorum
3279 981 3602 1035 nostrorum,
3627 985 3733 1029 etin

2189 1080 2207 1115 ε
2243 1076 2340 1132 spe
2395 1061 2585 1116 salutis
2632 1070 2867 1127 alterum,
2897 1080 2915 1113 ι
2964 1076 3063 1117 nec
3111 1069 3295 1117 tamen
3370 1062 3552 1116 verbis
3599 1063 3726 1118 hisce

2183 1152 2537 1209 concludatur
2564 1153 2722 1209 modo
2746 1154 2893 1218 data,
2925 1170 3087 1224 quam
3129 1154 3367 1209 Sanctus
3392 1154 3550 1207 morti
3583 1156 3735 1223 proxi-

2185 1260 2307 1299 mus
2336 1244 2536 1310 emisit,
2572 1244 2692 1299 fidei
2743 1244 3042 1315 professio;
3068 1243 3167 1299 etsi
3198 1245 3345 1300 enim
3396 1244 3544 1300 hisce
3588 1246 3646 1301 de
3669 1262 3735 1301 re-

2185 1337 2403 1393 condito
2436 1336 2790 1392 Eucharistize
2810 1345 3154 1392 sacramento
3177 1337 3357 1392 verbis
3372 1336 3475 1390 alia
3491 1338 3735 1402 nonnulla,

2185 1445 2305 1499 qua:
2328 1430 2394 1483 ad
2424 1428 2581 1485 fidem
2609 1429 2676 1484 de
2718 1428 3063 1484 sanctissima
3100 1429 3369 1483 Trinitate
3402 1439 3667 1500 spectant,
3692 1432 3735 1484 in

2180 1522 2292 1590 jam
2360 1523 2590 1578 recitato
2644 1538 2676 1578 e
2737 1522 3032 1579 Mahillonii
3086 1522 3364 1578 Analectis
3419 1535 3737 1579 monumento

2188 1616 2505 1679 subdantur,
2532 1615 2648 1685 ipso
2678 1624 2855 1670 tamen
2877 1615 3040 1669 etiam
3071 1613 3229 1683 hujus
3259 1614 3417 1669 initio
3442 1616 3618 1679 verba,
3639 1617 3734 1686 qui.

2188 1709 2289 1763 bus
2310 1724 2462 1763 suam
2502 1706 2735 1762 Sanctus
2774 1708 2839 1763 de
2865 1707 3053 1763 eadem
3112 1706 3456 1761 sanctissima
3507 1705 3737 1761 Trinitate

500 1783 627 1861 inde
650 1814 911 1863 venturus
930 1815 1013 1860 est
1042 1806 1290 1876 judicare
1327 1806 1479 1862 vivos
1512 1818 1567 1861 et
1622 1816 1884 1862 mortuos.
1907 1806 2081 1862 Credo
2117 1783 2161 1843 Β
2191 1800 2349 1856 fidem
2372 1799 2640 1870 exposuit,
2659 1806 2953 1869 ponuntur,
2982 1813 3082 1853 nec
3124 1798 3234 1857 nisi
3265 1806 3387 1868 post
3439 1799 3615 1860 verba,
3641 1799 3736 1868 qni-

501 1893 853 1953 Sacratnenta
913 1913 1035 1967 qua:
1095 1896 1376 1954 Catholica
1439 1897 1612 1953 credit
1678 1905 1733 1954 et
1793 1907 2084 1953 veneratur

499 1987 742 2045 Ecclesia
774 2009 789 2045 :
821 1998 876 2045 et
911 1989 1254 2054 nominatim,
1285 1990 1428 2060 quod
1452 1990 1869 2047 consecratur-in
1900 1990 2082 2057 altari,

498 2095 694 2138 verum
739 2095 940 2151 corpus
968 2096 1109 2148 esse,
1147 2096 1332 2136 veram
1373 2097 1593 2137 carnem
1641 2091 1699 2137 ει
1744 2096 1934 2139 verum
1958 2096 2089 2136 san-

502 2173 719 2242 guinem
770 2171 982 2227 Domini
1045 2172 1214 2229 nostri
1262 2171 1391 2229 Jesu
1442 2173 1666 2238 Christi,
1714 2187 1875 2245 quem
1902 2180 1958 2227 et
1989 2187 2088 2230 nos

502 2263 801 2332 accipimus
848 2264 901 2317 in
936 2264 1309 2319 remissionem
1360 2272 1708 2334 peccatorum
1750 2272 2082 2331 nostrorum,

503 2357 560 2412 in
589 2371 742 2426 spem
796 2355 989 2412 salutis
1035 2366 1275 2412 :eternae.
1298 2355 1474 2412 Credo
1515 2356 1697 2411 carnis
1732 2357 2088 2413 resurrectio-

496 2463 651 2516 nem,
696 2449 864 2504 vitam
913 2457 1192 2504 aeternam.
1241 2450 1435 2504 Amen.
1494 2449 1769 2505 Confiteor
1817 2458 1873 2504 et
1921 2449 2088 2504 credo

505 2549 752 2595 sanctam
778 2548 943 2610 atque
972 2537 1297 2595 ineﬂ‘abilem
1334 2539 1682 2604 Trinitatem,
1743 2539 1983 2605 Patrem,
2033 2548 2090 2594 et

502 2631 698 2688 Filium
725 2640 777 2686 ct
801 2632 1062 2701 Spiritum
1106 2642 1373 2695 sanctum,
1429 2647 1594 2687 unum
1630 2631 1811 2686 Deum
1863 2641 2089 2687 natura-

505 2721 639 2786 lem,
670 2723 827 2778 unius
859 2723 1192 2785 substantiae,
1226 2723 1386 2777 unius
1407 2723 1814 2785 naturtc,unins
1835 2721 2089 2789 majesta-

507 2811 578 2866 tis
599 2819 761 2882 atque
787 2812 1024 2868 virtutis.
1055 2812 1121 2867 Et
1142 2812 1356 2867 Patrem
1407 2812 1625 2882 quidem
1674 2828 1779 2868 non
1820 2813 2087 2882 genitum,

506 2917 613 2957 non
643 2913 906 2968 creatum,
938 2904 1031 2959 sed
1067 2905 1361 2974 ingenitum
1407 2905 1743 2974 profitemur.
1774 2906 1893 2974 Ipse
1926 2904 2088 2961 Pater

506 3005 538 3047 a
571 2991 715 3047 nullo
735 2994 997 3064 originem
1026 2995 1194 3060 ducit,
1260 3010 1328 3050 ex
1357 3011 1465 3065 quo
1507 2996 1673 3052 Filius
1727 2998 2083 3061 nativitatem,

504 3090 561 3137 et
582 3081 815 3154 Spiritus
836 3093 1057 3139 sanctus
1099 3086 1752 3158 processionemaccep‘t.
1796 3087 1934 3143 Fons
1976 3089 2091 3158 ipse

505 3174 673 3246 igitur
699 3185 754 3232 et
777 3177 929 3248 origo
983 3188 1067 3232 est
1121 3179 1285 3232 totius
1314 3179 1656 3235 divinitatis:
1698 3180 1811 3250 ipse
1872 3196 2090 3251 quoque

504 3267 667 3324 Pater
695 3269 929 3325 essentia
984 3269 1200 3338 quidem
1259 3270 1568 3338 ineffabilis,
1623 3273 1929 3329 substantia
1993 3290 2090 3330 sua

500 3358 699 3418 Filium
725 3362 911 3430 genuit
964 3361 1329 3428 inefl‘abiliter,
1378 3379 1476 3419 nec
1518 3375 1696 3421 tamen
1724 3366 1891 3430 aliud,
1926 3382 2089 3438 quam

504 3454 647 3522 quod
680 3454 796 3522 ipse
836 3461 939 3507 est.
967 3452 1161 3508 Genuit
1200 3452 1343 3510 Deus
1378 3455 1568 3521 Deum,
1594 3455 1709 3510 Lux
1747 3455 1971 3512 Lucem.
2008 3457 2091 3514 Ab

506 3543 625 3612 ipso
651 3558 781 3615 ergo
811 3553 896 3599 est
922 3543 1099 3599 omnis
1145 3546 1444 3614 paternitas
1483 3547 1536 3602 in
1577 3546 1718 3603 cmlo
1744 3555 1799 3603 et
1836 3547 1889 3602 in
1917 3556 2088 3603 terra.

505 3634 701 3692 Amen.
739 3654 757 3686 ι
1660 3678 1661 3681 η

579 3723 701 3779 728.
738 3723 1142 3780 Monumentum
1158 3727 1261 3783 hoc
1291 3728 1431 3798 apud
1463 3727 1829 3783 Mabillonium
1855 3743 2088 3800 sequen-

508 3822 616 3868 tem
642 3814 694 3868 in
730 3815 910 3884 capite
941 3816 1151 3871 titulum
1178 3826 1290 3881 aut,
1317 3818 1362 3873 si
1386 3819 1580 3883 mavis,
1605 3820 1859 3890 scriptam
1888 3836 1917 3874 a
1952 3820 2091 3875 San-

506 3903 581 3958 ς·ιί
630 3904 906 3973 discipulis
947 3906 1183 3961 notulam
1237 3908 1496 3979 praefert:
1531 3928 1549 3961 ι
1584 3908 1768 3965 Fidem
1845 3912 2086 3981 magistri

506 3992 796 4059 Brunonis,
819 4011 981 4065 quam
1003 3999 1370 4055 communiter
1395 4000 1658 4057 fratribus
1684 4002 1797 4058 suis
1824 4014 2091 4073 pr0testa-

507 4092 596 4139 tus
624 4092 729 4147 est.
772 4101 894 4140 cum
925 4087 1114 4142 horam
1169 4088 1270 4144 sibi
1326 4090 1761 4161 appropinquare
1806 4095 2087 4163 sensisset,

506 4184 569 4230 ut
588 4177 765 4232 omnis
786 4178 969 4234 carnis
992 4178 1135 4234 viam
1158 4180 1554 4250 ingrederetur,
1578 4184 1835 4255 scriptam
1869 4200 2090 4242 servare

505 4270 838 4336 curavimus,
893 4287 959 4327 eo
1013 4272 1157 4342 quod
1187 4274 1322 4328 satis
1377 4273 1565 4329 intime
1613 4290 1798 4330 coram
1858 4276 1967 4332 Deo
1991 4294 2090 4334 nos

508 4359 649 4417 illius
673 4363 794 4418 fidei
814 4372 978 4419 testes
1010 4378 1129 4420 esse
1176 4373 1412 4434 rogaret.
1445 4384 1465 4420 ι
1512 4365 1801 4431 Surianus,
1827 4368 1918 4437 qui
1953 4384 2089 4438 quo-

2187 1894 2309 1959 bus,
2331 1909 2451 1963 qua:
2476 1892 2577 1947 alia
2606 1892 2781 1947 adhuc
2809 1890 3080 1954 crederet,
3106 1889 3343 1945 Sanctus
3373 1889 3638 1958 professus
3651 1900 3734 1950 est,

2188 1994 2489 2055 sequuntur
2511 1983 2759 2054 proxime
2785 1982 2890 2038 huc
2923 1982 3271 2050 transcripta,
3302 1981 3503 2051 quibus
3533 1995 3670 2035 suam
3686 1982 3738 2036 de

2186 2075 2534 2133 sanctissimo
2598 2074 2982 2141 reconditoque
3032 2072 3390 2128 Eucharistim
3433 2084 3738 2127 sacramento

2190 2171 2346 2225 fidem
2375 2168 2635 2224 fratribus
2669 2166 2973 2224 astantibus
3002 2165 3319 2221 declaravit.

2260 2259 2384 2317 739.
2418 2258 2571 2328 Quod
2601 2274 2727 2314 cum
2759 2257 2833 2313 ita
2868 2258 2978 2321 sit,
3024 2256 3218 2312 merito
3258 2264 3531 2325 utcunque
3580 2254 3737 2309 Turri-

2191 2360 2330 2409 tanm
2356 2352 2524 2408 eremi
2555 2350 2745 2407 incolae
2766 2366 2860 2405 seu
2890 2349 2948 2403 S.
2978 2348 3249 2404 Brunonis
3272 2346 3523 2418 discipuli
3553 2347 3600 2401 in
3627 2362 3736 2417 prae.

2191 2440 2299 2496 fata
2335 2439 2562 2511 epistola
2586 2439 2877 2511 encyclica,
2903 2448 3147 2493 sanctum
3169 2438 3385 2493 Patrem
3414 2453 3588 2502 suum,
3607 2453 3737 2506 quam

2182 2532 2297 2604 jam
2320 2534 2613 2590 moriturus
2651 2532 2863 2598 emisit,
2919 2531 3041 2587 ﬁdei
3087 2546 3199 2586 suae
3244 2529 3630 2601 professionem
3670 2530 3737 2588 iis.

2191 2642 2311 2698 qua:
2348 2627 2416 2682 de
2463 2625 2805 2681 Eucharistia
2862 2624 3132 2690 crederet,
3182 2621 3516 2678 conclusisse
3540 2636 3626 2676 seu
3654 2632 3739 2675 tero

2192 2722 2449 2784 minasse,
2478 2720 2651 2785 aiunt,
2710 2719 2834 2773 licet
2886 2718 3104 2773 interim
3136 2717 3341 2779 verbis,
3391 2730 3491 2786 per
3530 2714 3740 2768 laudatos

2193 2813 2376 2869 Sancti
2408 2811 2699 2883 discipulos
2725 2811 2927 2876 allatis,
2959 2809 3157 2880 quibus
3190 2809 3240 2863 id
3286 2808 3435 2874 fecit,
3491 2808 3589 2862 alia
3629 2823 3739 2862 non-

2192 2905 2336 2961 nulla
2366 2906 2431 2961 de
2457 2904 2798 2960 sanctissima
2829 2902 3101 2957 Trinitate
3142 2901 3465 2957 subdantur.
3522 2900 3659 2969 Quod
3703 2899 3739 2953 si

2194 2996 2245 3052 id
2295 2996 2595 3067 displiceat,
2654 2995 2941 3051 dicendum
2999 2993 3249 3063 equidem
3298 2994 3481 3064 potius
3542 2992 3739 3053 videtur,

2192 3088 2496 3144 Turritanze
2527 3088 2693 3144 eremi
2738 3086 2923 3141 Sancti
2976 3084 3272 3155 discipulos
3299 3084 3353 3139 in
3380 3084 3642 3154 loquendo
3666 3082 3741 3135 mi-

2193 3195 2297 3236 nus
2344 3178 2512 3235 fuisse
2536 3187 2779 3243 exactos,
2805 3193 2968 3248 quam
3005 3177 3311 3247 antiquum,
3354 3177 3498 3247 quod
3530 3192 3559 3231 e
3587 3173 3737 3229 Mabil-

2191 3270 2320 3326 lonii
2349 3271 2626 3327 Analectis
2652 3271 2796 3338 dedi,
2828 3270 3212 3327 documentum
3259 3282 3383 3323 esse
3438 3276 3739 3337 corruptum,

2191 3363 2361 3417 autin
2391 3364 2601 3429 ordine,
2656 3377 2781 3432 quo.
2831 3376 2952 3431 qua:
3004 3359 3410 3431 complectitur,
3464 3369 3572 3414 tam
3626 3357 3739 3427 apud

2191 3456 2538 3527 hunc,qnam
2566 3454 2706 3526 apud
2747 3455 3042 3510 Surianum
3092 3452 3263 3519 posita
3323 3460 3471 3518 sunt,
3517 3465 3627 3506 esse
3652 3463 3742 3518 per.

2193 3548 2492 3604 turbatum.
2546 3547 2687 3616 Quid
2743 3546 2850 3602 hoc
2899 3554 3168 3616 praetcrea
3228 3543 3442 3598 ratione
3496 3541 3740 3603 doctrina),

2191 3638 2455 3696 doctrinm
2484 3638 2899 3709 Berengariana)
2921 3650 2951 3691 e
2978 3635 3244 3692 diametro
3271 3642 3534 3703 quantum
3563 3632 3623 3685 ad
3643 3644 3741 3682 san-

2191 3730 2493 3786 ctissimum
2574 3727 2933 3785 Encharistia:
3010 3734 3415 3782 sacramentum
3493 3722 3741 3794 opposita»,

2191 3823 2558 3878 annotandum
2588 3820 2802 3887 offerat,
2827 3819 2983 3874 facile
3007 3819 3237 3889 quisque
3266 3832 3333 3872 ex
3360 3817 3447 3881 iis,
3480 3831 3593 3884 qnze
3621 3827 3741 3868 num.

2191 3915 2260 3970 68
2283 3923 2338 3970 et
2357 3929 2473 3984 seq.
2500 3913 2641 3969 dicta
2676 3920 2823 3976 sunt,
2846 3911 3157 3981 perspiciet.
3189 3908 3371 3976 Quare
3404 3924 3470 3963 eo
3508 3905 3742 3962 remisisse

2191 4005 2448 4062 lectorem
2481 4013 2791 4064 contentus,
2821 4020 2883 4058 ea
2919 4004 3100 4066 modo,
3130 4017 3250 4072 qua:
3273 4000 3339 4055 de
3372 4009 3626 4068 tempore,
3658 4010 3742 4066 quo

2193 4097 2428 4153 Sanctus
2454 4096 2521 4150 ad
2551 4096 2791 4165 Superos
2852 4093 3127 4165 migravit,
3156 4091 3383 4148 dicenda
3426 4089 3513 4145 hic
3550 4095 3737 4147 restant,

2191 4188 2442 4258 expedio.
2505 4187 2691 4243 Sancti
2739 4186 2794 4241 in
2835 4184 3141 4241 Turritanze
3195 4198 3380 4238 eremo
3422 4179 3655 4251 discipuli
3700 4179 3740 4231 in

2192 4278 2420 4351 epistola
2462 4279 2761 4351 encyclica.
2806 4277 2873 4331 ad
2911 4277 3157 4331 diversas
3185 4274 3449 4330 ecclesias
3500 4280 3738 4328 monaste-

2192 4372 2383 4442 riaque
2429 4372 2629 4441 scripta
2675 4370 2895 4440 jamque
2922 4368 3117 4439 sacpius
3167 4365 3426 4431 laudata,
3480 4380 3580 4435 qua
3625 4363 3741 4417 hisce

506 4467 614 4524 quc
644 4464 1050 4509 ῐιιοηιηηοηιιηη
1112 4455 1240 4510 illud
1284 4457 1577 4525 integrum.
1627 4472 1658 4512 a
1709 4457 2090 4514 Mabilloniano
2120 4478 2169 4538 υ
2195 4463 2529 4520 dilectissimi
2552 4463 2729 4518 Patris
2759 4462 2842 4518 sui
2870 4462 3079 4516 obitum
3109 4460 3452 4523 nuntiarunt,
3486 4468 3741 4529 precesque

505 4544 801 4613 exetnplari
847 4546 899 4600 in
950 4548 1221 4603 nonnullis
1281 4549 1552 4604 duntaxat
1597 4548 1776 4619 exigui
1833 4551 2091 4606 momenti

504 4633 832 4693 lect'onibns
890 4637 1190 4705 diversum,
1241 4641 1294 4696 in
1342 4641 1458 4696 suis
1514 4641 1581 4695 ad
1625 4642 2009 4697 concinnatam
2059 4659 2091 4698 a

508 4726 671 4783 Surio
700 4728 759 4783 S.
803 4729 1070 4787 Brunonis
1092 4731 1271 4788 Vitam
1332 4733 1790 4789 Annotationibus
1834 4751 1959 4808 pag.
1987 4735 2095 4792 255

505 4828 563 4874 et
590 4835 705 4890 seq.
733 4822 944 4887 recitat,
976 4823 1140 4880 fuisse
1167 4825 1220 4879 id
1272 4825 1326 4881 in
1356 4826 1517 4880 domo
1550 4825 1610 4881 S.
1657 4824 1931 4896 Stephani
1953 4844 2095 4886 anno

506 4913 665 4978 1514,
705 4930 812 4985 quo
844 4916 982 4973 hanc
1011 4917 1348 4987 postliminio
1370 4920 1436 4972 ad
1466 4918 1911 4977 Carthusiensem
1943 4923 2094 4977 ordi-

504 5019 631 5062 nem
689 5012 931 5067 revocari
981 5012 1226 5082 contigit,
1284 5012 1337 5066 in
1384 5011 1489 5066 fine
1555 5011 1834 5081 cujusdam
1887 5016 2092 5072 veteris

507 5096 790 5173 Menologii
825 5113 1121 5173 repertum,
1178 5105 1469 5169 observat;
1520 5107 1848 5175 utproinde,
1889 5123 1995 5177 qua
2039 5110 2090 5164 id

505 5189 693 5247 Sancti
747 5192 1020 5265 discipuli,
1068 5194 1412 5249 Calabrinam
1459 5209 1700 5250 eremum
1772 5199 2090 5266 incolentes,

505 5284 714 5340 servari
737 5299 858 5341 sese
882 5299 1124 5349 curasse,
1157 5286 1429 5355 produnt,
1467 5296 1692 5342 exstans
1731 5289 1873 5359 apud
1903 5288 2092 5345 Habil-

505 5372 734 5438 lonium.
783 5393 1020 5448 moxque
1074 5378 1181 5431 huc
1246 5377 1571 5448 transcripta
1624 5380 1807 5435 notula
1849 5397 1948 5451 pro
2002 5399 2093 5437 su-

503 5481 690 5541 specta
713 5469 959 5526 habenda
995 5483 1102 5524 non
1132 5470 1224 5524 sit.
1256 5467 1365 5524 Nec
1400 5479 1484 5524 est
1509 5486 1609 5525 cur
1651 5473 1960 5540 scrupulum
1983 5476 2096 5529 cui-

509 5579 671 5634 quam
694 5573 931 5631 moveat,
971 5565 1113 5633 quod
1137 5564 1379 5636 religiosi
1416 5563 1722 5623 Turritanze
1750 5571 1918 5624 eremi
1946 5570 2095 5625 inco-

509 5656 574 5710 la:
601 5657 653 5711 in
678 5657 905 5727 epistola
934 5656 1209 5727 encyclica
1246 5659 1490 5729 proxime
1547 5660 1764 5717 laudata
1796 5663 1862 5719 de
1894 5662 2096 5719 Sancto

512 5747 696 5803 dicant
725 5766 735 5801 :
762 5767 780 5802 ι
810 5747 998 5803 Fidem
1033 5762 1184 5804 suam
1210 5749 1274 5807 de
1295 5748 1559 5808 Trinitate
1590 5760 1864 5823 protracto
1897 5761 1951 5809 et
1973 5768 2096 5825 pro-

2195 4572 2295 4628 pro
2318 4556 2435 4627 ejns
2460 4556 2639 4611 anima
2666 4555 2731 4609 ab
2761 4555 2951 4609 iisdem
2978 4552 3342 4625 postularunt.
3372 4553 3446 4607 ita
3493 4552 3589 4607 sub
3612 4551 3740 4604 ﬁnem

2196 4649 2444 4705 scribunt
2472 4666 2486 4704 :
2516 4667 2535 4700 ε
2569 4647 2822 4702 Proxima
2838 4645 2927 4701 die
2958 4645 3237 4701 Dominica
3266 4654 3455 4700 sancta
3482 4644 3568 4698 illa
3596 4642 3739 4697 anima

2198 4740 2490 4812 (Brunonis
2513 4738 2784 4809 videlicet)
2816 4753 2982 4793 carne
3012 4736 3189 4791 soluta
3237 4744 3321 4792 est
3376 4735 3549 4806 pridie
3574 4733 3739 4793 Nonas,

2197 4833 2252 4889 id
2280 4842 2385 4900 est,
2419 4841 2570 4888 sexta
2593 4832 2704 4894 die,
2744 4829 3016 4896 Octobris,
3048 4844 3190 4884 anno
3230 4828 3442 4883 Domini
3495 4825 3740 4882 millesimo

2200 4924 2497 4980 centesimo
2520 4924 2712 4993 primo.
2727 4942 2745 4974 ι
2768 4921 2811 4977 Ε
2827 4920 3179 4985 carminibus,
3198 4920 3394 4989 quibus
3413 4917 3739 4988 Epitaphium,

2203 5012 2390 5069 Sancti
2422 5010 2625 5067 tumqu
2647 5012 2951 5081 appositum
2980 5009 3228 5079 infraque
3280 5009 3385 5063 lnte
3409 5006 3741 5062 transcriben-

2200 5107 2604 5175 dum,constat,
2632 5103 2991 5175 penultimum
3044 5103 3122 5158 sic
3167 5102 3367 5158 habet:
3408 5100 3629 5155 «Carnis
3652 5096 3741 5149 vin-

2199 5199 2282 5255 cla
2340 5200 2455 5254 dies
2511 5198 2767 5255 Octobris
2834 5208 2990 5252 sexta
3038 5192 3342 5251 resolvit.»
3405 5194 3596 5261 Quare,
3646 5200 3739 5245 cum

2201 5289 2449 5362 proxime
2502 5305 2531 5343 a
2585 5288 2773 5343 Sancti
2833 5288 2984 5342 obitu
3033 5287 3178 5341 dicta
3231 5285 3461 5357 epistola
3509 5278 3738 5353 encyclica

2197 5384 2398 5453 scripta
2422 5382 2514 5446 sit,
2541 5396 2643 5437 nec
2670 5380 2872 5435 dudum
2918 5380 3081 5434 etiam
3118 5387 3240 5450 post
3287 5377 3610 5448 epitaphium
3639 5368 3737 5426 illud

2200 5475 2389 5533 Sancti
2439 5474 2644 5531 tumulo
2693 5473 2997 5544 appositum
3028 5470 3194 5527 fuisse
3223 5471 3493 5535 videatur,
3524 5468 3736 5523 dnoitan-

2198 5569 2327 5624 dum
2366 5580 2497 5622 sane
2520 5566 2666 5620 nullo
2711 5563 2871 5620 modo
2894 5572 2998 5629 est,
3031 5564 3162 5634 quin
3187 5561 3370 5617 Bruno
3394 5572 3446 5615 ct
3473 5573 3605 5614 anno
3630 5552 3730 5610 filii

2200 5670 2255 5715 et
2296 5667 2448 5715 sexta
2492 5656 2747 5713 Octobris
2800 5655 2886 5710 die
2910 5656 2976 5710 ad
3045 5653 3331 5710 Dominum
3384 5649 3639 5722 migrarit;
3692 5652 3736 5694 ut

2202 5754 2480 5810 enimvero
2511 5752 2815 5808 mirandum
2839 5752 2932 5821 sit,
2965 5749 3223 5805 Tutinum
3267 5748 3322 5804 in
3371 5743 3605 5803 llistorigc
3632 5740 3726 5797 Car-
