3846 6316
143 277 250 333 ιιυ

1664 272 1867 326 ACTA.

2866 195 2897 244 ,

3291 278 3397 337 £50

144 384 423 441 thesieusis
453 384 773 455 Prospectu,
826 401 948 456 pag.
1000 384 1066 438 14
1097 384 1154 439 8.
1198 383 1463 438 Brunonis
1504 385 1711 439 obitum
1742 390 1787 445 Α
1815 384 1995 438 niinns
2027 385 2229 442 diserte
2259 386 2443 452 tradit,
2475 401 2599 459 pag.
2625 388 2690 444 15
2717 388 2797 444 sic
2824 388 3067 445 scribens
3093 408 3105 443 :
3133 408 3150 441 ι
3185 390 3398 466 Corpus

137 493 279 529 anno
296 475 422 528 1102
451 476 784 532 innexuisse.

206 568 319 621 730.
350 567 461 644 Nec
487 571 666 644 minus
692 571 993 624 mirandum
1018 579 1120 635 est,
1155 570 1406 624 llistorize
1434 570 1711 625 litterariae

134 642 362 713 Francius
384 642 684 729 scriptores
709 671 839 716 tom.
875 661 943 715 IX
970 663 1021 714 in
1073 659 1318 715 inferiori
1347 660 1559 731 paginae
1603 660 1709 714 259

134 767 225 804 ora
266 761 471 817 notare,
506 752 718 821 concipi
769 769 873 807 non
931 768 1089 823 posse
1142 752 1235 822 qui
1294 752 1611 806 Ruiuartius
1657 752 1709 805 in

133 840 319 898 Urbani
355 842 399 896 ll
429 858 585 912 papze
632 844 749 897 Vita
780 884 793 906 .
839 861 989 900 num.
1015 845 1050 899 2
1083 860 1204 915 pag.
1237 843 1293 909 8,
1331 843 1389 898 S.
1446 843 1712 899 Brunonis

128 934 318 989 obitum
344 949 494 987 anno
532 934 671 989 1099
722 936 999 999 innectat;
1050 937 1120 992 ibi
1170 936 1316 991 enim
1369 935 1704 999 Ruinartius,

129 1040 231 1079 non
253 1026 309 1078 de
328 1025 612 1091 Brunone,
663 1027 759 1081 sed
789 1029 854 1080 de
897 1027 1114 1083 Urbano
1157 1026 1199 1082 ll
1256 1041 1391 1096 papa
1421 1066 1434 1091 ,
1468 1027 1558 1096 qui
1606 1026 1709 1081 hoc

129 1130 265 1168 anno
288 1114 506 1181 obicrit,
537 1132 842 1172 sermonem
867 1118 1017 1182 facit,
1044 1133 1145 1173 nec
1167 1116 1320 1180 alibi,
1348 1118 1491 1186 quod
1510 1116 1704 1181 sciam,

130 1205 178 1256 in
219 1205 400 1258 eadem
432 1204 642 1259 Urbani
704 1222 855 1277 papa:
892 1206 1008 1262 Vita
1056 1210 1165 1263 alio
1195 1224 1359 1275 anno,
1394 1224 1557 1278 quam
1583 1223 1705 1273 nos,

127 1293 301 1347 Sanctt
351 1295 533 1349 nostri
576 1295 784 1350 obitum
811 1297 1138 1367 consignat;
1196 1307 1255 1352 ut
1292 1300 1520 1368 proinde
1558 1299 1705 1354 illum

128 1383 258 1438 male
291 1385 640 1453 interpretati
694 1386 896 1442 laudati
941 1388 1238 1457 scriptores
1298 1389 1707 1446 verositnillime

125 1474 335 1527 fuerint.
389 1474 568 1527 Porro
620 1479 895 1547 antiquior
925 1477 1110 1533 Sancti
1159 1481 1329 1533 nostri
1377 1481 1705 1551 hiographus

126 1566 263 1618 deeo
289 1582 445 1619 ntnn.
472 1566 664 1621 ultimo
694 1570 763 1622 ita
818 1570 1001 1638 prodit
1055 1571 1332 1627 memoria:
1359 1590 1372 1626 :
1407 1592 1425 1624 ι
1458 1572 1706 1641 Migravit

126 1658 185 1711 ad
237 1658 524 1713 Dominum
568 1670 689 1730 post
739 1678 1017 1732 egressum
1063 1665 1367 1719 Carthnsia:
1418 1667 1704 1722 undecimo

1814 471 1871 528 8.
1896 472 2166 530 Brunonis
2188 492 2216 529 a
2247 478 2530 533 monachis
2556 480 2849 548 sepultura:
2877 481 3111 535 traditur
3140 483 3192 537 in
3218 484 3399 540 Eccle-

1812 565 1891 619 sia
1939 575 2139 621 sanctze
2164 566 2346 622 Mariae
2394 568 2460 623 de
2499 583 2687 624 eremo
2729 584 2898 640 prope
2947 571 3065 641 ejus
3122 575 3315 629 altare.
3366 594 3387 629 ι

1809 653 1891 708 Ad
1925 657 2061 723 lucc,
2092 655 2276 712 Sancti
2307 657 2413 710 vita
2450 656 2560 726 jam
2591 658 2760 715 functi
2802 676 3021 731 corpus,
3061 676 3183 716 cum
3233 664 3396 721 trium

1812 746 2020 800 dierum
2053 748 2229 816 spatio
2254 748 2482 817 publica!
2503 751 2835 807 venerationi
2867 754 2919 806 in
2936 753 3167 810 ecclesia
3194 755 3254 810 S.
3283 756 3400 811 Ma-

1811 836 1907 890 ria:
1938 839 2006 891 de
2038 852 2223 893 eremo
2264 840 2575 908 expositum
2621 842 2834 912 fuisset,
2867 846 2933 899 ad
2966 854 3266 901 extremam
3304 848 3340 905 d
3361 870 3399 891 ’-

1810 926 1936 981 inde
1969 928 2290 991 eteineterii,
2324 929 2449 984 lmic
2488 929 2750 1000 adjuncti,
2783 935 3136 1002 partem,uti
3168 936 3399 1006 ipsemet

1810 1011 2139 1087 injuuxerat,
2170 1020 2431 1086 delattun,
2476 1021 2528 1075 in
2578 1038 2707 1077 arca
2742 1040 3045 1082 marmorea
3079 1028 3275 1084 ibidem
3303 1045 3393 1084 se-

1808 1109 2016 1181 pultum
2035 1112 2220 1180 fuisse,
2247 1112 2297 1166 in
2324 1111 2661 1169 S.Brunonis
2678 1115 2794 1170 Vita
2818 1132 2911 1171 seu
2933 1117 3165 1174 Historia
3190 1122 3390 1190 cap.5l

1810 1201 2094 1257 Zauottius
2122 1204 2333 1269 scribit,
2369 1204 2717 1261 Monumcuta
2739 1207 3001 1265 Calabriae
3038 1226 3168 1267 mss.
3201 1227 3298 1281 pio
3334 1227 3397 1267 se

1808 1293 2068 1357 laudans;
2102 1294 2204 1348 etsi
2249 1303 2451 1361 autem,
2481 1296 2661 1365 qualia
2705 1298 2819 1353 lucc
2863 1310 2957 1353 aut
2987 1313 3205 1369 quantm
3254 1304 3398 1357 auti-

1808 1385 2032 1455 quitatis
2071 1386 2201 1451 sint,
2233 1385 2481 1455 nnspiam
2518 1388 2716 1455 edicat,
2754 1400 3001 1445 sanctum
3039 1401 3240 1457 tamen,
3284 1408 3395 1449 non

1809 1475 1860 1530 in
1889 1475 2125 1531 Ecclesia
2167 1477 2222 1531 S.
2244 1474 2526 1546 Stephani,
2553 1479 2646 1533 sed
2673 1480 2754 1534 vel
2787 1480 2840 1534 in
2867 1480 3104 1536 Ecclesia
3135 1482 3395 1541 Salaria:

1807 1567 1875 1621 de
1903 1582 2107 1635 eremo,
2138 1578 2196 1620 ut
2224 1567 2455 1623 Tutinus
2484 1570 2668 1637 tradit,
2698 1570 2782 1624 vel
2818 1571 3010 1627 saltem
3056 1573 3108 1628 in
3134 1573 3395 1643 adjuncto

1808 1657 1935 1712 huic
1975 1658 2313 1725 cmmeterio,
2364 1667 2423 1713 ιιι
2472 1659 2756 1716 Zanottius
2800 1677 2830 1715 e
2876 1662 3240 1721 Monumcntis
3287 1665 3394 1721 illis

125 1761 254 1801 anno
276 1763 378 1802 nec
399 1749 525 1817 plus
556 1764 655 1804 nec
694 1752 897 1817 minus,
945 1753 1086 1809 sicut
1115 1753 1169 1809 in
1211 1754 1363 1809 libris
1400 1753 1707 1829 Consuetu-
1740 1733 1783 1793 Β
1814 1749 2089 1804 memoria:
2133 1750 2332 1819 Ρνοάίῑ,
2376 1758 2535 1805 ῑοιτίε
2580 1754 2890 1808 matulam"!
2938 1752 3128 1829 fuisse.
3167 1758 3396 1813 credet!-

124 1840 296 1893 diuum
322 1841 511 1895 doumi
536 1842 826 1913 Guigonis,
856 1861 979 1915 qua:
1006 1855 1134 1901 sunt.
1187 1847 1240 1902 in
1278 1827 1439 1903 domo
1466 1847 1702 1904 Cartim-

125 1929 226 1992 six,
255 1933 607 1997 continetur;
641 1951 660 1984 ι
694 1948 884 1989 verum
951 1935 1003 1989 in
1038 1936 1218 1992 verbis
1262 1937 1410 1993 hisce
1458 1954 1704 1993 errorem

123 2019 333 2084 tubam,
361 2022 695 2093 vocibusque
739 2043 757 2076 ι
797 2027 1083 2082 undecimo
1124 2043 1388 2085 annonec
1437 2030 1558 2098 plus
1603 2046 1703 2086 nec

125 2111 293 2166 minus
314 2131 332 2163 ι
355 2112 767 2172 substitucttdas
779 2133 926 2183 esse,
949 2134 1082 2189 quas
1111 2123 1511 2191 suppeditatum
1534 2139 1562 2176 ιι
1595 2124 1705 2193 pri-

124 2218 317 2257 morum
376 2217 619 2275 quatuor
674 2210 978 2267 Carthusiie
1050 2212 1299 2269 Priorum
1369 2216 1703 2288 chronologo

127 2296 302 2367 bicque
320 2315 475 2353 nttm.
496 2300 654 2371 7jani
670 2306 853 2357 datum
875 2302 1056 2358 Sancti
1082 2306 1316 2376 elogium
1341 2308 1584 2375 exhibet,
1604 2311 1703 2365 bas

127 2400 421 2455 sequentes,
450 2411 469 2443 ι
494 2394 781 2448 undecimo
803 2394 921 2465 plus
957 2398 1135 2453 minus
1160 2415 1323 2463 anno,
1362 2420 1379 2451 ι
1413 2401 1589 2471 palam
1617 2411 1702 2457 est

127 2494 179 2532 ex
201 2481 280 2546 iis,
310 2499 437 2551 qurc
470 2484 498 2556 §
534 2484 683 2540 XXX
733 2488 800 2541 de
830 2496 1074 2559 tempore
1101 2508 1211 2562 quo
1252 2492 1485 2548 Sanetus
1514 2510 1544 2549 e
1569 2494 1701 2549 Car-

130 2573 283 2625 thusia
336 2573 572 2629 Romam
603 2578 670 2631 ab
701 2576 921 2636 Urbano
968 2582 1010 2635 ll
1046 2598 1182 2652 papa
1223 2584 1520 2639 arcessitus
1578 2584 1699 2653 fuit,

128 2661 385 2718 disserens
446 2683 598 2720 nunt.
649 2669 753 2725 5l8
794 2681 850 2727 et
904 2687 1021 2743 seq.
1075 2675 1128 2728 in
1188 2676 1424 2729 medium
1476 2678 1699 2733 adduxi.

125 2753 278 2823 Atque
329 2757 451 2812 haec
495 2760 561 2815 de
613 2777 758 2816 anno
798 2773 855 2817 ct
908 2765 995 2820 die
1045 2780 1154 2837 quo
1194 2766 1375 2821 Brnno
1408 2782 1438 2821 e
1487 2770 1698 2825 mortali

127 2845 210 2902 hac
238 2851 349 2903 vita
376 2852 445 2905 ad
476 2853 838 2910 immortalem
873 2860 1145 2928 migravit,
1191 2860 1338 2914 dicta
1397 2863 1696 2927 sulbciant;

128 2938 180 2989 ad
194 2956 248 2993 ea
270 2943 457 3011 modo,
492 2959 613 3013 qua:
636 2945 820 3002 Sancti
847 2950 1055 3004 obitum
1081 2961 1264 3005 secuta
1296 2961 1446 3018 sunt,
1471 2954 1697 3023 gradum

128 3030 392 3090 faciamus.

129 3141 152 3215 §
187 3146 336 3202 XLV.
380 3150 502 3215 Qun
551 3152 605 3205 in
647 3155 807 3206 eremi
854 3154 1152 3208 anritanm
1187 3154 1421 3209 Iz‘cl-lesin
1466 3157 1695 3213 Sanctus

180 3219 326 3296 fuerit
375 3221 635 3296 sepultus,
665 3233 721 3296 et
761 3225 888 3294 quid
927 3226 991 3279 de
1028 3227 1319 3291 miraculis,
1370 3232 1696 3296 sepulturam

180 3291 280 3359 ejus
328 3293 548 3365 sectilis,
600 3291 821 3365 aliisque
861 3298 1126 3353 nonnullis
1167 3299 1236 3349 ad
1269 3314 1387 3350 eum
1427 3291 1697 3365 arentique

180 3362 526 3436 spectantibus
578 3380 640 3417 ac
692 3362 933 3433 terimus,
983 3384 1086 3436 quo
1134 3369 1187 3421 in
1210 3380 1548 3435 sanctorum,
1604 3362 1696 3423 seu

181 3436 340 3497 potius
373 3434 647 3555 :Jcalontm
680 3436 856 3489 nlbum
888 3434 1083 3490 relatus
1116 3439 1239 3506 fuit,
1275 3440 1596 3509 pra'gressis,
1628 3442 1694 3494 sit

181 3519 371 3555 censent
396 3520 509 3555 nm.

180 3519 509 3557 cernendum.

182 3592 293 3648 73A.
339 3593 479 3648 Cum
517 3594 658 3659 dote,
687 3596 887 3666 ut'jam
924 3612 1085 3667 supra
1113 3596 1291 3662 docui,
1321 3598 1375 3652 in
1405 3596 1696 3654 Turritana

128 3698 284 3741 eremo
314 3686 606 3753 Ecclesite,
644 3706 875 3758 quarum
902 3706 1004 3743 una
1028 3692 1387 3747 sanctissima:
1419 3693 1512 3749 Dei
1536 3693 1697 3751 chi-

130 3778 225 3833 trici
258 3779 447 3835 alariae
476 3791 534 3835 et
565 3779 622 3834 S.
646 3779 839 3835 Joauni
870 3781 1146 3852 Baptistae,
1176 3783 1344 3839 altera
1394 3785 1567 3839 eidem
1602 3784 1693 3841 Dei

127 3866 357 3925 Genitrici
395 3881 453 3925 et
500 3869 559 3925 S.
600 3872 880 3941 Stephano
913 3874 1296 3942 protomartyri
1335 3888 1492 3928 sacra
1528 3886 1694 3940 esset,

127 3955 287 4018 Sancti
326 3962 506 4017 nostri
546 3973 704 4017 :etate
741 3964 1081 4031 exstiterint,
1127 3964 1360 4022 fueritne
1400 3968 1445 4021 is
1484 3968 1536 4023 in
1571 3968 1693 4032 hac,

128 4066 181 4107 an
204 4055 248 4109 in
277 4055 371 4111 illa
404 4067 569 4111 terra:
617 4059 919 4120 mandatus,
948 4067 1126 4127 potest
1156 4074 1260 4112 non
1299 4060 1573 4114 immerito
1598 4060 1693 4113 dn-

129 4140 281 4212 bitari,
331 4148 462 4200 aliis
493 4163 592 4215 pro
623 4148 789 4217 priori
837 4164 868 4204 e
900 4149 1110 4203 duabus
1159 4150 1264 4204 illis
1306 4151 1569 4215 ecclesiis,
1602 4158 1694 4206 aut

130 4247 253 4293 certe
288 4254 397 4309 pro
456 4237 623 4305 hujus
653 4253 773 4309 qua:
816 4240 1136 4309 simpliciter
1184 4242 1347 4294 etiam
1399 4259 1416 4292 ι
1450 4241 1691 4295 Ecclesia

131 4326 175 4381 S.
196 4330 368 4386 alariae
401 4335 468 4386 de
494 4347 681 4387 eremo
714 4353 734 4385 ο
790 4334 1074 4388 dicebatur
1099 4376 1113 4401 ,
1163 4335 1519 4399 ccemeterio;
1572 4335 1693 4389 aliis

1811 1839 1935 1894 dum
1978 1839 2209 1903 videtur,
2256 1841 2400 1908 quod
2437 1856 2561 1896 eum
2608 1842 2660 1897 in
2703 1846 3039 1912 monasterii,
3081 1848 3133 1901 in
3172 1864 3280 1917 quo
3322 1864 3388 1904 ex

1808 1932 1968 1987 dictis
1997 1933 2181 1987 decem
2210 1933 2428 1988 circiter
2459 1935 2619 1991 annis
2646 1937 2811 1992 vitam
2852 1939 3188 1997 eremiticant
3220 1943 3390 2001 duxe-

1808 2006 1913 2086 rat,
1948 2022 2189 2078 Ecclesia
2224 2034 2319 2078 aut
2348 2024 2542 2079 saltem
2579 2026 2631 2079 in
2663 2027 2822 2096 hujus
2845 2032 3161 2088 cmmctetio
3188 2035 3389 2104 potius,

1807 2130 1969 2183 quam
2013 2116 2066 2170 itt
2104 2116 2420 2172 monasterii
2461 2117 2714 2187 alterius,
2747 2123 2889 2190 quod
2931 2140 3205 2194 nunquam
3250 2126 3395 2180 inco-

1807 2206 2004 2273 luerat,
2047 2208 2457 2277 monacbisquc,
2508 2211 2631 2266 vita:
2675 2214 2972 2269 eremitica:
3018 2218 3199 2272 minus
3253 2220 3395 2288 aptis

1805 2309 2171 2367 cxstruxerat,
2222 2299 2462 2356 Ecclesia
2508 2302 2725 2373 sepeliri
2776 2306 3031 2375 voluisse,
3086 2310 3393 2365 verosimile

1805 2400 2080 2460 appareat.

1885 2481 2008 2535 732.
2051 2483 2130 2535 Ad
2186 2482 2299 2538 Iure
2338 2484 2600 2541 Morotius
2638 2487 2691 2541 in
2747 2487 3138 2558 Chronologico
3187 2490 3392 2546 ordinis

1805 2569 2209 2628 Cartbusiensis
2228 2574 2465 2631 Tlieatro
2485 2592 2609 2646 pag.
2639 2576 2745 2632 226
2771 2578 2849 2632 sic
2877 2578 3066 2634 scribit
3090 2596 3104 2633 :
3133 2599 3151 2632 ι
3184 2579 3241 2634 8.
3266 2579 3394 2634 Bru-

1806 2680 1949 2718 none
1996 2665 2048 2719 in
2093 2677 2407 2721 sanctormn
2457 2669 2637 2722 album
2690 2670 2877 2734 relato,
2930 2670 3045 2739 ejus
3084 2688 3282 2743 corpus
3321 2674 3390 2729 ab

1803 2754 2043 2810 Ecclesia
2081 2756 2119 2811 S
2164 2756 2343 2813 Mai-3:1:
2375 2760 2441 2813 de
2468 2758 2625 2813 Turri
2655 2760 2721 2813 ad
2750 2761 2909 2815 aliam
2943 2760 3000 2815 S.
3029 2762 3290 2831 Stephani
3323 2765 3393 2822 de

1806 2864 2026 2903 nemore
2052 2850 2373 2903 translatum
2402 2859 2506 2904 est.
2540 2870 2558 2903 ι
2592 2850 2667 2905 lta
2698 2851 2814 2918 ille;
2850 2853 2932 2907 cui
2977 2871 3099 2908 cum
3127 2865 3387 2925 praetcrea

1803 2939 1893 2994 alii
1928 2940 2169 2995 nonnulli
2200 2941 2498 3009 scriptorcs
2528 2943 2615 2997 hic
2650 2945 3038 3010 assentiamur,
3068 2960 3195 2999 rere
3224 2946 3391 3002 fuisse

1802 3030 1863 3087 S.
1882 3030 2171 3099 Brunonis,
2191 3035 2395 3087 sanctis
2422 3048 2515 3087 seu
2541 3035 2721 3103 potius
2740 3035 2808 3089 ob
2824 3036 3047 3089 dicenda
3074 3037 3244 3090 beatis
3265 3037 3382 3108 jam

1800 3124 2026 3194 ascripti
2071 3140 2267 3193 corpus
2306 3126 2373 3179 ad
2419 3124 2711 3181 Ecclesiam
2736 3125 2791 3180 S.
2828 3127 3085 3196 Stephani
3113 3142 3181 3183 ex
3200 3128 3389 3185 Eccle-

1800 3216 1880 3271 sia
1921 3215 1977 3270 S.
2008 3215 2192 3270 Maria:
2223 3217 2564 3284 translatum,
2607 3218 2965 3272 indubitatum
2997 3229 3241 3290 apparet,
3273 3238 3387 3275 tua.

1800 3311 1943 3365 xime
1967 3325 2091 3364 cum
2124 3309 2301 3364 nullus
2328 3326 2549 3379 prorsus
2579 3312 2812 3381 scriptor
2837 3323 3111 3380 occurrat,
3141 3316 3231 3384 qui
3260 3331 3391 3371 con-

1799 3402 2028 3456 trarium
2055 3402 2250 3471 prodat
2278 3404 2571 3458 memoriae.
2622 3402 2742 3459 Jam
2772 3418 2903 3459 vero
2931 3420 3055 3460 cum
3096 3406 3147 3460 id
3185 3406 3254 3460 ita
3292 3408 3385 3477 sit,

1797 3495 2139 3565 Sanctusque
2167 3511 2198 3550 e
2226 3496 2363 3563 loco,
2411 3511 2519 3567 quo
2549 3506 2707 3552 terra:
2754 3496 2935 3554 fuerat
2979 3500 3287 3568 mandatus,
3318 3502 3387 3556 ad

1798 3590 1857 3647 8.
1894 3592 2156 3662 Stephani
2185 3592 2483 3647 Ecclesium
2535 3593 2915 3650 rerosimiliter
2955 3594 3119 3650 fuerit
3161 3597 3390 3653 transla-

1800 3695 1908 3751 tus,
1945 3685 2113 3741 fuisse
2156 3700 2280 3740 eum
2324 3685 2375 3739 in
2408 3685 2645 3739 Ecclesia
2678 3685 2734 3739 8.
2765 3685 2948 3741 Maria:
2989 3667 3055 3742 de
3089 3702 3272 3743 eremo
3301 3705 3389 3746 se-

1797 3779 2066 3850 pulturam
2112 3788 2351 3843 nactum,
2386 3778 2694 3833 verositnile
2738 3787 2984 3849 apparet.
3017 3783 3086 3835 At
3117 3795 3247 3836 vero
3300 3784 3387 3837 itt-

1797 3872 1972 3941 qnies,
2026 3881 2309 3941 postquam
2356 3872 2745 3926 monasterium
2795 3872 2851 3927 S.
2879 3872 3138 3942 Stephani
3192 3892 3221 3927 ιι
3255 3875 3389 3930 Car-

1800 3964 2064 4019 tlmsiensi
2108 3964 2357 4018 instituto
2400 3965 2466 4018 ad
2497 3964 2861 4020 Cisterciense
2903 3980 3046 4021 anno
3078 3966 3213 4021 1192
3240 3966 3391 4023 delc-

1798 4066 1967 4122 cerat,
2017 4056 2244 4110 abhates
2300 4056 2444 4111 illius
2494 4057 2672 4123 veriti,
2707 4073 2776 4112 ne
2810 4058 3155 4114 Caitbusiati
3199 4075 3384 4115 Sacras

1797 4147 2133 4202 lnstitutoris
2190 4147 2271 4202 sui
2320 4147 2575 4217 reliquias
2628 4159 2960 4218 repeterent,
3023 4164 3233 4205 summa
3289 4165 3385 4204 cas

1798 4255 2013 4309 semper
2052 4256 2204 4306 cura,
2238 4249 2297 4293 ttt
2328 4239 2724 4294 Bluntenvenna
2765 4249 2817 4295 et
2857 4248 2977 4309 post
3016 4242 3158 4295 hunc
3193 4239 3385 4297 Suritts

1796 4334 1851 4387 in
1881 4333 1994 4387 suis
2020 4333 2085 4385 de
2110 4332 2363 4386 Brunone
2395 4330 2864 4385 lucubrationibus
2905 4347 2936 4386 e
2964 4331 3101 4387 facta
3131 4347 3229 4401 per
3253 4332 3386 4389 Car-

131 4432 285 4475 cootra
313 4439 418 4493 pro
442 4423 737 4493 posteriori
784 4439 815 4478 e
857 4422 1067 4479 duabus
1096 4424 1257 4479 dictis
1295 4424 1542 4479 ecclesiis
1572 4439 1694 4493 pro—
1730 4443 1769 4497 ῃ
1800 4423 2176 4477 tlmsianorum
2216 4420 2691 4490 Neapolitanorum
2741 4422 2849 4492 (adi
2883 4437 3031 4476 num.
3065 4421 3189 4492 780)
3230 4422 3384 4478 Prin.

132 4515 513 4582 nuntiantibus,
563 4516 687 4570 licet
738 4516 954 4571 interim
1005 4516 1057 4570 in
1105 4516 1452 4571 concordiam
1496 4529 1688 4571 omnes

133 4611 375 4673 utcunque
428 4607 680 4661 fortassis
721 4615 926 4677 queant
961 4608 1175 4671 adduci,
1214 4608 1288 4661 ιιιί
1319 4623 1386 4662 ex
1435 4606 1573 4661 infra
1606 4610 1689 4663 di-

132 4696 284 4749 cendis
306 4713 543 4767 pronutu
576 4699 679 4753 erit
704 4698 978 4768 colligere.
1028 4702 1106 4754 Ac
1131 4699 1437 4754 Brunouem
1465 4701 1685 4770 quidem

134 4781 175 4836 in
221 4786 272 4841 8.
312 4789 581 4859 Stephani
636 4791 903 4858 Ecclesia,
949 4808 1071 4862 quae
1121 4802 1175 4847 et
1231 4793 1487 4863 temporis
1534 4793 1684 4861 lapsu

138 4891 153 4924 ε
187 4876 415 4946 Ecclesia
468 4882 528 4935 8.
553 4880 814 4951 Stephani
858 4884 926 4938 de
971 4896 1192 4937 nemore
1238 4898 1331 4937 seu
1369 4884 1435 4938 de
1464 4882 1627 4941 bosco
1662 4903 1683 4938 υ

134 4965 251 5024 dicta
283 4973 405 5037 fuit,
451 4974 725 5043 sepultum
773 4975 960 5043 fuisse,
991 4976 1389 5031 Blomenvenna
1439 4977 1690 5047 huncqne

137 5069 318 5118 uultus
342 5064 537 5120 Surius
564 5066 616 5119 in
645 5068 949 5137 conscripta
980 5083 1008 5120 a
1039 5083 1097 5121 se
1124 5068 1299 5122 sancti
1327 5066 1442 5120 Vita
1467 5067 1687 5135 diserte,

137 5158 182 5202 ιιι
206 5168 435 5223 apparet,
469 5155 761 5211 allirtnant.
805 5158 955 5212 Binis
982 5159 1132 5213 hisce
1164 5158 1351 5213 Sancti
1381 5158 1691 5229 biographis

138 5256 231 5299 sese
255 5248 441 5304 deinde
473 5251 774 5321 junxerunt
802 5251 1141 5306 Mabillonius
1179 5254 1231 5307 in
1262 5252 1559 5307 Annalibus
1588 5253 1688 5308 Be-

141 5338 386 5397 nedictinis
411 5341 506 5397 lib.
527 5343 617 5409 70,
648 5360 796 5397 num.
824 5344 913 5409 29,
942 5343 1195 5399 Historim
1223 5345 1502 5400 litterariae
1524 5344 1695 5399 Fran-

142 5428 217 5483 Cia
254 5438 540 5500 scriptorcs
570 5445 700 5491 tom.
730 5437 822 5505 IX,
877 5454 996 5509 pag.
1022 5439 1127 5492 240
1172 5440 1373 5510 aliique
1422 5438 1687 5494 nonnulli.

143 5518 196 5573 At
221 5539 333 5577 rem
363 5526 626 5583 Camillus
649 5526 879 5585 Tutinus
926 5530 980 5583 in
1022 5528 1270 5585 llislorue
1316 5530 1525 5583 ordinis
1556 5528 1688 5582 Car-

147 5614 380 5675 thusieusi.
428 5620 745 5693 Prospectu,
779 5635 1024 5679 sanctum
1065 5636 1310 5679 uestrum
1361 5623 1411 5677 in
1445 5622 1685 5678 Ecclesia

148 5706 369 5771 $.Marim
409 5718 473 5775 de
516 5734 703 5775 eremo
749 5721 1084 5790 sepulturam
1130 5730 1348 5775 nactum
1383 5732 1526 5784 esse,
1580 5732 1683 5771 non

1800 4532 1911 4568 rem
1944 4514 2203 4568 relatione
2230 4511 2504 4566 memoria!
2527 4511 2782 4581 produnt,
2812 4512 3212 4577 custodierunt;
3239 4515 3382 4583 quod

1800 4618 1857 4660 nt
1889 4606 2136 4662 facerent
2181 4605 2449 4669 securius,
2482 4619 2624 4658 nunc
2651 4605 2773 4673 hoc,
2809 4620 2952 4659 nunc
3001 4604 3091 4660 illo
3121 4604 3258 4675 loco,
3288 4609 3384 4661 ab-

1799 4701 1923 4754 bate
1945 4699 2228 4765 duntaxat,
2255 4696 2468 4766 ali0qne
2500 4697 2612 4752 riro
2639 4696 2742 4752 fide
2768 4698 2928 4769 digno
2958 4713 3070 4753 rem
3103 4710 3377 4767 noscente,

1796 4805 1953 4844 sacra
2005 4789 2092 4842 illa
2140 4789 2364 4858 pignora
2414 4785 2778 4855 collocarunt;
2844 4799 2902 4842 ιιι
2947 4790 3174 4860 proimlc
3216 4806 3278 4847 ex
3317 4809 3386 4847 ro

1797 4880 1938 4949 quod
1989 4880 2102 4935 haec
2130 4895 2161 4933 e
2191 4879 2250 4934 S.
2278 4878 2461 4933 Maria:
2509 4879 2576 4934 de
2606 4895 2793 4935 eremo
2824 4880 3061 4935 Ecclesia
3101 4882 3164 4937 ad
3199 4882 3383 4938 Ecde-

1798 4974 1933 5026 siam
1986 4975 2043 5025 S.
2077 4972 2336 5041 Stephani
2385 4974 2452 5026 de
2497 4986 2719 5027 nemore
2765 4989 2859 5027 seu
2907 4972 2974 5026 de
3020 4974 3213 5036 bosco,
3255 4989 3381 5029 eum

1798 5079 1942 5118 anno
1967 5063 2104 5118 l5”
2136 5074 2451 5119 sanctormn
2500 5079 2593 5118 seu
2642 5064 2926 5118 beatorum
2979 5066 3223 5130 catalogo
3243 5063 3382 5119 Bin-

1799 5172 1995 5212 nonem
2045 5156 2242 5211 ascribi
2295 5155 2642 5225 contigisset,
2684 5152 2885 5210 fuerint
2933 5155 3213 5223 translata,
3251 5171 3381 5211 con-

1798 5266 1823 5305 s
1859 5252 2088 5305 ctarium
2127 5250 2437 5318 neutiquam
2470 5249 2563 5316 sit,
2604 5256 2660 5302 ut
2693 5248 2743 5301 in
2769 5248 2957 5302 eadem
2990 5246 3047 5301 S.
3073 5246 3254 5301 Maria:
3280 5247 3378 5301 Ec.

1797 5343 1959 5399 t‘icsia
2019 5352 2179 5396 terrm
2229 5341 2458 5394 fuissent
2511 5340 2784 5394 mandata.
2838 5339 2910 5391 Ita
2944 5347 3130 5392 contra
3170 5339 3379 5408 opinio-

1795 5452 1916 5491 nem
1963 5450 2068 5503 qua
2113 5435 2371 5489 Sanctum
2399 5476 2412 5501 ,
2456 5449 2560 5487 non
2603 5434 2652 5486 in
2694 5431 2931 5486 Ecclesia
2981 5430 3039 5484 S.
3094 5431 3378 5502 Stephani,

1793 5529 1885 5583 sed
1936 5530 1998 5583 in'
2016 5528 2257 5583 Ecclesia
2298 5527 2557 5581 S..\larize
2604 5534 2696 5578 aut
2731 5524 2921 5579 saltem
2968 5524 3020 5577 in
3059 5524 3218 5596 hujus
3264 5541 3375 5582 cm.

1796 5620 2023 5675 meterio
2092 5620 2428 5691 sepulturam
2495 5627 2714 5673 nat-tum
2784 5615 3134 5681 arbitramur,
3200 5628 3378 5690 potest

1793 5710 1965 5781 argui.
