3860 6320
467 289 563 344 451

466 511 586 549 rum
635 494 893 564 priorem,
945 492 1087 561 quod
1123 491 1191 545 de
1219 490 1502 546 occultatis
1537 505 1567 542 a
1593 487 2043 543 Cisterciensibus

468 582 527 637 S.
558 582 825 636 Brunonis
856 581 1099 649 reliquiis
1122 580 1521 634 Blomenvenca
1546 577 1808 631 etSurius
1836 590 2041 630 memo-

463 682 615 735 rant,
652 669 790 725 falso
822 670 1090 725 duntaxat
1133 684 1353 723 rumore
1387 669 1553 723 fuerit
1594 667 1873 721 delatum?
1917 665 2050 719 Esse

467 777 603 816 sane
645 769 892 831 apparet,
924 776 1025 815 cur
1067 760 1139 814 ita
1172 758 1375 814 factum
1415 767 1656 829 putetur.
1709 758 1920 811 Etenim
1960 771 2047 810 sa-

467 870 621 910 crum
655 854 841 910 Sancti
875 870 1073 925 corpus
1099 868 1241 908 anno
1274 854 1433 918 1515,
1461 852 1645 907 Sancti
1680 850 2049 906 canonizatio—

468 961 617 1011 nem,
648 946 723 999 uti
757 961 876 1001 eam
905 954 1121 1009 vocant,
1152 944 1395 1012 proxime
1425 956 1746 1012 praegresso,
1776 940 1830 994 in
1859 939 1918 994 S.
1944 939 2054 992 Ma-

470 1036 567 1089 ria:
618 1036 884 1099 Ecclesia,
917 1045 979 1089 ut
1006 1034 1236 1088 Tulinus
1271 1033 1323 1087 in
1370 1032 1621 1087 Historia:
1667 1032 1874 1086 ordinis
1923 1030 2054 1085 Car-

475 1128 771 1183 tltusiensis
800 1128 1095 1198 Prospectu
1123 1128 1190 1181 ad
1222 1143 1422 1180 annum
1456 1127 1594 1181 1515
1621 1126 1897 1181 memoria:
1932 1139 2054 1195 pro-

474 1216 574 1280 dit,
606 1217 705 1271 fuit
733 1227 1024 1287 repertum,
1049 1231 1147 1273 nec
1176 1217 1487 1271 verosimile
1514 1216 1746 1281 videtur,
1772 1216 1973 1270 factum
2004 1216 2055 1270 id

476 1307 645 1362 fuisse
676 1324 743 1362 ex
779 1324 875 1372 eo,
916 1309 1060 1377 quod
1098 1308 1322 1363 abbates
1369 1307 1426 1362 S.
1456 1306 1720 1377 Stephani
1759 1308 2054 1375 pretiosum

476 1400 823 1464 thesaurum,
885 1415 993 1469 quo
1059 1415 1182 1454 eum
1247 1400 1583 1463 ocultarent,
1643 1414 1674 1453 e
1730 1399 2057 1453 monasterio

475 1491 534 1544 S.
558 1491 839 1560 Stephani,
882 1491 1331 1546 commorationis
1369 1506 1479 1544 sua:
1507 1490 1649 1554 loco,
1684 1490 1737 1543 in
1774 1489 1929 1558 cujus
1960 1490 2059 1546 Ec-

473 1583 638 1636 clesia
694 1582 947 1651 primitus
996 1582 1188 1636 fuisset
1246 1579 1589 1646 reconditus,
1644 1580 1711 1633 ad
1764 1578 2057 1634 Ecclesiam

473 1678 532 1733 8.
562 1677 756 1743 Marte,
797 1694 826 1731 a
854 1678 1000 1732 dicto
1045 1679 1377 1732 monasterio
1420 1675 1717 1743 Seiunctam
1765 1693 1856 1732 seu
1903 1676 2061 1733 dissi-

1255 281 1313 336 S.
1353 277 1698 336 BRUNONIS
1736 271 2376 333 CARTllUSIANOllUM
2419 272 2905 329 INSTITUTORIS

536 400 659 455 755.
713 398 910 453 Veruzn
964 394 1091 467 quid
1138 396 1184 450 si
1235 396 1303 450 ad
1350 394 1635 465 prmfatum
1657 392 2047 448 Carthnsiano-
2081 401 2126 456 Α

3611 268 3709 332 ιῗιὶ

2298 388 2592 443 Transtulit
2621 389 2690 442 ad
2713 387 2969 444 Calabros
2992 397 3145 457 grata
3170 389 3315 458 quies
3344 392 3497 444 eremi

2216 482 2412 535 Doctor
2440 497 2605 547 eram,
2637 496 2805 547 prwco
2831 480 3045 547 Christi,
3082 481 3162 534 rir
3189 491 3344 535 notus
3379 480 3433 533 in
3462 482 3593 551 orbe,

2294 573 2529 639 Desuper
2561 570 2693 625 illud
2726 582 2837 625 erat
2865 573 3057 642 gratia,
3089 589 3191 626 nou
3232 574 3495 630 meritum.

2220 663 2409 717 Carnis
2438 663 2603 717 vincla
2628 663 2739 717 dies
2768 662 3006 717 Octobris
3032 674 3177 717 sexta
3209 665 3437 731 resolvit,

2292 753 2512 823 Spiritui
2547 754 2793 823 requiem,
2824 754 2913 823 qui
2948 754 3073 823 legis
3098 755 3219 819 ista,
3256 764 3391 822 pete.

2152 845 2229 900 lla
2259 845 2347 900 ille
2375 845 2562 901 Sancti
2596 847 2765 901 nostri
2811 845 3180 916 hiographus:
3218 846 3268 899 ei
3313 854 3490 900 autem
3530 847 3572 901 in
3600 863 3716 904 con-

2152 938 2366 992 cinnata
2400 952 2427 989 a
2457 953 2516 991 se
2542 937 2713 991 sancti
2744 936 2865 991 Vita
2898 936 3175 991 Puteanus
3223 936 3392 990 etiam
3440 942 3714 1007 consentit;

2156 1029 2209 1082 in
2243 1012 2536 1097 posteriori
2584 1036 2765 1081 tamen
2815 1026 2975 1095 hujus
3020 1025 3282 1095 editione,
3315 1026 3452 1095 apud
3478 1025 3715 1084 Judocum

2154 1119 2476 1175 Ascensium
2507 1117 2733 1173 Parisiis
2764 1133 2908 1172 anno
2934 1117 3076 1171 1521
3124 1116 3412 1184 adornata,
3462 1118 3511 1170 in
3538 1121 3715 1173 canni-

2157 1213 2335 1278 nibus,
2362 1210 2683 1281 quibusjam
2715 1211 2899 1265 datum
2934 1209 3119 1265 Sancti
3151 1210 3482 1280 epitaphium
3506 1220 3714 1275 constat,

2160 1305 2392 1359 mutatio
2435 1303 2701 1372 quaepiam
2736 1301 2875 1356 facta
2905 1311 3007 1356 est.
3060 1301 3163 1356 Pro
3194 1301 3370 1371 primo
3396 1300 3532 1354 enim
3571 1301 3719 1353 hexa-

2168 1405 2365 1460 metro,
2419 1393 2825 1448 verosimillime
2870 1393 3013 1463 quod
3054 1394 3107 1447 in
3151 1406 3218 1445 eo
3256 1400 3443 1445 contra
3485 1392 3721 1461 prosodie

2159 1486 2307 1556 leges
2343 1486 2577 1540 secunda
2626 1483 2833 1555 syllaba
2880 1485 2930 1536 in
2976 1482 3240 1537 vocabulo
3276 1496 3490 1536 eremus
3526 1494 3719 1535 contra-

2163 1578 2345 1643 batur,
2377 1576 2614 1646 positum
2643 1583 2729 1630 est
2760 1575 2862 1628 hoc
2892 1574 3036 1627 aliud
3062 1591 3073 1627 :
3098 1593 3115 1623 ι
3145 1571 3361 1625 Primus
3390 1571 3443 1624 in
3474 1571 3567 1625 hac
3585 1570 3722 1624 Chri-

2164 1670 2231 1725 sti
2259 1667 2513 1721 fundator
2549 1665 2708 1720 ovilis
2741 1679 2961 1729 eremo;
2998 1682 3016 1714 ι
3073 1663 3312 1717 secundo
3343 1670 3520 1715 autem
3552 1670 3721 1730 penta-

476 1779 609 1837 tam,
642 1772 1065 1833 transtulissent.
1099 1770 1216 1825 Jam
1254 1786 1381 1825 vero
1410 1786 1531 1824 cum
1570 1770 1621 1824 id
1653 1770 1725 1823 ita
1766 1770 1861 1833 sit,
1895 1769 2062 1825 fuisse

2178 1767 2340 1813 metro
2388 1758 2577 1825 eadem
2620 1755 3034 1811 verosimillime
3078 1754 3147 1809 de
3194 1768 3361 1807 causa
3406 1752 3720 1807 substitutqu

476 1864 869 1919 S.Brnnonem
922 1864 975 1917 in
1015 1862 1255 1917 Ecclesia
1304 1861 1363 1916 S.
1401 1861 1582 1915 Maria:
1624 1870 1717 1914 aut
1768 1860 1959 1915 saltem
2011 1861 2063 1914 in

472 1955 728 2023 azljuncto
761 1955 887 2009 huic
920 1954 1234 2008 ctemeterio
1278 1963 1436 2007 terra:
1478 1952 1817 2018 mandatum,
1863 1952 2067 2005 verosi-

476 2047 680 2108 milius,
706 2045 956 2099 omnibus
979 2044 1357 2112 consideratis,
1388 2053 1629 2113 apparet.
1659 2042 1766 2097 Nec
1788 2050 1891 2108 est,
1924 2041 2065 2112 quod

476 2137 568 2191 hic
609 2135 836 2204 objicias
878 2135 1183 2189 annnlSlS
1210 2136 1389 2188 datam
1442 2135 1689 2203 infraque
1728 2133 2066 2187 recitandam

481 2225 679 2281 Leonis
707 2225 754 2279 X
785 2240 935 2296 papae
977 2225 1195 2290 bullatn,
1249 2224 1302 2279 in
1344 2239 1449 2294 qua
1479 2224 1588 2294 (adi
1621 2239 1770 2277 nmn.
1804 2223 1934 2293 755)
1983 2237 2068 2277 sc-

483 2319 708 2386 quentia
754 2318 959 2378 isthmc,
1004 2336 1022 2367 ι
1052 2317 1106 2370 lu
1142 2314 1295 2383 cujus
1327 2316 1665 2384 (monasterii
1720 2316 1975 2370 nimirum
2006 2314 2064 2369 S.

489 2405 774 2474 Stephani)
806 2404 1040 2459 Ecclesia
1074 2419 1269 2473 corpus
1301 2402 1359 2456 S.
1385 2403 1673 2468 Bruuonis,
1707 2405 1833 2458 dicti
1864 2404 2071 2458 ordinis

487 2494 837 2559 institutoris,
883 2476 1084 2548 dicitur
1129 2508 1250 2547 esse
1294 2493 1655 2556 reconditum,
1695 2512 1712 2543 ι
1779 2494 1941 2547 verba
1979 2507 2071 2546 oc-

484 2594 745 2647 currunt;
787 2591 1150 2652 prmterquam
1200 2583 1344 2635 enim
1376 2583 1520 2650 quod
1552 2596 1618 2634 ex
1666 2582 1893 2635 aliorum
1927 2582 2067 2636 dun-

480 2680 652 2735 taxat,
671 2673 760 2741 qui
790 2672 945 2727 facile
963 2672 1131 2742 decipi
1161 2680 1406 2740 potucrc,
1439 2671 1696 2725 relatione
1712 2686 1806 2727 seu
1819 2670 2072 2740 opinione

479 2762 721 2832 pontifex
753 2763 824 2816 ita
864 2763 1059 2816 ibidem
1100 2763 1373 2830 loquatur,
1406 2760 1610 2815 cellula:
1649 2777 1678 2815 a
1710 2760 1769 2815 S.
1818 2760 2072 2815 lit-unone

481 2867 652 2921 prope
714 2853 1009 2908 Ecclesium
1073 2852 1130 2905 S.
1165 2851 1346 2905 Mariae
1404 2851 1471 2904 de
1532 2865 1717 2904 eremo
1759 2858 2070 2913 exstructas,

484 2945 887 3013 quamdamque
917 2960 1018 2997 una
1046 2959 1167 2997 cum
1200 2944 1300 2997 hac
1331 2941 1646 2996 monasterii
1680 2942 1914 3011 speciem
1944 2955 2075 3010 prte-

484 3033 746 3097 ferentes,
787 3034 899 3102 jatu
952 3034 1075 3089 inde
1119 3035 1188 3089 ab
1242 3048 1407 3099 anno,
1454 3048 1561 3103 quo
1608 3031 1841 3101 religiosi
1894 3030 2072 3098 hujus,

482 3127 900 3195 monasteriique
934 3126 990 3180 8.
1019 3124 1279 3196 Stephani
1326 3126 1515 3180 incolae
1557 3126 1622 3180 ad
1650 3125 2071 3179 Cistercicnsem
2102 3097 2147 3160 (ἶ

481 3217 727 3272 ordinem
753 3232 871 3272 sese
894 3232 961 3272 ex
989 3217 1234 3272 dicendis
1257 3218 1603 3279 transtulere,
1630 3217 1768 3272 1192
1794 3226 1887 3271 aut
1908 3219 2071 3271 etiam

483 3306 646 3361 citius
694 3307 1018 3371 inhabitari,
1065 3318 1125 3361 ut
1170 3318 1416 3376 apparet,
1468 3307 1779 3373 desierunt,
1830 3308 2074 3363 ecclesne

486 3396 545 3452 S.
572 3397 755 3451 Maria:
800 3413 987 3452 curam
1034 3398 1248 3453 interim
1297 3414 1361 3453 ac
1404 3399 1703 3453 dominium
1748 3400 2075 3454 monasterio

488 3487 833 3558 S.Stephani
879 3498 1123 3559 gerente;
1170 3490 1307 3545 adeo
1347 3498 1407 3543 ut
1443 3490 1546 3545 hoc
1610 3490 1679 3544 ab
1718 3491 1805 3543 illo
1835 3498 2077 3559 tempore

489 3578 627 3631 duas
672 3577 954 3644 ecclesias,
999 3578 1225 3633 alteram
1275 3594 1468 3650 nempe
1511 3578 1569 3635 S.
1600 3580 1803 3644 Mariae,
1850 3581 2076 3635 alteram

493 3666 552 3722 S.
583 3666 844 3735 Stephani
876 3669 1098 3735 dictam,
1130 3669 1403 3735 habuerit,
1438 3679 1601 3738 utque
1630 3669 1731 3725 sub
1760 3672 2077 3726 monasterii

493 3755 552 3811 S.
579 3755 841 3825 Stephani
878 3758 943 3813 de
963 3758 1138 3814 Bosco
1170 3760 1409 3825 nomine,
1445 3776 1552 3814 non
1582 3761 1683 3815 hoc
1726 3769 1953 3825 tantum,
1985 3762 2080 3817 sed

494 3849 659 3904 etiam
701 3850 759 3904 S.
781 3849 959 3905 Maria:
992 3851 1057 3906 de
1092 3867 1274 3906 eremo
1326 3853 1710 3907 monasterium
1754 3854 1966 3910 venisse
1994 3857 2077 3909 vi-

494 3940 710 3995 deatur.
760 3941 833 3995 Ita
879 3942 1100 3997 omnino
1131 3953 1375 4009 autumo,
1422 3945 1565 4013 quod
1618 3945 1669 3998 in
1715 3948 2080 4002 monumentis

494 4032 772 4097 omnibus,
810 4048 952 4088 anno
980 4034 1116 4088 1192
1148 4034 1555 4103 posterioribus,
1591 4036 1642 4090 in
1671 4039 1867 4105 quibus
1891 4039 1958 4093 de
1991 4054 2078 4094 re-

496 4122 703 4193 ligiosis
745 4121 1047 4177 Turritana:
1094 4125 1259 4178 eremi
1298 4124 1502 4179 aedibus
1553 4140 1731 4179 sermo
1784 4127 1861 4192 ﬁt,
1907 4128 2078 4184 solum

497 4214 556 4269 S.
584 4214 841 4283 Stephani
877 4215 942 4269 de.
969 4216 1138 4270 Bosco
1173 4217 1558 4270 monasterium
1590 4231 1940 4274 metueretur.

577 4306 699 4360 754.
742 4306 861 4361 Jam
890 4323 1042 4371 vero,
1072 4323 1195 4362 cum
1235 4308 1285 4361 id
1325 4309 1395 4362 ita
1428 4310 1530 4375 sit,
1582 4313 1635 4364 8.
1664 4311 1930 4367 Brunonis
1959 4328 2081 4367 cor-

496 4415 619 4468 pus,
653 4409 787 4452 utut
819 4400 871 4453 in
912 4399 969 4454 S.
997 4400 1179 4453 Maria:
1204 4400 1441 4456 Ecclesia
1464 4410 1611 4457 esset
1640 4405 1991 4465 rcconditmn,
2026 4404 2078 4457 in

499 4491 814 4545 monasterii
869 4490 924 4545 S.
956 4491 1216 4560 Stephani
1262 4492 1501 4548 Ecclesia
1542 4494 1762 4561 jacere,
1829 4510 1859 4548 a
1906 4495 2082 4550 Leone

497 4600 643 4655 papa
692 4584 794 4638 dici
840 4584 1042 4653 absque
1085 4585 1331 4641 veritatis
1379 4587 1657 4655 dispendio
1705 4588 1756 4640 in
1806 4587 1948 4642 bulla
1985 4589 2077 4641 cit.

500 4676 695 4744 potuit.
743 4674 853 4729 Nec
898 4684 1142 4744 apparet,
1176 4675 1636 4731 Blomenvennam
1689 4676 1951 4745 aliosque,
1989 4678 2082 4746 qui

500 4769 670 4822 sancti
698 4782 895 4837 corpus
920 4768 971 4822 in
997 4768 1328 4825 monasterio
1354 4766 1410 4821 S.
1433 4767 1693 4835 Stephani
1720 4784 1815 4822 seu
1848 4768 1900 4822 in
1928 4768 2086 4837 hujus

501 4857 741 4912 Ecclesia
781 4858 1048 4926 sepultura
1081 4859 1269 4923 fuisse,
1304 4860 1570 4922 scribunt,
1598 4858 1664 4915 de
1684 4858 1926 4916 Ecclesia
1957 4876 2084 4914 san-

502 4956 605 5001 cta:
636 4946 817 5001 Mariae
848 4964 953 5001 non
982 4963 1140 5017 posse
1174 4946 1424 5014 intelligi.
1481 4944 1677 5001 Verum
1723 4949 1837 5003 sive
1869 4950 2084 5004 tandem

502 5037 741 5094 Sanctus
783 5039 834 5091 in
866 5038 988 5102 hac,
1020 5039 1132 5091 sive
1170 5039 1224 5092 in
1257 5037 1346 5091 illa
1378 5038 1546 5091 eremi
1574 5036 1875 5093 Calabrinae
1899 5039 2086 5095 Ecde-

504 5131 586 5186 sia
634 5130 898 5183 tumulum
948 5139 1142 5184 nactus
1185 5129 1387 5195 fuerit,
1445 5144 1679 5197 sequens
1729 5130 1980 5198 equidem
2020 5131 2088 5185 ad

503 5222 669 5287 hunc,
717 5223 792 5275 uti
832 5224 885 5276 in
938 5222 1247 5291 conscripta
1296 5236 1325 5274 a
1371 5236 1429 5275 se
1464 5221 1649 5275 Sancti
1684 5224 1804 5277 Vita
1836 5223 2085 5279 Blomen-

506 5329 703 5378 vcnna,
732 5329 1040 5369 sermonem
1078 5315 1142 5367 de
1172 5313 1439 5366 Brunonis
1475 5313 1748 5381 sepultura
1780 5315 2084 5380 instituens,

508 5413 759 5468 testatur,
787 5403 1134 5471 Epitaphium
1166 5402 1265 5455 fuit
1291 5402 1624 5471 appositum:

578 5495 795 5549 Primus
828 5496 881 5548 iu
909 5494 1006 5547 hac
1033 5511 1200 5547 eremo
1229 5492 1421 5548 Christi
1458 5495 1717 5563 fundatur
1747 5496 1897 5552 ovilis

659 5587 933 5639 Promerui
953 5586 1088 5654 ﬁeri,
1114 5588 1201 5657 qui
1233 5598 1376 5657 legor
1399 5588 1494 5641 ltoc
1521 5588 1715 5657 lapide.

582 5681 763 5735 Bruuo
796 5680 922 5734 milii
959 5696 1163 5745 nomen,
1198 5682 1423 5747 qeuitrix
1449 5681 1743 5747 Alemuuiu,
1771 5698 1951 5753 meque

2167 1860 2251 1905 est
2302 1850 2403 1906 hoc
2450 1862 2682 1917 sequens
2742 1846 2921 1901 aliud:
2972 1864 2991 1897 ι
3022 1843 3326 1898 Transtulit
3374 1844 3441 1896 ad
3496 1841 3724 1897 Calabros

2167 1949 2319 2013 grata
2371 1942 2525 2010 quies
2556 1939 2812 1994 nemoris.
2853 1958 2870 1990 ι
2919 1938 3001 1992 Ad
3044 1939 3159 1991 htec
3203 1935 3396 1990 Serius
3434 1948 3528 2004 pro
3562 1934 3725 1989 ultimo

2167 2031 2428 2102 epitaphii
2508 2030 2719 2085 recitati
2783 2037 3127 2099 pentametro
3194 2039 3433 2095 sequens
3493 2025 3719 2078 exhibet:

2174 2139 2193 2173 ι
2227 2120 2364 2177 Ossa
2391 2128 2613 2174 manent
2640 2119 2865 2185 tumulo,
2895 2118 3118 2189 spiritus
3149 2126 3297 2171 astra
3321 2115 3474 2184 petit.
3505 2133 3522 2165 ι
3553 2113 3722 2168 Verum

2169 2221 2373 2267 cumet
2409 2213 2461 2267 in
2489 2211 2782 2281 autiquiori
2812 2212 2945 2265 Vita:
2981 2224 3011 2264 a
3038 2209 3282 2263 Putaneo
3321 2216 3584 2261 contextae
3628 2207 3723 2260 edi-

2170 2307 2336 2370 tione,
2369 2304 2593 2359 Basilea:
2630 2304 2773 2359 haud
2803 2304 3002 2358 dudum
3038 2311 3162 2371 post
3195 2316 3398 2355 annum
3433 2299 3563 2354 1514
3593 2302 3725 2355 ador-

2171 2404 2297 2449 nata
2333 2405 2391 2450 et
2434 2394 2489 2449 in
2532 2395 2771 2463 antiquis
2809 2394 3172 2459 documentis,
3211 2393 3277 2446 ad
3315 2391 3569 2446 editionis
3593 2391 3726 2459 huius

2170 2486 2376 2540 calcem
2436 2483 2684 2552 adjectis,
2747 2484 2849 2538 tria
2888 2483 3001 2552 jam
3060 2484 3203 2538 dicta
3261 2484 3505 2537 carmina
3562 2485 3724 2539 eodem

2172 2578 2353 2644 modo,
2406 2591 2513 2646 quo
2563 2578 2704 2646 apud
2743 2576 3225 2641 Blomenveunam,
3276 2574 3546 2646 legantur,
3589 2576 3725 2630 fuisse

2172 2682 2304 2723 Sane
2333 2669 2521 2722 eodem
2552 2668 2718 2722 etiam
2752 2667 2911 2721 modo
2941 2666 3191 2735 primitus
3218 2666 3441 2736 scripta,
3470 2665 3728 2733 Sanctique

2175 2756 2383 2811 tumulo
2431 2757 2700 2826 apposita,
2747 2755 3235 2813 verosimillimum.
3270 2770 3339 2811 ne
3382 2755 3728 2820 dicam,indu-

2174 2849 2408 2904 bitatum
2439 2860 2684 2919 apparet.

2246 2939 2369 2992 755.
2412 2940 2774 2995 Discutiamus
2807 2938 2967 2993 modo
3008 2955 3127 3008 qua:
3156 2949 3271 3010 post
3310 2939 3497 2995 Sancti
3526 2939 3728 3008 sepultu-

2182 3049 2294 3087 ram
2321 3034 2612 3101 coatigissc
2642 3042 2955 3086 narrantur.
3009 3052 3026 3084 ι
3076 3033 3330 3100 Sepultus
3360 3042 3446 3087 est
3488 3043 3673 3097 autem,
3711 3051 3725 3081 ›

2180 3126 2354 3196 inquit
2404 3126 2455 3179 in
2506 3127 2675 3179 sancti
2734 3126 2854 3181 Vita
2896 3126 3338 3190 Blomenvenna,
3389 3146 3407 3177 ι
3470 3127 3550 3179 vir
3578 3127 3656 3180 Dci
3691 3130 3728 3178 in

2181 3218 2518 3271 monasterio
2548 3232 2646 3271 suo
2676 3216 2861 3271 Sancti
2893 3215 3149 3286 Stephani
3168 3198 3585 3287 protomartyris
3635 3228 3732 3286 post

2179 3327 2451 3366 summum
2503 3312 2702 3376 altare;
2751 3316 2818 3366 ad
2854 3311 3007 3381 cujus
3049 3313 3357 3381 sepulcrum
3404 3312 3523 3366 fons
3549 3322 3732 3367 cmutat

2180 3405 2358 3469 vivus,
2394 3405 2485 3471 qui
2534 3403 2714 3458 divina
2757 3403 3045 3458 clementia
3082 3414 3136 3458 et
3174 3403 3292 3472 ejus
3334 3403 3546 3458 meritis
3581 3403 3733 3456 multi;

2181 3493 2417 3547 fidelium
2444 3501 2641 3561 Optatae
2663 3494 2898 3548 remedia
2924 3493 3138 3548 confert
3160 3495 3437 3548 sanitatis.
3461 3494 3554 3549 Ubi
3574 3494 3730 3558 eziam,

2181 3594 2240 3639 ut
2284 3584 2408 3640 alibi
2449 3584 2666 3655 legitur,
2706 3595 2790 3639 est
2826 3587 3012 3640 viuere
3051 3584 3319 3651 mirabile,
3356 3601 3527 3640 caecos
3573 3584 3733 3638 illumi-

2181 3679 2321 3745 nari,
2350 3678 2547 3732 surdos
2571 3679 2637 3731 ad
2663 3678 2906 3733 auditum
2945 3677 3180 3743 restitui,
3214 3692 3440 3731 mancos
3470 3678 3733 3730 mutilatos-

2181 3784 2288 3839 que
2316 3772 2521 3832 sanari,
2558 3769 2798 3839 leprosos
2845 3770 3119 3837 mundari,
3166 3785 3196 3824 a
3230 3770 3477 3825 daemone
3521 3771 3734 3824 obsessus

2182 3861 2336 3916 ocius
2380 3862 2681 3929 repurgari.
2735 3861 2930 3916 Verum
2978 3863 3062 3916 his
3092 3863 3348 3917 omnibus
3385 3864 3669 3928 miraculis,
3701 3864 3732 3913 si

2183 3950 2310 4005 divo
2342 3950 2674 4021 Hieronymo
2697 3951 2956 4015 creditur,
2984 3951 3113 4005 illud
3138 3961 3220 4005 est
3243 3951 3417 4022 magis
3442 3953 3732 4015 mirandam,

2183 4036 2326 4106 quod
2365 4037 2534 4093 ferme
2573 4054 2763 4094 omnes
2816 4039 2867 4092 in
2910 4039 3084 4093 rotulo
3126 4038 3428 4108 (titulorum
3470 4040 3734 4095 funebrium

2182 4127 2511 4182 edendorum
2528 4128 2770 4200 [serico],
2791 4130 2845 4184 Ε.
2865 4129 2951 4201 Ρ.]
2967 4131 3265 4201 complexu)
3280 4132 3536 4201 pracdicto
3557 4144 3737 4202 stupere

2184 4231 2244 4272 se
2268 4219 2580 4287 ostendunt,
2621 4220 2747 4275 dum
2793 4222 2952 4276 toties
2988 4223 3249 4291 replicant
3285 4239 3349 4279 ac
3376 4240 3605 4279 consona
3632 4238 3737 4279 voce

2184 4307 2501 4378 prccdicant,
2552 4310 2780 4379 gloriam
2831 4310 2978 4366 illum
3020 4322 3075 4367 ct
3104 4314 3369 4368 honorem
3423 4324 3621 4368 tantum
3652 4313 3736 4368 cal-

2184 4414 2310 4453 care
2346 4408 2401 4454 et
2439 4401 2492 4453 in
2525 4409 2673 4454 tanta
2703 4400 2827 4455 vitae
2867 4404 3206 4470 austeritate,
3244 4406 3476 4460 veritate
3511 4414 3562 4459 et
3595 4405 3737 4473 perfeo

2184 4490 2362 4545 ctione
2397 4507 2617 4546 cursum
2648 4493 2771 4547 vita:
2798 4494 3029 4549 feliciter
3054 4510 3438 4552 consummare
3464 4499 3731 4565 potuisse.»

2181 4582 2258 4637 lta
2287 4582 2412 4637 ille:
2442 4599 2506 4638 ne
2541 4593 2720 4637 autem
2749 4586 3039 4654 quisquam
3067 4586 3134 4640 de
3166 4586 3350 4653 fontis,
3384 4590 3451 4642 ad
3488 4588 3655 4641 Sancti
3682 4597 3739 4639 tu-

2188 4675 2415 4741 ntulnm,
2461 4675 2537 4728 uti
2579 4676 2666 4730 hic
2709 4685 2959 4731 astruere
2985 4678 3218 4741 videtur,
3246 4679 3492 4750 prodigio
3531 4678 3736 4739 excitati.

2185 4767 2413 4821 veritate
2459 4765 2713 4822 fortassis
2763 4769 3033 4838 ambigat,
3080 4783 3204 4822 mox
3249 4767 3561 4840 subiungit:
3606 4768 3737 4823 «Non

2187 4858 2348 4914 debet
2378 4866 2560 4913 autem
2581 4858 2831 4928 cuiquam
2862 4859 3174 4928 scrupulum
3206 4875 3445 4925 movere,
3473 4862 3517 4916 si
3542 4861 3651 4916 fons
3673 4860 3739 4913 ille

2182 4949 2299 5019 jam
2341 4950 2408 5004 ad
2447 4950 2757 5021 sepulcrum
2796 4951 2909 5006 Viri
2958 4952 3053 5006 Dei
3107 4969 3214 5007 non
3264 4964 3551 5013 cernatur;
3600 4953 3740 5008 fontes

2190 5042 2389 5111 quippe
2420 5042 2739 5097 miraculose
2764 5043 2943 5099 educti
2974 5059 3080 5099 non
3109 5059 3322 5114 semper
3349 5057 3480 5101 sunt
3503 5046 3734 5116 perpetui,

2190 5132 2334 5187 sicut
2380 5148 2479 5188 nec
2516 5132 2637 5188 fons
2667 5134 2795 5199 olei,
2822 5135 2914 5203 qui
2955 5144 3198 5204 tempore
3241 5137 3545 5193 nativitatis
3576 5134 3737 5191 Christi

2193 5224 2380 5280 Romae
2418 5224 2615 5293 legitur
2638 5242 2943 5283 emanasse.
2977 5225 3096 5282 Vidi
3127 5243 3227 5299 ego
3258 5228 3324 5282 ad
3362 5239 3600 5285 sanctum
3623 5228 3739 5281 Mau—

2197 5316 2389 5372 ricium
2428 5317 2481 5370 in
2519 5316 2638 5371 loco
2666 5318 3049 5374 decollationis
3084 5322 3199 5388 ejus
3227 5319 3471 5377 foramen
3498 5323 3606 5376 sine
3627 5320 3737 5379 oleo.

2196 5423 2293 5478 per
2318 5409 2461 5478 quod
2491 5409 2616 5463 olim
2646 5425 2930 5465 emanasse
2954 5411 3129 5465 oleum
3157 5411 3226 5464 ab
3252 5412 3462 5467 accolis
3498 5412 3592 5467 loci
3629 5409 3739 5463 illius

2199 5501 2568 5555 asserebatur.
2611 5500 2869 5556 Miracula
2903 5503 3048 5557 enim
3089 5519 3119 5556 a
3148 5503 3377 5558 Domino
3429 5506 3561 5559 ﬁunt
3598 5504 3642 5557 in
3675 5516 3739 5555 re-

2203 5593 2522 5647 velationem
2565 5603 2620 5649 et
2666 5596 3188 5650 commendationem
3240 5597 3550 5650 sanctitatis
3592 5609 3740 5649 servo-

2203 5700 2323 5739 rum
2350 5684 2485 5755 ejus,
2519 5695 2570 5742 ct
2612 5686 2755 5754 ideo,
2786 5688 2877 5744 ubi
2912 5703 3099 5747 eorum
3138 5690 3401 5747 sanctitas
3430 5689 3650 5758 perfecte
3677 5688 3739 5741 in.
