3846 6316
136 376 234 435 455

1656 353 1857 411 ACTA.

3273 341 3378 396 ‘54

137 494 375 557 noluerit,
407 506 514 545 non
544 502 818 557 nunquam
848 484 1107 540 miracula
1132 488 1370 537 cessant.
1402 479 1478 532 De
1506 481 1696 528 sancto
1727 475 1771 530 Α
1800 466 2077 557 nimirum)
2111 464 2568 557 itnlbediﬂlefmis
2601 461 2754 557 νῖνιιξ
2782 470 3020 557 ειιιθξηξιι
3060 456 3150 557 (illi
3177 458 3382 557 Αάῖγῖηὲι

138 586 346 640 bicolao
383 583 601 652 legitur,
638 580 780 648 quod
821 594 887 633 ex
926 577 1099 632 sacris
1132 574 1348 628 ossibus
1374 569 1490 638 ejus
1518 568 1698 623 oleum

137 674 487 737 etiiauaverit;
530 672 623 725 sed
656 670 726 724 ob
755 668 1011 723 demerita
1052 665 1251 736 populi,
1288 678 1394 716 uno
1431 677 1462 717 e
1486 673 1701 716 succes-

138 764 339 818 seribus
384 762 497 817 suis
540 762 606 815 de
646 760 774 814 sede
805 774 900 813 sua
949 757 1148 826 injuste
1190 753 1419 823 expulso
1448 793 1463 817 ,
1536 751 1704 804 fluere

139 853 370 906 desierit.

200 986 321 1042 736.
367 1005 386 1037 ί
423 985 551 1039 Pari
619 986 780 1040 modo
834 983 1254 1039 existimandum
1318 991 1402 1038 est
1454 980 1521 1033 de
1559 978 1707 1034 fonte

138 1077 190 1129 S.
218 1058 503 1138 Brunonis,
556 1074 810 1127 nimirum
848 1073 1131 1128 exsulante
1155 1088 1182 1124 a
1216 1071 1547 1125 monasterio
1591 1074 1707 1136 ejus

143 1167 417 1236 religione,
459 1166 527 1220 ab
566 1167 685 1232 ipso
713 1164 1050 1218 sanctissime
1086 1162 1358 1218 inchoata.
1393 1161 1527 1216 Cum
1562 1160 1703 1213 enim

142 1258 215 1309 vir
238 1256 478 1310 Sanctus
511 1254 872 1309 obdormisset
913 1253 965 1307 in
1001 1252 1248 1319 Domino,
1283 1249 1479 1305 mansit
1519 1264 1706 1304 mona-

140 1348 351 1401 sterium
403 1348 579 1417 ipsum
633 1348 684 1400 in
740 1345 1013 1415 proposito
1062 1345 1185 1401 vitae
1235 1344 1528 1400 eremitica:
1596 1344 1709 1399 sive

140 1438 337 1493 ordinis
371 1438 800 1503 Carthusiensis,
847 1455 1009 1507 quem
1057 1440 1207 1508 prius
1253 1439 1304 1492 in
1358 1452 1543 1491 eremo
1574 1435 1708 1511 Car-

144 1530 321 1583 tbusite
344 1539 403 1583 et
446 1539 630 1598 postea
676 1529 729 1582 in
756 1527 1024 1583 Calabriae
1063 1543 1247 1583 eremo
1285 1538 1502 1583 sanctus
1533 1527 1711 1581 Bruno

158 1619 386 1685 nstituit.
442 1618 835 1674 Successerunt
865 1619 913 1672 ei
954 1619 1007 1672 in
1042 1618 1302 1688 regimine
1340 1618 1496 1672 diem.
1523 1617 1713 1671 domus

157 1711 371 1780 ‘uinque
405 1710 621 1765 Priores
665 1728 833 1781 usque
863 1712 929 1765 ad
962 1724 1198 1781 tempora
1228 1710 1555 1765 venerabilis
1583 1710 1712 1764 Gui-

1805 556 2089 612 clementia
2132 555 2185 610 in
2216 556 2372 622 hujus
2421 555 2535 610 Viri
2576 552 2747 609 sancti
2791 553 2999 609 meritis
3036 553 3220 608 multis
3261 553 3384 607 lan-

1805 646 2059 716 guoribus
2086 644 2319 699 fidelium
2351 652 2550 715 optatae
2573 642 3036 699 confertretnedia
3064 645 3379 707 sanitatis,»

1805 750 2103 804 prunorum
2135 735 2374 804 ouinqne
2404 734 2707 790 Cartbnsim
2738 732 2986 787 Priorum
3023 733 3386 803 eltronologus

1805 841 1897 882 seu
1932 827 2205 896 antiquior
2233 827 2416 881 Sancti
2446 828 2612 881 nostri
2640 827 2971 901 biograplurs
3000 841 3151 879 num.
3194 826 3386 881 ultimo

1806 919 2137 987 suppeditet,
2165 918 2336 987 isque,
2368 916 2552 985 utjam
2584 932 2747 985 supra
2778 914 2957 976 docui,
2997 914 3195 969 saeculo
3226 917 3388 969 tertio

1807 1006 2020 1061 decimo
2040 1047 2053 1069 ,
2086 1022 2148 1060 ac
2169 1009 2359 1077 proin,
2384 1006 2591 1060 duobus
2618 1006 2755 1059 forte
2785 1006 3019 1059 nondum
3045 1013 3168 1074 post
3203 1004 3389 1059 Sancti

1808 1098 2014 1152 obitum
2042 1098 2254 1153 saeculis
2285 1097 2510 1166 elapsis,
2540 1096 2803 1160 floruerit,
2833 1112 2930 1150 nec
2957 1111 3113 1159 eum,
3144 1097 3287 1164 quod
3322 1095 3391 1150 de

1809 1187 1987 1253 fonte,
2027 1190 2093 1243 ad
2123 1188 2308 1244 Sancti
2339 1187 2599 1243 tumulum
2629 1188 2933 1258 prodigiose
2974 1188 3243 1253 excitato,
3269 1203 3389 1242 ver-

1809 1278 1894 1334 bis
1919 1280 2159 1334 recitatis
2187 1288 2480 1341 memorat,
2518 1287 2610 1331 aut
2640 1295 2705 1333 ex
2736 1277 3029 1347 antiquiori
3061 1294 3388 1334 monumen-

1812 1378 1901 1437 to,
1933 1379 2027 1424 aut
2052 1371 2243 1425 saltem
2275 1386 2304 1426 e
2332 1356 2620 1425 traditione
2648 1370 2916 1434 hausisse,
2948 1385 3078 1424 vero
3131 1380 3390 1440 appareat

1813 1459 2084 1526 absimile,
2139 1476 2169 1514 e
2218 1469 2363 1514 terra
2415 1462 2482 1516 ad
2533 1460 2801 1516 Brunonis
2848 1460 3143 1526 tumulum,
3173 1473 3296 1525 aut,
3344 1465 3392 1519 si

1814 1553 2014 1618 mavis,
2045 1567 2109 1606 ex
2144 1552 2246 1606 hoc
2293 1552 2408 1621 ipso
2440 1568 2545 1606 non
2587 1552 2832 1621 erupisse
2867 1552 3233 1621 prodigiosum
3274 1552 3396 1607 fon-

1818 1651 1946 1706 tem,
1980 1642 2349 1720 indubitanter
2392 1657 2708 1696 asseverare
2758 1658 2865 1696 non
2904 1642 3111 1706 ausim,
3160 1642 3286 1696 licet
3314 1643 3396 1696 in-

1817 1734 1973 1788 terim
2008 1734 2074 1788 de
2114 1749 2203 1798 re,
2229 1734 2369 1803 quod
2402 1734 2716 1788 indubitata:
2742 1750 2966 1802 prorsus
2996 1750 3058 1789 ac
3081 1744 3245 1789 certat
3269 1735 3395 1790 fidei

144 1802 305 1870 genis,
336 1801 547 1855 Prioris
580 1801 799 1871 Majoris
827 1802 1150 1857 Carthusiaa.
1190 1802 1411 1857 Cunctis
1438 1818 1564 1855 vero
1600 1801 1712 1855 die-
1744 1837 1787 1894 Β
1815 1827 1951 1877 vade
1980 1840 2085 1878 ηοη
2119 1801 2403 1888 ίηηίίθιυτ,
2433 1824 2661 1878 multum
2704 1801 2969 1880 dubitem.

145 1891 233 1945 bus
258 1892 567 1955 seniorum,
614 1895 703 1961 qui
736 1894 983 1948 viderant
1016 1901 1069 1947 et
1106 1893 1393 1947 audierant
1438 1900 1492 1946 ct
1544 1906 1713 1945 novec:

147 1992 251 2034 rant
293 1983 484 2035 omnia
516 1997 691 2051 opera
724 1983 958 2048 Domini,
1005 1997 1123 2052 quae
1160 1998 1258 2052 per
1300 1996 1514 2057 servum
1557 1998 1713 2037 suum

147 2073 446 2130 Brunonem
506 2076 722 2145 operari
768 2076 1019 2144 dignatus
1072 2085 1189 2140 est;
1249 2076 1447 2145 quibus
1502 2077 1714 2131 tandem

147 2167 554 2221 succedentibus
583 2167 728 2230 aliis,
756 2167 846 2236 qui
876 2166 989 2220 base
1018 2182 1121 2221 non
1156 2176 1437 2231 noverant,
1464 2183 1583 2221 cum
1605 2165 1717 2234 jam

144 2260 263 2313 ordo
296 2258 719 2314 Cartliusiensis
765 2259 817 2311 in
860 2258 1034 2312 Gallia
1083 2259 1227 2312 circa
1270 2259 1615 2313 Cartbnsiam
1665 2267 1720 2313 et

150 2349 258 2402 alibi
285 2351 644 2420 multiplicari
674 2350 954 2420 coepisset,
984 2350 1373 2403 monasteriqu
1406 2348 1532 2402 illud
1564 2347 1719 2403 Cala-

148 2438 262 2493 bria:
295 2441 479 2494 solum
524 2442 787 2495 remansit
830 2456 860 2494 a
894 2440 1185 2495 sanctitate
1225 2449 1280 2494 et
1325 2439 1538 2493 fervore
1585 2438 1719 2492 tanti

152 2527 309 2583 Patris
352 2546 454 2599 per
495 2539 735 2599 teporem
768 2531 1120 2601 degenerans.
1187 2530 1320 2584 Cum
1352 2544 1481 2583 vero
1511 2545 1539 2582 a
1562 2530 1721 2584 domo

150 2620 439 2677 Cartbusize
475 2623 787 2676 visitatores
827 2631 882 2675 et
920 2621 1307 2675 reformatores
1343 2630 1550 2689 petens,
1594 2636 1718 2689 pro-

150 2724 253 2782 pter
278 2714 607 2769 distantiam,
630 2713 851 2766 nimiam
883 2713 1085 2767 habere
1114 2725 1217 2766 non
1251 2721 1450 2781 posset,
1480 2711 1545 2765 ad
1574 2709 1719 2764 aliud

151 2810 501 2874 propositum,
525 2803 769 2857 ordinem
795 2802 1003 2856 scilicet
1024 2801 1458 2865 Cisterciensem,
1476 2800 1589 2870 qni,
1612 2808 1721 2853 tum

156 2910 328 2949 recens
367 2894 649 2963 plantatus
682 2902 735 2947 et
773 2908 801 2945 a
840 2902 1031 2947 sancto
1059 2892 1334 2946 Bernardo
1367 2892 1530 2945 verbo
1559 2900 1723 2959 atque

152 2984 385 3052 ercuiplo
418 2986 656 3053 rigatus,
690 2982 741 3035 in
771 2996 966 3052 magno
996 2980 1207 3035 fervore
1236 2980 1635 3050 perseverabat,
1665 2994 1725 3034 se

152 3077 386 3147 contulit,
428 3092 556 3131 cum
592 3073 705 3143 jatn
745 3075 797 3128 in
829 3073 1107 3143 proposito
1136 3073 1542 3128 Carthusiensis
1579 3071 1723 3125 ordi-

153 3168 242 3232 nis,
282 3170 340 3223 in
388 3186 499 3238 quo
544 3168 769 3221 fundata
811 3166 990 3220 fuerat

154 3271 324 3315 rasset.
360 3280 378 3311 ι
412 3261 493 3314 lta
518 3262 784 3314 hactenus
805 3260 1223 3322 Blomenvenna,
1256 3260 1450 3312 iterum
1482 3258 1570 3312 hic
1597 3257 1720 3320 sibi,

156 3360 205 3403 ut
237 3368 380 3422 sa-pe
431 3352 588 3417 alias,
635 3364 898 3421 quantum
945 3351 1013 3404 ad
1062 3350 1421 3405 substantiam
1480 3347 1721 3413 Surium,

155 3455 243 3495 non
291 3454 483 3498 tamen
529 3442 865 3510 Puteanum,
919 3450 1103 3511 utpote
1153 3441 1246 3510 qui
1296 3440 1482 3495 Sancti
1518 3439 1727 3494 meritis

156 3534 301 3588 multa
339 3543 469 3603 post
504 3535 621 3605 ejus
648 3535 856 3588 obitum
888 3533 1150 3586 miracula
1184 3530 1408 3603 ’operari
1437 3531 1725 3585 Domicum

157 3625 418 3696 diguatum
450 3643 593 3694 esse,
624 3626 923 3696 generatim
955 3628 1216 3680 duntaxat
1237 3625 1463 3690 scribat,
1498 3638 1729 3680 consen-

144 3718 356 3774 tientem
390 3721 624 3776 habens.
656 3719 853 3774 Verum
883 3718 1012 3788 quid
1042 3718 1201 3772 modo
1226 3717 1293 3771 de
1322 3716 1493 3783 fonte,
1531 3717 1623 3787 qui
1661 3717 1729 3772 ad

157 3807 321 3867 Sancti
359 3812 631 3865 tumulum
673 3812 918 3882 prodigio
952 3810 1220 3865 excitatus
1262 3808 1447 3872 fuerit,
1476 3809 1543 3863 de
1573 3810 1731 3862 mira-

158 3903 273 3958 culis
304 3905 375 3958 atl
409 3904 579 3971 hunc,
616 3904 941 3958 facientibus
981 3903 1030 3956 id
1065 3901 1249 3956 Sancti
1277 3900 1505 3962 meritis,
1535 3915 1731 3969 magno

159 4010 367 4051 numero
403 3996 660 4066 patratis,
694 3996 762 4049 de
802 4006 1063 4066 tempore,
1091 4008 1198 4063 quo
1236 3993 1282 4046 is
1319 3992 1597 4046 exaruerit
1634 4008 1730 4047 seu

158 4099 260 4139 esse
285 4086 537 4150 desierit,
577 4099 642 4139 ac
681 4086 894 4138 tandem
941 4084 1102 4138 etiam
1134 4083 1200 4136 de
1240 4096 1429 4147 causa,
1459 4082 1529 4136 ob
1566 4098 1729 4153 quam

160 4175 246 4232 hoc
273 4176 562 4242 acciderit,
598 4176 939 4231 sentiendum
967 4176 1092 4230 est?

220 4309 339 4363 757.
385 4307 459 4363 Ut.
503 4324 532 4360 a
571 4304 823 4377 prodigio
868 4305 1087 4360 excitati
1140 4305 1205 4359 ad
1261 4305 1522 4359 tunmlum
1569 4305 1732 4361 fontis

164 4401 335 4456 ducam
378 4400 633 4466 initium,
683 4414 804 4452 cum
843 4397 1003 4467 hujus
1046 4412 1143 4451 nec
1177 4395 1449 4451 Puteanus
1498 4397 1551 4450 in
1598 4412 1730 4451 con-

164 4495 345 4564 scripta
385 4510 416 4547 a
454 4491 808 4548 seBrunonis
833 4491 972 4559 Vita,
1016 4506 1115 4545 nec
1154 4491 1312 4554 nllus,
1355 4490 1496 4559 quod
1538 4491 1729 4554 sciam,

1888 1913 2009 1967 758.
2032 1912 2141 1969 Nec
2170 1914 2561 1969 dubitationem
2582 1953 2600 1982 ,
2621 1930 2769 1985 quae,
2795 1918 2937 1985 quod
2984 1931 3087 1970 non
3121 1917 3354 1985 amplius
3378 1957 3396 1985 ,

1818 2004 2050 2074 ipsemet
2084 2006 2484 2060 Blomeuvcnna
2540 2006 2722 2061 verbis
2768 2007 3015 2061 recitatis
3044 2007 3279 2074 fatente,
3330 2009 3399 2063 ad

1821 2096 2008 2150 Sancti
2056 2097 2319 2150 tumulum
2357 2097 2478 2153 fons
2528 2098 2857 2164 inveniatur,
2888 2116 2991 2153 non
3023 2115 3212 2169 parum
3241 2116 3403 2171 auge-

1822 2195 1943 2251 tur,
2002 2186 2189 2240 tollere
2251 2194 2456 2256 queunt
2513 2203 2634 2257 qua:
2689 2190 3030 2257 potissimum
3072 2190 3161 2245 hte
3213 2191 3400 2246 Sancti

1820 2277 2149 2347 biograpbus
2177 2278 2230 2333 in
2268 2294 2430 2333 causa
2486 2279 2655 2335 fuisse
2704 2281 2896 2336 scribit
2959 2292 3017 2336 ut
3053 2284 3399 2354 prodigiosus

1820 2367 1941 2421 fons
1970 2368 2061 2421 ille
2085 2370 2365 2425 exaruerit
2385 2385 2475 2425 seu
2504 2386 2623 2426 esse
2649 2372 2891 2441 desierit.
2921 2375 3054 2428 Dato
3078 2375 3248 2439 enim,
3273 2389 3403 2430 vere

1820 2457 1987 2512 fuisse
2006 2458 2205 2514 fontem
2228 2462 2293 2513 ad
2312 2459 2495 2515 Sancti
2519 2461 2779 2515 tumulum
2807 2463 3052 2533 prodigio
3074 2463 3396 2529 ert-italum,

1822 2549 2046 2603 desiisse
2074 2566 2219 2617 eum,
2250 2552 2416 2619 quod,
2452 2563 2508 2604 ut
2540 2568 2635 2622 per
2656 2554 2819 2608 verba
2848 2570 2995 2607 num.
3038 2554 3142 2608 756
3177 2556 3398 2610 recitata

1824 2642 2034 2710 (utpote
2057 2658 2153 2712 per
2178 2658 2362 2697 Vocem
2395 2642 2602 2713 Religio
2633 2644 2739 2715 (adi
2789 2661 2938 2699 num.
2974 2646 3098 2716 742)
3132 2646 3271 2700 idem
3305 2648 3406 2701 ibi-
3448 2670 3451 2673 ί

1822 2734 1965 2799 dem,
1998 2736 2140 2804 quod
2168 2750 2265 2804 per
2294 2752 2479 2791 vocem
2507 2736 2671 2802 Ordo,
2702 2737 3029 2807 intelligens)
3063 2738 3197 2792 velle
3251 2738 3403 2792 vide-

1826 2834 1933 2891 tur,
1977 2827 2215 2897 religiosi
2271 2827 2577 2883 Turritana:
2616 2829 2784 2885 eremi
2825 2830 3012 2884 incolae
3044 2830 3407 2885 Cistet'ciense

1824 2917 2128 2972 institutum
2156 2929 2338 2973 essent
2364 2920 2598 2989 amplexi
2627 2960 2640 2983 ,
2683 2925 2873 2989 parum
2903 2920 3211 2974 vcrosintile
3244 2938 3408 2991 appa-

1826 3021 1934 3075 ret,
1968 3026 2088 3064 cum
2132 3011 2183 3065 lii
2212 3011 2475 3065 duntaxat
2522 3012 2575 3066 id
2608 3011 2854 3075 fecerint,
2881 3020 2967 3073 ut,
2998 3011 3231 3081 collapsa
3263 3012 3405 3081 apud

1826 3117 1919 3156 eos
1965 3102 2214 3172 religiosa
2249 3104 2566 3173 disciplina,
2619 3119 2649 3157 a
2704 3104 2813 3157 vita
2853 3104 3030 3157 minus
3060 3114 3307 3168 austera,
3338 3104 3406 3157 ad

1015 3207 1029 3233 ν
1091 3182 1266 3265 ³¹¹⁸¹¹⁵.
1296 3175 1578 3265 ⁸θ¹³ε¹ξ¹ξ³
1751 3189 1795 3251 C
1827 3210 1987 3265 quam
2009 3235 2023 3258 ,
2050 3211 2306 3264 prunatvo
2337 3195 2566 3249 instituti
2598 3196 2680 3250 sui
2717 3195 2893 3265 rigore
2919 3195 3106 3249 relicto
3128 3236 3141 3259 ,
3186 3195 3405 3250 defere-

1829 3295 1972 3350 rattt,
2004 3286 2071 3339 ad
2097 3285 2305 3340 vivendi
2339 3300 2586 3339 normam
2630 3285 2802 3354 magis
2848 3285 3072 3355 rigidam
3128 3285 3408 3354 magisque

1828 3385 2070 3430 sanctam
2105 3384 2451 3430 transeuntes
2486 3375 2592 3429 Deo
2623 3374 2913 3446 perfectius
2942 3375 3149 3445 possint
3182 3374 3410 3429 famula-

1830 3470 1874 3526 ri
1908 3510 1922 3536 ,
1989 3468 2445 3539 quemadmodum
2500 3470 2727 3539 ipsemet
2780 3468 3181 3523 Blomenvenna
3230 3467 3408 3522 verbis

1829 3559 2073 3613 recitatis
2102 3559 2343 3614 indicare
2368 3556 2597 3623 videtur,
2630 3560 2898 3629 fidemque
2928 3560 3092 3615 etiam
3123 3558 3252 3614 facit
3279 3576 3404 3615 mox

1830 3649 2105 3703 recitanda
2138 3648 2411 3703 C(Blestin't
2444 3664 2593 3718 papa:
2617 3649 2758 3703 bulla
2785 3665 2879 3703 seu
2902 3650 3085 3704 breve.
3120 3650 3260 3704 Sunt
3290 3651 3410 3719 qui-

1829 3739 1951 3794 dem
1991 3740 2082 3808 qui
2122 3739 2242 3796 illos
2296 3757 2326 3795 a
2370 3741 2743 3796 Cartbusiensi
2797 3741 3048 3796 instituto
3101 3742 3169 3795 ob
3218 3756 3411 3795 causas

1829 3848 1949 3902 qua:
1974 3835 2081 3889 Deo
2112 3835 2287 3889 minus
2305 3834 2519 3906 placere
2547 3836 2832 3890 debuerint
2858 3876 2872 3901 ,
2900 3836 3159 3891 resiliisse
3188 3846 3408 3890 conten-

1831 3926 1986 3992 dunt;
2006 3942 2191 3983 verum
2211 3928 2361 3982 hisce
2388 3926 2790 3983 assentiendum
2813 3941 2916 3981 non
2944 3942 3063 3982 esse
3089 3928 3176 3982 alii
3200 3927 3412 3993 volunt,

1831 4032 1932 4074 nec
1958 4034 2201 4089 quorum
2237 4036 2302 4074 ex
2335 4030 2488 4091 parte
2518 4021 2717 4075 veritas
2752 4029 2888 4085 stet,
2938 4019 3163 4073 nntltnm
3203 4021 3269 4074 ad
3301 4036 3411 4072 rem

1832 4119 2072 4163 nostram
2106 4108 2251 4164 facit.
2288 4110 2488 4165 Demus
2516 4111 2665 4165 enim
2690 4111 2854 4165 etiam
2882 4149 2896 4175 ,
2922 4107 3126 4177 justam
3158 4109 3407 4171 omnino,

1832 4199 1901 4254 ob
1932 4217 2093 4270 quam
2125 4201 2429 4257 Turritanze
2460 4204 2627 4258 eremi
2657 4201 2848 4257 incola:
2882 4217 2910 4255 a
2935 4200 3305 4267 Garthusieusi
3344 4201 3413 4253 ad

1832 4291 2192 4348 Cisterciense
2238 4294 2543 4348 institutum
2596 4292 2915 4347 deﬂexetint
2953 4332 2968 4357 ,
3029 4305 3248 4346 causam
3305 4305 3413 4345 non

1834 4383 2108 4437 exstitisse
2128 4423 2142 4447 ,
2172 4397 2272 4439 nec
2298 4383 2378 4438 sic
2401 4393 2581 4438 tamen
2614 4381 2925 4436 verosindle
2950 4380 3173 4443 evadet,
3207 4381 3413 4435 factum

1834 4488 1954 4527 esse
1991 4486 2048 4528 ut
2079 4474 2231 4541 fons,
2261 4476 2351 4543 qui
2381 4475 2445 4529 ad
2472 4474 2737 4528 tumulum
2786 4474 2842 4527 S.
2874 4473 3141 4526 Brunonis
3168 4471 3416 4542 prodigio

165 4542 345 4564 ---τ--
386 4542 416 4547 ψ
454 4542 803 4548 -ν-τ---ηη
1375 4542 1407 4559 ,κ
1715 4542 1721 4554 .

165 4590 379 4658 scriptor
418 4602 514 4641 seu
550 4585 774 4654 azqualis
811 4598 904 4638 seu
943 4598 1146 4653 suppar
1174 4582 1504 4638 mentionem
1544 4582 1721 4648 faciat,

1835 4567 2105 4621 excitatus
2128 4566 2350 4631 fuisset,
2378 4568 2446 4622 ob
2491 4582 2679 4621 eorum
2711 4567 2776 4619 ad
2813 4564 3174 4620 Cisterciense
3200 4564 3417 4641 institu-

166 4696 267 4735 esse
296 4697 429 4736 sane
462 4680 681 4734 videtur
709 4693 839 4739 cur,
889 4694 955 4731 an
988 4691 1115 4731 vere
1147 4678 1212 4730 ad
1247 4675 1429 4730 Sancti
1469 4676 1729 4730 tumulum

166 4774 410 4827 miraculo
455 4772 578 4826 fons
626 4772 895 4839 eruperit,
936 4770 987 4823 in
1027 4769 1247 4822 dubium
1293 4785 1322 4821 a
1362 4782 1464 4821 non
1521 4769 1735 4822 nemine

168 4875 448 4920 revocetur.
486 4865 553 4918 Et
579 4878 707 4916 vero
739 4878 859 4916 eum
894 4861 1099 4915 inventi
1147 4860 1350 4914 fuerint
1400 4860 1513 4929 qui,
1543 4874 1733 4928 quem~

169 4958 435 5013 admodum
494 4972 654 5025 supra
705 4955 956 5018 vidimus,
989 4953 1041 5005 in
1071 4952 1382 5016 Carthusia,
1426 4968 1548 5006 cum
1584 4953 1736 5009 banc

169 5048 383 5106 Sanctus
421 5048 647 5118 ejusque
678 5048 806 5102 socii
846 5050 1076 5118 primum
1111 5046 1337 5101 fuissent
1368 5045 1619 5114 ingressi,
1651 5048 1734 5101 di-

171 5146 348 5199 vinitus
396 5144 566 5198 fuisse
608 5142 903 5197 excitatum
953 5140 1179 5203 fontem,
1225 5137 1588 5203 confixerint,
1642 5146 1736 5191 aut

170 5236 338 5290 saltem
367 5253 431 5291 cx
474 5250 663 5289 errore
718 5231 1070 5297 crediderint,
1103 5228 1288 5300 quidni
1320 5229 1483 5282 etiam
1533 5228 1730 5282 factum

171 5342 273 5380 esse
303 5335 567 5396 queatut,
600 5323 681 5376 vel
708 5340 773 5377 ex
803 5337 986 5376 errore
1012 5321 1094 5375 vel
1126 5336 1191 5374 ex
1225 5320 1456 5388 fingendi
1494 5306 1730 5383 licentia,

174 5417 394 5487 prodigio
438 5416 506 5469 ad
538 5412 725 5467 Sancti
777 5410 947 5465 nostri
995 5408 1257 5463 ttnnulnm
1300 5405 1573 5460 ebulliisse
1616 5402 1732 5460 fon-

177 5516 287 5571 lem,
332 5511 380 5563 in
422 5510 632 5563 litteras
675 5506 898 5560 missum
941 5502 1126 5565 fuerit,
1172 5498 1601 5570 propensiusquc
1640 5499 1731 5552 de-

178 5594 284 5649 inde
326 5614 384 5653 ac
430 5596 661 5660 facilius,
712 5609 873 5663 quam
928 5608 1024 5662 par
1075 5600 1239 5653 esset,
1295 5604 1322 5640 a
1363 5586 1730 5656 prodigiorum

180 5689 460 5743 amantibus
525 5687 841 5742 creditum?
919 5687 1171 5737 Attamen
1260 5696 1381 5734 cum
1451 5679 1729 5749 sequentia

180 5772 279 5829 bare
330 5779 506 5846 verba,
559 5797 577 5831 ι
625 5776 784 5833 Juxta
837 5775 1145 5849 sepulcrum
1178 5769 1293 5841 ejus
1344 5770 1423 5841 (Β.
1462 5767 1731 5823 Brunonis

1839 4665 1948 4708 nun
1984 4654 2363 4719 defectionem,
2396 4654 2694 4708 exaruerit.
2738 4653 3137 4722 Qualiscunque
3164 4652 3309 4707 enim
3348 4667 3413 4707 ea

1839 4746 2038 4814 fuerit,
2063 4760 2183 4800 sese
2209 4746 2457 4816 equidem
2483 4746 2549 4801 ad
2581 4745 2702 4800 vitae
2726 4745 3031 4800 institutum
3078 4744 3221 4798 nullo
3260 4760 3416 4813 pror-

1790 4830 1801 4852 '
1839 4854 1931 4892 sus
1959 4853 1990 4892 e
2047 4838 2223 4907 capite
2277 4839 2730 4893 contenmendmn
2773 4838 3064 4908 multisque
3112 4837 3313 4892 nomini
3356 4853 3418 4891 us

1843 4945 2185 4999 summopere
2243 4930 2731 4993 commendandum
2785 4930 3131 4995 transtulere,
3184 4945 3283 4983 nee
3332 4930 3415 4994 id,

1826 5025 1943 5101 arisi
1988 5024 2321 5080 assentiente
2366 5038 2429 5077 ac
2508 5023 2842 5092 approbante
2899 5036 3110 5076 summo
3163 5021 3418 5090 pontifice

1824 5114 2162 5183 Caelestino,
2206 5116 2418 5181 fecere,
2445 5114 2524 5168 uti
2567 5128 2599 5167 e
2631 5113 2801 5175 bulla,
2832 5128 2938 5182 qua
2973 5113 3059 5167 hic
3101 5112 3179 5165 eis
3219 5112 3282 5164 ad
3330 5111 3419 5167 Ci-

1826 5208 2194 5263 'sterciensem
2236 5207 2480 5262 ordinem
2522 5206 2833 5261 transeundi
2898 5204 3209 5260 facultatem
3256 5201 3415 5268 fecit,

1840 5300 2182 5357 manifestum
2209 5308 2311 5355 est.

1910 5392 2033 5447 739.
2086 5390 2236 5444 Hanc
2265 5389 2470 5443 ideirco
2522 5402 2552 5441 e
2597 5386 2861 5452 Suriano,
2920 5384 3010 5455 qui
3036 5399 3154 5439 eam
3192 5383 3303 5438 suis
3350 5384 3416 5437 ad

1839 5485 2193 5556 compositam
2216 5498 2244 5535 a
2276 5480 2436 5535 Surio
2456 5479 2515 5535 S.
2543 5478 2812 5533 Brunonis
2845 5478 3019 5533 Vitam
3042 5474 3419 5530 Anuotationi-

1841 5580 1941 5635 bus
1985 5595 2079 5633 seu
2123 5575 2300 5647 potius
2348 5573 2676 5630 Cbronotaxi
2727 5571 2877 5626 hisce
2905 5568 3128 5639 adjecta:
3165 5583 3283 5637 pag.
3311 5565 3417 5620 46‘.)

1840 5683 1892 5727 et
1942 5687 2058 5740 seq.
2093 5665 2680 5731 inseruit,transferre
2708 5664 2812 5718 huc
2844 5662 3011 5715 lubet.
3055 5658 3146 5714 Sic
3192 5659 3354 5711 liabet
3399 5671 3414 5710 ε

1846 5782 1864 5815 ι
1902 5762 2227 5819 Cuclcstinus
2276 5759 2587 5827 episcopus,
2619 5767 2804 5809 servus
2853 5763 3136 5808 servorum
3181 5745 3307 5815 Dei,
3337 5744 3418 5802 di-
