3846 6316
443 316 549 373 εδδ

1252 307 1309 364 8.
1352 301 1697 361 ΒΙὶυΝΟΝιὸ
1732 293 2372 356 CARTllUSIANORUM
2415 288 2905 346 lNS'l'lTU'l'OlllS

3640 287 3735 341 136

426 427 595 484 lectis
626 425 749 482 filiis
789 424 1050 480 fratribus
1074 421 1309 478 cmuobii
1342 420 1402 475 S.
1431 417 1693 490 Stephani
1741 416 1807 471 de
1852 414 2024 468 Bosco
2053 417 2097 475 Α
2132 410 2220 465 hic
2244 424 2387 463 anno
2430 406 2595 469 1191,
2646 405 2713 461 ad
2744 404 2983 476 Aprilem
3022 402 3147 474 jam
3200 410 3497 474 provecto,
3546 401 3611 454 ad
3658 418 3737 456 su-

436 520 491 574 in
517 517 769 574 Calabria
809 516 1039 572 salutem
1080 524 1136 570 et
1164 512 1516 583 apostolicam
1565 507 2026 565 benedictionem.

433 612 516 666 Ad
540 609 823 682 religionis
848 608 1101 663 ordinem
1135 603 1543 677 propagandnm
1572 610 1626 657 et
1646 599 1717 655 ad
1745 614 1875 654 suos
1910 598 2029 669 pal-

442 702 604 757 mites
633 697 1004 755 extendendos
1028 713 1091 752 ex
1119 696 1279 752 ofiicii
1301 696 1471 752 nostri
1491 695 1670 750 debito
1691 690 2029 764 propensiori

444 810 575 850 cura
619 790 1203 857 debemusintendere,
1236 799 1291 844 et
1328 790 1503 860 ipsum
1531 786 1711 841 divina
1738 783 2031 855 flagrantia

444 883 795 955 pullulantem
853 891 1039 936 tenere
1096 896 1194 951 pro
1246 879 1474 943 viribus,
1524 884 1581 931 et
1628 874 1835 929 ferere.
1896 873 2031 927 Cum

442 977 616 1048 igitur
647 974 829 1030 divina
855 973 1209 1043 inspiratione
1228 969 1487 1042 praeventi
1522 967 1620 1024 sub
1658 964 2035 1021 Cisterciensis

440 1068 653 1126 ordinis
682 1067 1029 1123 observantia
1056 1064 1339 1120 volueritis
1383 1062 1621 1116 militare
1660 1069 1713 1114 et
1743 1072 1906 1129 super
1930 1056 2035 1111 hoc

445 1156 919 1213 confirmationem
941 1153 1293 1224 apostolicam
1319 1161 1375 1206 et
1402 1150 1640 1206 favorem
1660 1147 1818 1202 Prior
1834 1155 2034 1207 vester,

444 1247 513 1303 ad
538 1262 637 1303 nos
667 1245 909 1310 veniens,
945 1244 1145 1299 obnixe
1177 1242 1428 1313 petierit,
1458 1239 1688 1294 fratrum
1720 1244 2035 1290 nostrorum

448 1339 854 1393 comnmnicato
874 1335 1104 1391 consilio
1126 1376 1140 1402 ,
1175 1350 1299 1390 cum
1337 1333 1574 1387 dextera:
1606 1328 1817 1385 Excelsi
1863 1338 2039 1382 mnta-

454 1429 534 1484 tio
565 1426 833 1491 videatur,
881 1436 1123 1481 vestrum
1178 1425 1284 1479 hoc
1334 1423 1665 1493 propositum
1697 1421 2041 1475 commenda-

454 1532 608 1583 mus,
646 1525 734 1581 et,
787 1525 847 1571 ut
879 1517 1074 1570 amodo
1105 1516 1204 1569 sub
1229 1514 1417 1569 eadem
1450 1513 1790 1568 observantia
1829 1520 1883 1567 et
1921 1527 2041 1565 cor-

454 1610 698 1666 rectione
766 1609 978 1663 abbatis
1044 1616 1100 1663 et
1153 1605 1379 1660 fratrum
1441 1604 1815 1660 Fossae-Novm
1858 1602 2042 1657 vivere

447 1699 719 1765 deleatis,
752 1706 806 1751 et
836 1706 1047 1769 gratqu
1081 1698 1188 1751 Deo
1213 1694 1530 1749 fanndatutn
1561 1694 1671 1748 Deo
1699 1693 2040 1763 impendere,

457 1792 785 1846 auctoritate
833 1787 1131 1860 apostolica
1170 1829 1183 1850 ,

452 1885 579 1956 jure
600 1926 614 1951 ,
660 1883 1067 1941 confirmamus.
1086 1880 1227 1935 Nulli
1257 1895 1387 1952 ergo
1412 1880 1636 1936 omnino
1665 1878 1943 1934 hominum
1978 1876 2043 1930 li-

453 1988 578 2036 ceat
598 2019 614 2044 ,
644 1979 789 2033 hanc
817 1976 1068 2047 paginam
1097 1984 1298 2029 nostrm
1323 1971 1730 2029 constitutionis
1758 1978 1813 2025 et
1850 1968 2049 2024 confir-

461 2070 717 2127 mationis
758 2068 1078 2140 infringere,
1120 2076 1225 2122 etc.
1270 2066 1463 2121 Datum
1514 2064 1789 2130 Laterani,
1822 2062 1885 2117 lll
1928 2062 2052 2117 ldus

459 2162 708 2218 decemb.
757 2159 1111 2215 Pontificatus
1158 2158 1328 2212 nostri
1388 2173 1528 2211 anno
1570 2157 1626 2210 ‘2.
1665 2176 1684 2209 ι
1721 2154 1855 2210 Cum
1886 2168 2049 2223 ergo,

464 2252 543 2307 uti
576 2268 605 2306 e
638 2252 919 2307 Pontilicia
945 2252 1047 2305 hac
1078 2248 1218 2303 bulla
1251 2264 1343 2302 scu
1367 2247 1514 2302 brevi
1556 2245 1900 2317 intelligitur,
1936 2258 2052 2298 co:-

465 2342 613 2398 nobii
661 2343 720 2397 S.
754 2341 1012 2412 Stephani
1041 2340 1107 2395 de
1137 2341 1307 2395 Bosco
1337 2338 1389 2392 in
1422 2337 1672 2392 Calabria
1721 2337 1918 2391 fratres
1957 2351 2053 2389 seu

464 2431 709 2502 religiosi
754 2432 1059 2486 Turritanae
1084 2431 1251 2485 eremi
1294 2429 1510 2493 incolae,
1573 2446 1677 2484 non
1708 2438 1913 2484 tantum
1948 2445 2053 2483 non

464 2531 807 2592 repugnante
846 2561 860 2587 ,
912 2521 1006 2575 sed
1059 2521 1222 2574 etiam
1283 2519 1547 2590 probante
1611 2519 2057 2589 propositumque

463 2625 652 2666 eorum
699 2610 950 2666 laudante
986 2609 1242 2680 pontifice
1273 2650 1287 2674 ,
1321 2609 1389 2664 ad
1441 2610 1857 2665 Cisterciensem
1904 2609 2051 2664 ordi-

464 2717 589 2758 nem
663 2701 980 2769 migrarint,
1026 2702 1216 2771 sicque
1247 2701 1299 2756 id
1354 2699 1603 2756 faciemlo
1643 2709 1836 2756 contra
1885 2699 2055 2753 Deum

476 2796 696 2851 iuduhie
746 2811 850 2850 non
903 2794 1213 2863 peccarint,
1245 2793 1427 2849 nescio
1457 2791 1602 2847 enim
1633 2808 1780 2856 vero,
1819 2806 1886 2846 an
1917 2789 2061 2845 futu-

470 2902 592 2941 rum
625 2886 728 2951 sit,
760 2894 818 2939 ut
848 2886 1077 2954 quisque
1109 2894 1194 2939 sat
1221 2883 1529 2950 verosimile
1551 2883 1870 2947 arbitretur,
1904 2880 2056 2947 illum

467 2991 659 3033 eorum
712 2977 997 3031 transitum
1047 2990 1270 3031 causam
1314 2990 1435 3029 esse
1467 2974 1727 3045 potuisse,
1773 2973 1844 3028 ob
1894 2986 2059 3042 quam

472 3067 779 3123 Turritauae
818 3067 984 3122 eremi
1018 3066 1159 3128 fons,
1182 3066 1274 3136 qui
1307 3066 1375 3120 ad
1414 3064 1601 3119 Sancti
1636 3063 1902 3118 tumulum
1930 3079 2058 3132 pro-

2134 512 2374 569 premam
2404 496 2659 552 Ecclesia!
2686 496 3004 551 cathedram
3053 492 3239 549 fuerit
3268 500 3531 558 evectus,
3577 492 3736 548 bulla-

2132 603 2239 657 que
2269 588 2429 643 tertio
2454 587 2577 641 ldus
2607 602 2703 642 seu
2744 587 2801 640 ll
2858 585 3189 641 Decembris
3223 584 3345 647 dte,
3378 598 3531 638 anno
3569 582 3742 638 Ponti-

2134 679 2327 733 ficatus
2358 676 2477 747 ejus
2500 679 2742 732 secundo
2774 676 2900 731 data
2930 684 3185 740 notetur,
3218 672 3631 729 conscCtarinm
3646 685 3736 739 est,

2136 781 2193 824 ut
2217 769 2532 825 monasterii
2565 768 2623 824 8.
2660 766 2921 839 Stephani
2952 766 3017 823 de
3041 766 3232 822 Bosco
3267 763 3479 819 fratres
3523 778 3616 819 seu
3663 782 3738 819 re-

2136 860 2645 933 ligiosi'l‘urritana:
2669 860 2838 914 eremi
2892 859 3082 914 incola:
3142 872 3301 912 anno
3352 856 3575 912 demum
3621 855 3742 911 ΗΕΒ

2136 963 2230 1007 aut
2254 953 2531 1022 sequentis
2559 951 2713 1006 initio
2729 951 2795 1006 ad
2820 950 3257 1007 Cisterciensem
3281 950 3543 1005 ordinem
3571 958 3738 1003 trans-

2142 1043 2333 1107 ierint,
2379 1057 2445 1096 ac
2486 1041 2667 1111 proin,
2703 1053 2760 1095 ut
2787 1041 3192 1096 monasterium
3224 1038 3366 1094 illud
3408 1054 3520 1094 non
3553 1047 3740 1093 tantum

2143 1134 2302 1190 annis
2348 1134 2570 1189 circiter
2614 1135 2931 1204 sexaginta,
2987 1141 3046 1188 ut
3091 1132 3529 1188 Blomenvenna
3576 1132 3741 1187 verbis

2140 1241 2303 1292 supra
2327 1225 2432 1280 huc
2463 1225 2808 1295 transcriptis
2845 1224 3051 1289 tradit,
3077 1223 3180 1279 sed
3215 1232 3450 1279 centum
3476 1237 3742 1293 propemo-

2142 1318 2269 1371 dum
2295 1326 2350 1372 et
2376 1317 2606 1388 amplius
2636 1317 2690 1371 in
2718 1317 2876 1381 vitae,
2906 1315 3052 1384 quod
3103 1316 3163 1371 in
3192 1329 3265 1370 eo
3296 1324 3530 1370 secutus
3576 1314 3739 1368 fuerat

2143 1407 2203 1463 S.
2239 1406 2449 1473 Bruno,
2481 1409 2729 1463 instituto
2756 1408 2989 1474 durarit,
3026 1407 3341 1478 pluresque
3370 1406 3567 1471 etiam,
3596 1419 3738 1474 quam

2146 1499 2408 1570 quinque,
2445 1500 2681 1553 instituti
2728 1498 3173 1564 Carthusiensis,
3220 1507 3527 1567 antequam
3564 1496 3630 1551 ad
3667 1494 3738 1551 Ci-

2145 1593 2473 1649 stercienses
2497 1593 2777 1658 transiret,
2811 1594 3018 1663 priores
3057 1590 3348 1646 habuerit.

2220 1685 2345 1740 7H.
2368 1685 2433 1738 Et
2458 1700 2587 1739 vero
2615 1683 2879 1738 Camillus
2908 1681 3141 1737 Tutinus
3174 1682 3235 1735 iu
3270 1680 3451 1746 brevi,
3492 1678 3634 1751 quod
3655 1694 3739 1733 suo

1257 1787 1409 1842 salvo
1488 1786 1744 1841 Ecclesia:
1788 1785 2042 1840 Romam:
2076 1775 2117 1829 Β
2151 1778 2405 1833 Historiae
2440 1775 2651 1830 ordinis
2693 1773 3099 1829 Cartlmsiensis
3120 1772 3451 1843 prospectui
3488 1770 3703 1827 attexuit
3725 1809 3738 1832 .

2155 1869 2428 1927 Chronico
2450 1867 2668 1924 Priores
2683 1884 2789 1922 non
2823 1876 3031 1922 tantum
3053 1868 3332 1937 quinque,
3359 1866 3459 1923 sed
3481 1865 3737 1925 tredecim,

2153 1962 2248 2033 qui
2272 1960 2340 2016 ad
2371 1960 2429 2017 S.
2461 1960 2731 2016 Brunonis
2766 1959 3113 2030 prmeriptum
3164 1958 3534 2015 Turritanarn
3556 1957 3612 2012 S.
3636 1958 3741 2009 Ste-

2153 2056 2320 2128 phani
2351 2054 2602 2118 domum,
2635 2061 2927 2123 antequam
2970 2053 3085 2109 haec
3115 2053 3501 2109 Cisterciense
3547 2052 3647 2105 inst
3669 2060 3739 2105 tn-

2157 2158 2270 2203 tum
2330 2145 2777 2217 amplecteretur,
2810 2147 2877 2200 ad
2909 2161 3111 2201 annum
3144 2160 3331 2217 usque
3358 2144 3504 2201 “92
3540 2158 3739 2204 rexere.

2156 2254 2253 2293 suo
2289 2237 2516 2308 singulis
2546 2237 2765 2292 nomine
2804 2236 3081 2307 apposito,
3107 2245 3404 2304 recenset,
3435 2250 3737 2304 eorumque.

2158 2330 2250 2399 qui
2310 2340 2434 2399 post
2466 2331 2715 2400 quintum
2736 2344 2767 2383 a
2802 2328 2859 2385 S.
2889 2329 3143 2385 Brttnone
3182 2329 3409 2396 floruit,
3449 2342 3594 2383 anno
3621 2326 3739 2381 “38

2156 2420 2359 2476 obiisse
2383 2432 2552 2477 notat.
2597 2421 2663 2476 Et
2691 2436 2826 2476 sane
2854 2438 2883 2475 a
2909 2421 3108 2476 Tutino
3139 2421 3335 2493 plures
3359 2421 3529 2476 etiam
3553 2462 3565 2483 ,
3594 2433 3735 2483 quam

2158 2512 2523 2582 qninque,qui
2539 2511 2607 2567 ad
2628 2528 2898 2573 normam,
2913 2529 2940 2564 a
2960 2510 3168 2567 Sancto
3185 2521 3389 2568 nostro
3404 2528 3457 2566 tn
3476 2510 3738 2565 Turritaua

2159 2603 2420 2659 Calabria:
2447 2618 2633 2660 eremo
2661 2604 2987 2668 institutam,
3012 2604 3184 2659 vitam
3212 2605 3525 2674 exegerint,
3540 2601 3736 2659 Priores

2163 2706 2313 2752 recte
2340 2694 2655 2751 enumerari
2681 2736 2696 2761 ,
2728 2694 3198 2750 vernsimillimum
3245 2702 3500 2764 apparet,
3536 2702 3639 2747 tum
3679 2705 3735 2743 ex

2156 2791 2268 2860 jam
2298 2790 2458 2845 dictis
2480 2831 2496 2856 ,
2543 2798 2654 2843 tum
2702 2787 2866 2843 etiam
2890 2803 2958 2843 ex
3018 2788 3104 2852 iis,
3137 2803 3263 2859 qua:
3292 2788 3400 2842 huc
3432 2783 3665 2841 facientia
3691 2783 3735 2836 in

2162 2898 2258 2938 sua
2289 2881 2848 2937 deCarthusianornm
2874 2880 3044 2936 initiis
3068 2880 3481 2936 Dissertatione
3510 2864 3738 2931 num.'20

2164 2983 2222 3029 et
2271 2974 2478 3045 aliquot
2540 2987 2695 3043 seqq.
2724 2972 3039 3029 Columbius
3071 3012 3086 3038 ,
3129 2973 3211 3028 uti
3262 2971 3416 3028 hunc
3464 2966 3736 3025 consulenti

2165 3072 2435 3135 patescet,
2476 3065 2530 3119 in
2561 3064 2797 3121 medium
2830 3065 3067 3120 adducit.
3098 3061 3438 3129 Jamyero,
3470 3074 3592 3117 cum
3638 3057 3737 3112 haec

471 3157 616 3228 digio
642 3157 909 3214 excitatus
941 3155 1137 3222 fuerit,
1165 3129 1407 3210 existere
1430 3152 1680 3219 desierit,
1710 3161 1823 3218 aut,
1851 3151 1897 3207 si
1930 3129 2059 3206 ina-
2090 3129 2135 3191 Ο
2166 3129 2243 3214 ita
2269 3158 2527 3223 habeant,
2564 3172 2664 3214 nec
2688 3157 2831 3224 fons,
2861 3159 2954 3230 qui
2983 3158 3238 3231 prodigio
3286 3157 3356 3214 ad
3386 3156 3447 3212 S.
3496 3150 3736 3209 Brunonis

470 3251 575 3318 vis,
598 3251 893 3305 exaruerit.
926 3248 1045 3304 .lam
1078 3264 1233 3313 vero,
1267 3264 1391 3302 cum
1423 3263 1509 3302 res
1548 3248 1619 3301 ita
1657 3246 2067 3311 habeat,manet

476 3359 609 3398 sane
637 3358 705 3397 ex
734 3357 898 3411 supra
929 3341 1087 3395 dictis
1109 3382 1123 3404 ,
1148 3355 1211 3395 ac
1239 3339 1476 3394 maxime
1510 3355 1577 3394 ex
1607 3354 1673 3392 co
1692 3379 1705 3402 ,
1740 3338 1883 3408 quod
1914 3337 2063 3403 fons,

478 3435 572 3504 qui
624 3435 871 3505 prodigio
900 3434 1170 3489 excitatus
1196 3431 1359 3487 fuerit
1385 3471 1400 3497 ,
1430 3446 1533 3485 non
1559 3431 1792 3500 amplius
1832 3430 2065 3496 existat,

480 3541 634 3595 teque
660 3540 725 3580 ac
756 3533 883 3578 ante
911 3522 1165 3589 dubium,
1199 3537 1267 3577 an
1300 3521 1564 3577 miraculo
1592 3519 1898 3592 huiusmodi
1917 3519 2067 3576 locus

480 3631 718 3686 unquam
753 3615 938 3670 fuerit.

556 3706 680 3759 740.
716 3705 828 3761 Nec
858 3703 1087 3759 multum
1123 3704 1191 3760 ad
1216 3719 1328 3759 rem
1357 3701 1505 3767 facit,
1533 3702 1873 3773 prodigiosos
1895 3701 2072 3756 fontes

483 3814 591 3855 non
623 3814 744 3854 esse
770 3813 981 3868 semper
1006 3807 1321 3869 perpetuos;
1351 3796 1454 3853 etsi
1490 3796 1632 3852 enim
1663 3796 1714 3849 id
1738 3808 1927 3848 verum
1952 3809 2070 3851 esse

479 3891 816 3965 dederimus,
862 3905 1201 3960 consequens
1252 3890 1517 3944 duntaxat
1555 3889 1695 3952 erit,
1740 3896 1831 3950 ut,
1872 3888 1971 3942 etsi
2004 3888 2070 3942 ad

489 3983 681 4039 Sancti
730 3982 994 4038 ttnnulum
1026 3980 1145 4036 fons
1174 3997 1279 4036 non
1325 3980 1556 4050 amplius
1587 3978 1915 4043 inveniatur,
1952 3978 2072 4034 fons

492 4083 674 4129 tamen
713 4072 1055 4142 prodigiosus
1074 4070 1273 4125 ibidem
1296 4069 1531 4123 existere
1557 4064 1849 4136 aliquando
1874 4075 2068 4135 potue-

493 4167 762 4231 rit;unde
811 4165 986 4235 reipsa
1040 4164 1203 4219 etiam
1260 4163 1461 4217 fontem
1506 4158 1812 4229 huiusmodi
1872 4160 2073 4216 ibidem

488 4259 621 4316 olim
661 4257 955 4323 exstitisse,
995 4272 1091 4327 pro
1117 4254 1418 4311 indubitate
1447 4252 1623 4309 nullus
1648 4262 1797 4308 certe
1833 4251 2072 4308 habebit.

489 4351 643 4419 Quod
676 4351 718 4405 si
754 4351 969 4407 Interim
998 4349 1119 4403 lous
1167 4347 1507 4417 prodigiosos
1547 4346 1615 4400 ad
1662 4343 1847 4400 Sancti
1902 4344 2075 4400 nostri

498 4438 760 4493 tumulum
812 4456 1047 4510 unquam
1088 4437 1380 4502 exstiterit,
1440 4445 1601 4506 atque
1647 4434 1718 4490 ob
1759 4449 2001 4501 causam,
2046 4450 2076 4489 a

500 4529 735 4583 laudatis
760 4531 1121 4599 scriptoribus
1143 4530 1427 4584 adductam
1447 4568 1462 4595 ,
1513 4528 1776 4582 duntaxat
1824 4526 2074 4591 desierit’,

2169 3247 2431 3304 tumulum
2460 3257 2614 3304 ortus
2640 3248 2746 3314 sit,
2798 3249 3106 3317 exaruisse,
3134 3264 3237 3304 seu
3268 3264 3427 3314 esse,
3474 3254 3734 3313 antequam

2167 3338 2229 3395 S.
2261 3338 2527 3410 Stephani
2555 3341 2947 3396 monasterium
2972 3342 3040 3395 ad
3062 3340 3436 3397 Cisterciense
3460 3336 3734 3393 int-titulum

2170 3431 2515 3498 transiisset,
2545 3431 2772 3493 desiisse
2806 3445 2838 3485 a
2885 3430 3323 3496 Blomenvenna,
3362 3429 3615 3498 aliisque,
3658 3418 3734 3490 qui

2168 3524 2408 3594 ejusdem
2454 3540 2578 3580 cum
2615 3540 2681 3580 eo
2708 3524 2979 3595 opinionis
3029 3535 3193 3589 sunt,
3245 3531 3543 3582 statuatur,
3571 3525 3735 3571 conse-

2169 3637 2346 3693 quens
2368 3630 2547 3685 est,ut
2574 3620 2692 3675 fons
2721 3618 2811 3676 ille
2840 3634 2947 3675 non
2980 3627 3187 3674 tantum
3217 3613 3613 3690 quinquaginta
3639 3607 3733 3662 cir-

2170 3712 2310 3767 citer
2334 3719 2427 3764 aut
2458 3710 2770 3780 sexaginta,
2830 3709 2926 3765 sed
2976 3709 3283 3779 nonaginta
3338 3704 3567 3775 amplius
3602 3695 3735 3753 annis

2173 3811 2295 3872 post
2323 3799 2511 3856 Sancti
2541 3800 2713 3855 nostri
2736 3799 2945 3855 obitum
2974 3800 3169 3854 debeat
3195 3799 3459 3861 durasse,
3489 3790 3586 3847 etsi
3611 3788 3730 3842 inte-

2175 3893 2276 3947 rim
2304 3891 2355 3945 id
2388 3891 2442 3946 in
2469 3891 2726 3960 opinione
2769 3890 3039 3945 dictorum
3065 3889 3424 3960 scriptorum,
3455 3883 3544 3955 qui
3586 3873 3732 3935 eremi

2173 3985 2478 4041 Calabrina:
2508 3986 2576 4039 ad
2599 3984 2993 4041 Cistercienses
3024 3984 3386 4040 defectionem
3403 3982 3517 4052 jam
3542 3975 3653 4032 inde
3676 3968 3732 4023 ab

2177 4090 2322 4132 anno
2351 4077 2490 4131 H60
2518 4085 2610 4131 aut
2643 4078 2806 4132 etiam
2836 4077 2998 4132 citius
3027 4075 3225 4131 factam
3256 4080 3527 4137 statuunt,
3553 4084 3581 4123 a
3604 4062 3735 4119 veri-

2180 4180 2288 4225 tate
2313 4168 2537 4224 omnino
2568 4168 2640 4223 sit
2664 4169 2923 4223 alienum.
2952 4168 3131 4238 Atque
3162 4168 3278 4223 lucc
3303 4175 3460 4228 sunt,
3486 4174 3599 4233 quae
3639 4165 3729 4209 tum

2179 4259 2245 4314 de
2276 4258 2585 4329 prodigiose
2619 4258 2711 4312 illo
2749 4258 2928 4321 fonte.
2971 4260 3039 4312 ad
3076 4258 3261 4314 Sancti
3295 4254 3585 4316 tumulum,
3621 4246 3729 4301 utin

2182 4349 2537 4420 scriptoribus
2566 4364 2728 4420 supra
2752 4347 2982 4404 laudatis
3018 4350 3272 4417 refertur,
3301 4357 3523 4406 exorto.
3552 4354 3651 4397 tum
3676 4336 3729 4388 de

2185 4451 2426 4511 tempore
2461 4456 2568 4511 quo
2593 4482 2608 4508 ,
2654 4450 2707 4495 et
2746 4456 2909 4496 causa
2946 4443 3014 4496 ob
3060 4459 3223 4513 quam
3272 4456 3394 4498 esse
3431 4440 3476 4495 is
3520 4426 3730 4488 desierit.

2183 4534 2412 4589 dicenda
2437 4544 2750 4589 occurrunt.
2782 4531 3092 4588 Proximum
3149 4544 3232 4590 est
3264 4545 3324 4591 ut
3356 4533 3423 4588 de
3448 4521 3727 4586 miraculis.

498 4620 546 4673 is
568 4620 815 4688 equidem
866 4621 1098 4685 diutius,
1153 4637 1315 4691 quam
1365 4619 1524 4674 annis
1563 4620 1953 4691 quinquaginta
1986 4629 2079 4673 aut

494 4711 779 4780 sexaginta
832 4712 1061 4767 durarit.
1096 4712 1309 4766 Etenim
1362 4728 1485 4766 cum
1510 4710 1897 4767 Ctelcstinusll
1942 4727 2078 4781 papa

498 4817 645 4856 anno
678 4801 830 4865 ll“,
862 4818 971 4873 quo
1002 4804 1392 4858 monasterium
1435 4803 1494 4857 8.
1526 4803 1790 4873 Stephani
1821 4803 1887 4859 de
1909 4801 2082 4858 Bosco

501 4893 570 4947 ad
600 4892 1017 4949 Cisterciensem
1063 4893 1311 4955 ordinem
1361 4895 1598 4949 nondum
1644 4895 1810 4949 fuisse
1853 4894 2085 4949 transla-

506 4996 657 5048 tum,
689 4999 753 5038 ac
782 4986 935 5054 proin
961 4984 1182 5047 fontem,
1210 4984 1300 5054 qui
1328 4986 1393 5038 ad
1420 4985 1475 5038 S.
1510 4985 1779 5039 Brunonis
1817 4985 2081 5039 tumulum

500 5074 748 5145 prodigio
805 5072 970 5128 fuerit
1024 5074 1314 5136 excitatus,
1376 5074 1612 5128 nondum
1664 5089 1783 5128 esse
1826 5075 2081 5137 desiisse,

500 5165 645 5235 apud
687 5180 915 5232 omnes,
972 5167 1062 5237 qui
1106 5164 1426 5220 miraculum
1488 5163 1627 5219 istud
1675 5165 1995 5228 admittunt,
2032 5165 2084 5218 in

500 5258 751 5315 confesso
775 5269 883 5325 est,
938 5261 1103 5314 vitam
1161 5274 1286 5313 cum
1344 5268 1519 5313 morte
1562 5259 1932 5323 commutarit,
1985 5274 2087 5313 nec

503 5358 683 5405 tamen
715 5352 919 5417 serius,
944 5365 1107 5420 quam
1135 5350 1334 5404 smculo
1366 5350 1709 5412 duodecimo,
1741 5349 1944 5403 dictum
1977 5364 2089 5402 mo-

504 5446 799 5498 nasterium
851 5445 918 5498 ad
976 5443 1417 5499 Cisterciensiem
1469 5442 1715 5500 ordinem
1792 5442 2090 5506 transierit,

503 5532 830 5590 leestiuus
861 5552 1030 5606 papa,
1062 5536 1152 5606 qui
1189 5536 1384 5592 bullam
1426 5535 1539 5605 jam
1568 5534 1851 5591 recitatam
1907 5551 2095 5590 mona-
2195 5528 2467 5598 Videlicel)
2510 5529 2788 5583 mOIlathiS
2841 5530 2893 5583 ill
2925 5508 3313 5586 DlOIIiISle—l‘ium
3366 5508 3475 5598 έὶυε
3510 5508 3719 5606 intranti;

508 5626 660 5681 Sterii
695 5627 750 5680 S.
784 5601 1043 5698 Stephani
1074 5601 1137 5683 de
1164 5628 1337 5683 Bosco
1368 5601 1624 5684 fratribus
1660 5626 1938 5699 impertiit,
1958 5626 2098 5683 alias
2199 5621 2330 5685 bus,
2357 5622 2591 5691 primum
2624 5620 2984 5691 negligentius
3012 5624 3213 5694 scripta
3260 5620 3532 5681 custodi”,
3562 5601 3720 5699 dei'jdc

507 5732 629 5779 esse
656 5732 758 5771 non
785 5726 997 5785 potest,
1029 5733 1190 5788 quam
1220 5719 1545 5775 lecstinus
1576 5718 1639 5774 lll
1666 5734 1680 5786 ;
1735 5693 1929 5787 quare,
1970 5731 2096 5772 cum
2202 5713 2478 5783 deperdita
2502 5719 2650 5769 sunt.
2684 5729 2702 5763 ι
2739 5712 2817 5766 lta
2860 5712 2971 5779 ille,
2996 5693 3329 5773 adamussim
3355 5714 3505 5770 etiam
3528 5698 3616 5760 sibi
3637 5693 3718 5748 Stl-

2189 4640 2310 4695 qu.e
2337 4639 2534 4695 magno
2559 4638 2784 4679 nurnero
2807 4640 2902 4695 per
2929 4623 3113 4680 Sancti
3146 4626 3337 4680 merita
3375 4622 3536 4678 fuisse
3577 4618 3730 4686 patra-

2190 4724 2266 4778 ta,
2290 4729 2354 4768 ac
2384 4715 2619 4768 maxime
2665 4714 2718 4768 in
2767 4714 3006 4769 favorem
3051 4730 3262 4781 eorum,
3287 4715 3377 4783 qui
3409 4728 3439 4768 e
3470 4706 3730 4766 memorato

2188 4805 2497 4877 prodigioso
2525 4805 2672 4861 fonte
2700 4805 2984 4870 bibissent,
3032 4805 3326 4877 contigisse
3368 4802 3727 4858 Blomenvenna

2186 4898 2367 4952 verbis
2428 4913 2587 4969 supra
2670 4897 2776 4952 huc
2845 4896 3122 4953 translatis
3182 4909 3191 4913 ‘
3238 4897 3434 4951 aliiane
3492 4880 3730 4945 memoria:

2190 4988 2444 5059 produnt,
2477 5005 2618 5042 nunc
2653 4997 2901 5042 trartcm.

2261 5077 2384 5131 74:2.
2406 5098 2423 5128 ι
2447 5076 2599 5131 Licet
2622 5116 2636 5140 ,
2672 5077 2849 5147 inquit
2877 5077 2943 5131 de
2974 5076 3033 5131 S.
3062 5077 3314 5133 Brunone
3345 5073 3723 5132 Blomenvcnna.

2192 5167 2470 5222 miraculis
2496 5167 2680 5221 multis
2706 5167 2968 5222 claruisse
2996 5166 3224 5240 legatur,
3256 5178 3453 5231 tamen,
3482 5157 3610 5232 quod
3629 5151 3722 5207 sine

2192 5258 2378 5312 dolore
2410 5256 2648 5312 recolere
2676 5272 2903 5327 nequeo,
2938 5273 3043 5312 non
3070 5268 3199 5313 sunt
3236 5252 3532 5329 hujusmodi
3574 5244 3719 5329 mira:

2194 5345 2315 5401 cula
2347 5360 2429 5411 ea,
2459 5361 2563 5415 qua
2596 5324 2808 5412 decuit,
2850 5345 3129 5417 diligentia
3175 5324 3504 5418 conscripta;
3550 5342 3647 5400 alii.
3684 5324 3719 5418 ἕί

2196 5436 2499 5507 conscripta
2527 5436 2777 5502 fuerunt,
2804 5437 3029 5493 alterius
3059 5439 3339 5510 religionis
3370 5417 3721 5511 (Cisterciensis
