3846 6316
523 318 628 381 439

528 457 547 491 ι
584 438 875 506 Crucitixo,
907 441 1255 497 eremitarum
1280 437 1338 494 S.
1374 437 1577 502 Marize,
1610 448 1664 493 et
1691 436 1750 493 S.
1793 445 2099 506 protomar—
2130 438 2175 497 Α

526 548 544 581 ι
582 532 716 602 tyris
740 532 999 601 Stephani
1028 534 1311 604 magister,
1352 541 1406 587 et
1460 548 1580 587 cum
1615 548 1678 587 eo
1709 531 1877 586 frater
1916 529 2105 584 Arual-

524 641 545 674 ι
588 622 690 679 dus
719 632 772 677 et
797 623 912 680 Odo
934 664 949 690 ,
983 635 1036 679 et
1062 624 1235 680 Guido
1267 625 1538 690 monachi,
1570 624 1768 694 quibus
1815 621 2102 692 praesenti-

523 733 541 765 ι
569 713 669 769 bus
692 714 921 785 praecepi
943 730 1181 785 praesens
1205 713 1547 787 privilegium
1576 729 1674 784 per
1699 730 1890 769 manus
1909 712 2104 769 scribae

522 823 541 856 ι
578 804 801 860 Roberti
850 807 1139 872 conscribi,
1194 815 1248 862 et
1293 823 1413 876 quae
1490 806 1706 861 domina
1762 816 1939 860 mater
1985 820 2103 859 mea

524 910 545 944 ι
585 893 827 961 dederat,
866 913 883 946 ι
921 904 1026 950 etc.
1061 892 1189 950 Tale
1213 904 1295 950 ρει
1324 910 1353 950 e
1386 894 1598 950 Suriani
1648 896 1960 950 recensione
1986 894 2100 964 pri-

517 1001 692 1049 mum,
719 986 861 1055 quod
887 986 975 1041 hic
1003 986 1535 1041 commemorandum
1568 986 1721 1050 duxi,
1755 984 2099 1049 miraculum,

514 1074 877 1130 instrumento
903 1076 1067 1130 etiam
1104 1076 1317 1145 publico
1347 1075 1748 1130 confirmatum.
1782 1072 1917 1128 Cum
1948 1088 2099 1137 vero,

513 1182 621 1223 nec
648 1166 791 1222 forte
830 1168 1135 1232 immerito,
1187 1183 1253 1221 an
1305 1169 1357 1223 in
1386 1168 1488 1223 hoc
1543 1176 1750 1237 partem
1793 1167 2099 1236 quampiam

515 1257 577 1314 S.
611 1258 792 1314 Bruno
817 1259 1066 1314 habuerit
1138 1259 1371 1314 dubitari
1415 1275 1574 1329 posse
1625 1260 1895 1324 videatur,
1952 1260 2098 1314 dicto

516 1349 884 1405 instrumento
908 1349 1145 1418 publico,
1175 1365 1280 1421 quo
1307 1351 1358 1405 id
1389 1351 1593 1415 tirmat,
1626 1365 1748 1403 mox
1784 1347 2052 1419 subjungil
2082 1364 2097 1403 :

529 1458 546 1490 ι
582 1441 739 1506 Quod
768 1441 1113 1511 (miraculum
1145 1457 1336 1511 nempe
1385 1442 1496 1511 jam
1549 1441 1795 1511 relatum)
1847 1442 2008 1497 etiam
2038 1442 2095 1496 8.

522 1530 764 1587 Brunoni
815 1532 975 1587 tribui
1037 1534 1234 1588 debere
1286 1533 1355 1587 ob
1402 1548 1586 1587 curam
1657 1548 1816 1601 quam
1855 1533 1909 1587 in
1961 1532 2099 1587 caalu

516 1622 731 1691 positus
780 1622 974 1676 domus
1018 1638 1127 1676 suae
1149 1623 1313 1693 gerit,
1351 1638 1512 1678 nemo
1540 1631 1619 1677 est
1667 1623 1755 1691 qui
1784 1622 2040 1693 ambigat.
2072 1642 2090 1676 ι

513 1717 593 1771 ita
627 1717 735 1783 ille,
771 1727 980 1787 partem
1010 1717 1199 1772 saltem
1230 1718 1283 1771 in
1311 1716 1482 1772 relato
1508 1716 1768 1773 miraculo
1796 1716 1855 1771 8.
1885 1716 2089 1771 Bruno-

512 1811 568 1865 ni
598 1809 1019 1875 attribuendam,
1053 1824 1171 1865 sese
1195 1826 1299 1865 non
1329 1809 1577 1864 dubitare
1608 1808 1878 1875 indicans;
1910 1788 2097 1863 veru'm
2130 1786 2174 1840 Β

511 1906 568 1960 in
590 1905 778 1967 altero,
806 1906 946 1973 quod
978 1905 1067 1959 hic
1110 1904 1281 1959 etiam,
1312 1904 1569 1969 dandum,
1608 1903 1976 1969 miraculoseu
2004 1918 2100 1973 po-

513 1998 619 2053 tius
651 1998 988 2069 apparitione
1012 2007 1221 2068 partem
1253 1996 1507 2051 habuisse
1548 1994 1832 2061 Sanctum,
1889 2006 2097 2051 certum

511 2088 733 2142 omnino
762 2096 865 2153 est,
890 2088 964 2141 uti
1031 2088 1258 2158 quisque
1304 2085 1462 2143 facile
1489 2083 1771 2152 fatebitur,
1806 2087 1895 2157 qui
1926 2085 2009 2141 vel
2044 2086 2096 2141 id

512 2179 772 2234 duntaxat
795 2178 1106 2251 perlegerit.

585 2272 711 2327 746.
771 2272 851 2327 Εη
901 2272 1084 2337 verba,
1138 2273 1334 2342 quibus
1373 2287 1401 2326 a
1453 2272 1672 2327 laudato
1704 2270 1937 2327 Suriano
1966 2286 2096 2342 pag.

511 2355 615 2415 517
644 2372 698 2416 et
728 2377 842 2431 seq.
897 2364 1148 2417 refertur.
1182 2383 1199 2414 ι
1248 2363 1404 2418 Circa
1437 2378 1637 2416 annum
1668 2362 1801 2417 1510
1831 2362 2096 2417 Valeucize

518 2455 573 2507 in
602 2452 870 2522 Aragonia
924 2453 1163 2509 Joannes
1193 2454 1446 2525 Alnysiua
1495 2452 1791 2508 Bcrtranus
1824 2452 2095 2520 Tabellio,

516 2546 612 2615 qui
670 2547 839 2599 multo
872 2553 1111 2614 tempore
1163 2544 1265 2598 fuit
1311 2542 1626 2600 benefaCtor
1682 2558 1735 2601 et
1777 2554 2097 2615 procurator

508 2634 814 2691 Carthusia:
862 2636 1233 2702 Ponte-Caeli,
1288 2636 1358 2692 ob
1412 2652 1695 2707 magnam,
1746 2652 1908 2707 quam
1966 2651 2095 2707 erga

516 2725 577 2781 S.
636 2725 946 2781 Brunonem
1000 2726 1339 2782 devotionem
1390 2727 1647 2797 gerebat,
1711 2742 1776 2783 ex
1842 2727 2095 2782 diuturna

510 2816 831 2887 :egritudine
868 2817 934 2872 ad
960 2817 1147 2872 mortis
1164 2816 1396 2872 confinia
1421 2818 1716 2872 devenerat
1752 2826 1879 2872 ante
1909 2818 2093 2871 feriam

508 2916 759 2978 quartam
792 2906 1018 2977 Majoris
1040 2906 1410 2973 hebdomadte,
1463 2916 1516 2967 et
1544 2923 1666 2962 cum
1699 2923 1727 2960 a
1762 2908 1987 2963 medicis
2028 2907 2095 2962 de

514 2999 631 3068 ejus
661 3000 837 3054 “salute
865 3000 1266 3055 conclamatum
1288 3007 1455 3064 esset,
1479 2999 1659 3053 subito
1689 2997 1939 3069 aperiens
1968 3013 2095 3052 ocu-

510 3094 591 3148 los
621 3094 776 3163 petiit
799 3107 980 3149 veStes
1010 3092 1077 3146 ad
1104 3092 1455 3155 induendum,
1506 3100 1667 3163 atque
1711 3090 2095 3162 interroganti-

510 3186 611 3240 bus
643 3186 945 3256 respondit,
976 3192 1193 3239 sanctos
1219 3182 1527 3238 Vicentium
1579 3181 1888 3236 Ferrerium
1926 3192 1981 3235 et
2032 3179 2090 3235 8.

508 3274 820 3332 Brunonem
857 3275 924 3329 ad
983 3289 1043 3330 se
1097 3274 1352 3336 intrasse,
1404 3282 1459 3328 et
1484 3272 1585 3327 sibi
1626 3272 1828 3327 dixisse
1887 3287 2093 3341 nequa-

506 3381 670 3435 quam
693 3366 795 3421 hac
825 3366 940 3420 vice
968 3378 1027 3418 se
1080 3364 1423 3425 moriturum,
1458 3361 1554 3416 sed
1596 3361 1667 3415 ad
1715 3361 2000 3416 ecclesiam
2027 3376 2094 3415 ea

502 3455 646 3511 feria
673 3466 866 3527 quarta
889 3456 955 3511 ad
991 3455 1172 3510 divina
1195 3454 1369 3510 ofﬁcia
1402 3453 1672 3508 audienda
1704 3453 1969 3508 accedere
2000 3454 2094 3509 de-

509 3549 661 3612 bere,
688 3549 831 3617 quod
862 3557 917 3603 et
942 3548 1114 3616 reipsa
1143 3545 1416 3617 praestitit.
1448 3545 1627 3613 Atque
1652 3545 1721 3599 ob
1762 3545 1813 3598 id
1844 3546 1979 3600 adeo
2009 3546 2093 3600 in-

509 3648 786 3709 posterum
819 3638 875 3693 8.
907 3638 1213 3693 Brunonem
1240 3637 1452 3699 dilexit,
1482 3645 1560 3701 ut,
1586 3652 1708 3690 cum
1736 3647 1924 3707 postea
1951 3654 2093 3695 anno

508 3728 649 3783 1514
677 3727 789 3801 Leo
818 3727 865 3783 X
895 3727 1012 3797 ejus
1042 3727 1238 3783 festum
1265 3727 1581 3783 solemniter
1611 3729 1663 3782 in
1694 3727 1943 3784 ecclesiis
1985 3727 2092 3785 Or-

510 3821 653 3876 dinis
682 3823 1085 3889 concessisset,
1137 3822 1249 3894 ipse
1284 3822 1397 3877 suis
1451 3822 1791 3893 sumptibus,
1847 3824 2092 3878 eamdem

509 3913 855 3969 Carthusiam
883 3923 1092 3983 petens,
1119 3913 1234 3983 ejus
1256 3912 1607 3970 festivitatem
1633 3924 1737 3968 tam
1766 3916 1818 3969 in
1863 3914 2094 3970 ecclesia

509 4019 671 4072 quam
700 4004 753 4058 in
791 4004 1029 4060 trichoro
1057 4004 1236 4075 peregi
1274 4006 1649 4075 procuraverit
1671 4008 1737 4062 ad
1768 4003 1971 4060 obitum
2006 4021 2096 4061 us-

513 4108 641 4164 que.
681 4114 699 4147 »
758 4094 996 4152 Joannes
1040 4097 1292 4168 Aloysius
1334 4097 1652 4167 Bertranus,
1708 4102 1794 4157 eui
1832 4104 2094 4175 apparitio

512 4187 603 4243 hic
634 4187 803 4244 relata
838 4188 1053 4260 obtigit,
1104 4205 1134 4244 e
1164 4191 1407 4245 secunda
1456 4208 1658 4259 uxore,
1704 4210 1888 4265 quam,
1928 4198 2092 4266 priori

509 4288 747 4346 mortua,
770 4280 1017 4345 duxerat,
1051 4281 1107 4336 S.
1146 4280 1474 4338 Ludovicum
1497 4283 1855 4342 Bertrandum
1888 4288 2096 4345 ordinis

507 4370 948 4439 prmalicatorum,
980 4371 1044 4425 de
1067 4387 1173 4441 quo
1193 4372 1257 4426 ad
1288 4388 1340 4426 ιχ
1370 4376 1572 4429 mensis
1596 4374 1753 4443 hujus
1781 4377 1947 4444 diem,
1990 4393 2095 4448 quo

2122 3134 2162 3191 C

1308 306 1385 380 Si.
1427 321 1777 381 BRUNONIS
1815 317 2462 380 CARTHUSIANORUM
2502 315 2993 376 INSTITUTORIS

3648 317 3736 375 ‘60

2206 434 2348 505 quod
2373 433 2569 504 partim
2584 432 2773 489 saltem
2804 431 2987 488 Sancti
3014 429 3181 486 nostri
3205 430 3582 489 intercessione
3610 432 3745 491 fuerit

2206 536 2503 597 patratum,
2526 526 2779 596 quodque
2800 526 2967 580 etiam
2998 525 3112 595 ejus
3160 527 3637 592 canonizationem,
3667 544 3742 583 seu

2206 620 2342 675 vivte
2368 621 2516 676 vocis
2542 620 2845 687 oraculum,
2896 635 3004 690 quo
3026 635 3093 675 ex
3133 619 3381 675 dicendis
3426 619 3529 675 Leo
3561 620 3607 677 Χ
3632 638 3743 693 papa

2205 714 2355 770 cultu
2386 714 2602 769 Sanctis
2647 714 2868 784 proprio
2914 714 2967 769 in
3004 712 3196 769 ordine
3238 711 3600 769 Carthusiensi
3645 730 3745 770 eum

2205 804 2307 860 coli
2336 805 2601 874 permisit,
2632 804 2946 875 przecessit;
2980 820 3173 861 verum
3194 803 3298 859 alia
3326 813 3436 858 tum
3459 815 3672 874 patrata,
3701 809 3743 861 in

2204 897 2399 967 quibus
2423 896 2655 953 Sanctus
2675 896 3181 965 partem'babuerit,
3223 895 3742 967 diligentissimalicct

2203 990 2344 1045 facta
2375 990 2646 1061 indagine,
2675 990 2916 1045 invenire
2950 989 3091 1046 haud
3120 988 3287 1060 quivi.

2276 1080 2397 1134 747.
2436 1080 2607 1136 Porro
2650 1080 2927 1145 Zanotius,
2953 1080 3043 1151 qui
3075 1080 3129 1135 iu
3154 1088 3409 1136 contexta
3440 1096 3468 1134 a
3496 1096 3551 1136 se
3565 1080 3617 1136 S.
3640 1082 3746 1137 Bruz

2203 1170 2360 1226 nonis
2386 1169 2505 1224 Vita
2535 1185 2654 1241 cap.
2697 1171 2767 1225 54
2790 1172 2902 1241 jam
2933 1172 3181 1238 relatam,
3212 1164 3463 1243 patrique
3496 1172 3550 1228 S.
3598 1173 3746 1231 Ludo-

2202 1262 2305 1317 vici
2332 1262 2616 1339 Bertrandi
2649 1264 2888 1318 oblatam
2916 1265 2969 1319 S.
3006 1264 3278 1320 Brunonis
3302 1273 3357 1319 et
3401 1263 3459 1319 S.
3510 1264 3745 1321 Vincentii

2202 1354 2435 1410 Ferrerii
2467 1354 2861 1426 apparitionem
2899 1358 3064 1412 etiam
3116 1357 3321 1423 refert,
3354 1373 3471 1428 cap.
3500 1358 3583 1422 52,
3610 1374 3699 1430 quo
3720 1375 3744 1415 e

2204 1443 2391 1499 Sancti
2425 1446 2597 1500 nostri
2642 1446 2851 1502 tumulo
2902 1447 3104 1503 fontem
3145 1450 3461 1519 prorupisse
3488 1464 3600 1504 cum
3635 1466 3746 1504 nunc

2200 1533 2362 1589 nullis
2388 1533 2525 1590 alliis
2550 1550 2608 1591 se
2628 1538 2943 1607 pne-gressis
2970 1539 3181 1603 scribit,
3205 1554 3235 1594 e
3262 1554 3394 1594 mss.
3422 1555 3537 1610 quae
3573 1541 3742 1605 laudat,

2200 1622 2466 1679 Calabria:
2490 1627 2857 1681 monumentis
2908 1627 3079 1693 addit,
3128 1628 3561 1695 virtutem,dicti
3609 1629 3744 1685 fontis

2199 1716 2356 1783 aquis
2387 1731 2415 1769 a
2446 1716 2555 1770 Deo
2586 1719 2810 1771 sanandi
2837 1718 3053 1773 morbos
3076 1719 3326 1785 inditam,
3346 1720 3411 1775 ad
3439 1722 3580 1791 parvi
3602 1720 3740 1783 lacus,

2203 1804 2255 1858 in
2279 1821 2385 1874 quo
2425 1804 2679 1873 Sanctus,
2710 1824 2833 1861 eum
2882 1810 2934 1862 in
2968 1809 3101 1865 vivis
3132 1820 3305 1878 esset,
3356 1826 3549 1882 corpus
3574 1828 3707 1867 suum
3728 1852 3740 1875 ,

2202 1909 2309 1964 quo
2337 1895 2386 1949 id
2411 1896 2722 1967 castigaret,
2756 1913 3002 1968 mergere
3032 1901 3265 1958 subinde
3318 1903 3558 1968 solebat,
3604 1918 3742 1973 aquas

2203 1986 2504 2052 transiisse,
2546 2002 2669 2041 cum
2718 1989 2949 2057 primum
3005 1990 3357 2047 Turritanum
3406 1993 3463 2049 8.
3519 1993 3739 2063 Stephani

2200 2078 2590 2133 monasterium
2616 2094 2644 2133 a
2669 2080 3040 2138 Carthusiensi
3061 2083 3313 2141 instituto
3338 2086 3403 2140 ad
3427 2086 3742 2142 Cisterciense

2200 2166 2528 2224 deflexisset.
2571 2171 2690 2237 Quo
2718 2181 2899 2227 autem
2923 2172 2972 2227 id
2995 2177 3209 2243 probet,
3237 2185 3421 2231 nostra
3453 2177 3615 2231 adhuc
3639 2187 3742 2230 aeta.

2203 2269 2275 2326 te,
2305 2274 2371 2316 ae
2399 2261 2635 2317 maxime
2660 2262 3027 2332 Pentecostes,
3050 2282 3156 2336 qua
3185 2282 3402 2323 sacrum
3456 2266 3626 2324 Sancti
3643 2282 3741 2323 coro

2198 2367 2301 2423 pus
2330 2368 2397 2407 ex
2431 2354 2658 2410 ecclesia
2696 2356 2755 2411 S.
2791 2357 2974 2414 Mariae
2996 2361 3063 2416 ad
3095 2363 3385 2419 ecclesiam
3428 2360 3483 2416 8.
3519 2360 3737 2430 8ιθρ1ιωιί

2199 2443 2300 2498 fuit
2327 2446 2671 2513 translatum,
2703 2449 2875 2504 tribus
2893 2452 3081 2507 diebus
3111 2453 3263 2509 festis
3286 2466 3538 2523 aquarum
3562 2451 3739 2504 illarum

2200 2535 2400 2590 virtute
2425 2536 2709 2594 innumera
2734 2542 3122 2611 propemodum
3167 2548 3460 2615 quotannis
3516 2546 3736 2603 beneﬁcia

2200 2625 2464 2683 divinitus
2526 2628 2787 2697 conferri,
2844 2633 3214 2705 miraeulaque
3276 2640 3500 2707 patrari,
3531 2639 3738 2709 adiungit

2198 2716 2338 2770 idem
2381 2717 2618 2788 scriptor
2654 2734 2820 2790 penes
2866 2738 3025 2792 quem
3063 2734 3174 2780 tum
3212 2739 3476 2796 quantum
3522 2728 3581 2783 ad
3626 2728 3736 2789 iure.

2202 2813 2313 2859 tum
2341 2816 2602 2875 quantum
2631 2810 2698 2865 ad
2723 2820 2996 2880 Virtutem,
3029 2829 3058 2869 a
3082 2817 3379 2889 prodigiosi
3420 2819 3573 2873 fontis
3612 2818 3738 2887 aquis

2198 2895 2265 2948 ad
2291 2895 2499 2965 praefati
2535 2898 2687 2954 lacus
2709 2915 2878 2970 aquas
2926 2904 3272 2970 translatam,
3316 2906 3448 2963 fides
3483 2907 3567 2963 sit.
3600 2906 3737 2961 Cate-

2198 3004 2316 3042 rum
2346 2999 2405 3044 ut
2427 2991 2711 3059 miraculo,
2740 2996 2881 3064 quod
2904 2993 3014 3063 jam
3037 2996 3162 3052 inde
3187 3015 3218 3052 a
3242 2999 3431 3053 Sancti
3473 3000 3610 3054 obitu
3648 3012 3738 3053 cu:-

2198 3090 2371 3151 ptum,
2404 3082 2677 3153 hodieque
2700 3100 3052 3156 perseverare
3076 3088 3266 3155 fertur,
3290 3090 3319 3163 θ
3354 3093 3491 3146 hunc
3508 3090 3735 3154 claudam,

2196 3171 2616 3241 Blomenvenna,
2635 3190 2795 3244 quem
2824 3176 2945 3232 dein
2972 3189 3189 3233 secutus
3217 3189 3304 3234 est
3335 3188 3390 3235 ct
3441 3179 3635 3243 Surius,
3659 3180 3737 3233 sub

2197 3264 2359 3322 linem
2406 3281 2435 3319 a
2493 3281 2552 3321 se
2577 3276 2849 3322 contextae
2898 3267 3084 3323 Sancti
3138 3267 3277 3323 Vitae
3310 3270 3387 3324 sic
3416 3270 3589 3325 scribit
3616 3285 3630 3324 :
3659 3286 3675 3319 ι
3702 3267 3736 3321 Α

2195 3359 2525 3414 monasterio
2557 3366 2737 3412 autem
2778 3361 2884 3412 isto
2912 3358 3230 3427 (Turritano
3260 3375 3454 3430 nempe
3470 3356 3737 3425 S.Stepba-

2196 3449 2274 3519 ni)
2298 3464 2391 3520 per
2411 3448 2740 3518 crepidinem
2766 3449 3021 3505 torrentis
3047 3450 3207 3520 plano
3236 3450 3434 3506 itinere
3484 3448 3613 3505 i500
3638 3460 3736 3516 pas

2196 3558 2351 3599 suum
2382 3542 2698 3611 pervenitur
2726 3542 2792 3597 ad
2816 3553 3032 3597 antrum
3050 3544 3480 3600 devotissimum.
3507 3541 3739 3596 Montibus

2197 3634 2462 3706 siquidem
2490 3643 2668 3689 artum
2699 3636 2833 3691 satis
2882 3644 2939 3690 et
2975 3637 3214 3693 cinctum
3256 3639 3589 3700 nemoribus,
3617 3632 3737 3701 ejus-

2196 3726 2317 3781 dem
2350 3723 2504 3779 vallis
2530 3733 2772 3780 extrema
2799 3726 3195 3793 claudentibus,
3221 3728 3398 3785 deviis
3429 3737 3481 3783 et
3499 3724 3736 3783 sofitariis.

2196 3831 2298 3872 nec
2326 3814 2469 3871 ultra
2492 3816 2697 3869 aditum
2730 3816 2971 3871 humano
3005 3820 3126 3873 usui
3179 3819 3561 3888 przebentibus.
3591 3815 3735 3881 Supra

2197 3908 2341 3962 istud
2362 3915 2579 3963 antrum
2610 3908 2932 3965 :editicatum
2963 3919 3047 3965 est
3098 3911 3237 3966 haud
3268 3912 3471 3982 grande
3516 3906 3737 3967 sacelfum

2196 4017 2319 4058 cum
2353 4002 2509 4057 altari
2557 4002 2657 4059 sub
2704 4003 2857 4058 titulo
2884 4005 3058 4059 sancti
3107 4004 3399 4068 Brunonis,
3431 3998 3728 4062 Coloniensis

2199 4092 2471 4163 magistri,
2502 4100 2703 4147 sanctae
2748 4092 2931 4148 Maria:
2961 4094 3028 4149 de
3059 4094 3249 4159 Turri,
3303 4095 3505 4149 ordinis
3537 4089 3736 4148 Carthu-

2197 4180 2393 4235 siensis
2412 4181 2739 4237 institutoris
2753 4182 2938 4251 primi,
2955 4181 3109 4251 cujus
3132 4183 3202 4237 ibi
3225 4184 3402 4255 imago
3424 4182 3621 4254 depicta
3643 4190 3739 4233 cer-

2197 4271 2365 4325 nitur.
2398 4271 2454 4325 ln
2485 4273 2587 4327 boc
2622 4280 2780 4327 antro
2824 4274 2963 4328 idem
2989 4274 3083 4328 Dei
3108 4290 3300 4333 servus
3332 4292 3398 4332 ex
3426 4290 3489 4330 eo
3510 4280 3736 4340 tempore.

2197 4379 2304 4435 quo
2333 4363 2564 4433 primum
2595 4363 2721 4419 illuc
2745 4365 2914 4430 venit,
2961 4382 3133 4436 usque
3163 4367 3215 4421 in
3245 4368 3389 4423 diem
3437 4368 3613 4422 mortis
3650 4373 3738 4439 suae

513 4460 734 4527 colitur,
796 4461 937 4531 apud
986 4477 1083 4517 nos
1110 4471 1319 4534 agetur,
1373 4473 1556 4532 postea
1588 4467 1793 4534 ερηιιίι,
1828 4467 1994 4523 Ποσει
2044 4470 2095 4523 id
2129 4482 2172 4535 ο
2201 4455 2502 4510 incredibili
2533 4454 2746 4509 fervore
2788 4457 3109 4525 permansit.
3157 4458 3239 4513 Ad
3270 4459 3523 4515 indicium
3546 4463 3596 4512 et
3618 4464 3738 4507 com-

513 4567 617 4607 nos
672 4560 784 4606 tum
838 4554 974 4622 ipsa,
1016 4554 1069 4607 in
1106 4571 1208 4624 qua
1248 4555 1435 4610 eadem
1491 4559 1758 4627 apparitio
1819 4570 2093 4629 narratur,

513 4648 688 4700 sancti
715 4645 876 4715 hujus
903 4646 1229 4703 confessoris
1249 4647 1392 4715 Vita,
1424 4665 1452 4703 a
1482 4651 1768 4706 Vincentio
1794 4651 2097 4709 Justiniano

508 4738 711 4803 Antist,
746 4737 1031 4793 Valentino
1062 4740 1267 4795 ordinis
1297 4742 1356 4796 8.
1389 4741 1651 4797 Dominici
1679 4743 1928 4810 alumno,
1956 4745 2096 4801 idio-

512 4839 659 4883 mate
685 4827 974 4899 Hispanico
996 4832 1301 4903 conscripta
1331 4846 1396 4886 ac
1443 4832 1636 4887 deinde
1667 4833 1735 4887 ab
1762 4834 1936 4890 altero
1963 4834 2099 4904 ejus-

510 4917 635 4974 dem
663 4920 869 4974 ordinis
930 4920 1182 4992 religioso
1230 4922 1282 4975 in
1334 4921 1574 4993 linguam
1629 4922 1867 4979 Italicam
1906 4940 2095 4993 versa,

514 5017 628 5064 tum
658 5009 821 5064 etiam
857 5010 1107 5067 laudatus
1153 5011 1422 5067 Surianus
1472 5011 1525 5066 in
1574 5014 1930 5083 apparitionis
1966 5017 2098 5071 alte-

512 5098 627 5152 rius
648 5099 824 5153 eitlcm
854 5098 1073 5171 Aloysio
1101 5099 1364 5155 Bertrano
1391 5099 1587 5155 oblatae
1636 5102 1884 5173 infraque
1912 5106 1965 5158 iu
1992 5106 2100 5175 Ap—

517 5188 743 5257 pendice
786 5190 853 5244 ad
885 5189 1108 5258 gloriam
1140 5193 1483 5260 posthumam
1515 5196 1903 5261 memoranda},
1933 5211 2095 5264 quam

502 5276 970 5351 apparitiontjam
1003 5291 1237 5337 narratae
1263 5283 1509 5352 proxime
1547 5283 1845 5355 subjungit,
1879 5287 2100 5343 relatio-

517 5385 607 5426 ne.
638 5371 818 5441 Atque
858 5373 931 5425 ita
956 5373 1197 5443 quidem,
1240 5389 1363 5429 cum
1395 5384 1695 5430 memorata
1728 5379 2097 5447 apparitione,

518 5461 848 5517 facientibus
872 5462 923 5516 id
955 5473 1063 5518 tam
1109 5463 1168 5517 8.
1216 5463 1486 5519 Brunouis
1537 5480 1700 5535 quam
1732 5467 1797 5521 S-
1830 5469 2099 5525 Vincentii

517 5551 756 5608 Ferrerii
800 5554 1030 5619 meritis,
1063 5554 1314 5626 Aloysius
1357 5553 1720 5626 Bertrandus,
1755 5560 2102 5629 periculosis-

521 5644 658 5701 sime
708 5644 1067 5715 decumbens,
1122 5651 1304 5707 snbito
1335 5660 1501 5721 atque
1555 5653 1830 5724 insperato
1860 5655 2101 5725 pristina:

522 5738 685 5795 fuerit
711 5741 929 5795 sanitati
959 5742 1260 5810 restitutus,
1279 5745 1599 5801 miraculum
1628 5747 1788 5803 modo
1810 5747 2094 5815 habemus,

2203 4545 2599 4600 mendationem
2624 4561 2755 4602 vero
2780 4547 2993 4601 eximiae
3032 4549 3341 4605 sanctitatis
3380 4548 3495 4617 ejus
3525 4557 3675 4614 usque
3694 4539 3736 4592 iu

2197 4634 2520 4691 hodiernum
2564 4636 2707 4691 diem
2743 4637 2911 4703 locus,
2950 4637 3001 4690 in
3033 4652 3142 4707 quo
3172 4649 3296 4709 post
3359 4652 3603 4697 excessus
3629 4646 3736 4688 con-

2201 4727 2609 4797 templationum
2652 4728 2770 4783 laxa
2799 4732 3040 4786 membra
3078 4734 3220 4787 nuda
3254 4734 3419 4788 humo
3466 4724 3737 4786 collidebab

2200 4817 2421 4872 herbam
2458 4833 2736 4887 nunquam
2779 4822 2958 4876 reddit
2987 4823 3042 4877 in
3075 4824 3250 4893 Spatio
3271 4865 3286 4888 ,
3311 4839 3422 4894 quo
3453 4833 3557 4878 tum
3600 4817 3740 4889 ips'lIS

2201 4911 2339 4965 sacri
2369 4910 2613 4980 corporis
2642 4927 2894 4968 mensura
2928 4916 3271 4981 tondebatur,
3300 4931 3422 4971 cum
3456 4924 3623 4968 tamen
3656 4907 3741 4960 cir-

2199 5016 2540 5072 cumquaque
2591 5018 2839 5059 crescere
2885 5016 3159 5062 cernatur.
3226 5007 3340 5063 Hoc
3397 5016 3500 5061 tam
3548 4999 3738 5057 evidens

2201 5096 2521 5150 miraculum
2550 5112 2742 5153 omnes
2779 5097 2881 5154 loci
2927 5098 3070 5155 illius
3093 5100 3290 5156 accola:
3337 5090 3736 5155 constantissime

2200 5196 2534 5241 asseverant.
2583 5205 2602 5239 ι

2270 5284 2393 5339 748.
2420 5285 2695 5342 Hactenus
2721 5287 2809 5343 ille
2846 5304 2862 5344 :
2893 5303 3078 5344 verum
3105 5287 3366 5360 quidquid
3390 5286 3462 5342 sit
3489 5283 3550 5337 de
3581 5284 3735 5349 ρει-εει

2196 5386 2426 5432 verante
2456 5377 2727 5447 hodieque
2767 5379 3054 5447 miraculo,
3108 5380 3250 5451 quod
3275 5376 3453 5433 verbis
3484 5372 3620 5427 hisee
3644 5376 3734 5419 mi“

2200 5474 2465 5533 moratur,
2491 5469 2742 5537 quodque
2770 5469 2822 5522 in
2855 5470 3034 5525 medio
3057 5467 3466 5540 relinquendum
3507 5458 3731 5515 arbitror.

2204 5559 2461 5615 Sanctum
2484 5560 2757 5630 equidem,
2782 5570 2979 5617 contra
3009 5577 3075 5617 ac
3106 5562 3505 5616 Blomenvenna
3531 5553 3611 5607 hic
3638 5554 3736 5643 Δινξι·

2202 5652 2299 5718 dit,
2339 5669 2369 5708 a
2398 5653 2484 5709 die
2507 5668 2613 5722 quo
2654 5651 2999 5709 Turritanam
3075 5654 3133 5709 S.
3186 5651 3366 5707 Maria:
3418 5649 3471 5702 in
3522 5638 3733 5699 Calabri:|

2202 5762 2443 5802 eremmn
2477 5746 2711 5817 primum
2744 5747 3019 5818 ingressus
3041 5756 3144 5815 est,
3179 5746 3244 5802 ad
3268 5755 3424 5801 suum
3454 5746 3613 5806 usque
3653 5724 3734 5779 οβ’
