3846 6316
157 303 244 367 tat

1673 297 1875 356 ACTA.

3295 303 3404 360 462

153 427 271 480 itum
309 398 362 475 in
395 424 576 484 antro,
607 431 705 488 per
748 417 912 473 verba
953 415 1180 474 recitata
1225 411 1527 486 designato,
1559 429 1710 469 com-
1742 427 1783 476 Α
1820 409 1928 468 tum
1962 422 2203 485 apparet,
2255 409 2522 470 tentatum
2579 414 2872 486 quidquam
2919 415 3114 473 fuerat.
3157 433 3264 488 quo
3309 420 3405 474 Vir

153 519 404 572 moratum
438 519 546 566 n0n
573 525 696 566 esse
741 523 836 564 seu
887 509 1194 575 habitasse,
1241 513 1450 566 certum
1497 508 1718 562 omnino

151 617 296 676 atque
327 603 693 658 indubitatum
729 600 864 655 mihi
891 599 1129 655 facitvel
1185 600 1356 655 solum
1403 598 1715 664 Mcsimerii,

152 695 532 768 Squiliacensis
595 692 831 764 episcopi
867 732 882 759 ,
948 692 1186 762 diploma
1235 707 1326 747 seu
1375 691 1716 762 privilegium

151 806 282 845 nunt.
308 787 418 842 538
468 795 521 840 et
544 801 659 856 seq.
688 786 892 841 datum.
933 784 989 838 In
1015 785 1117 839 hoc
1161 785 1306 838 enim
1359 784 1591 838 antistes
1634 781 1724 837 ille

148 891 457 950 sequentem
487 877 727 946 io‘quitur
755 875 808 930 in
842 876 1106 945 modumj:
1141 894 1158 927 ι
1188 875 1271 929 Me
1296 891 1491 946 rogare
1520 876 1724 946 (comes

151 966 428 1039 Rogerins)
456 967 705 1036 dignatus
733 960 816 1020 est
856 978 953 1034 pro
983 965 1422 1020 houoratissimis
1445 964 1726 1020 monachis

155 1069 201 1114 et
243 1059 514 1122 eremitis,
545 1058 756 1112 domuis
785 1057 993 1113 scilicet
1020 1040 1275 1113 Brunone
1306 1066 1360 1112 et
1387 1057 1724 1113 Lanvino....

152 1149 310 1204 locum
353 1165 384 1203 τι
426 1149 542 1203 Deo
569 1157 862 1212 servatum,
892 1149 982 1218 qui
1009 1148 1199 1203 Turris
1225 1147 1450 1209 dicitur,
1482 1150 1727 1205 incolen-

153 1222 280 1298 tibus
309 1244 368 1298 in
399 1243 708 1298 veneranda
743 1241 1032 1295 admodum
1065 1239 1294 1294 ecclesia
1321 1241 1729 1312 gloriosissima:

151 1338 380 1392 Dominae
439 1346 639 1390 nostra:
701 1335 794 1390 Dei
837 1337 1143 1407 genitricis,
1175 1340 1238 1394 a'c
1286 1333 1455 1393 sancti
1504 1332 1731 1392 Joannis

151 1431 391 1500 Baptistae
415 1429 800 1500 prmcursoris;
834 1431 1031 1500 quibus
1054 1415 1234 1486 verbis
1278 1447 1398 1486 cum
1436 1440 1548 1485 tam
1595 1430 1731 1483 Bru-

153 1537 330 1575 nonem
362 1537 530 1590 quam
557 1519 857 1576 Lanvinum
881 1522 933 1575 in
962 1522 1321 1577 sanctissima:
1337 1522 1426 1578 Dci
1457 1522 1734 1594 genitricis

153 1615 367 1671 ecclesia
419 1617 738 1682 habitasse,
789 1632 894 1670 non
922 1617 1150 1672 obscure
1208 1617 1299 1672 hic
1355 1617 1578 1684 innuat,
1623 1625 1732 1672 toto

154 1705 399 1760 Sanctum
437 1713 701 1774 tempore,
728 1721 834 1776 quo
862 1705 912 1760 iu
955 1722 1140 1762 eremo
1170 1705 1456 1780 Calabrina
1477 1716 1733 1762 .versatus

1822 504 1912 560 ille
1947 507 2332 564 celeberrimus
2350 507 2504 577 juxta
2538 507 2603 564 ac
2627 509 3024 576 sanctissimus,
3057 521 3229 581 quiet
3273 512 3386 569 cla—

1822 599 2097 654 rissimum
2149 600 2393 655 ordinem
2437 601 2764 667 inStituerat,
2817 609 2872 656 et
2937 601 3226 659 virtutibus
3288 606 3402 660 suis

1823 688 1982 759 plane
2021 691 2235 746 eximiis
2273 690 2628 748 ‘Carthusiam
2683 691 2916 764 primum
2943 699 3008 750 ac
3033 695 3224 750 deinde
3248 693 3407 752 Cala-

1825 781 1999 837 briam
2076 784 2418 853 potissimum
2487 786 2783 842 illustrarat
2823 827 2839 854 ,
2922 803 3015 843 seu
3094 797 3402 845 sanctorum

1827 877 1920 930 Seu
1954 875 2233 930 lit-atomm
2273 892 2501 933 numero
2545 895 2575 933 a
2626 894 2841 936 summo
2883 880 3140 952 pontifice
3195 881 3403 938 adscri-

1826 965 2071 1020 berel'ttr.

1899 1055 2024 1112 750.
2060 1055 2225 1112 Addit
2276 1057 2536 1114 Bailletus
2583 1068 2717 1114 tom.
2780 1059 3140 1129 lllVitarum,
3181 1063 3408 1127 col.91,

1831 1141 2020 1203 Sancti
2049 1150 2364 1205 memoriam
2400 1160 2513 1206 toto
2552 1151 2642 1206 illo
2673 1150 3193 1224 quadringentorum
3239 1170 3412 1210 anno—

1831 1259 1950 1297 rum
1982 1244 2156 1314 spatio
2197 1244 2250 1298 in
2307 1244 2555 1300 Calabria
2592 1245 2731 1316 apud
2784 1246 3032 1301 homines
3065 1249 3199 1304 adeo
3245 1248 3414 1304 fuisse

1835 1335 2166 1403 neglectam,
2198 1345 2258 1392 ut
2286 1337 2462 1390 nullus
2492 1337 2650 1406 plane
2675 1335 2742 1392 ab
2768 1337 2919 1392 hisce
2944 1339 3225 1410 religionis
3240 1341 3416 1396 cultus

1836 1432 1947 1479 tum
1979 1425 2052 1480 illi
2091 1425 2252 1480 fuerit
2279 1420 2724 1482 delatus.Verum
2751 1428 2852 1482 hac
2885 1430 2936 1483 itt
2959 1446 3016 1484 re
3033 1430 3226 1486 falsum
3253 1431 3418 1487 fuisse

1837 1515 2162 1584 scriptorem
2196 1517 2372 1584 illum,
2421 1533 2488 1572 ex
2529 1519 2614 1582 iis,
2663 1516 2784 1589 quae
2829 1521 2928 1574 sub
2985 1529 3253 1577 contexta:
3294 1537 3324 1577 a
3361 1537 3421 1577 se

1838 1604 2028 1662 Sancti
2056 1607 2192 1663 Vita:
2239 1609 2401 1664 linem
2433 1609 2486 1663 in
2527 1609 2736 1666 litteras
2773 1612 2941 1666 mittit
2984 1601 3419 1677 Blon‘envcnna,

1839 1700 2148 1756 vero’simile
2177 1697 2423 1772 apparet.
2453 1701 2664 1756 Etenim
2692 1703 2889 1759 ibidem
2925 1704 3004 1760 sic
3046 1706 3248 1761 habet:
3281 1726 3298 1756 ι
3335 1703 3420 1760 Al

151 1807 240 1859 est,
267 1797 320 1850 in
343 1796 577 1868 praefato
602 1806 758 1852 antro
784 1808 1174 1853 commoratum
1198 1801 1340 1865 esse,
1372 1777 1733 1855 Blomenvcn-
1764 1766 1810 1826 Β
1841 1793 1957 1849 huic
1982 1793 2099 1848 loca
2137 1793 2354 1865 (nempe
2381 1795 2448 1850 ad
2473 1791 2713 1863 antrum,
2745 1795 2796 1849 in
2828 1784 2934 1866 qtto
2990 1797 3227 1852 Sanctus
3269 1796 3424 1862 habi-

156 1902 226 1940 ηαξ
245 1886 571 1952 aliorumve,
605 1889 809 1956 absque
841 1889 1062 1958 antiquo
1089 1888 1222 1943 vade
1250 1887 1307 1942 id
1346 1890 1733 1955 assercutium,

156 1979 473 2035 auctoritate
537 1979 829 2048 prudenter
881 1981 1004 2048 quis
1037 1975 1267 2034 credat?
1323 1979 1737 2035 Blomenrenua:

157 2070 361 2140 quidem
395 2070 486 2123 alii
540 2068 782 2124 nonnulli
822 2069 1113 2140 scriptores
1162 2070 1494 2125 recentiores
1547 2069 1739 2124 sum-a-

158 2172 370 2232 gantur;
427 2165 618 2217 verum
647 2177 748 2217 nec
777 2162 830 2216 hi
872 2161 1036 2216 ullum
1065 2177 1163 2232 pro
1210 2177 1269 2218 se
1301 2162 1521 2216 laudant
1551 2171 1738 2216 aucto-

158 2271 255 2310 rem
275 2263 761 2310 monumentumve
786 2256 1091 2324 antiquum.
1131 2253 1240 2309 Nec
1271 2264 1356 2310 est
1409 2269 1507 2310 cur
1542 2269 1643 2324 pro
1671 2253 1737 2307 iis

159 2347 456 2402 inmedium
519 2348 608 2402 hic
653 2349 936 2417 quisquam
971 2348 1220 2412 adducat,
1267 2363 1386 2417 qua:
1437 2356 1737 2402 memorato

161 2441 326 2505 antro,
351 2440 416 2494 ut
439 2440 730 2494 Zauottius
784 2438 834 2494 itt
867 2441 1038 2495 sancti
1101 2439 1220 2494 Vita
1252 2455 1371 2510 cap.
1420 2441 1481 2495 5i
1536 2441 1589 2494 in
1632 2440 1738 2496 ﬁne

164 2539 408 2585 testatum
443 2529 593 2595 facit,
624 2529 880 2600 inscripta
913 2530 1182 2600 leguntur,
1210 2531 1492 2600 sequentia
1523 2531 1688 2585 verba
1721 2546 1736 2585 :

169 2639 184 2670 t
210 2621 260 2675 lu
283 2636 504 2676 summa
544 2623 890 2676 veneratione
929 2636 993 2674 ac
1017 2622 1318 2676 reverentia
1349 2622 1626 2676 habendus
1656 2631 1741 2676 est

165 2708 295 2766 locus
319 2712 448 2775 iste,
483 2711 686 2766 fratres
720 2712 1013 2776 carissimi,
1059 2713 1111 2766 in
1165 2728 1274 2782 quo
1312 2712 1484 2768 fidelis
1536 2712 1736 2768 Christi

164 2815 336 2855 servus
367 2817 432 2855 ac
459 2816 632 2855 sacrm
661 2800 869 2872 paginae
899 2803 1091 2857 doctor
1113 2801 1292 2856 Bruuo
1317 2801 1593 2871 multiplici
1627 2807 1741 2872 pte-

165 2906 338 2944 narum
371 2892 578 2961 genere
609 2893 803 2961 corpus
835 2906 991 2946 suum
1017 2891 1235 2957 aﬂlixit;
1264 2893 1314 2945 itt
1350 2906 1456 2960 quo
1487 2903 1606 2961 post
1635 2891 1740 2944 hu-

159 2978 238 3050 jus
257 2984 471 3038 miserm
505 2983 630 3037 vitze
669 2999 886 3040 cursum
912 2984 976 3037 ad
1007 2983 1200 3039 cretum
1229 2983 1494 3047 evolavit;
1527 3003 1543 3034 ι
1575 2983 1741 3039 fuisse

1837 1886 1988 1949 tarit,
2017 1894 2071 1940 et
2097 1886 2164 1940 ad
2194 1886 2480 1941 ecclesiam
2511 1886 2567 1940 S.
2600 1887 2782 1941 Mariae
2839 1889 2906 1943 de
2953 1889 3160 1959 eremo)
3190 1889 3420 1960 pop:th-

1839 1991 1958 2029 rum
1996 1978 2230 2032 catcrvae
2259 2016 2274 2044 ,
2311 1991 2467 2033 senes
2495 1993 2616 2032 cum
2637 1977 2968 2047 junioribus,
2990 1982 3197 2051 parvuli
3227 1989 3282 2037 et
3307 1965 3424 2036 mtt-

1839 2068 2021 2134 liercs,
2054 2067 2262 2124 nobiles
2307 2078 2357 2125 et
2412 2071 2698 2140 ignobiles,
2723 2072 2998 2144 principes
3025 2084 3080 2131 et
3119 2075 3324 2132 domini
3348 2077 3418 2132 ob

1839 2159 2167 2214 sanctissimi
2201 2160 2468 2217 Brunonis
2506 2164 2912 2220 venerationem
2949 2167 3004 2219 et
3033 2167 3413 2236 devotionem,

1839 2249 1906 2306 ad
1935 2252 2052 2321 ejus
2077 2253 2243 2306 etiam
2297 2253 2562 2310 beneficia
2609 2249 2925 2324 obtinenda,
2978 2260 3131 2329 quasi
3179 2261 3338 2329 degat
3370 2259 3422 2314 itt

1838 2343 2112 2409 humanis,
2134 2359 2256 2399 eum
2282 2345 2644 2409 attendentes,
2699 2348 2947 2404 certatim
2999 2349 3274 2404 confluunt
3302 2391 3316 2416 ,
3349 2337 3409 2405 re

1839 2442 2096 2488 verenter
2148 2435 2435 2504 accedunt,
2479 2446 2660 2502 orant,
2693 2439 2942 2494 adorant.
2975 2432 3249 2512 Prmciptte
3298 2431 3428 2496 vero

1840 2535 2056 2580 antrum
2091 2541 2185 2583 seu
2213 2529 2456 2598 sperum,
2481 2529 2546 2584 de
2569 2545 2675 2601 quo
2703 2546 2888 2602 supra,
2933 2531 2985 2585 in
3015 2548 3122 2602 quo
3147 2531 3264 2588 fere
3286 2549 3430 2588 sem-

1839 2631 1936 2686 per
1965 2615 2112 2672 solus
2144 2616 2369 2672 Domino
2401 2618 2564 2673 famul
2601 2621 2782 2687 batur,
2829 2630 2860 2674 t;
2884 2631 2976 2676 nta
3026 2625 3330 2678 reverent'a
3375 2633 3431 2678 et

1841 2705 2056 2772 affectu,
2100 2707 2509 2780 incredibilique
2537 2710 2642 2765 fide
2678 2712 3071 2782 frequentatur,
3102 2717 3244 2786 quod
3262 2718 3428 2774 etiam

1842 2799 2170 2868 Quandoque
2201 2799 2386 2869 plures
2415 2813 2719 2856 cernuntur
2745 2819 2851 2859 non
2885 2799 2986 2859 uisi
3017 2806 3175 2860 nudis
3205 2806 3430 2878 pedibus

1842 2889 1872 2943 a
1925 2890 2258 2944 monasterio
2321 2890 2546 2960 praefato
2599 2891 2680 2962 (S.
2725 2891 2986 2964 Stephani
3038 2895 3252 2966 nempe)
3303 2895 3432 2962 illud

1843 2981 2126 3035 accedere.
2165 2981 2266 3034 Alii
2291 2980 2446 3037 flexis
2473 2984 2700 3052 genibus
2728 2983 3055 3039 ambulando
3077 2993 3294 3040 antrum
3346 3001 3431 3040 sa-

163 3075 291 3130 enim
323 3077 441 3131 hzec
490 3076 571 3131 vel
599 3077 782 3131 statim
806 3091 834 3130 a
871 3075 1052 3131 Sancti
1081 3075 1251 3139 obitu,
1278 3076 1358 3130 \el
1384 3075 1572 3129 saltem
1598 3074 1738 3128 haud
1768 3111 1814 3176 ϐ
1845 3087 2020 3135 crum,
2053 3081 2254 3127 terram
2284 3083 2339 3128 et
2369 3089 2496 3128 saxa
2521 3088 2584 3130 ex
2615 3067 2897 3129 devotione
2921 3073 3213 3147 lingentes,
3247 3077 3430 3146 lacry-

167 3165 349 3222 dudum
374 3179 500 3238 post
527 3177 689 3222 antro
716 3168 985 3237 apposita,
1042 3182 1140 3236 pro
1167 3176 1319 3222 certo
1346 3166 1472 3238 quis
1497 3165 1742 3222 asserat?

168 3256 302 3321 Quod
325 3259 394 3311 ad
436 3274 524 3312 me
552 3258 804 3327 pertinet,
846 3258 1071 3311 multum
1109 3257 1462 3311 dubitandum
1492 3269 1639 3322 reor,
1675 3272 1742 3312 an

169 3346 333 3403 Sancti
381 3347 817 3412 canonizatione,
877 3349 952 3402 ttti
986 3363 1105 3402 eam
1167 3357 1384 3413 vo‘caut,
1437 3348 1746 3418 antiquiora

166 3438 278 3493 sint.
303 3440 616 3496 Brunoucm
648 3441 830 3510 itaque
850 3441 1076 3495 subinde
1109 3440 1347 3510 quidem,
1377 3457 1484 3510 quo
1510 3441 1744 3496 orationi

168 3527 571 3600 divinarumque
622 3540 802 3586 rerum
832 3532 1166 3596 meditationi
1197 3546 1261 3586 ac
1301 3531 1742 3601 contemplationi

171 3624 390 3692 quietius
418 3632 662 3687 vacaret,
696 3625 748 3678 in
775 3633 1014 3688 antrum,
1048 3639 1074 3676 a
1101 3623 1501 3680 Blomeuvenua
1537 3640 1741 3681 memo-

172 3725 356 3780 ratum,
387 3719 534 3786 quod
571 3731 601 3769 a
639 3715 698 3770 S.
731 3716 914 3770 Maria:
947 3717 1012 3772 de
1041 3732 1227 3773 eremo
1248 3719 1475 3774 ecclesia
1509 3735 1602 3773 seu
1633 3733 1746 3773 mo-

172 3809 428 3872 nasterio,
477 3807 621 3878 quod
670 3808 904 3864 Sanctus
965 3810 1276 3875 incolebat,
1317 3811 1456 3866 haud
1515 3811 1743 3865 multum

173 3902 384 3968 aberat,
422 3905 717 3959 secessisse
749 3945 765 3969 ,
832 3904 975 3958 haud
1035 3903 1322 3959 difficulter
1377 3904 1742 3970 crediderim;

173 3993 488 4050 habitaritne
541 4005 720 4050 tamen
777 3997 829 4050 itt
881 4011 985 4060 eo,
1045 3996 1264 4051 hatrcbo
1295 3995 1534 4062 dubius,
1575 3997 1746 4052 donec

174 4084 414 4140 validiora
446 4127 462 4152 ,
521 4102 642 4156 qua:
673 4099 886 4141 omnem
925 4087 991 4140 de
1027 4086 1130 4142 hoc
1178 4087 1573 4142 dubitationem
1627 4087 1746 4143 ani-

175 4193 254 4232 mo
292 4181 531 4236 eximere
555 4187 682 4235 nata
718 4181 857 4250 sint,
907 4192 1227 4254 argumenta
1283 4183 1653 4254 producantur
1690 4183 1746 4240 itt

177 4271 419 4326 medium.

177 4378 203 4450 ξ
236 4381 404 4439 XLVI.
435 4384 542 4440 Leo
563 4381 616 4437 Χ
640 4402 778 4454 papa
806 4386 977 4440 ordini
1005 4385 1368 4442 Cartltusiensi
1401 4386 1744 4442 Turritanum

1850 3166 2060 3235 tuisque
2114 3165 2278 3219 infusi
2335 3166 2693 3223 circumeunt.
2745 3165 2916 3224 Porro
2979 3179 3047 3225 de
3097 3178 3252 3225 antro
3316 3163 3432 3240 ipso

1848 3271 1943 3312 seu
1997 3273 2128 3327 rupe
2166 3257 2367 3327 aliquid
2416 3273 2516 3328 pro
2568 3257 2826 3314 maximis
2881 3258 3117 3315 habituri
3191 3260 3432 3332 reliquiis

1847 3351 2176 3418 detrahunt,
2227 3358 2389 3420 atque
2443 3343 2517 3404 ita
2591 3345 2659 3407 ad
2713 3351 2929 3425 propria
2997 3361 3244 3408 remeant
3308 3339 3430 3407 cum

1846 3443 2064 3514 gaudio.
3221 3447 3224 3450 h

1919 3535 2042 3592 751.
2075 3540 2323 3605 tQuanta
2354 3553 2484 3593 vero
2515 3529 2805 3594 devotione
2838 3538 2902 3593 ad
2953 3541 3098 3594 hunc
3144 3537 3428 3594 sanctissi-

1846 3644 1992 3682 mum
2021 3627 2238 3683 Patrem
2261 3624 2572 3683 Bruuonem
2599 3628 2901 3682 afficiantur
2923 3628 3186 3684 Calabriae
3214 3628 3430 3699 episco-

1847 3720 1923 3789 pi,
1967 3715 2210 3784 abbates,
2259 3718 2499 3790 pratlati,
2525 3719 2781 3790 religiosi,
2835 3719 3107 3790 principes
3133 3718 3442 3782 etiatu,co-

1849 3813 2008 3866 mites
2031 3855 2043 3876 ,
2081 3813 2317 3867 barones
2355 3812 2652 3883 vulgusque
2691 3813 3036 3877 universum,
3081 3828 3240 3868 nemo
3255 3810 3436 3888 verbis

1847 3904 2118 3974 explicare
2142 3903 2390 3960 sufiicict.
2421 3899 2517 3958 Est
2562 3913 2824 3974 prazterea
2883 3920 2988 3959 non
3046 3903 3202 3975 longe
3239 3919 3269 3958 a
3326 3916 3436 3957 ma-

1848 3997 2090 4051 nastt-rio
2121 3995 2346 4067 prcefato
2386 3998 2564 4067 spatio
2627 4012 2884 4065 passuum
2925 3996 3029 4050 500
3079 4011 3270 4051 nemus
3319 3981 3434 4049 am-

1848 4087 2176 4159 plissimum,
2238 4089 2381 4158 quod
2425 4088 2557 4144 Folo
2618 4088 2943 4154 nominaut,
2990 4089 3058 4143 ab
3105 4089 3221 4158 ipso
3277 4102 3436 4142 servo

1849 4177 1942 4234 Dei
1990 4183 2305 4250 deputatum
2339 4181 2406 4234 ad
2459 4180 2912 4236 instaurationem
2975 4179 3288 4235 monasterii
3319 4179 3436 4248 ejus

1849 4271 2130 4325 duntaxat.
2187 4269 2244 4325 Si
2273 4270 2394 4342 quis
2411 4287 2547 4342 vero
2576 4287 2709 4326 ausu
2741 4271 3026 4326 temerario
3051 4279 3239 4325 contra
3262 4270 3434 4324 sancti

1848 4362 1953 4416 viri
1999 4361 2398 4417 ordinationem
2447 4363 2635 4418 venire
2673 4361 3078 4431 atlemptaverit
3135 4359 3301 4430 (fama
3353 4368 3437 4414 cst

237 4454 562 4527 iugCulnbrir-
601 4449 657 4510 δ’.
691 4449 946 4527 Stephani
1002 4461 1380 4512 monasterium
1403 4459 1554 4527 jubet
1589 4459 1740 4512 resti-
1771 4465 1822 4524 1)
1849 4455 2091 4511 omnium
2121 4454 2383 4511 Calabria:
2414 4454 2734 4524 pepulorunt
2766 4449 2922 4520 longa
2981 4449 3314 4520 experientia
3347 4449 3436 4502 fir-

240 4525 331 4588 ttti,
357 4527 662 4596 cultumque
690 4525 874 4580 Sancti
906 4527 1314 4581 ecclesiasticum
1359 4525 1633 4598 permittit.

241 4635 348 4692 759.
371 4638 430 4691 lu
445 4637 644 4692 Titulis
659 4637 1092 4695 funebribusuon
1114 4641 1304 4712 paucis
1322 4641 1459 4696 infra
1477 4641 1745 4696 recuden-

179 4725 254 4781 dis
271 4745 354 4784 seu
382 4731 724 4785 diversarum
741 4731 1090 4786 ecclesiarum
1117 4735 1648 4791 monasteriorumve
1677 4732 1744 4788 ad

179 4811 365 4873 litteras
391 4820 716 4892 encyclicas
751 4811 890 4874 infra
914 4823 1118 4890 pariter
1155 4825 1510 4889 recudendas,
1548 4823 1746 4893 quibus

181 4903 234 4959 S.
262 4907 521 4966 Brunonis
549 4911 732 4967 obitus
763 4913 1042 4967 nuntiatus
1069 4915 1151 4970 eis
1174 4929 1202 4969 a
1241 4915 1427 4970 Sancti
1449 4915 1741 4970 e'l‘urrita-

181 5010 243 5050 tta
267 5015 437 5056 eremo
461 4994 740 5070 discipulis
772 5002 968 5068 fuerat,
1014 5007 1376 5075 responsoriis
1400 5022 1505 5060 non
1535 5013 1742 5060 tantum

183 5101 209 5139 a
234 5089 461 5146 doctrina
490 5093 800 5164 virtutequc
829 5095 1030 5149 eximia
1050 5095 1288 5150 Sanctus
1344 5097 1618 5158 laudatur,
1649 5111 1740 5149 ve-

183 5192 285 5233 rum
309 5185 470 5238 etiam
509 5199 635 5238 eum
664 5199 770 5238 non
804 5194 912 5239 tam
948 5186 1183 5253 illorum,
1216 5187 1310 5257 qui
1364 5185 1744 5258 respousorias

185 5265 287 5324 illas
307 5273 527 5340 dabant,
566 5289 728 5342 quam
759 5274 1199 5330 hoscetnetillins
1221 5274 1472 5344 precibus
1502 5275 1744 5345 indigere

186 5357 497 5432 declaratur;
545 5367 691 5434 quod
721 5383 851 5422 sane
874 5367 1024 5421 illum
1059 5383 1156 5439 pro
1191 5369 1307 5422 viro
1335 5379 1525 5423 sancto
1555 5366 1744 5439 cogni-

189 5454 417 5530 tunt'jam
473 5465 586 5510 tum
622 5454 916 5512 universim
956 5457 1122 5513 fuisse
1159 5467 1476 5530 argumento
1505 5468 1609 5515 est.
1642 5457 1742 5514 Vc-

191 5555 308 5608 rum,
334 5555 429 5604 etsi
453 5565 542 5604 res
571 5551 645 5602 ita
681 5546 956 5617 habuerit,
991 5552 1117 5606 anui
1147 5561 1322 5608 tamen
1371 5551 1477 5622 iam
1511 5552 1744 5622 amplius

194 5639 572 5711 quadringenti,
615 5643 759 5712 quod
816 5638 1014 5698 mirum
1061 5645 1231 5700 videri
1257 5655 1470 5715 potest,
1529 5646 1598 5699 ab
1628 5644 1744 5712 ejus

196 5725 323 5783 obitu
368 5743 515 5788 erant
561 5736 752 5807 elapsi,
777 5752 898 5793 cum
941 5737 1168 5794 necdum
1203 5753 1230 5791 a
1260 5738 1538 5810 qttOpiam,
1572 5753 1743 5809 quan-

1851 4557 2018 4618 mata)
2054 4549 2290 4603 divinam
2345 4545 2601 4600 ultionem
2645 4559 2751 4599 non
2811 4542 3011 4598 evadit.
3073 4561 3092 4594 θ
3145 4541 3270 4596 llaec
3307 4541 3434 4600 ile:

1850 4659 1969 4713 qua:
2003 4657 2151 4706 cum,
2205 4639 2408 4694 Sancto
2454 4637 2690 4692 nondum
2723 4636 2812 4690 ditt
2858 4650 2957 4706 per
3007 4635 3248 4690 Leonem
3295 4635 3342 4688 Χ
3384 4635 3434 4687 in

1849 4739 2180 4794 sanctorum,
2211 4745 2302 4784 seu
2333 4728 2511 4799 potius
2542 4742 2607 4782 ex
2642 4726 2885 4781 dicendis
2913 4725 3222 4791 beatorum,
3251 4725 3434 4779 album

1849 4822 2042 4888 relato,
2075 4821 2129 4876 in
2175 4821 2388 4874 litteras
2431 4817 2664 4882 miserit,
2712 4831 2812 4873 nec
2867 4825 2992 4872 tunc
3026 4817 3281 4886 primum,
3313 4831 3435 4870 cum

1849 4915 1902 4970 id
1941 4915 2142 4970 factum
2171 4929 2199 4967 a
2233 4911 2488 4984 pontifice
2517 4911 2607 4965 illo
2638 4909 2850 4976 fuisset,
2895 4911 3152 4965 eximium
3188 4907 3346 4978 plane
3373 4920 3437 4961 ac

1848 4999 2198 5077 singularem,
2225 4999 2446 5074 qualem»
2473 5000 2652 5057 verbis
2676 5001 2916 5058 recitatis
2938 5001 3200 5073 depingit,
3228 4998 3432 5055 cultum

1849 5098 1902 5152 in
1937 5095 2187 5151 Calabria
2248 5087 2638 5166 sanctofnisse
2679 5090 2940 5149 delatum.
2992 5089 3305 5145 verosimile
3334 5103 3432 5157 ap-

1846 5197 2055 5259 pareat.
2096 5187 2325 5242 Bailleto
2352 5182 2647 5250 asserenti,
2678 5182 3015 5248 Brunonem,
3048 5197 3170 5237 cum
3195 5181 3367 5236 beatis
3393 5195 3433 5246 a

1847 5277 2029 5333 Leone
2066 5293 2204 5348 papa
2237 5276 2660 5340 adscriberetur,
2693 5274 2861 5330 fuisse
2885 5282 2938 5328 et
2961 5288 3026 5328 ex
3057 5271 3298 5327 omnium
3319 5270 3433 5324 fere

1848 5368 1902 5425 in
1930 5369 2176 5424 Calabria
2221 5368 2483 5424 memoria
2510 5365 2769 5430 deletum,
2809 5374 2862 5419 et
2896 5363 3043 5418 nullo
3073 5361 3270 5416 ibidem
3287 5359 3432 5412 cultu

1849 5461 2122 5525 affectum,
2157 5461 2528 5516 indubitanter
2556 5457 2808 5513 assentiri
2844 5471 2950 5510 non
2977 5455 3172 5517 ausim,
3199 5451 3435 5508 maxime

1847 5567 1969 5606 cum
1999 5567 2063 5605 ex
2096 5552 2472 5614 veneratione,
2507 5565 2610 5620 qua
2643 5563 2766 5618 erga
2796 5537 3080 5610 Sanctum,
3112 5545 3275 5600 etiam
3307 5545 3432 5600 bea-

1847 5645 1917 5699 tis
1973 5645 2208 5700 uondum
2256 5643 2614 5711 adscriptum,
2671 5639 2933 5695 Calabria
2989 5637 3215 5710 populos
3245 5636 3429 5720 fuisse.

1848 5737 2073 5793 recitata
2117 5735 2534 5792 Blomenvennae
2584 5736 2747 5790 verba
2794 5733 3067 5802 indicant,
3120 5729 3434 5830 vcromisilo
