3846 6316
424 365 529 422 165

1255 360 1311 416 S.
1353 359 1702 416 BRUNONIS
1733 354 2380 415 CARTHUSIANORUM
2418 352 2905 413 INSTITUTORIS

3586 347 3699 403 164

426 485 708 553 appareat,
738 475 906 533 fuisse
936 475 1012 531 illi
1035 476 1201 532 etiam
1234 473 1437 531 cultum
1459 474 1690 546 Sanctis
1727 472 2003 544 proprium
2034 472 2081 530 Α
2107 470 2274 524 ranzlo
2308 467 2421 538 jam
2472 468 2597 524 inde
2629 467 2696 522 ab
2730 481 2876 523 anno
2913 461 3052 519 1501
3093 459 3415 533 cogitarint,
3463 458 3701 532 ipsemet

428 574 496 628 ab
526 572 677 626 hisce
711 569 973 624 delatum.

475 661 600 715 752.
634 658 856 724 Verum,
890 666 1028 712 utut
1071 655 1164 721 sit,
1201 655 1366 712 fuisse
1399 670 1522 710 eum
1544 653 1814 725 equidem,
1846 651 2010 707 etiam

424 765 547 805 cum
565 753 798 804 nondum
822 748 1104 803 beatorum
1125 746 1355 802 honores
1377 744 1791 801 aCarthusianis
1803 741 2013 813 publice

426 840 529 896 sibi
554 838 752 896 deferri
780 837 1125 903 obtinuisset,
1160 854 1257 909 pro
1285 837 1483 892 Sancto
1504 837 1571 891 ab
1608 837 1755 892 hisce
1787 835 2012 903 aliisque

427 929 669 985 habitum
699 918 1118 994 honor'atumve,
1164 941 1229 980 ex
1272 924 1647 995 apparitionis,
1682 938 1784 993 qua
1829 920 2011 975 Bruuo

427 1035 548 1077 sese
596 1035 703 1074 una
753 1033 875 1074 cum
908 1016 968 1071 S.
1022 1016 1306 1070 Vincentio
1355 1014 1603 1070 Ferrerio
1635 1012 2009 1083 spectandum

423 1109 645 1182 Aloysio
669 1110 930 1164 liertrano
963 1106 1248 1180 aegrotanti
1303 1106 1569 1172 exhibuit,
1607 1104 1870 1158 relatione
1895 1101 2009 1171 jam

426 1202 774 1271 dala,utpote
789 1200 837 1253 in
856 1215 957 1269 qua
974 1215 1099 1269 erga
1113 1199 1441 1261 Brunonem,
1460 1205 1718 1266 tanquam
1735 1202 2006 1257 sanctum,

436 1293 604 1347 modo
618 1292 876 1362 peculiari
892 1288 1115 1345 allectus
1134 1289 1178 1343 is
1198 1287 1364 1343 fuisse
1390 1288 1642 1351 traditur,
1667 1282 2013 1340 fasestcolli-

424 1396 553 1452 gere
571 1383 645 1439 uti
658 1382 817 1435 etiam
833 1397 897 1435 ex
913 1396 998 1445 eo,
1017 1381 1159 1449 quod
1177 1378 1523 1434 Carthusiani
1540 1376 1872 1446 tandem,qui
1886 1389 2010 1430 emn

428 1470 635 1527 fatente
689 1474 918 1543 ipsomet
966 1471 1209 1535 Bailleto,
1249 1470 1503 1539 privatim
1553 1469 1741 1523 saltem
1797 1474 2012 1522 sancto-

430 1578 553 1617 rum
601 1565 900 1620 honoribus
948 1565 1002 1619 in
1051 1563 1414 1619 Carthusiisa
1443 1561 1732 1617 Calabrina
1780 1561 2011 1616 diversis

422 1655 696 1724 colebant,
729 1657 798 1714 de
838 1658 983 1712 illius
1018 1673 1113 1712 seu
1146 1656 1560 1713 canonizatione
1596 1671 1690 1711 seu
1731 1656 2011 1711 beatiﬁca-

426 1747 570 1805 tione
613 1751 957 1820 procuranda
1006 1750 1171 1805 etiam
1220 1749 1532 1821 cegitarint.
1570 1749 1830 1805 Camillus
1859 1749 2011 1821 Tuti-

2113 557 2372 614 Camillus
2416 557 2664 624 Tutinus,
2714 559 2806 627 qui
2855 556 2908 612 id
2937 555 3051 625 jam
3100 563 3214 620 tum
3247 555 3315 609 ab
3354 554 3423 609 iis
3467 552 3701 614 factum,

2116 649 2295 703 verbis
2320 665 2445 704 mox
2481 649 2623 705 datis
2666 649 2874 713 scribit,
2908 646 3157 702 dubitare
3186 659 3271 699 me
3299 643 3450 700 facit.
3484 644 3707 698 Etenim

2116 738 2168 793 in
2201 740 2496 805 chronico,
2528 740 2670 810 quod
2706 738 3036 795 concinnato
3068 751 3099 790 a
3139 751 3199 791 se
3229 734 3437 791 ordinis
3460 734 3707 789 Cal-thu-

2114 830 2311 887 siensis
2364 832 2674 903 prospectui
2726 830 2981 896 attexuit,
3028 829 3104 884 ita
3153 834 3457 882 memorat:
3497 844 3517 875 ‹
3547 826 3708 878 Anno

2115 923 2253 979 1505
2276 924 2625 979 Carthusiani
2664 923 2915 978 monachi
2966 922 3019 976 in
3065 919 3307 991 capitulo
3346 913 3591 990 generali
3618 913 3711 971 Ja-

2114 1018 2249 1072 coho
2276 1018 2343 1072 de
2368 1017 2636 1088 Aragonia
2668 1016 2970 1072 Carhusire
3014 1014 3405 1085 Neapolitana,
3447 1009 3711 1065 Mattiaco

2113 1106 2501 1172 Bononiensis,
2543 1107 2817 1162 Ludovico
2863 1105 3128 1169 Mantuae,
3179 1104 3391 1174 llugoni
3445 1102 3714 1156 Romana:

2112 1198 2388 1267 prioribus
2414 1199 2835 1265 demandarunt,
2864 1205 2922 1253 ut
2947 1197 3335 1253 monasterium
3364 1193 3712 1263 S.Stepbani

2115 1290 2355 1361 religioni
2381 1291 2775 1346 restituendum
2806 1298 3082 1345 curarent.
3115 1289 3179 1342 lli
3211 1298 3332 1359 post
3364 1288 3548 1340 varios
3576 1299 3708 1339 cum

2117 1385 2434 1439 memoratis
2467 1383 2727 1438 cardinali
2759 1392 2813 1437 et
2842 1380 3232 1437 Tornafrancia
3272 1391 3502 1435 tracta‘u
3524 1397 3557 1433 ι.
3585 1393 3641 1443 ιι(
3662 1386 3716 1432 st

2114 1471 2435 1528 decennium
2472 1483 2798 1544 protractos,
2835 1474 3037 1527 mutuis
3081 1473 3212 1528 hinc
3256 1471 3381 1525 inde
3425 1468 3714 1541 petitioni-

2113 1563 2214 1620 bus
2265 1563 2551 1629 conclusis,
2607 1578 2672 1619 eo
2722 1561 3148 1618 controversiam
3207 1561 3584 1624 adduxerunt,
3642 1566 3710 1609 ut

2114 1660 2504 1712 monasterium
2539 1657 2591 1711 in
2622 1656 2820 1711 summi
2850 1655 3122 1726 pontificis
3147 1653 3343 1709 Leonis
3375 1651 3420 1706 Χ
3446 1650 3716 1707 manibus

2114 1749 2409 1805 cardinalis
2439 1749 2766 1818 resignaret,
2798 1763 2905 1817 quo
2935 1745 3247 1816 adimpleto,
3293 1742 3541 1814 pontifex
3573 1742 3718 1796 Caro

422 1854 526 1896 nus
556 1843 854 1913 smpissime
878 1846 990 1912 jam
1018 1842 1286 1908 laudatus,
1309 1843 1360 1897 in
1386 1841 1626 1896 historice
1655 1842 1862 1897 ordinis
1886 1840 2017 1895 Car—
2047 1822 2090 1881 Β
2121 1842 2388 1897 tlmsianis
2422 1857 2545 1897 cum
2573 1841 2827 1895 omnibus
2859 1838 2976 1909 ejus
3014 1838 3175 1894 bonis
3207 1837 3402 1891 iterum
3431 1831 3719 1890 concessit

423 1930 719 1987 thusiensis
742 1944 1028 2003 prospectu
1056 1933 1123 1986 ad
1154 1947 1353 1986 annum
1380 1929 1541 1997 1504,
1571 1946 1669 1999 pro
1697 1946 1804 2000 quo
1835 1938 2014 1984 tamen

428 2034 715 2091 perperam
785 2021 1046 2077 scribitur
1095 2022 1264 2088 1505,
1328 2020 1400 2075 ita
1454 2020 1635 2092 prodit
1700 2036 2012 2076 memorum:

429 2129 450 2164 ς
497 2113 552 2168 1η
586 2114 827 2186 generali
851 2114 1380 2187 (Carthusianorum)
1404 2112 1673 2184 capitulo,
1720 2113 1825 2167 hoc
1875 2126 2017 2166 anno

428 2204 732 2273 celebrato,
760 2206 973 2277 priores
998 2205 1357 2277 .Carthusiani
1398 2208 1701 2259 tractarunt
1731 2205 1798 2258 de
1824 2217 2020 2273 procu-

427 2298 597 2351 randa
655 2298 1072 2354 canonizatione
1128 2295 1517 2359 S.Brunonis,
1569 2301 1625 2349 et
1672 2294 1739 2349 de
1791 2308 2022 2364 recupe-

429 2390 599 2444 randa
626 2390 913 2445 Carthusia
960 2389 1019 2443 S.
1047 2388 1311 2459 Stephani
1351 2390 1417 2442 de
1448 2402 1691 2454 nemore,
1744 2402 1863 2457 qua:
1904 2388 2019 2442 fere

427 2494 603 2535 annos
658 2489 956 2536 tercentum
1006 2494 1173 2549 penes
1216 2477 1651 2541 Cistereienses,
1718 2484 1775 2531 et
1824 2476 2021 2532 deinde

428 2570 639 2643 (saeculi
666 2572 947 2635 nimirum,
976 2572 1020 2626 si
1055 2571 1106 2625 in
1135 2570 1287 2626 brevi
1320 2569 1639 2626 monasterii
1671 2568 1728 2623 S.
1755 2567 2017 2640 Stephani

428 2662 496 2719 de
541 2679 763 2721 nemore
791 2664 1066 2719 Chronico
1104 2663 1249 2733 apud
1281 2661 1541 2718 Tutinum
1576 2677 1702 2732 pag.
1732 2661 1833 2717 195
1873 2672 2020 2718 recte

427 2763 667 2821 notetur,
692 2754 869 2825 quinti
899 2753 1097 2809 decimi
1135 2753 1312 2821 initio,
1350 2762 1443 2808 aut
1474 2752 1639 2809 etiam
1672 2752 1915 2807 nonnihil
1944 2753 2021 2809 ci-

427 2846 559 2914 tius)
606 2847 675 2900 ad
721 2846 948 2901 abbates
994 2845 1489 2900 eommendatarios
1518 2854 1857 2914 pervenerat.
1884 2844 2021 2899 lliuc

429 2935 498 2991 ad
528 2936 678 2991 litem
717 2936 1150 3007 prosequendam
1179 2934 1419 2991 Iacobus
1450 2936 1517 2990 de
1544 2936 1838 3007 Aragamia,
1871 2936 2022 3006 prior

428 3027 732 3083 Carthusiat
772 3027 1161 3099 Neapolitanae,
1212 3027 1499 3083 Matthaaus
1552 3027 1699 3097 prior
1743 3027 2019 3092 Bononia},

429 3117 736 3174 Ludovicus
756 3119 905 3189 prior
931 3118 1237 3173 Mantuanae
1264 3118 1589 3180 Carthusize,
1619 3127 1674 3172 et
1697 3116 1849 3188 llugo
1873 3117 2021 3185 prior

431 3209 736 3265 Carthusia:
767 3210 1027 3267 Romanae
1057 3210 1404 3279 deputantur.
1436 3210 1569 3264 Erat
1599 3223 1661 3263 ea
1698 3216 2023 3278 tempestate

432 3300 601 3355 abbas
622 3300 1116 3356 commendatarius
1140 3299 1449 3355 Ludovicus
1471 3298 1760 3354 cardinalis
1796 3301 1864 3353 de
1887 3301 2025 3352 Am—

434 3393 619 3463 gouia,
647 3394 977 3450 Ferdinandi
1014 3392 1035 3447 1
1074 3393 1218 3463 regis
1247 3391 1414 3462 Neap.
1443 3406 1629 3462 nepos.
1655 3390 1889 3447 Jacobus
1926 3392 2024 3462 igi-

437 3491 545 3548 tur,
580 3498 739 3551 quem
794 3498 959 3552 supra
1008 3482 1451 3548 mcmoravimus,
1493 3496 1615 3536 cum
1658 3491 1803 3536 esset
1845 3482 2025 3536 cardi-

436 3573 575 3626 nalis
611 3573 816 3638 afﬁnis,
864 3572 1049 3626 Romae
1086 3587 1209 3627 cum
1250 3571 1443 3626 eodem
1483 3573 1776 3641 exterique
1814 3573 2024 3643 priores

435 3665 501 3718 de
530 3664 869 3720 restitutione
894 3672 1077 3735 agunt,
1106 3674 1158 3719 et
1187 3663 1437 3734 plurimis
1467 3664 1594 3719 hine
1627 3665 1751 3719 inde
1781 3666 2025 3722 articulis

436 3756 723 3819 discussis,
768 3764 824 3810 et
869 3756 1270 3810 conditionibus
1307 3755 1601 3824 appositis,
1637 3758 1931 3813 cardinalis
1966 3774 2025 3814 se

435 3863 635 3902 exuere
670 3862 862 3917 passus
906 3856 1010 3903 est.
1060 3846 1256 3902 Verum
1303 3864 1427 3903 cum
1459 3848 1578 3918 ejus
1612 3850 1857 3907 redditus
1899 3854 2025 3923 jure

435 3939 817 4008 emphiteotico
857 3940 925 3995 ab
952 3940 1289 4010 Evangelista
1321 3939 1709 3997 Tornafrancia
1734 3943 2025 3999 Catacensi

435 4032 865 4103 possiderentur,
895 4046 1004 4101 quo
1046 4030 1141 4102 [an
1161 4031 1314 4104 qui?]
1348 4033 1513 4086 etiam
1556 4049 1653 4088 suo
1693 4034 1800 4104 juri
1828 4036 2024 4090 cedere

436 4120 782 4191 promiserat,
803 4120 1037 4176 Jacobus
1066 4128 1259 4176 caetera
1288 4121 1541 4192 impletus
1558 4122 1830 4193 Neapolim
1856 4125 2021 4189 venit,

437 4214 531 4270 sed
550 4214 909 4284 Evangelista,
932 4228 1091 4283 quem
1114 4214 1308 4269 oblatae
1330 4216 1651 4270 conditionis
1675 4217 2024 4286 pteuituerat,

436 4306 560 4378 fuga
609 4307 903 4372 dilabitur;
956 4322 1148 4362 verum
1202 4307 1368 4377 regiis
1415 4308 1677 4364 adhibitis
1724 4309 2023 4380 diligentiis

435 4394 792 4465 interceptus,
826 4412 889 4450 ac
915 4397 1184 4466 promisso
1222 4405 1365 4451 stare
1399 4407 1624 4453 coactus
1653 4407 1756 4454 est.
1788 4420 1805 4451 ι

2118 1941 2173 1988 et
2221 1933 2464 1997 tradidit,
2516 1943 2572 1987 et
2619 1931 2945 1987 abbatialem
2996 1929 3211 1985 titulum
3265 1927 3569 1998 suppressit
3613 1938 3719 1993 per

2117 2026 2315 2080 bullam
2366 2028 2479 2080 dat.
2529 2025 2714 2081 Romae
2756 2024 2919 2079 1515.
2949 2041 2967 2073 ι
3019 2023 3221 2091 Quare,
3272 2036 3395 2076 eum
3447 2017 3716 2080 Tutinus,

2117 2118 2328 2173 ordinis
2353 2115 2762 2173 Carthusiensis
2792 2114 3065 2186 prioribus
3106 2114 3195 2168 hic
3235 2109 3534 2167 nominatis
3556 2124 3586 2163 a
3615 2122 3718 2162 ca-

2117 2210 2231 2280 pito
2274 2208 2534 2278 generali,
2582 2216 2643 2263 ut
2670 2206 2990 2262 monasterii
3032 2204 3093 2260 S.
3118 2203 3377 2274 Stephani
3417 2214 3720 2270 recupera-

2121 2302 2323 2358 tionem
2349 2308 2639 2365 tentarent,
2672 2315 2816 2355 anno
2846 2300 3062 2353 demum
3088 2296 3249 2362 1505,
3275 2294 3417 2366 quod
3438 2291 3553 2364 jam
3586 2292 3721 2347 inde

2118 2393 2187 2449 ab
2214 2392 2518 2447 enn01504
2558 2390 2760 2445 factum
2800 2389 3001 2455 fuisse,
3041 2387 3221 2443 verbis
3256 2400 3422 2456 supra
3459 2379 3721 2439 recitatis

2120 2483 2173 2538 in
2205 2492 2494 2555 prospectu
2541 2483 2826 2547 docuerat,
2866 2479 2920 2535 in
2961 2478 3236 2534 mandatis
3283 2478 3469 2532 datum
3518 2474 3721 2540 fuisse,

2119 2574 2209 2631 hie
2239 2574 2469 2643 scribat,
2499 2575 2696 2638 hocne,
2748 2588 2816 2627 an
2858 2571 2953 2627 illo
2991 2586 3134 2625 anno
3161 2568 3463 2625 Carthusia:
3504 2566 3564 2621 S.
3589 2564 3722 2620 Ste-

2120 2667 2287 2739 phani
2328 2665 2800 2737 recuperationem
2847 2672 3060 2720 tentare
3101 2661 3442 2719 decreverint
3469 2657 3718 2716 Cartim-

2121 2760 2289 2827 siani,
2311 2759 2536 2814 dubium
2563 2773 2694 2813 sane
2721 2757 2949 2827 ipsemet
2973 2754 3154 2811 efﬁcit.
3436 2750 3441 2753 ⁷

2192 2853 2316 2909 754.
2357 2852 2631 2917 Attamen,
2664 2864 2789 2906 cum
2820 2848 3212 2903 monasterium
3263 2845 3391 2900 illud
3418 2850 3717 2914 postquam

2123 2944 2249 2999 anni
2290 2944 2401 3015 jam
2435 2943 2619 2998 decem
2655 2944 2721 2997 ah
2753 2941 2971 3011 incepto
3012 2940 3079 2996 de
3106 2939 3441 2994 restituendo
3484 2952 3554 2991 eo
3583 2941 3716 2991 Lar-

2123 3034 2391 3089 thusiauis
2419 3040 2651 3087 tractatu
2678 3040 2863 3088 essent
2890 3030 3080 3101 elapsi,
3112 3029 3165 3084 in
3194 3043 3391 3085 manus
3410 3027 3717 3099 pontificis,

2050 3167 2093 3228 Ο
2125 3126 2214 3195 qui
2270 3125 2321 3179 id
2371 3124 2566 3179 deinde
2608 3121 2985 3178 Carthusianis
3051 3119 3305 3184 reddidit,
3376 3121 3719 3206 resignatum

2126 3218 2318 3283 fuisse,
2362 3216 2543 3271 verbis
2588 3216 2837 3287 proxime
2881 3214 3024 3269 datis
3074 3213 3238 3268 etiam
3294 3199 3495 3277 tradat,
3546 3210 3724 3266 fuisse

2124 3326 2251 3366 vere
2267 3311 2381 3381 jam
2409 3307 2535 3363 inde
2564 3309 2632 3362 ab
2664 3322 2808 3362 anno
2838 3304 2974 3361 1506
3005 3320 3034 3359 a
3063 3302 3440 3360 Cirthusianis
3471 3304 3543 3357 de
3570 3302 3722 3355 dicto

2127 3400 2459 3456 monasterio
2521 3399 2893 3468 recuperando
2962 3405 3287 3460 tractatum,
3351 3393 3608 3449 verosimi
3634 3394 3723 3449 ius

2127 3500 2371 3563 apparet,
2399 3490 2542 3560 quod
2568 3488 2733 3554 bulla,
2764 3505 2868 3558 qua
2896 3487 2949 3543 il
2975 3490 3056 3544 eis
3082 3486 3325 3557 pontifex
3353 3485 3463 3539 Leo
3486 3482 3531 3538 Χ
3565 3484 3721 3539 reddi

2120 3582 2302 3652 jussit,
2344 3596 2486 3636 anno
2514 3582 2671 3647 1515,
2703 3582 2779 3635 uti
2814 3582 3047 3650 ipsemet
3074 3580 3242 3635 etiam
3271 3578 3504 3632 Tutinus
3536 3575 3723 3631 verbis

2127 3675 2369 3730 recitatis
2404 3672 2629 3737 fatetur,
2660 3673 2783 3728 data
2821 3680 3059 3735 notetur,
3101 3668 3363 3738 facileque
3401 3667 3620 3738 quidem
3649 3666 3721 3719 ab

2126 3780 2269 3819 anno
2300 3764 2463 3830 1501,
2498 3779 2604 3818 non
2637 3772 2814 3818 tamen
2848 3764 2915 3816 ab
2939 3777 3083 3816 anno
3116 3760 3253 3814 1505
3280 3761 3345 3813 ad
3378 3774 3580 3813 annum
3621 3772 3721 3811 us-

2128 3872 2233 3928 que
2264 3855 2399 3911 1515
2442 3870 2613 3910 annos
2661 3855 2848 3909 decem
2885 3851 3216 3914 excurrisse,
3246 3861 3411 3920 queat
3461 3847 3717 3919 intelligi.

2126 3947 2548 4003 lnstrumentum
2591 3943 2745 4007 illud,
2781 3943 2925 4011 quod
2964 3950 3019 3995 et
3054 3941 3101 3995 ei
3138 3940 3313 3995 locum
3349 3939 3437 3993 hic
3460 3937 3717 4001 concedi,

2126 4036 2457 4110 postulatum
2490 4051 2520 4089 a
2552 4050 2637 4090 me
2668 4034 2851 4098 fuerit,
2884 4040 2939 4086 et
2968 4031 3246 4095 nonnulla,
3276 4045 3396 4100 quas
3420 4027 3534 4098 jam
3569 4029 3721 4083 dicta

2128 4136 2273 4196 sunt,
2307 4127 2612 4189 conﬁrmet,
2660 4127 2769 4182 huc
2806 4125 3131 4181 transcribo.
3178 4124 3338 4180 Hisce
3366 4124 3547 4178 verbis
3578 4137 3720 4178 con-

2128 4220 2363 4289 cipitur:
2396 4236 2413 4269 ι
2447 4216 2554 4271 Leo
2600 4218 2886 4287 episcopus
2930 4232 3121 4271 servus
3170 4231 3453 4270 servorum
3500 4215 3594 4270 Dei
3647 4216 3725 4271 ad

2125 4320 2441 4384 perpetuam
2466 4311 2543 4365 rei
2583 4312 2918 4365 memoriam.
2965 4309 3068 4363 Pro
3095 4308 3389 4365 commisso
3437 4308 3592 4362 nobis
3624 4309 3720 4363 de-

2128 4416 2294 4473 super
2335 4400 2674 4472 apostolatus
2714 4398 2889 4453 ollicio
2938 4412 3045 4467 quo
3094 4395 3417 4451 universalis
3456 4395 3721 4452 Ecclesiae

509 4485 638 4541 755.
676 4486 752 4541 lta
784 4487 893 4551 ille,
922 4504 1029 4542 non
1064 4496 1268 4542 tantum
1295 4488 1694 4547 Carthusianos
1714 4494 1895 4548 sancti
1918 4494 2026 4547 Pa-
2056 4509 2101 4563 ι)
2130 4491 2385 4563 regimini
2423 4490 2798 4560 praesidemus,
2853 4490 2920 4542 de
2950 4488 3307 4542 ecclesiarum
3348 4496 3403 4540 et
3442 4498 3725 4541 monaste-

440 4574 540 4629 tris
586 4576 671 4631 sui
717 4578 1123 4633 canonizationi
1176 4582 1573 4649 procurandae,
1623 4598 1813 4638 verum
1860 4586 2025 4639 etiam

437 4666 731 4724 Calabrino
760 4670 819 4724 S.
847 4670 1109 4740 Stephani
1150 4673 1487 4728 monasterio
1517 4674 1587 4727 de
1614 4689 1834 4729 nemore
1872 4691 2029 4731 recu-

441 4760 683 4830 perando
731 4760 972 4815 animum
1027 4761 1294 4833 adjecissc
1341 4779 1674 4835 operamque
1722 4782 1886 4835 porro
1936 4768 2029 4822 de-

439 4852 612 4919 disse,
643 4853 876 4909 tradens.
913 4853 1099 4926 Neque
1128 4870 1259 4911 vero
1296 4856 1670 4928 religiosorum
1707 4858 1920 4913 illorum
1948 4859 2029 4914 vi-

440 4957 629 4999 rorum
666 4944 866 5000 frustra
898 4946 989 5001 hic
1018 4956 1243 5005 conatus
1273 4945 1407 5014 fuit;
1439 4949 1614 5019 primo
1641 4950 1786 5005 enim
1811 4949 1875 5005 S.
1903 4952 2028 5008 Ste-

442 5033 611 5104 phani
638 5034 855 5092 domum
884 5051 981 5093 seu
1009 5039 1401 5094 monasterium
1438 5040 1615 5095 ordini
1647 5057 1745 5097 suo
1789 5043 2026 5111 restitui,

441 5141 507 5181 ae
536 5127 730 5184 deinde
780 5130 831 5183 in
880 5129 1083 5197 album,
1127 5130 1174 5185 si
1221 5146 1331 5187 non
1379 5140 1714 5198 sanctorum,
1742 5133 2025 5191 beatorum

441 5217 654 5286 saltem,
685 5220 923 5291 primum
953 5235 1112 5275 suum
1143 5219 1512 5277 institutorem
1546 5222 1822 5292 poutificia
1844 5233 2026 5280 aucto-

438 5309 605 5365 ritate
642 5310 833 5365 referri
872 5311 1260 5379 obtinuerunt,
1289 5312 1367 5367 uti
1396 5321 1643 5382 patescet
1695 5330 1764 5371 ex
1800 5315 1866 5371 iis
1909 5332 2027 5386 quae

441 5399 509 5455 de
536 5401 747 5456 duobus
776 5400 926 5456 hisce
958 5400 1229 5471 capitibus
1265 5417 1371 5473 pro
1395 5402 1628 5459 instituti
1672 5404 1778 5461 mei
1816 5407 2027 5465 ratione

441 5489 667 5546 dicenda
702 5492 792 5547 hic
820 5501 963 5547 sunt.
1000 5493 1045 5547 Α
1074 5491 1346 5548 Calahrini
1378 5495 1695 5551 monasterii
1732 5512 2025 5567 recupera-

442 5582 611 5647 tione,
656 5585 800 5654 quod
847 5586 962 5641 haec
991 5585 1177 5640 Sancti
1213 5587 1682 5644 canonizatiouem
1713 5605 1808 5646 seu
1847 5592 2027 5661 potius

440 5673 900 5733 beatificationem
931 5679 1292 5749 prtecesserit,
1323 5680 1461 5736 duco
1484 5681 1721 5737 initium.
1747 5682 1827 5737 Ac
1853 5684 2027 5753 primo

444 5765 661 5833 quidem
704 5782 772 5823 an
801 5770 1153 5828 (Iarthusiani
1197 5772 1263 5828 de
1300 5773 1631 5831 monasterio
1671 5772 1759 5829 illo
1804 5788 2027 5844 recupe-

2130 4583 2364 4645 riorum,
2411 4578 2750 4646 aliorumque
2794 4576 3123 4647 regul'ariuin
3175 4576 3422 4631 locorum
3469 4578 3720 4631 omnium

2128 4679 2275 4727 statu
2329 4682 2591 4740 prospere
2641 4677 2695 4722 et
2748 4666 3037 4722 salubriter
3098 4666 3382 4735 dirigenda
3452 4667 3721 4721 (outinua

2129 4765 2409 4821 reddimur
2432 4760 2733 4817 attentione
2762 4759 2976 4816 solliciti
3007 4774 3027 4813 :
3048 4760 3192 4813 unde
3213 4757 3391 4829 aliqua
3417 4771 3483 4813 ex
3507 4757 3719 4813 eisdem

2128 4854 2477 4910 monasteriis
2515 4861 2571 4908 et
2611 4851 2772 4913 locis,
2821 4859 2879 4905 ut
2924 4852 2977 4904 in
3022 4864 3102 4905 ets
3144 4851 3352 4920 gratior
3384 4848 3495 4903 Deo
3536 4858 3726 4919 vigeat

2128 4947 2497 5012 observantia,
2554 4951 2768 5001 crescat
2822 4943 3036 4998 divinus
3097 4940 3291 5005 cultus,
3357 4950 3413 4996 et
3474 4939 3721 4994 fidelium

2130 5047 2397 5110 augeatur
2421 5037 2655 5095 devotio.
2688 5036 2844 5091 novis
2890 5049 3278 5103 nonnunquam
3322 5033 3722 5087 committimus

2128 5129 2474 5201 gubernanda
2523 5128 2845 5194 rectoribus,
2894 5142 2993 5197 per
3035 5139 3264 5196 quorum
3309 5122 3544 5179 soler.i.'e
3591 5132 3719 5178 stu-

2127 5222 2273 5278 dium
2314 5231 2369 5277 et
2406 5221 2687 5290 providam
2730 5219 3063 5290 diligentiam
3124 5217 3454 5273 monasteria
3498 5225 3554 5272 et
3593 5215 3723 5272 loca

2128 5312 2267 5383 ipsa,
2304 5313 2468 5367 etiam
2510 5311 2649 5367 alias
2667 5310 2865 5367 votivis
2912 5312 2967 5365 in
3007 5307 3381 5381 spiritualibus
3419 5316 3475 5362 et
3505 5317 3722 5379 tempo-

2129 5405 2343 5460 ralibus
2361 5403 2649 5475 proficiant
2677 5402 3049 5459 incrementis.

2198 5496 2325 5551 755.
2371 5516 2388 5548 ι
2415 5496 2557 5551 Sane
2586 5496 2919 5551 monasterio
2946 5494 3011 5550 S.
3033 5493 3299 5567 Stephani
3329 5493 3396 5549 de
3416 5493 3592 5549 Bosco
3626 5492 3727 5548 Cl-

2129 5587 2442 5642 sterciensis
2483 5587 2691 5642 ordinis
2728 5586 3116 5657 Squillacensis
3145 5587 3424 5653 dimcesis,
3465 5594 3612 5656 quod
3637 5586 3725 5640 di-

2129 5678 2303 5735 lectus
2344 5680 2487 5735 filius
2533 5688 2719 5736 noster
2740 5680 2989 5753 Aloysius
3020 5690 3222 5736 sanctae
3279 5678 3461 5735 Mariae
3493 5681 3545 5732 in
3579 5682 3725 5753 bos-

2130 5773 2308 5829 medin
2331 5774 2590 5831 diaconus
2618 5773 2908 5830 cardinalis
2932 5790 3002 5830 ex
3042 5774 3395 5831 concessione
3419 5782 3475 5829 et
3495 5772 3723 5842 dispen-
