3846 6316
177 334 260 389 ωδ

1671 335 1870 391 ACTA.

3304 346 3410 399 366

177 448 357 506 satione
395 444 691 515 apostolica
733 445 789 500 in
818 451 1188 506 commendam
1219 468 1389 521 nuper
1429 452 1711 509 obtinebat
1738 452 1788 511 Α
1816 451 1939 505 dem
1964 449 2368 506 Carthusiensis
2399 453 2625 522 ordinis,
2658 459 2799 514 infra
2829 458 2984 527 cujus
3012 462 3321 527 provincize
3346 464 3414 519 li-
3442 474 3447 475 ί

176 541 485 615 (commenda
509 539 818 608 hujusmodi
864 556 932 593 ex
978 555 1069 608 eo,
1110 543 1256 611 quod
1308 543 1449 599 idem
1477 545 1730 617 Aloysius

175 632 438 692 cardinalis
486 631 563 687 illi
612 632 772 687 hodie
817 632 869 686 in
911 633 1162 689 manibus
1205 634 1411 689 nostris
1455 646 1647 705 sponte
1676 647 1731 693 et.

171 727 317 781 libere
340 733 528 793 cessut,
555 740 763 794 nosque
791 723 1094 779 cessionem
1136 724 1309 793 ipsam
1341 725 1593 781 duximus
1630 729 1728 781 ad-

170 817 486 872 mittendam.
534 815 802 881 cessante)
853 815 1030 870 adhuc
1076 830 1163 881 eo,
1212 831 1341 885 quo,
1375 817 1502 871 dum
1550 818 1727 872 eidem

171 907 361 979 Aloysio
388 907 651 963 cardinali
680 909 1116 962 commendatum
1146 907 1267 973 fuit,
1295 908 1542 976 vacabat,
1573 910 1731 965 modo

170 1009 404 1061 vacante;
445 1017 545 1056 nos
573 1016 724 1063 vero,
757 999 1004 1053 ultimum
1044 999 1174 1053 dicti
1223 1000 1532 1053 monasterii
1570 1016 1732 1055 vaca-

168 1092 307 1146 tionis
345 1093 599 1153 modum,
631 1091 845 1149 etiamsi
885 1106 952 1144 ex
986 1090 1077 1146 ilio
1108 1091 1314 1161 quaevis
1346 1090 1614 1160 generalis
1644 1107 1732 1146 rc-

169 1184 380 1239 servatio
406 1193 458 1239 et
499 1190 555 1239 in
581 1199 809 1253 corpore
836 1181 973 1253 juris
1007 1182 1190 1238 clausa
1225 1181 1468 1247 resultet,
1495 1198 1735 1254 praesen-

169 1275 289 1329 tibus
316 1291 417 1345 pro
446 1275 725 1346 expressis
756 1274 1019 1331 habentes
1060 1274 1127 1328 ad
1165 1272 1532 1344 provisionem
1571 1289 1734 1344 super

170 1365 314 1433 ipsius
352 1365 681 1423 monasterii,
720 1364 982 1434 regimine
1026 1363 1258 1418 celerem
1292 1372 1349 1417 et
1391 1361 1628 1429 felicem,
1666 1378 1733 1418 ne

168 1457 537 1511 monasterium
578 1458 752 1526 ipsum
784 1455 957 1524 longae
982 1455 1286 1509 vacationis
1320 1463 1619 1524 exponatur
1651 1454 1731 1508 in-

170 1549 468 1613 commodis,
505 1549 749 1620 paternis
778 1556 839 1605 et
861 1546 1117 1602 sollicitis
1144 1547 1339 1601 studiis
1369 1546 1732 1614 intendentcs,

168 1654 273 1709 post
312 1641 783 1705 deliberationem,
825 1655 988 1711 quam
1034 1640 1268 1709 desuper
1311 1655 1434 1696 cum
1478 1639 1735 1696 fratribus

170 1733 352 1786 nostris
403 1733 691 1787 habuimus
738 1731 1067 1801 diligentem,
1122 1730 1341 1785 demum
1392 1731 1460 1785 ad
1510 1730 1734 1786 dilectos

170 1823 294 1879 filios
320 1822 517 1878 fratres
542 1822 944 1878 Carthusiensis
988 1821 1217 1889 ordinis,
1251 1822 1303 1876 in
1349 1821 1547 1892 quibus
1580 1838 1735 1893 regu-

170 1914 286 1967 laris
328 1914 625 1983 disciplina:
669 1911 1035 1979 observantia,
1084 1911 1209 1966 vita:
1248 1910 1631 1976 sanctimonia,
1683 1919 1742 1964 et

169 2004 489 2073 exemplares
531 2018 713 2058 mores
751 2005 805 2056 in
844 2002 959 2056 dies
1004 2013 1279 2071 tamquam
1324 2001 1447 2057 novi
1490 2002 1738 2071 palmites

170 2097 217 2150 iu
272 2112 395 2167 agro
440 2096 653 2150 Domini
716 2094 978 2165 pullulare
1036 2105 1372 2161 noscuntur,
1439 2094 1740 2150 direximus

168 2185 340 2241 oculos
365 2186 560 2240 mentis
591 2194 810 2240 nostrae.
859 2184 1175 2255 Sperantes,
1203 2186 1347 2255 quod
1392 2187 1437 2240 si
1469 2187 1521 2240 in
1553 2202 1743 2240 mona-.

170 2279 323 2333 sterio
348 2279 627 2347 praedicto,
662 2278 717 2331 in
749 2279 903 2347 cujus
953 2276 1181 2332 ecclesia
1210 2293 1412 2348 corpus
1446 2276 1505 2333 S.
1531 2278 1740 2333 Bruno-

170 2369 250 2423 uis
288 2369 408 2423 dicti
460 2368 673 2425 ordinis
716 2367 1122 2423 Carthusiensis
1167 2368 1499 2425 institutoris
1540 2369 1741 2425 dicitur

170 2476 281 2516 esse
303 2461 658 2524 reconditum,
687 2460 937 2530 etquod,
964 2469 1025 2514 ut
1064 2460 1129 2515 ab
1155 2460 1425 2530 aliquibus
1453 2463 1737 2529 asseritur,

171 2551 290 2605 olim
332 2550 575 2621 ejusdem
603 2549 1008 2605 Carthusiensis
1041 2550 1249 2605 ordinis
1285 2552 1477 2606 domus
1512 2551 1635 2619 fuit,
1662 2554 1741 2607 di-

168 2644 331 2711 gnitas
391 2642 681 2697 abbatialis
739 2650 795 2697 ct
851 2641 1231 2697 Cisterciensis
1296 2641 1429 2698 ordo
1480 2651 1741 2715 perpetuo

168 2736 623 2805 supprimerentur
656 2743 712 2789 et
749 2735 1244 2805 exstinguerentur,
1273 2743 1329 2789 et
1353 2733 1487 2789 ordo
1513 2734 1742 2790 Carthu-

169 2830 347 2884 siensis
369 2829 677 2898 hujusmodi
707 2829 1083 2894 institueretur
1107 2836 1162 2883 et
1186 2827 1530 2898 plantarétur
1552 2842 1567 2882 :
1590 2837 1644 2884 et
1674 2828 1742 2884 de

170 2932 348 2978 uetera
382 2923 775 2977 monasterium
811 2921 989 2990 ipsum
1018 2920 1211 2979 domus
1245 2921 1346 2976 sub
1373 2920 1562 2975 eadem
1590 2921 1742 2975 invo-

171 3013 365 3065 catione
395 3010 458 3067 8.
485 3010 752 3082 Stephani
798 3022 1226 3081 nuncuparetur,
1258 3021 1313 3067 et
1355 3012 1481 3067 dicti
1513 3012 1742 3067 Carthu-

1830 540 1991 595 mites
2038 540 2183 595 dicta
2232 542 2425 597 domus
2463 543 2520 599 S.
2544 544 2805 619 Stephani
2858 548 3131 613 consistit,
3180 548 3417 607 Cartim-

1831 628 2032 684 siensis
2066 629 2273 686 ordinis
2301 640 2356 687 et
2393 632 2537 688 illius
2568 634 2793 692 fratrum
2839 636 3145 706 hujusmodi
3196 642 3414 696 nomine

1832 722 2166 792 corporalem
2197 724 2388 780 domus
2433 725 2491 782 8.
2520 727 2779 801 Stephani
2803 731 3067 787 bonorum
3113 746 3176 787 ac
3207 730 3418 800 jurium

1832 824 1887 870 et
1916 816 2367 886 pertinentiarum
2396 821 2773 889 praedictarum
2802 823 3198 893 possessionem
3230 838 3327 894 per
3355 840 3414 880 se

1831 905 1917 959 vel
1962 921 2058 977 per
2101 906 2263 961 alium
2303 923 2397 963 seu
2436 908 2571 965 alios
2618 912 2831 982 prepria
2875 913 3203 969 auctoritate
3245 913 3415 970 libere

1834 997 2257 1066 apprehendere,
2306 1005 2379 1064 et,
2433 1000 2575 1055 sicut
2618 1002 2989 1071 praemittitur,
3041 1004 3329 1075 regendam
3361 1015 3416 1061 et

1834 1081 2240 1159 gubernandam
2283 1100 2548 1163 perpetuo
2594 1094 2853 1162 retinere,
2901 1096 3148 1166 illiusque
3183 1097 3413 1165 fructus,

1835 1180 2077 1234 redditus
2111 1189 2167 1234 et
2202 1190 2499 1249 proventus
2544 1182 2598 1236 in
2641 1181 2869 1239 fratrum
2911 1194 2966 1240 et
3001 1187 3192 1241 domus
3226 1201 3415 1242 eorum

1834 1286 1965 1326 usus
2019 1270 2417 1341 utilitatemque
2472 1284 2814 1338 convertere,
2866 1274 3160 1336 dicecesani
3208 1274 3313 1331 loci
3362 1283 3418 1330 et

1835 1363 2073 1433 cujusvis
2112 1362 2335 1419 alterius
2372 1363 2587 1419 licentia
2628 1379 2790 1435 super
2824 1366 2929 1421 hoc
2972 1366 3192 1422 minime
3235 1368 3418 1438 requi—

1836 1457 1961 1510 sita.

1908 1546 2031 1600 757.
2077 1565 2095 1597 ι
2128 1546 2204 1601 Ac
2228 1547 2397 1616 priori
2425 1557 2479 1603 et
2508 1547 2769 1603 fratribus
2801 1548 2854 1603 in
2888 1548 3003 1617 ipsa
3031 1548 3189 1603 domo
3216 1548 3274 1603 S.
3293 1548 3417 1603 Ste-

1836 1635 2000 1704 phani
2033 1651 2131 1706 pro
2176 1646 2420 1707 tempore
2470 1637 2807 1708 degentibus,
2857 1638 3000 1707 quod
3049 1638 3153 1708 ipsi
3189 1648 3242 1692 ct
3272 1639 3417 1695 dicta

1838 1726 2029 1781 domus
2068 1727 2319 1783 omnibus
2354 1737 2408 1783 et
2443 1728 2665 1800 singulis
2702 1730 3021 1801 privilegiis,
3065 1731 3273 1801 gratiis,
3318 1731 3420 1789 int—

1764 1792 1811 1851 B
1838 1816 2216 1883 munitatibus,
2251 1818 2623 1890 indulgentiis,
2672 1823 3126 1891 exemptionibus,
3173 1822 3421 1892 praecini-

1838 1906 2057 1972 nentiis,
2098 1907 2390 1974 favoribus,
2418 1921 2474 1964 et
2510 1910 2729 1967 indultis
2772 1913 3141 1982 spiritualibus
3184 1924 3238 1967 et
3286 1922 3420 1971 tem-

1836 1998 2141 2067 poralibus,
2184 2000 2379 2069 quibus
2428 1999 2546 2056 alia:
2593 2002 2719 2058 dicti
2765 2006 3167 2061 Carthusiensis
3213 2008 3420 2063 ordinis

1839 2093 2030 2147 domus
2072 2101 2163 2146 aut
2192 2094 2404 2162 priores
2450 2102 2505 2148 et
2547 2094 2745 2151 fratres
2791 2096 2843 2151 in
2894 2097 3000 2151 illis
3040 2113 3136 2167 pro
3183 2108 3425 2170 tempore

1839 2183 2096 2253 degentes
2122 2183 2446 2255 generaliter
2473 2194 2719 2253 utuntur,
2748 2189 3131 2259 potiuntttr,,et
3163 2193 3420 2261 gaudent,

1840 2288 1905 2329 ac
1939 2274 2039 2339 uti,
2069 2273 2235 2343 potiri
2262 2285 2316 2329 et
2342 2275 2579 2345 gaudere
2621 2287 2875 2347 poterunt
2920 2282 3321 2349 quomodolibet
3370 2285 3422 2338 in

1841 2365 2104 2433 futurum,
2129 2366 2230 2433 uti,
2252 2367 2434 2437 potiri,
2466 2376 2519 2423 et
2547 2371 2782 2438 gaudere
2823 2371 2994 2427 libere
3016 2382 3081 2427 et
3120 2373 3268 2428 licite
3300 2389 3424 2443 pos-

1841 2458 1970 2525 sint,
2002 2458 2069 2515 de
2104 2458 2269 2513 simili
2300 2459 2529 2515 consilio
2556 2462 2881 2516 auctoritate
2910 2462 3133 2532 praefata
3181 2464 3424 2533 indulge-

1840 2565 1981 2615 mus,
2008 2566 2112 2607 non
2145 2551 2489 2608 obstantibus
2533 2554 3010 2611 constitutionibus
3045 2563 3100 2610 et
3124 2557 3423 2613 ordinatio-

1841 2641 2002 2699 nibus
2024 2642 2353 2714 apostolicis,
2387 2658 2452 2698 ac
2476 2643 2742 2699 dictorum
2791 2645 3042 2701 ordinum
3083 2644 3420 2710 juramento,

1840 2734 2252 2793 confirmatione
2294 2734 2618 2804 apostolica,
2655 2734 2741 2789 vel
2779 2737 2970 2805 quavis
3018 2736 3276 2793 firmitate
3322 2738 3426 2793 alia

1842 2826 2137 2893 roboratis,
2188 2826 2408 2882 statutis
2446 2835 2502 2881 et
2543 2827 3061 2894 consuetudinibus,
3110 2831 3427 2900 cmterisque

1842 2919 2135 2976 contrariis
2168 2918 2603 2988 quibuscunque.
2642 2917 2752 2973 Nos
2773 2919 2918 2973 enim
2944 2935 3010 2974 ex
3041 2936 3185 2976 nunc
3215 2922 3428 2977 irritum

1845 3010 2191 3068 decernimus
2219 3019 2275 3065 et
2305 3009 2487 3074 inane,
2515 3007 2561 3065 si
2587 3023 2750 3065 secus
2786 3024 2952 3080 super
2981 3010 3066 3066 bis
3101 3028 3131 3067 a
3159 3027 3430 3082 quoquam

169 3102 348 3157 siensis
370 3102 583 3157 ordinis
612 3102 872 3158 fratribus
895 3120 992 3174 per
1026 3118 1121 3159 eos
1147 3104 1300 3176 juxta
1332 3103 1568 3173 ipsorum
1605 3103 1739 3158 ritus
1767 3134 1813 3196 ο
1845 3105 2036 3174 quavis
2070 3101 2393 3158 auctoritate
2429 3102 2665 3156 scienter
2691 3102 2776 3156 vel
2805 3102 3118 3173 iguorantcr
3145 3105 3433 3172 contigerit

168 3203 217 3245 et
244 3208 419 3249 mores
474 3208 540 3249 ac
576 3194 848 3266 regularis
883 3196 1129 3251 instituta
1158 3206 1319 3268 prout
1353 3195 1472 3251 aliae
1497 3196 1739 3267 ejusdem

172 3282 562 3340 Carthusiensis
594 3285 805 3340 ordinis
833 3287 1026 3341 domus
1064 3294 1328 3357 reguntur
1355 3293 1409 3340 et
1436 3285 1743 3356 gubernan-

170 3382 264 3439 tur,
300 3375 596 3445 regendum
642 3386 694 3432 et
727 3378 1141 3447 gubernandum
1171 3386 1432 3449 perpetuo
1474 3382 1739 3437 concede-

171 3475 328 3532 retur,
358 3484 427 3522 ex
466 3468 570 3523 hoc
605 3470 779 3540 gratia
802 3470 913 3526 Deo
940 3479 996 3526 et
1029 3480 1252 3543 accepta
1293 3473 1347 3526 in
1376 3473 1521 3528 dicto
1552 3489 1743 3529 mona-

171 3556 324 3612 sterio
360 3556 799 3615 introduceretur
826 3562 963 3618 bene
988 3561 1256 3633 beateque
1285 3564 1498 3619 vivendi
1528 3580 1741 3634 norma,

171 3659 448 3720 augeretur
477 3650 696 3709 divinus
728 3653 943 3720 cultus,
987 3655 1231 3726 aliasque
1267 3654 1513 3725 ejusdem
1556 3674 1746 3714 mona-

171 3742 313 3797 sterii
365 3744 530 3798 statui
581 3744 634 3799 in
678 3744 1052 3815 spiritualibus
1098 3754 1155 3801 et
1194 3747 1579 3816 temporalibus
1621 3763 1747 3806 cum

170 3833 672 3891 *ircumvicinorum
707 3837 943 3893 fidelium
984 3837 1249 3909 spirituali
1277 3839 1647 3898 consolatione
1668 3842 1748 3899 fe-

173 3923 347 3980 riciter
375 3927 776 3985 consuleretur.
1544 3950 1547 3953 ·

232 4016 357 4073 756.
392 4038 409 4068 ι
445 4019 650 4081 Quibus
682 4022 935 4078 omnibus
965 4022 1149 4078 debita
1173 4024 1529 4081 meditatione
1549 4040 1746 4096 pensa-

173 4104 253 4168 tis,
280 4108 356 4161 ale
388 4108 653 4163 dictorum
692 4110 921 4165 fratrum
961 4114 1211 4181 consilio,
1256 4116 1579 4173 auctoritate
1620 4133 1749 4187 apo-

175 4197 390 4263 stolica,
444 4207 630 4256 tenore
680 4204 1026 4271 prtesentium
1073 4204 1130 4260 in
1178 4207 1367 4261 eodem
1414 4211 1750 4267 monasterio

171 4289 358 4357 quovis
400 4292 599 4359 modo,
648 4302 703 4348 et
755 4309 818 4348 ex
870 4295 1257 4367 cujuscumque
1298 4314 1529 4369 persona
1573 4313 1747 4371 vacet,

176 4381 389 4448 etiamsi,
411 4383 529 4452 ejus
554 4386 789 4454 provisio
818 4402 883 4442 ex
910 4390 1101 4458 quavis
1129 4405 1293 4446 eausa
1322 4393 1389 4447 ad
1413 4396 1594 4449 sedem
1621 4411 1753 4467 apo-

1842 3195 2118 3252 attentari.
2158 3193 2301 3249 Nulli
2338 3207 2467 3265 ergo
2508 3194 2731 3249 omnino
2750 3192 3039 3249 hominum
3085 3196 3245 3251 liceat
3283 3197 3428 3252 hanc

1841 3289 2099 3361 paginam
2150 3297 2351 3344 nostra:
2400 3287 2823 3357 suppressionis,
2860 3287 3257 3354 exstinctionis,
3304 3302 3433 3344 con-

1842 3380 2107 3437 cessionis
2137 3389 2192 3435 et
2222 3379 2425 3435 decreti
2479 3378 2808 3450 infringere,
2842 3378 2923 3435 vel
2952 3379 3003 3434 ei
3043 3395 3176 3435 ausu
3206 3389 3436 3437 temerae

1844 3472 1930 3530 rio
1960 3472 2257 3528 contraire.
2284 3472 2342 3527 Si
2365 3471 2487 3542 quis
2517 3481 2699 3526 autem
2737 3472 2843 3528 hoc
2871 3480 3145 3527 attentare
3174 3487 3436 3542 praisum-

1843 3566 2033 3636 pserit,
2061 3563 2489 3634 indignationem
2516 3565 2903 3635 omnipotentis
2926 3565 3057 3633 Dei,
3074 3574 3130 3620 et
3151 3568 3455 3621 beatorum

1845 3657 1995 3714 Petri
2032 3667 2088 3713 et
2113 3655 2267 3711 Pauli
2297 3657 2666 3726 apostolorum
2706 3656 2823 3727 ejus
2857 3673 2918 3713 se
2947 3658 3158 3713 noverit
3188 3657 3439 3712 incursu-

1845 3764 1989 3805 rum.
2024 3750 2221 3803 Datum
2250 3748 2440 3804 Romae
2474 3749 2614 3819 apud
2666 3748 2724 3804 S.
2749 3749 2971 3804 Petrum
3009 3765 3153 3805 anno
3185 3750 3437 3804 incarna—

1848 3838 2008 3895 tionis
2034 3838 2325 3894 Dominica:
2372 3838 2658 3894 millesimo
2698 3840 3133 3911 quingentesimo
3164 3840 3319 3894 tertio
3345 3840 3438 3895 de—

1848 3931 2012 3998 cimo,
2070 3931 2282 3986 decimo
2321 3932 2550 4002 septimo
2589 3931 2862 3987 Kalendas
2891 3931 3157 3999 Januarii,
3209 3930 3436 3987 Pontili-

1851 4036 2009 4081 catus
2039 4025 2211 4082 nostri
2240 4039 2382 4080 anno
2422 4024 2618 4095 primo.
2651 4042 2670 4075 ι
2706 4023 3085 4081 Carthusianis
3118 4026 3327 4095 itaque,
3360 4025 3463 4083 utin

1850 4133 1920 4174 ex
1944 4119 2049 4173 huc
2074 4116 2187 4188 jam
2223 4117 2548 4185 transcripta
2574 4113 2721 4168 Bulla
2770 4113 3119 4173 manifestum
3145 4123 3251 4180 est,
3277 4113 3439 4169 Cala-

1852 4209 2072 4265 brinum
2124 4208 2183 4262 8.
2208 4206 2469 4277 Stephani
2516 4207 2582 4261 de
2611 4204 2783 4261 Bosco
2831 4204 3243 4270 monasterium,
3279 4203 3380 4259 sibi
3406 4218 3439 4258 a

1850 4297 2122 4353 Ludovico
2148 4312 2241 4352 seu
2265 4295 2483 4368 Aloysio
2510 4296 2576 4350 de
2599 4293 2891 4364 Aragonia,
2934 4292 3192 4347 S.Marirc
3223 4292 3278 4347 in
3306 4291 3439 4348 Cos—

1852 4387 2033 4442 medin
2082 4387 2310 4441 diacono
2358 4384 2642 4447 cardinali,
2707 4382 2774 4437 de
2803 4395 2911 4451 quo
2960 4382 3011 4435 in
3039 4380 3359 4435 Pontificum
3386 4390 3443 4435 et

175 4474 415 4529 stolicam
463 4477 772 4544 specialiter
819 4481 902 4534 vel
944 4483 1274 4549 generaliter
1331 4487 1621 4555 pertineat,
1672 4489 1749 4543 di-
1778 4475 1827 4535 D
1854 4478 2213 4536 cardinalium
2249 4476 2381 4531 Vitis
2411 4484 2543 4531 tom.
2570 4475 2660 4542 lll,
2709 4473 2815 4529 col.
2842 4470 3267 4539 187,01doinus,
3303 4472 3442 4526 resi-

177 4566 432 4632 gnitatem
475 4567 801 4625 abbatialem
829 4580 883 4625 et
909 4571 1330 4631 Cistercicnsem
1373 4579 1615 4633 ordinent
1646 4581 1748 4634 hu-

174 4653 398 4723 jusmodi
444 4669 703 4729 perpetuo
738 4664 1130 4733 supprimimus
1163 4675 1215 4721 et
1240 4668 1658 4738 exstinguimus,
1696 4684 1751 4727 et

177 4746 369 4802 dictum
400 4748 838 4807 Carthusiensem
873 4755 1143 4823 ordinem,
1184 4756 1256 4811 ita
1283 4760 1425 4827 quod
1451 4760 1518 4814 de
1552 4771 1751 4818 czrtero

178 4853 273 4894 non
308 4845 720 4912 monasterium,
761 4846 854 4901 sed
893 4847 1085 4903 domus
1135 4848 1375 4918 ejusdem
1407 4850 1464 4906 8.
1489 4851 1751 4923 Stephani

181 4932 240 4982 sit
263 4942 317 4985 et
341 4933 739 5002 denominetur,
772 4938 1133 5007 instituimus;
1166 4940 1405 5011 illudque
1430 4959 1551 4998 cum
1580 4948 1753 4999 omni-

180 5017 271 5074 bus
296 5034 350 5077 et
375 5025 598 5094 singulis
624 5028 740 5097 ejus
768 5031 1052 5087 mobilibus
1098 5044 1150 5087 ct
1182 5034 1547 5090 intmooilibus
1569 5037 1749 5107 bonis,

181 5108 382 5178 iur-ibus
429 5126 482 5169 et
527 5118 866 5186 pertinentiis
917 5125 1065 5188 suis,
1131 5124 1292 5180 dictis
1345 5124 1609 5183 fratribus
1658 5146 1757 5201 per

184 5215 339 5256 u:.um
373 5206 604 5273 priorem
653 5219 705 5261 et
738 5208 933 5265 fratres
980 5212 1033 5266 in
1081 5213 1291 5270 decenti
1335 5222 1560 5281 numero
1598 5219 1755 5290 juxta

187 5306 363 5348 eorum
411 5297 544 5349 ritus
574 5305 628 5349 ct
662 5313 841 5354 mores
879 5318 940 5356 ac
968 5302 1214 5359 instituta
1259 5307 1523 5376 regularia
1565 5313 1759 5380 praedi-

189 5392 291 5447 cta,
325 5398 381 5439 et
414 5397 575 5456 prout
598 5388 717 5443 alim
757 5390 883 5445 dicti
909 5392 1309 5451 Carthusiensis
1331 5398 1537 5454 ordinis
1567 5400 1758 5457 domus

174 5488 433 5547 'ieguntur
454 5490 510 5537 et
533 5481 930 5551 gubernantur,
958 5489 1249 5563 regendum
1275 5497 1329 5544 et
1353 5490 1760 5560 gubernandum

192 5580 435 5637 perpetuo
459 5576 830 5631 concedimus.
858 5576 1044 5646 Itaque
1074 5578 1235 5634 liceat
1263 5580 1470 5637 dilectis
1493 5582 1620 5639 filiis
1646 5599 1761 5640 mo-

198 5657 368 5717 dernis
410 5668 536 5723 dicti
584 5668 993 5727 Carthusiensis
1038 5672 1248 5727 ordinis
1291 5675 1661 5731 visitatoribus
1706 5677 1759 5732 in

208 5751 459 5827 provincia
490 5762 799 5821 remotioris
825 5762 1162 5821 Lombardiae
1185 5764 1339 5837 juxta
1381 5782 1585 5825 morem
1615 5767 1758 5839 (³5⁸⁵-

1852 4579 2091 4641 gnatum,
2124 4582 2266 4621 anno
2291 4566 2448 4632 l5l'5,
2474 4566 2541 4620 16
2572 4565 2885 4622 Decembris
2915 4564 3021 4633 die,
3055 4563 3166 4618 Leo
3187 4562 3237 4617 Χ
3276 4562 3441 4617 resti-

1854 4664 1982 4728 tuit;
2024 4659 2187 4729 hujus
2235 4666 2417 4717 autem
2461 4657 2602 4712 haud
2644 4657 2844 4713 dudmn
2883 4664 3006 4726 post
3041 4655 3463 4726 possessionem,

1855 4754 1927 4809 illi
1960 4754 2161 4807 adiere.

1923 4845 2049 4900 758.
2096 4863 2113 4895 ι
2144 4841 2382 4898 Jacobus
2411 4842 2478 4897 de
2502 4841 2795 4913 Aragonia,
2833 4860 2851 4893 ι
2914 4840 3096 4912 inquit
3125 4840 3179 4895 in
3206 4854 3306 4894 suo
3346 4853 3453 4893 or-

1857 4936 1999 4992 diuis
2028 4934 2432 4991 Carthusiensis
2478 4945 2767 5005 prospectu
2818 4933 2886 4989 ad
2916 4948 3119 4989 annum
3160 4931 3302 4987 15M
3341 4930 3443 4985 Ca-

1860 5030 2041 5084 millus
2066 5028 2317 5093 Tutiuus,
2375 5044 2396 5078 ι
2426 5027 2575 5097 prior
2608 5026 2829 5095 Neapol.
2876 5043 2998 5082 cum
3052 5025 3235 5095 priore
3263 5022 3439 5077 Clari-

1862 5123 2088 5188 montis,
2130 5121 2362 5191 aliisque
2415 5120 2697 5176 monachis
2742 5128 2798 5175 et
2851 5117 3115 5175 fratribus
3164 5112 3442 5170 conversis

1862 5212 2240 5271 Carthusianis
2293 5212 2379 5267 die
2428 5210 2497 5264 27
2528 5211 2811 5265 Februarii
2862 5205 3179 5266 monasterii
3231 5205 3288 5259 S.
3321 5202 3442 5257 Ste-

1860 5305 2027 5375 phani
2057 5303 2122 5358 de
2151 5317 2375 5359 nemore
2403 5302 2797 5372 possessionem
2835 5300 2998 5371 cepit.
3028 5318 3046 5351 ι
3087 5296 3226 5351 Dicti
3258 5295 3443 5362 itaque

1863 5397 2172 5453 monasterii
2199 5395 2592 5464 possessionem
2620 5394 2745 5449 anni
2770 5392 2904 5448 1514
2924 5393 3033 5463 vigi
3049 5391 3185 5446 sima
3213 5386 3441 5457 septima

1863 5488 2143 5544 Februarii
2175 5488 2264 5542 die
2306 5502 2370 5541 ac
2421 5488 2580 5556 proin
2610 5486 2783 5541 tribus
2810 5484 3042 5540 nondum
3074 5489 3359 5553 postquam
3390 5476 3442 5529 id

1864 5580 1944 5635 eis
1984 5579 2294 5634 restitutum
2334 5578 2545 5645 fuisset,
2578 5576 2778 5647 elapsis
2812 5575 3108 5640 mensibus,
3145 5568 3442 5643 possessio-

1867 5688 1992 5729 nem
2034 5672 2223 5726 adierc
2251 5671 2631 5736 Carthusiani;
2669 5669 2760 5739 qui
2791 5677 2969 5733 autem
3019 5668 3221 5723 factum
3263 5664 3317 5719 id
3349 5661 3444 5728 sit,

1871 5768 1927 5821 7.:
1949 5766 2152 5823 nottius
2188 5766 2242 5822 in
2276 5781 2372 5822 sua
2402 5766 2467 5822 de
2501 5763 2557 5821 S.
2577 5763 2828 5821 Brunonc
2847 5762 3088 5820 Historia
3118 5775 3237 5834 cap.
3264 5758 3336 5815 35
3364 5770 3463 5817 sar--
