3846 6316
417 467 419 469 ,
487 391 603 459 't-s7

1318 401 1376 457 S.
1419 399 1764 486 BBUNONIS
1799 391 2444 468 CARTHUSIANORUM
2480 391 2965 450 lNSTlTUTORIS

3615 401 3702 472 468

488 529 740 592 quentem
774 517 885 574 fere
919 537 972 586 tu
1004 520 1220 574 modum
1266 520 1488 588 exponit
1512 537 1526 576 :
1551 518 1783 574 Iacobus
1827 518 1892 572 de
1933 517 2066 571 Ara-
2097 522 2142 578 Α
2175 527 2293 567 mus
2321 518 2472 579 pater
2506 509 2757 574 familias,
2785 518 2862 564 tot
2886 508 3068 564 fideles
3093 511 3349 569 conduxit
3375 516 3708 584 cperarios,ut

490 612 673 684 genia,
719 610 1023 678 Cartbusiae
1072 611 1434 682 Neapolitana:
1479 612 1629 682 prior
1673 611 2068 680 provinciaeque

487 703 758 768 visitator,
792 719 852 758 ac
877 693 1070 759 Petrus
1097 703 1304 768 Acerri,
1337 703 1768 765 Claromontanae
1797 702 1851 755 in
1879 700 2068 772 Basili-7

490 803 615 849 cata
665 795 814 868 regni
857 793 1195 865 Neapolitani
1253 795 1531 864 provincia
1573 793 1870 850 Carthusiae
1921 793 2070 864 prior

491 885 974 958 convisitatorque,
999 885 1091 954 qui
1124 885 1386 956 designati
1419 885 1484 938 ad
1518 884 1568 937 id
1597 883 1834 947 fuerant,
1861 884 2068 954 priores

489 971 913 1048 Bononiensem,
946 974 1293 1050 Mantuanum
1348 983 1404 1029 et
1435 973 1736 1028 Romanum
1789 973 2068 1040 adjunctos

487 1063 592 1136 sibi
623 1063 882 1133 habentes
909 1065 1213 1135 litterisque
1247 1065 1518 1136 pontificis
1556 1081 1620 1120 ac
1658 1066 1819 1136 regiis
1853 1067 2065 1132 muniti,

488 1153 713 1230 auxilio,
753 1156 896 1228 quod
927 1157 1006 1212 eis
1027 1156 1270 1212 Adamus
1295 1157 1589 1223 Toraldus,
1629 1157 1870 1212 lladulati
1912 1159 2064 1226 baro,

487 1235 916 1318 praestititfsese
953 1249 1020 1304 ad
1057 1247 1115 1303 ει
1144 1249 1409 1320 Stephani
1446 1249 1834 1310 monasterium
1877 1257 2069 1305 contu-

487 1337 706 1404 lerunt;
759 1355 866 1410 quo
917 1357 1039 1396 cum
1088 1335 1482 1411 pervenissent,
1535 1357 1562 1396 a
1599 1341 2065 1408 Cisterciensibus,

489 1429 582 1501 qui
604 1433 890 1491 voluntatis
917 1423 1208 1506 pontificis,
1236 1451 1333 1505 per
1352 1423 1602 1504 acceptas
1624 1435 1691 1503 ab
1714 1436 1813 1489 hoc
1838 1435 2068 1506 litteras,

485 1525 599 1595 jam
634 1537 762 1590 ante
801 1527 927 1582 facti
964 1530 1187 1588 fuerant
1229 1528 1526 1594 certiores,
1568 1526 1982 1596 supplicantium
2017 1526 2070 1579 in

488 1632 695 1677 morem
723 1617 864 1686 inter
893 1619 1145 1676 festivum
1175 1620 1300 1675 aeris
1321 1618 1570 1688 campani
1595 1618 1830 1694 sonitum
1858 1617 2070 1687 obviam

488 1707 834 1770 venientibus
881 1711 1087 1780 recepti
1143 1710 1431 1770 ecclesiam
1489 1725 1610 1773 mox
1645 1717 1771 1764 sunt
1819 1709 2069 1778 ingressi,

488 1810 721 1866 cumque
759 1797 968 1854 litteras
1006 1799 1312 1870 pontifieias
1351 1815 1414 1854 ac
1458 1800 1635 1869 regias
1677 1798 2067 1871 praelegissent,

2170 601 2446 657 uberiores
2478 600 2532 654 in
2561 600 2676 654 dies
2705 617 2771 655 ex
2800 615 2862 654 ea
2900 601 3108 656 fructus
3133 613 3331 656 sanctae
3357 604 3590 661 Ecclesia:
3605 623 3707 676 pro:

2169 695 2408 760 veniant,
2437 701 2490 748 et
2534 693 2756 748 odorem
2785 693 3067 750 suavitatis
3111 693 3368 764 proferat.
3395 706 3448 754 et
3481 701 3706 761 sanctitas

2172 786 2261 842 tis.

2237 875 2361 939 760.
2406 895 2423 926 ‹
2463 875 2633 945 Ipsius
2685 890 2917 946 namque
2947 868 3437 934 beati‘confessoris
3471 879 3711 949 multiplex

2170 966 2450 1032 doctrinae,
2477 967 2598 1020 vitae
2626 967 3080 1037 castigatissimae,
3115 967 3436 1023 innocentiae
3456 1010 3470 1034 ,
3499 985 3558 1023 ac
3582 987 3710 1023 mun-

2169 1065 2315 1120 ditiae
2339 1063 2642 1134 exemplum
2665 1064 2924 1134 plurimos
2939 1081 3204 1136 generatis
3227 1075 3430 1122 sanctae
3450 1066 3714 1134 adoptionis

2173 1155 2330 1222 filios,
2381 1163 2731 1226 generetque,
2777 1164 2833 1210 et
2872 1155 3043 1210 nutrit
3091 1155 3146 1210 in
3204 1155 3320 1209 dies
3370 1155 3710 1222 incessanter;

2171 1245 2325 1315 cujus
2361 1245 2568 1300 meritis
2597 1246 2728 1300 ordo
2758 1245 3014 1315 praefatus
3041 1257 3362 1313 exornatur,
3404 1257 3456 1303 et
3497 1263 3714 1318 compro—

2170 1334 2330 1390 batur
2357 1335 2657 1402 miraculis,
2685 1343 2740 1390 et
2772 1335 3008 1401 assidue,
3043 1337 3196 1405 quasi
3238 1338 3305 1398 de
3334 1337 3522 1390 virtute
3551 1338 3600 1391 in
3623 1337 3715 1392 vir-

2173 1435 2363 1500 tutem,
2411 1427 2624 1492 crescit,
2659 1427 2842 1496 rigans
2873 1437 3086 1481 montes
3127 1428 3192 1482 de
3227 1427 3580 1497 superioribus
3603 1427 3714 1494 suis,

2172 1527 2227 1573 et
2254 1519 2320 1572 de
2367 1517 2546 1572 fructu
2573 1518 2797 1572 odorum
2843 1533 3066 1574 suorum
3096 1519 3329 1573 satiatur
3355 1529 3514 1575 terra.
3545 1519 3716 1582 Idcirco

2173 1623 2272 1684 nos
2299 1621 2402 1660 una
2432 1622 2556 1661 cum
2589 1606 2828 1676 praefatis
2850 1609 3123 1676 prioribus
3173 1610 3240 1663 ab
3289 1610 3472 1664 eodem
3507 1609 3715 1673 Domino,

2171 1699 2403 1768 Domino
2449 1706 2659 1774 nostro,
2688 1700 3077 1756 venerabilium
3119 1700 3356 1754 virorum
3387 1699 3640 1754 Francisci
3665 1699 3717 1754 de

2173 1787 2344 1842 Puteo
2394 1777 2664 1852 moderni
2697 1777 2986 1864 generalis,
3034 1790 3376 1860 aliorumque
3414 1783 3651 1860 priorum,
3675 1798 3719 1844 et

483 1874 652 1940 modo
688 1902 717 1940 a
747 1886 869 1955 jure
907 1892 1242 1960 praescripto,
1299 1892 1612 1946 monasterii
1655 1892 2069 1961 possessionem,
2108 1892 2150 1952 Β
2181 1878 2559 1950 universorum
2605 1879 3020 1958 HIOIIaCh0_FUI|l.
3062 1879 3408 1957 ηιοιιίέιιίυῐη.
3465 1893 3716 1935 οοιινθτεο·

488 1979 821 2052 solemnibus
852 1993 970 2052 post
999 2000 1112 2040 rem
1143 1984 1344 2061 factam
1372 1986 1481 2040 Deo
1521 1987 1655 2042 actis
1685 1986 1895 2057 giatiis,
1927 1985 2073 2052 adie-

490 2081 640 2151 runt.
676 2071 753 2145 lita
793 2071 1198 2150 fere‘quantum
1239 2077 1304 2131 ad
1336 2076 1696 2133 substantiam
1735 2076 1820 2130 ille
1854 2093 1885 2132 e
1917 2076 2074 2132 Gala.-

489 2161 630 2246 briaej
669 2167 1034 2246 monumentis
1070 2183 1226 2234 mss.,
1259 2185 1400 2239 quae,
1429 2171 1573 2240 quod
1619 2170 1911 2230 recentiori
1957 2185 2073 2224 me-

491 2257 669 2310 moria
708 2267 857 2329 gcsta
885 2270 1206 2328 memorent,
1237 2262 1393 2317 fidem
1425 2263 1513 2317 hic
1545 2263 1738 2318 mereri
1767 2273 1917 2333 puto.
1963 2262 2074 2318 Leo

490 2363 680 2417 porro,
713 2350 804 2419 qui
843 2367 970 2421 erga
1000 2341 1391 2409 Cartimsiano's
1427 2354 1748 2408 benevolum
1784 2369 1902 2409 sese
1936 2368 2075 2425 prae-

491 2438 592 2495 fati
637 2425 952 2499 monasterii
1001 2445 1348 2501 restitutione
1395 2455 1741 2512 monstrarat,
1787 2446 1892 2502 alio
1932 2445 2074 2500 haud

492 2531 690 2616 dudum
714 2543 836 2605 post
861 2537 1051 2606 majori
1085 2538 1260 2592 adhuc
1291 2537 1476 2594 favore
1507 2555 1600 2593 eos
1631 2539 1830 2596 affecit.
1860 2539 2071 2594 Etenim

491 2625 700 2706 eodem
729 2642 872 2701 anno
896 2629 1032 2684 15M
1060 2631 1360 2696 miraculis,
1405 2647 1525 2702 quae
1557 2648 1586 2687 a
1625 2632 1684 2687 S.
1707 2631 1958 2687 Brunone
1987 2647 2075 2704 pa-

491 2724 644 2788 trata.
671 2716 1004 2795 ferebantur,
1033 2723 1118 2781 via
1151 2724 1440 2793 judiciaria
1478 2740 1584 2781 non
1621 2725 1917 2791 discussis,
1944 2726 2076 2781 Car-.-

492 2807 794 2879 thusianis,
827 2821 886 2866 ut
929 2813 1129 2889 festum
1174 2813 1290 2885 ejus
1321 2832 1559 2872 annuum
1602 2816 1774 2872 ofﬁcio
1819 2817 2076 2873 ecclesia-

493 2901 634 2956 stico
669 2903 972 2972 celebrare,
1001 2907 1226 2978 ejusque
1270 2908 1324 2963 in
1357 2909 1612 2978 precibus
1653 2909 1887 2972 horariis
1925 2925 2074 2977 com,-

491 2995 940 3076 memorationem
981 2999 1225 3068 quotidie
1273 3015 1436 3072 agere
1480 3011 1722 3071 possent,
1757 3001 1892 3056 vivae
1925 3001 2074 3056 vocis

491 3087 712 3143 oraculo
741 3089 1028 3145 concessit.
1061 3090 1114 3146 ld
1142 3091 1357 3157 litterae,
1389 3108 1524 3163 quas
1549 3107 1610 3148 ea
1635 3093 1699 3148 de
1725 3108 1783 3148 re
1806 3093 2074 3148 Antonius

493 3177 788 3260 cardin'alis
835 3179 1155 3258 Papiensis,
1224 3182 1704 3240 Carthasianorum
1780 3192 2071 3254 protector,

496 3267 618 3340 ipso
648 3285 789 3327 anno
815 3272 950 3327 15M
986 3274 1054 3328 ad
1087 3274 1187 3330 hos
1230 3277 1408 3340 dedit,
1457 3277 1800 3333 manifestum
1849 3276 2072 3333 faciunt.

496 3357 604 3440 Eas
633 3355 789 3429 adeo,
818 3364 958 3433 quod
989 3374 1042 3419 et
1081 3366 1146 3419 ad
1174 3366 1358 3440 Sancti
1390 3370 1560 3423 nostri
1589 3369 1814 3439 gloriam
1851 3369 2077 3424 multum

497 3429 726 3518 faciant,
767 3467 798 3506 e
827 3429 1102 3509 Denedicti
1129 3455 1248 3510 XIV
1275 3433 1426 3526 papae
1450 3457 1514 3513 de
1545 3429 1826 3512 beatorum
1858 3461 2079 3514 canoni-

500 3538 717 3608 zatione
743 3551 797 3596 ct
821 3558 1102 3600 servorum
1126 3544 1219 3602 Dei
1235 3545 1635 3604 beatificatione
1662 3547 1754 3604 lib.
1779 3565 1821 3616 ι,
1851 3551 2075 3622 cap.4l,

489 3628 610 3712 ‘huc
645 3633 968 3700 transcribo.
1009 3697 1012 3700 ⁴

491 3801 496 3805 _
571 3720 698 3799 759.
740 3722 838 3798 llis
877 3725 1057 3789 verbs
1103 3730 1516 3800 concipiuntur:
1546 3750 1566 3784 ι
1599 3731 1866 3789 Antonius
1917 3735 2078 3792 mi-sev

489 3811 710 3894 ratione
731 3814 910 3870 divina
942 3817 1080 3882 tituli
1105 3831 1306 3876 sanctae
1325 3820 1582 3878 Praxedis
1604 3833 1805 3878 sancta:
1824 3823 2079 3880 Romanae

500 3904 759 3980 Ecclesiae
794 3910 1076 3981 presbyter
1111 3914 1402 3970 cardinalis
1436 3914 1716 3984 Papiensis
1753 3932 1965 3972 necnon
2003 3926 2083 3972 to-

505 3997 625 4076 tius.
659 3997 866 4069 ordinis
913 4001 1315 4059 Carthusiensis
1362 4014 1636 4075 protector
1681 4009 1980 4076 universis,
2029 4017 2082 4064 et

502 4093 728 4164 singulis
765 4106 1062 4165 praesentes
1103 4108 1319 4156 nostras
1365 4100 1712 4171 inspectoris,
1763 4111 1819 4159 et
1862 4103 2081 4160 lecturis

500 4175 733 4262 salutem
779 4185 834 4240 in
873 4186 1102 4256 Domino
1146 4193 1548 4263 sempiternam.
1598 4192 1733 4248 Cum
1781 4209 1848 4260 ex
1894 4202 2083 4265 nostro

499 4280 855 4358 protectionis
881 4281 1058 4338 ofﬁcio
1088 4283 1592 4354 benevolentiaque,
1634 4299 1698 4340 ac
1727 4286 1949 4354 pietate,
1976 4301 2082 4353 qua

504 4373 758 4448 universo
779 4375 1156 4432 Carthusiensi
1181 4377 1356 4442 ordini
1385 4377 1646 4448 praedicto
1679 4378 1962 4443 allicimur,
1996 4380 2088 4434 ho-

495 4461 588 4528 die
631 4465 698 4518 ad
741 4468 904 4535 pedes
953 4469 1282 4540 sanctissimi
1313 4469 1515 4524 domini
1560 4471 1729 4530 nostri
1771 4469 1968 4525 Leonis
2007 4471 2088 4532 di-

2176 1988 2314 2036 rum,
2345 1981 2399 2042 et
2443 1985 2796 2042 personarum
2846 1955 2974 2032 dicti
3006 1955 3456 2027 ordinisnomine
3481 1971 3719 2027 humiliter

2173 2063 2618 2135 supplicavimus,
2651 2073 2709 2118 ut
2740 2079 2838 2133 pro
2874 2065 3264 2134 omnipotentis
3310 2063 3402 2119 Dei
3427 2063 3607 2134 gloria.
3645 2062 3718 2130 qui

2174 2159 2229 2214 in
2260 2173 2482 2214 suorum
2513 2157 2752 2228 exsultat
2784 2156 3491 2234 venerationeSanctorum,
3519 2169 3578 2208 ac
3604 2153 3720 2207 beati

2172 2249 2416 2321 praedicti
2465 2249 2792 2308 confessoris
2844 2250 3078 2316 honore,
3129 2248 3379 2316 illiusque
3417 2242 3720 2301 evidentissi'

2174 2343 2278 2398 mis
2306 2341 2611 2397 sanctitatis
2639 2341 2912 2415 operibus,
2941 2336 3085 2410 signi
3112 2354 3218 2409 que
3253 2339 3528 2402 virtutum,
3551 2334 3716 2405 quibus

2174 2435 2228 2490 in
2257 2450 2419 2490 carne
2452 2435 2658 2505 positus
2690 2433 2904 2499 claruit,
2935 2443 2992 2488 et
3027 2433 3093 2486 ad
3139 2431 3311 2508 caelos
3341 2440 3584 2487 evocatus
3624 2441 3723 2496 per;

2176 2533 2340 2595 petuo
2363 2525 2626 2594 splendet,
2659 2537 2863 2592 proque
2908 2532 3013 2577 tam
3045 2520 3295 2592 praeclari
3321 2519 3522 2575 ordinis
3557 2516 3722 2578 decoro

2175 2617 2242 2673 de
2282 2615 2578 2688 apostolica
2605 2613 2995 2684 munificentia,
3027 2621 3081 2682 et
3117 2613 3451 2684 benignitate
3478 2609 3571 2665 sub
3597 2613 3722 2662 sexta

2174 2707 2423 2766 Octobris
2459 2708 2564 2776 die,
2619 2722 2723 2777 qua
2771 2706 2880 2774 die,
2917 2705 3092 2776 posita
3133 2704 3332 2780 carnis
3352 2701 3573 2764 sarcina,
3611 2697 3724 2750 idem

2173 2800 2365 2856 beatus
2399 2797 2580 2854 Bruno
2625 2798 2905 2854 confessor
2933 2797 2999 2851 ad
3040 2805 3362 2868 perpetuam
3393 2791 3608 2874 evolavit
3635 2787 3726 2858 glO,‘

2175 2892 2336 2951 riam,
2365 2890 2559 2944 festum
2592 2888 2880 2960 quotannis
2923 2888 2976 2942 in
3022 2887 3137 2957 ejus
3185 2886 3522 2956 memoriam,
3568 2895 3622 2934 ac
3659 2892 3726 2930 so-

2174 2983 2353 3040 lemne
2383 2981 2621 3038 oflicium
2671 2981 2848 3052 dignis
2894 2980 2949 3037 in
2999 2977 3228 3032 Domino
3279 2975 3539 3038 laudibus,
3563 2981 3612 3026 et
3650 2968 3727 3021 lto-

2175 3077 2398 3132 noribus
2445 3075 2774 3138 celebrandi,
2809 3082 2858 3128 et
2898 3069 3473 3129 commemorationem
3521 3061 3724 3134 ejusdem

2178 3168 2391 3234 cmteris
2417 3167 2604 3220 diebus
2628 3164 2858 3219 faciendi
2878 3162 3154 3227 licentiam
3181 3158 3480 3215 concedere
3509 3156 3724 3224 dignare-

2183 3268 2304 3326 tur;
2342 3258 2589 3329 quamvis
2649 3256 2790 3310 idem
2845 3255 3039 3310 beatus
3086 3253 3271 3307 Bruno
3323 3249 3592 3306 confessor
3639 3254 3724 3298 non

2180 3355 2482 3426 reperiatur
2525 3353 2682 3408 aliter
2715 3352 3068 3410 canonizatus
3091 3367 3190 3422 per
3219 3340 3725 3420 sumrnosponliﬁt‘ﬁs

2179 3448 2604 3518 praedecessorcs
2634 3461 2779 3510 suos,
2815 3455 2869 3498 ut
2899 3433 3068 3514 moris
3103 3451 3208 3498 est.

2252 3537 2373 3592 761.
2412 3554 2429 3588 ι
2469 3536 2570 3604 Qui
2601 3535 2856 3606 praefatus
2879 3535 3259 3590 sanctissimus
3288 3531 3542 3587 Dominus
3566 3531 3723 3594 noster

2179 3641 2316 3700 papa
2346 3640 2612 3691 asserens,
2654 3625 3049 3695 sejamdudum
3084 3625 3149 3679 de
3178 3623 3444 3685 laudibus,
3471 3633 3531 3674 ac
3556 3611 3727 3684 sancti-

2183 3726 2292 3784 tate
2325 3715 2564 3786 ejusdem
2612 3717 2754 3770 beati
2779 3713 3111 3770 confessoris
3149 3713 3381 3783 plurima
3417 3705 3726 3765 intellexisse,

2183 3811 2481 3870 arbitratus
2528 3808 2748 3880 dignum
2793 3823 2933 3873 esse,
3002 3821 3065 3862 ac
3097 3820 3396 3862 consonum
3429 3796 3640 3860 rationi,
3663 3804 3726 3856 ut,

2182 3916 2342 3973 quem
2365 3901 2506 3954 Deus
2535 3899 2586 3952 in
2612 3899 2715 3954 hoc
2759 3898 2954 3954 saeculo
2986 3899 3149 3952 tantis
3186 3897 3344 3952 donis
3395 3903 3448 3949 et
3467 3889 3641 3962 gratiis
3665 3886 3731 3936 in-

2182 3994 2425 4065 signivit,
2451 4000 2785 4062 assumptum
2832 3991 2886 4044 in
2915 3989 3091 4052 caelis.
3120 3988 3293 4056 magis
3318 4003 3380 4044 ac
3408 3984 3570 4053 magis
3591 3990 3728 4065 venef

2184 4061 2434 4149 ra'ndum,
2468 4093 2524 4139 et
2575 4061 2660 4138 cui
2694 4081 2894 4136 viventi
2943 4080 3168 4135 dederat
3191 4094 3290 4134 cor
3316 4076 3640 4144 omnipotens
3677 4061 3730 4117 ad

2187 4186 2474 4246 praecepta,
2501 4181 2555 4230 et
2590 4173 2763 4242 legem
2793 4172 2936 4235 vitae,
2969 4180 3024 4225 et
3068 4167 3386 4239 disciplinae,
3414 4167 3579 4240 eidem
3613 4167 3732 4246 nunc

2187 4245 2327 4340 apud
2353 4245 2604 4324 thronum
2640 4266 2834 4322 divina:
2856 4255 3664 4338 gloriae.existentiimpendatur
3687 4245 3731 4314 i‘.‘

2183 4361 2352 4428 terris
2375 4361 2570 4416 debitae
2607 4356 2908 4414 devotionis
2941 4354 3293 4423 obsequium;
3325 4343 3613 4435 hujusmodi
3654 4352 3732 4435 no-

2191 4425 2340 4520 stris,
2380 4462 2437 4508 et
2488 4449 2833 4521 praefatorum
2873 4449 3114 4518 priorum
3175 4434 3645 4512 supplicationibus
3683 4425 3736 4478 li-

499 4553 624 4610 Vina
654 4525 990 4630 providentia
1021 4577 1173 4632 papae
1197 4563 1245 4616 X
1268 4535 1719 4631 'praesentavimus
1751 4561 2086 4632 venerabiles
2119 4587 2162 4639 ι)
2194 4545 2382 4612 benis?“
2409 4556 2681 4623 ammcnsv
2707 4537 3124 4639 dimisudomjno
3149 4533 3442 4639 F.ra"Fis‘?9
3479 4525 3732 4639 23d}???

497 4647 782 4720 religiosos
811 4650 956 4724 viros
989 4653 1095 4707 DD.
1123 4652 1434 4719 Matthaeum
1455 4653 1726 4718 Bononiae,
1752 4651 2085 4718 Ludovicum

497 4740 752 4806 Mantuae,
802 4733 1062 4799 Iacobum
1103 4745 1374 4816 Neapolis,
1397 4755 1453 4800 et
1485 4747 1763 4819 Hugonem
1819 4743 1878 4800 S.
1911 4745 2086 4799 crucis

495 4837 554 4891 in
596 4833 744 4890 Urbe
792 4833 1035 4904 ejusdem
1077 4840 1482 4912 carthusiensis
1539 4839 1747 4894 ordinis
1799 4839 2085 4896 domorum

493 4927 743 4999 priores;
771 4941 828 4986 et
873 4941 979 4986 tam
1010 4946 1128 4995 nos,
1170 4946 1332 5000 quam
1376 4931 1615 5000 religiosi
1645 4929 1888 5000 praedicti
1933 4930 2087 5000 plura

503 5025 571 5080 de
629 5024 918 5089 laudibus,
960 5024 1283 5094 praeconiis,
1320 5037 1384 5085 ac
1435 5023 1559 5078 vitae
1611 5022 1903 5076 sanctitate
1946 5021 2088 5076 beati

497 5117 770 5178 Brunonis
800 5115 1148 5182 confessoris,
1189 5113 1426 5182 ejusdem
1457 5112 1663 5176 ordinis
1687 5111 2090 5174 Carthusiensis

491 5217 657 5287 primi
707 5213 1033 5277 fundatoris,
1063 5227 1132 5271 ac
1172 5209 1514 5271 institutoris,
1547 5206 1822 5266 sanctitati
1852 5220 1962 5259 suae
2005 5220 2090 5262 re,-

505 5308 837 5367 tulissemus,
861 5313 918 5361 et
943 5301 1414 5373 exposuissemus;
1441 5296 1534 5367 qui
1567 5295 1661 5350 Vir
1687 5295 1900 5356 beatus,
1929 5292 2090 5362 decli-

505 5411 670 5458 nante
696 5399 1003 5456 Christiana
1034 5395 1324 5459 mili.tia,et
1348 5399 1568 5462 propter
1597 5376 1896 5457 iniquitatis
1923 5383 2092 5450 abun-

506 5494 746 5549 dantiam
786 5492 1054 5546 cbaritate
1100 5485 1393 5558 plurimum
1439 5481 1781 5551 frigescente,
1835 5485 2091 5546 tanquam

503 5584 616 5639 dux
663 5595 918 5640 strenuus
963 5581 1032 5636 ad
1086 5576 1443 5635 resistendum
1496 5570 1740 5628 hostibus
1785 5583 1980 5623 novum
2037 5567 2092 5620 in

498 5673 754 5732 .Ecclesia
784 5672 1040 5732 instruxit
1069 5678 1125 5726 et
1149 5665 1473 5724 instauravit
1499 5660 1820 5723 exercitum,
1851 5666 1906 5723 et
1934 5657 1986 5711 in
2017 5655 2094 5710 vi-

489 5779 688 5825 neam,
714 5779 878 5844 quam
915 5763 1175 5828 Dominus
1215 5774 1312 5829 sua
1345 5757 1564 5813 dextera
1606 5750 1962 5823 plantaverat,
1981 5745 2092 5816 jam

511 5839 766 5914 vitiorum
789 5853 1039 5927 vepribus
1064 5863 1117 5910 et
1143 5851 1311 5926 spinis
1338 5848 1588 5916 obsitam,
1619 5841 1782 5900 veluti
1815 5839 2095 5898 solertissi-

2193 4652 2256 4690 ac
2281 4651 2378 4706 pro
2407 4643 2648 4702 tempore
2677 4621 2913 4701 generali
2945 4627 3222 4691 cxistenti,
3256 4635 3312 4680 et
3333 4623 3451 4678 aliis
3476 4613 3734 4713 prioribus.

2193 4704 2494 4792 monachis,
2545 4724 2890 4789 monialibus,
2935 4721 3213 4788 conversis
3263 4734 3326 4774 ac
3373 4711 3606 4786 personis
3629 4704 3736 4756 dicti

2191 4821 2418 4883 ordinis,
2453 4820 2505 4872 in
2536 4817 2703 4886 ipsius
2736 4807 2944 4880 ordinis
2977 4814 3244 4867 duntaxat
3289 4807 3550 4865 domibus,
3573 4807 3623 4852 el
3657 4806 3734 4845 εο-

2193 4931 2312 4970 rum
2363 4910 2628 4972 ecclesiis,
2663 4923 2754 4963 seu
2799 4905 3042 4974 capellis,
3086 4903 3282 4958 festum
3327 4896 3627 4968 praedictum

2194 5003 2443 5060 lemniter
2475 4970 2710 5061 colendi,
2757 5005 2811 5050 et
2856 4970 3142 5048 devotione
3188 4990 3371 5044 debita
3423 4970 3735 5068 celebramli‘,

2194 5096 2509 5168 praefatique
2553 5089 2819 5145 Brunonis
2859 5103 3088 5158 corpus,
3129 5093 3185 5139 et
3235 5077 3546 5136 memoriam
3589 5066 3738 5168 digitis

2196 5152 2247 5242 in
2309 5152 2536 5240 Domino
2585 5182 2832 5236 laudibus
2886 5175 3244 5247 prosequendi
3274 5212 3289 5238 ,
3331 5179 3387 5224 et
3437 5152 3737 5220 venerandh

2192 5279 2534 5346 ofﬁciumque
2573 5273 2907 5346 conveniens
2939 5271 2992 5324 in
3032 5270 3238 5323 honore
3269 5262 3432 5334 ipsius
3461 5252 3597 5311 beati
3627 5258 3736 5300 con-

2197 5371 2419 5428 fessoris
2484 5366 2720 5438 agendi,
2767 5373 2824 5418 et
2883 5359 3207 5424 decantandi
3275 5366 3479 5409 necnon
3536 5347 3741 5399 comme-

2196 5463 2549 5520 morationem
2608 5457 2837 5527 singulis
2898 5455 3088 5510 diebus
3151 5447 3417 5506 faciendi,
3476 5441 3739 5534 exutunc,

2196 5568 2251 5615 et
2293 5559 2359 5613 de
2397 5565 2594 5612 caetero
2646 5553 2700 5608 in
2748 5557 3066 5621 perpetuum
3110 5559 3236 5600 cum
3269 5540 3362 5596 Dei
3405 5530 3744 5629 benedictione:

2196 5630 2469 5708 licentiam
2499 5649 2634 5702 vivae
2679 5644 2828 5700 vocis
2867 5637 3086 5696 oraculo
3117 5636 3272 5691 nobis
3322 5633 3466 5687 facto
3518 5624 3739 5714 benig'llﬁi

2199 5761 2263 5800 ac
2327 5739 2700 5797 favorabiliter
2759 5731 3036 5792 concessit
3090 5728 3336 5800 pariter.
3385 5735 3447 5774 ³ο
3501 5709 3739 5782 ίυάυιδ“.²

2201 5833 2309 5894 non
2345 5833 2597 5890 obstante
2646 5826 2789 5901 quod
2847 5827 2984 5884 idem
3043 5823 3235 5879 beatus
3281 5818 3455 5873 Bruno
3502 5801 3742 5864 confessor

2238 6000 2316 6009 ..ι-ι
