3846 6316
1143 414 1148 418 ⁸
1178 417 1359 433 ιοδδ>1⁴

167 403 264 460 169
529 417 544 422 ’
908 416 914 422 υ
973 401 1000 430 -t
1021 413 1032 431 ._
1063 382 1119 424 ’,Γ
1143 370 1262 432 Τῖίξζ
1280 378 1384 433 μς
1413 369 1501 386 ὀι-

1691 405 1892 467 ACTA.
2158 375 2279 419 τίδ’

3314 423 3420 477 4ἲο

166 535 261 578 non
304 515 608 576 inveniatur
639 515 798 575 aliter
839 514 1216 584 canouizatus,
1252 525 1310 575 ut
1340 533 1503 591 supra
1534 537 1546 574 :
1592 537 1731 592 praa-
1761 504 2103 586 Alnonorare
2155 523 2315 580 modo
2343 519 2456 593 jam
2506 521 2650 582 dicto
2696 537 2938 598 possent,
2973 527 3117 587 anno
3162 534 3319 602 15M,
3354 539 3420 594 l9

163 614 397 669 sentibus
433 625 653 681 quoque
687 609 883 664 ibidem
921 611 1375 666 revereudissimo
1415 612 1470 666 in
1513 613 1733 666 Christo

162 714 306 776 patre
331 703 392 758 D.
425 703 492 758 D.
536 699 829 758 Laurentio
871 697 1028 758 Putio
1073 703 1209 758 tituli
1255 713 1565 759 sanctorum
1595 720 1731 774 qua-

163 803 275 852 ltwr
319 798 704 852 coronatorum
765 804 967 850 sancta:
1016 795 1272 851 Romanae
1321 796 1576 852 Ecclesia:
1611 813 1734 866 pre-

159 888 369 957 sbytero
399 885 678 940 cardinale
716 895 771 938 et
803 885 1104 941 reverendo
1131 896 1285 957 patre
1324 886 1541 942 domino
1567 886 1733 943 Fran-

160 977 295 1032 ciseo
318 977 592 1032 Amellino
630 991 859 1032 camerae
897 977 1205 1046 apostolicae
1235 978 1455 1034 clerico.

219 1066 340 1122 762.
389 1086 408 1119 ι
446 1068 646 1135 Quare,
680 1083 747 1123 ne
774 1068 915 1138 apud
951 1063 1281 1138 quemquam
1313 1070 1378 1125 de
1425 1068 1733 1138 huiusmodi

156 1161 506 1215 concessione
551 1159 720 1230 possit
763 1157 978 1228 aliquod
1014 1158 1235 1214 dubium
1291 1159 1544 1226 suboriri,
1592 1175 1732 1228 prae-

155 1259 326 1305 sentes
356 1265 524 1304 manu
574 1249 791 1319 propria
821 1249 1180 1319 subscriptas,
1206 1259 1263 1304 et
1287 1250 1457 1306 nostri
1488 1249 1632 1306 soliti
1661 1249 1734 1305 si-

156 1338 257 1409 gilli
303 1340 642 1409 appensione
687 1339 924 1396 munitas
969 1339 1162 1394 conﬁci
1211 1337 1501 1408 iussimus,
1541 1348 1594 1396 et
1637 1355 1734 1410 per

159 1442 396 1484 nostrum
442 1446 660 1501 quoque
707 1431 1062 1487 secretarium
1110 1431 1375 1486 subscribi
1415 1430 1642 1486 fecimus
1681 1431 1733 1484 in

157 1518 301 1574 ﬁdem
330 1560 346 1584 ,
401 1521 603 1588 robur,
653 1529 708 1576 et
751 1518 1120 1577 testimOnium
1183 1521 1624 1592 praemisso'rum,
1679 1532 1736 1578 et

157 1612 410 1667 veritatis.
445 1613 644 1666 Datum
688 1613 870 1668 Romae
903 1615 956 1668 in
985 1613 1282 1683 apostolico
1311 1613 1511 1683 palatio
1546 1615 1631 1669 die
1671 1615 1734 1671 l9

159 1704 346 1757 mensis
392 1703 526 1759 Julii
575 1719 718 1759 anno
762 1705 922 1771 1514,
953 1706 1300 1775 pontificatus
1349 1721 1477 1760 vero
1523 1707 1735 1762 Domini

161 1795 316 1848 nostri
363 1811 517 1850 anno
573 1797 830 1852 secundo;
862 1797 1133 1852 Antonius
1182 1797 1478 1853 cardinalis
1519 1797 1736 1852 Sanctae

1836 611 1962 668 Julii
2001 615 2086 669 die
2117 615 2428 684 indulsisse,
2456 619 2676 676 Antonii
2707 621 3001 678 cardinalis
3043 625 3282 690 recitatae
3331 628 3414 684 lit-

1837 711 1982 760 lene.
2011 721 2077 760 eo
2111 707 2225 778 ipso
2266 724 2411 764 armo
2441 710 2577 765 1514
2619 727 2682 768 ac
2711 713 2799 769 die
2829 713 2895 769 19
2919 712 3066 778 Julii,
3098 730 3207 784 quo
3258 718 3423 775 breve

1834 795 2140 864 huiusmodi
2187 813 2248 853 ex
2294 799 2526 857 Zanottii
2573 803 2827 873 Opinione
2857 804 3041 858 datum
3087 805 3295 874 fuisset,
3346 810 3422 865 εἰς

1833 894 2032 957 gnatae,
2065 885 2223 943 ﬁdem
2255 887 2503 956 faciunt;
2537 902 2591 946 ut
2613 907 2770 956 sane,
2801 893 2931 964 quin
2964 895 3011 950 is
3049 897 3282 966 scriptor
3315 901 3422 954 hal-

1833 973 2103 1032 lucinatus
2151 977 2240 1032 hic
2284 986 2374 1044 snt,
2421 979 2659 1036 dubitari
2705 971 3015 1040 nullatenus
3057 969 3274 1042 debeat.
3307 981 3420 1044 Nec

1833 1063 1872 1118 ii
1923 1065 2014 1134 qui
2048 1065 2106 1120 S.
2138 1065 2444 1124 Brunonem
2477 1084 2506 1123 a
2536 1069 2717 1124 Leone
2742 1072 2954 1127 decimo
2983 1059 3418 1151 caneni‘zatione,

1833 1156 2194 1227 mquipollenti
2224 1160 2436 1228 saltem,
2477 1161 2693 1218 Sanctis
2739 1163 2906 1220 fuisse
2936 1167 3227 1237 ascriptum
3285 1186 3422 1226 cou-

1836 1249 2082 1316 tendunt,
2139 1251 2206 1312 ab
2246 1267 2432 1308 errore
2461 1254 2730 1311 immunes
2762 1256 3029 1325 videntur,
3069 1261 3420 1330 quemadmo-

1834 1339 1961 1394 dum
1993 1339 2024 1414 ᾗ
2055 1356 2284 1411 sequens
2308 1345 2530 1414 aperiet.
2791 1337 2795 1341 ’
3111 1330 3118 1335 ’

1839 1471 1870 1542 §
1902 1471 2104 1546 XLVII.
2144 1473 2225 1527 An
2264 1471 2445 1530 LeoX
2483 1493 2618 1546 papa
2666 1477 2966 1532 Brunonem
3001 1481 3158 1532 etiam
3205 1483 3424 1534 canoni-

1911 1545 2062 1616 aarit,
2097 1554 2142 1616 et
2190 1561 2449 1614 quaenam,
2481 1545 2549 1601 ad
2601 1547 2824 1616 gloriam
2861 1548 3043 1603 Sancti
3088 1551 3422 1615 posthumam

1909 1612 2522 1688 facientia,@011cessatn
2575 1612 2638 1670 αἰ)
2695 1619 2791 1672 hoc
2839 1612 3097 1688 pontiﬁce
3131 1619 3329 1677 cultum
3377 1622 3424 1674 ei

1907 1681 2176 1750 deferendi
2205 1684 2508 1754 facultatem
2537 1689 2773 1756 proxime
2805 1681 2908 1742 sint
2941 1681 3140 1744 secula.

1910 1796 2031 1851 761.
2047 1797 2280 1854 Leonem
2303 1799 2350 1854 Χ
2362 1817 2552 1872 papam
2577 1817 2683 1857 non
2703 1810 2936 1872 tantum,
2954 1812 3015 1858 ut
3028 1804 3426 1864 ecclesiasticus

162 1881 414 1940 Praxedis
464 1893 743 1954 protector
785 1903 946 1942 manu
977 1888 1216 1958 propria.
1262 1888 1527 1944 Antonius
1575 1889 1736 1944 Testa
1769 1871 1812 1930 Β
1840 1888 2078 1945 Druuoni
2107 1891 2286 1947 cultus
2314 1871 2638 1959 deferretur,
2665 1871 3021 1961 concessisse,
3043 1911 3228 1954 verum
3261 1897 3424 1952 etiam

167 1975 485 2032 Verulanus.
521 1998 538 2030 ι
573 1978 732 2034 Tales
775 1989 904 2034 sunt.
944 1973 1160 2045 litterae,
1211 1981 1410 2052 quibus
1451 1980 1733 2045 Antonius.

160 2067 209 2122 S.
241 2067 303 2122 11.
344 2069 414 2124 E.
453 2070 593 2124 tituli
625 2069 849 2126 Sancta:
871 2071 1134 2132 Praxedis
1163 2073 1448 2142 presbyter
1494 2075 1739 2129 cardina-

161 2157 217 2212 lis
259 2157 570 2230 Papieusis,
602 2161 919 2234 ordiuisqne
968 2161 1376 2218 Carthusieusis
1417 2171 1735 2234 protector,

161 2252 354 2322 publice
386 2262 631 2310 testatus"
653 2264 756 2318 est,
786 2255 1198 2334 quibuscumque
1227 2255 1462 2310 adhunc
1490 2255 1736 2310 ordinem

161 2346 530 2414 spectantibus
575 2347 689 2403 sive
734 2349 867 2404 viris
910 2348 1025 2404 sive
1059 2348 1376 2404 mulieribus
1425 2347 1737 2404 facultatem

161 2438 427 2498 deferendi
478 2440 539 2496 S.
579 2440 1100 2509 Brunoni-cultum,
1145 2442 1334 2498 iisdem
1393 2441 1591 2506 litteris
1639 2457 1735 2496 ex~

159 2545 421 2600 pressum,
469 2533 722 2590 Leonem
751 2534 1042 2602 decimum,
1076 2551 1347 2590 summum
1401 2534 1735 2604 pontiﬁcem,

160 2623 279 2678 viva:
301 2625 460 2680 vocis
486 2624 711 2681 oraculo
742 2626 1052 2682 indulsisse.
1091 2625 1374 2680 Zanottius
1403 2625 1454 2678 in
1479 2625 1736 2680 adornata

163 2729 188 2770 a
207 2729 261 2770 se
285 2713 343 2772 S.
392 2714 670 2772 Brunonis
699 2716 930 2772 historia
963 2732 1058 2772 seu
1090 2718 1230 2784 Vita,
1250 2731 1369 2786 cap.
1396 2714 1485 2779 55,
1516 2715 1589 2769 ita
1622 2716 1739 2773 fere

163 2820 414 2877 quantum
441 2811 509 2866 ad
536 2813 897 2867 substantiam
928 2814 1122 2873 scribit
1150 2831 1162 2866 :
1193 2813 1302 2869 Leo
1338 2819 1579 2878 decimus
1603 2833 1738 2887 papa

163 2916 290 2959 anno
317 2903 485 2971 l5“,
516 2903 604 2960 die
651 2905 860 2959 decima
905 2921 1046 2961 nona
1076 2903 1226 2971 Julii,
1257 2907 1432 2972 Brevi,
1464 2911 1533 2967 ab
1573 2910 1742 2964 Anto-

164 2993 242 3047 nio
264 2994 533 3048 eardinali
569 2993 848 3064 Papieusi,
876 2995 1081 3052 ordinis
1109 2996 1516 3054 Carthusieusis
1553 3009 1738 3072 prote-

166 3096 321 3152 ctore,
365 3088 473 3143 sibi
524 3089 730 3156 oblato,
783 3090 1130 3161 subscripsit,
1159 3107 1288 3162 quo,
1331 3101 1388 3147 ut
1439 3093 1690 3154 monachi
1723 3133 1737 3159 ,

165 3179 436 3245 moniales,
472 3190 650 3250 atquae
691 3181 811 3236 alia:
860 3197 1196 3254 quaecunque
1246 3201 1491 3255 persona:
1519 3186 1577 3241 S.
1608 3187 1740 3242 Bru-
1771 3217 1816 3280 ρ

167 3272 307 3326 nonis
359 3272 670 3327 institutum
707 3273 1044 3344 profitentes,
1082 3277 1499 3334 iumouasteriis
1526 3280 1639 3334 suis
1681 3279 1740 3336 S.

168 3359 427 3417 Brunonis
479 3362 682 3418 festum
745 3363 972 3420 solenmi
1028 3365 1136 3419 ritu
1183 3365 1468 3438 ofﬁcioque
1523 3369 1744 3440 proprio

167 3462 307 3506 sexta
334 3452 593 3509 Octobris
623 3455 709 3510 die
741 3456 1032 3524 quotannis
1062 3456 1357 3526 celebrare,
1395 3459 1746 3532 ejusdemque

167 3548 326 3604 sancti
357 3547 539 3603 Patris
581 3549 664 3602 sui
707 3550 1280 3605 commemorationem
1333 3551 1386 3606 in
1427 3553 1746 3622 quotidiana

169 3636 329 3696 oﬂlcio
354 3639 727 3697 ecclesiastico
752 3639 933 3696 facere
956 3642 1190 3712 possint,
1219 3644 1508 3698 concessit.
1559 3643 1745 3700 Brevis

171 3731 468 3802 huiusmodi
519 3730 914 3800 autographum
965 3731 1019 3785 iu
1047 3730 1236 3800 majori
1268 3731 1552 3786 Carthusia
1586 3734 1748 3787 modo

171 3828 497 3884 asservatur,
527 3817 580 3872 in
613 3835 786 3889 eoque
816 3819 1105 3892 pontiﬁcis:
1141 3822 1548 3896 approbatioms
1582 3831 1746 3878 testes

171 3911 328 3969 fuisse
383 3911 639 3984 leguntur
688 3911 982 3970 cardinalis
1030 3911 1358 3968 Laurentius
1407 3913 1638 3970 Paccius
1691 3923 1748 3970 et

173 4002 490 4062 Franclscus
534 4003 890 4072 Armellinus,
922 4007 1232 4061 reverendae
1267 4021 1496 4060 camera-'2
1525 4015 1744 4078 aposto-

173 4089 278 4148 lica:
304 4093 559 4149 clericus.

233 4185 354 4240 763.
394 4186 476 4243 Ita
507 4185 643 4251 fere,
676 4196 735 4241 ut
761 4187 873 4258 jam
927 4190 1132 4252 monui,
1185 4201 1448 4259 quantum
1501 4205 1566 4244 au
1618 4191 1748 4247 sub-

173 4279 414 4334 stantiam
463 4279 576 4334 ille.
608 4280 806 4334 Verum
863 4283 1121 4338 recitatas
1173 4283 1395 4337 Antonii
1449 4284 1747 4339 cardinalis

174 4367 442 4440 Papieusis
471 4369 682 4428 litteras
706 4372 871 4430 fuisse
891 4374 987 4430 abs
1017 4376 1119 4430 hoc
1141 4376 1408 4446 scriptore
1436 4394 1534 4447 pro
1564 4377 1745 4443 Brevi,

176 4464 307 4530 quod
334 4463 443 4520 Leo
475 4465 722 4529 decimus
747 4481 885 4536 papa
931 4469 1286 4532 concesserit,
1317 4483 1604 4538 perperam
1656 4483 1747 4523 ac-

1841 1979 2058 2035 Sanctis
2103 1995 2226 2038 eum
2263 1984 2584 2054 ascripsisse
2626 1999 2719 2040 seu
2761 1985 3137 2054 canonizasse,
3185 1987 3425 2044 nonnulli

1839 2071 2188 2141 existimant;
2228 2090 2292 2130 ac
2341 2075 2609 2145 imprimis
2651 2077 2867 2146 quidem
2899 2091 2968 2131 ex
3013 2078 3098 2133 his
3149 2080 3427 2134 exstitisse

1840 2164 2054 2220 videtur
2077 2166 2480 2224 eruditissimus
2509 2170 2795 2224 Annalium
2825 2171 3318 2232 ecclesiasticarum
3340 2189 3428 2243 pa-

1819 2260 1968 2310 ‘reus
1993 2254 2279 2322 Baronius,
2307 2267 2491 2327 utpote
2521 2260 2574 2314 iu
2606 2260 2718 2316 suis
2754 2264 2821 2316 ad
2847 2251 3284 2334 Martyrologium
3317 2262 3429 2318 lto-

1841 2362 2060 2402 manum
2109 2350 2558 2406 adnotationibus
2609 2351 2769 2408 hodie
2816 2353 2880 2408 dc
2917 2353 3170 2409 Brunoue
3217 2357 3291 2408 ita
3334 2353 3430 2411 obp

1841 2455 2106 2496 servans:
2158 2462 2176 2494 ‹
2229 2441 2354 2497 Vita
2402 2443 2618 2498 functus
2670 2453 2754 2499 est
2799 2461 2942 2500 anno
2989 2447 3197 2500 Domini
3251 2445 3379 2504 1101
3411 2485 3426 2510 ,

1841 2531 2151 2602 relatusque
2191 2544 2274 2588 est.
2318 2535 2460 2588 inter
2519 2545 2736 2590 sanctos
2765 2553 2792 2588 a
2829 2537 3004 2591 Leone
3044 2537 3255 2592 decimo
3290 2551 3428 2604 pon-

1843 2622 2006 2679 tiﬁce.
2048 2645 2066 2677 »
2102 2625 2300 2681 Verum
2338 2626 2498 2682 aliter
2548 2627 2706 2695 longe
2735 2629 2909 2682 sensit
2941 2628 3264 2688 Benedictus
3310 2626 3428 2682 XIV

1841 2731 2023 2786 papa;
2063 2718 2261 2771 etenim
2310 2719 2363 2772 in
2409 2734 2508 2774 suo
2557 2719 2632 2773 De
2673 2734 2954 2774 servorum
3005 2721 3097 2778 Dei
3148 2719 3430 2778 beatiﬁca-

1843 2808 1988 2864 tioue
2010 2819 2063 2864 et
2087 2809 2366 2866 beatorum
2397 2811 2812 2867 cauonizatione
2838 2812 3424 2888 ορρτθ,111›..ι,οθρ.41.

1843 2901 1871 2974 ς
1905 2900 1992 2967 111,
2019 2902 2162 2958 nullo
2203 2912 2362 2972 pacto
2403 2904 2507 2964 dici
2557 2919 2716 2974 posse
2763 2915 3011 2959 sanctum
3057 2905 3361 2961 Brunonem
3393 2922 3431 2968 ,ει

1841 2993 2021 3048 Leone
2047 2993 2094 3047 X
2117 2995 2494 3049 canouizatum
2527 2995 2717 3061 fuisse,
2746 2996 3048 3061 contendit,
3076 3004 3130 3050 et
3155 3009 3288 3050 sane
3320 3010 3427 3076 non

1842 3086 2137 3151 itmuerito,
2169 3088 2240 3140 uti
2265 3089 2521 3157 probant,
2557 3098 2669 3142 tum
2706 3103 2823 3159 qua:
2853 3089 3079 3160 ipsemet
3115 3088 3310 3144 ibidem
3335 3087 3430 3141 ad-

1845 3176 2016 3246 ducit,
2068 3189 2179 3234 tum
2239 3195 2358 3250 quae
2414 3195 2513 3236 nos
2552 3180 2712 3236 modo
2751 3180 3038 3235 adducturi
3081 3181 3176 3235 hic-
3209 3194 3426 3234 .sumus.

1846 3267 1980 3324 Cum
2023 3270 2390 3336 canonizatio,
2430 3271 2510 3325 uti
2561 3270 2702 3327 infra
2746 3272 2972 3337 docebo,
3021 3271 3199 3326 cultus
3228 3285 3430 3338 prace-

1846 3370 1994 3432 ptum
2025 3361 2302 3432 importet,
2335 3377 2440 3418 non
2473 3362 2640 3419 fuisse
2679 3379 2811 3420 sane
2837 3364 3143 3420 Brunonem
3172 3379 3305 3418 V’lViB
3336 3379 3429 3417 vo-

1847 3453 1926 3509 cis
1955 3453 2198 3520 oraculo,
2229 3471 2358 3524 quo,
2395 3464 2454 3510 ut
2481 3455 2529 3510 ei
2563 3455 2740 3512 cultus
2790 3455 3195 3512 ecclesiasticus
3227 3453 3428 3519 deferri

1846 3554 2046 3616 posset,
2083 3561 2226 3602 anno
2264 3547 2399 3604 1514
2439 3549 2701 3604 duntaxat
2743 3548 3067 3618 impertiisse
3112 3547 3429 3614 Leonem,X

1848 3651 2064 3706 papam,
2095 3652 2126 3692 e
2173 3638 2415 3694 recitatis
2446 3639 2738 3695 cardinalis
2789 3639 3073 3710 Papieusis
3127 3639 3321 3704 litteris
3353 3639 3430 3693 in-

1851 3726 2107 3796 telligitur
2133 3767 2148 3793 ,
2178 3728 2232 3782 iu
2262 3737 2590 3796 sanctorum
2624 3744 2909 3784 numerum
2937 3731 3004 3785 ab
3037 3731 3141 3794 hoc
3172 3731 3428 3800 pontiﬁce

1850 3819 2077 3874 relatum
2125 3836 2221 3876 seu
2270 3823 2674 3889 cauonizatum,
2721 3822 3069 3884 manifestum
3114 3831 3215 3879 est.
3249 3823 3430 3890 Quare

1849 3919 1928 3976 ut,
1974 3920 2218 3967 sanctum
2258 3912 2748 3976 Carthusianorum
2794 3914 3160 3976 institutorem
3207 3913 3430 3980 canoni-

1850 4013 2028 4057 zatum
2067 4019 2097 4057 a
2129 4003 2304 4059 Leone
2349 4003 2517 4061 fuisse
2565 4021 2754 4066 verum
2809 4021 2929 4061 esse
2980 4012 3167 4075 queat,
3219 4011 3433 4076 oportet

1852 4105 1910 4150 ut
1934 4095 2101 4152 altera
2129 4096 2217 4152 hic
2249 4095 2377 4151 illud
2408 4107 2528 4172 post
2549 4097 2944 4173 ‘declaratione,
2971 4097 3053 4151 vel
3081 4097 3212 4151 viva:
3238 4095 3424 4156 itidem

1848 4189 1996 4245 vocis
2045 4189 2266 4244 oraculo
2295 4189 2377 4248 vel
2419 4191 2612 4245 litteris
2663 4204 2942 4260 expressa,
2975 4189 3183 4244 fecerit.
3222 4187 3424 4248 Verum

1849 4279 2420 4346 declarationis,_viva:
2459 4281 2605 4335 vocis
2638 4271 2860 4336 oraculo
2894 4279 3049 4336 factze
3083 4288 3244 4348 atque
3275 4293 3304 4332 a
3331 4277 3429 4332 de-

1848 4372 2166 4437 claratione,
2221 4371 2272 4426 in
2304 4371 2616 4442 .cardinalis
2661 4370 2938 4440 Papieusis
2997 4369 3196 4430 litteris
3225 4381 3430 4422 memo-

1851 4471 1989 4531 rata,
2036 4463 2322 4526 distinctae,
2369 4478 2474 4532 qua
2525 4465 2578 4516 in
2625 4470 2938 4520 sanctorum
2985 4475 3270 4514 numerum
3321 4457 3430 4514 Leo

175 4563 366 4622 ceptus,
405 4557 766 4611 dubitandum
797 4573 903 4614 non
949 4566 1054 4622 est,
1084 4573 1206 4613 cum
1238 4561 1422 4615 datum
1453 4563 1553 4615 huc
1584 4561 1748 4616 fuisse
1782 4568 1824 4622 D
1851 4572 1985 4632 papa
2047 4555 2350 4610 Bruuouem
2402 4553 2676 4619 retulerit,
2708 4553 2883 4622 nullus
2915 4553 3138 4608 omnino
3197 4551 3431 4623 scriptor

177 4646 366 4702 scribat
388 4649 582 4702 eodem
618 4662 761 4708 anno
788 4657 844 4707 et
877 4648 986 4714 die,
1014 4664 1122 4720 quo
1152 4649 1255 4704 illa:
1298 4651 1435 4705 datae
1466 4659 1743 4715 notantur,

177 4737 524 4808 easdemque,
586 4754 813 4807 quarum
871 4749 1050 4795 tamen
1115 4742 1330 4795 nomina
1383 4742 1539 4808 paulo
1588 4741 1747 4798 aliter

180 4827 371 4892 scribit,
410 4843 674 4896 personas
714 4830 898 4896 etiam,
942 4845 1136 4900 nempe
1180 4831 1238 4884 S.
1287 4830 1352 4886 R.
1385 4831 1447 4885 E.
1499 4833 1748 4886 cardina-

181 4915 277 4972 lem
303 4919 653 4975 Laurentium
683 4921 920 4986 Putium,
937 4931 992 4976 et
1018 4923 1372 4978 Franciscum
1396 4920 1744 4990 Amelliuum,

183 5009 402 5071 Camerte
425 5016 738 5086 apostolicae
759 5013 1037 5082 clericum,
1059 5014 1150 5084 qui
1177 5015 1439 5085 pontiﬁci,
1465 5028 1586 5068 cum
1617 5013 1750 5076 vivae

185 5101 318 5156 vocis
361 5104 588 5160 oraculo
649 5103 928 5173 praefatam
990 5103 1302 5159 facultatem
1370 5103 1750 5168 Carthusianjs

186 5199 457 5264 concessit,
481 5200 535 5254 in
553 5201 685 5270 ipsis
709 5198 947 5254 recitatis
970 5197 1190 5252 Antonii
1210 5197 1504 5257 cardinalis
1527 5191 1751 5267 Papieu—

188 5282 258 5336 sis
302 5286 494 5344 litteris
539 5289 780 5346 adfuisse
839 5298 1235 5352 memorantur,
1273 5288 1461 5343 Brevis
1504 5288 1747 5358 pariter,

191 5379 314 5440 quod
360 5380 527 5436 Leoni
578 5383 790 5437 decimo
839 5381 1109 5437 Antonius
1160 5382 1496 5444 cardinalis,
1545 5382 1752 5437 ordinis

193 5459 574 5527 Carlhusiensis
611 5481 907 5542 protector,
938 5473 1218 5539 obtulerit,
1251 5474 1628 5543 approbatioui
1656 5488 1751 5528 seu

196 5555 579 5632 subscriptioni,
609 5578 708 5632 per
737 5564 1048 5633 pontiﬁcem
1095 5565 1236 5619 hunc
1286 5563 1463 5629 factae,
1519 5579 1752 5634 praesen-

197 5650 276 5700 tes
299 5651 559 5709 adstitisse
595 5653 845 5709 affirmet.
875 5653 957 5709 Ad
983 5653 1097 5727 haec
1122 5652 1381 5720 Leonem,
1409 5670 1513 5708 non
1571 5654 1750 5720 Brevi,

201 5742 328 5803 quod
372 5747 721 5812 concesserit,
749 5746 842 5801 sed
876 5745 1009 5801 vitae
1040 5747 1302 5802 duntaxat
1329 5745 1476 5802 vocis
1511 5745 1751 5813 oraculo,

204 5829 570 5912 Carthasiauis,
601 5851 659 5899 ut
709 5849 957 5899 sanctum
999 5841 1212 5900 Ordinis
1249 5843 1330 5900 sui
1382 5841 1752 5904 institutorem

1852 4645 2116 4704 meminit.

1924 4740 2047 4796 765.
2089 4738 2242 4810 Quod
2268 4746 2445 4800 autem
2478 4738 2544 4792 ad
2576 4735 2772 4792 litteris
2795 4751 2886 4792 seu
2921 4736 3064 4792 bulla
3093 4751 3429 4808 expressam,

1852 4849 1958 4904 qua
1989 4835 2040 4889 id
2070 4834 2281 4898 fecerit,
2321 4823 2742 4887 declarationem
2781 4838 3012 4900 spectat,
3057 4829 3288 4886 Tutinus
3314 4829 3434 4898 qui-

1815 4923 1971 4984 ‘dem
2027 4925 2078 4985 in
2129 4923 2375 4978 Historiae
2423 4920 2631 4977 ordinis
2678 4919 3079 4977 Carthasiensis
3124 4929 3433 4998 pr05pectu»,

1850 5031 1974 5088 pag.
2002 5016 2121 5081 155,
2147 5025 2452 5087 postquam,
2491 5013 2727 5069 Leonem
2751 5011 2818 5081 X,
2853 5021 2910 5068 ut
2949 5013 3194 5083 publicus
3217 5013 3274 5067 S.
3299 5012 3436 5074 Bru-

1852 5110 1978 5164 noni
2035 5109 2210 5164 cultus
2240 5108 2435 5164 deferri
2478 5115 2696 5177 posset,
2725 5121 2866 5168 anno
2914 5107 3049 5170 15M
3101 5107 3232 5162 vivae
3286 5104 3434 5158 vocis

1854 5201 2074 5256 oraculo
2101 5201 2458 5266 concessisse,
2504 5198 2764 5261 narravit,
2799 5199 2864 5252 ad
2903 5187 3102 5253 annum
3133 5195 3269 5250 1515
3299 5195 3428 5250 sub-

1847 5295 2023 5365 j‘ungit
2055 5312 2068 5347 :
2103 5285 2133 5345 ι’
2161 5281 2271 5348 Leo
2300 5292 2350 5357 Χ
2380 5293 2578 5360 bullam
2606 5291 3036 5348 eanonizationis
3078 5287 3252 5345 sancti
3293 5287 3430 5341 Bru-

1854 5386 2010 5440 nouis
2059 5385 2296 5455 generali
2340 5385 2547 5440 ordinis
2595 5383 2996 5440 Carthusiensis
3027 5379 3438 5442 transmisit,et

1855 5477 1907 5532 in
1935 5490 1996 5530 ea
2038 5473 2192 5546 plura
2236 5471 2288 5529 in
2342 5476 2532 5530 ordine
2579 5473 2842 5530 servanda
2895 5469 3143 5540 injungit.
3181 5487 3200 5521 ι
3235 5465 3434 5521 Tutino

1838 5579 2038 5636 .porro,
2089 5564 2288 5619 bullam
2327 5579 2356 5618 a
2398 5563 2599 5627 Leone,
2633 5579 2736 5632 qua
2788 5561 3019 5616 Sanctus
3078 5557 3436 5618 canonizatus

1856 5656 2246 5719 fuerit,datam
2289 5653 2474 5719 fuisse,
2527 5653 2616 5708 hic
2661 5652 2914 5719 tradenti,
2957 5651 3046 5706 alii
3077 5650 3242 5706 etiam
3297 5664 3435 5704 nou-

1858 5746 1988 5801 nulli
2019 5747 2405 5801 assentiuntur.
2435 5744 2630 5799 Nescio
2657 5753 2858 5807 tamen,
2887 5759 2952 5796 an
2985 5743 3131 5799 hisce
3161 5738 3435 5800 accenseri

1859 5839 2050 5898 debeat
2095 5839 2306 5896 Surius.
2349 5837 2463 5894 Etsi
2506 5838 2649 5894 enim
2706 5835 2772 5892 ad
2822 5836 3035 5906 scriptae
3079 5852 3110 5892 a
3146 5850 3202 5891 se
3249 5830 3446 5889 Saneti.
