3846 6316
428 371 529 426 4η

1261 368 1320 426 S.
1361 370 1711 427 BRUNONIS
1749 369 2395 430 CARTHUSIANORUM
2438 370 2925 453 INSTlTUTORIS.

3594 376 3702 433 472

431 480 603 537 nostri
651 479 785 535 Vitae
842 480 1046 535 calcem
1099 480 1323 536 metrfte
1365 482 1510 536 hunc
1545 482 1601 536 in
1635 483 1851 535 molam
1900 480 2018 550 ejus
2046 489 2091 545 Α
2122 493 2234 538 stro
2280 498 2377 538 sua
2428 492 2603 554 gratia
2631 483 2842 557 dederit
2880 491 2936 538 et
2971 486 3309 545 concesserit
3345 485 3624 544 licentiam
3651 500 3707 545 et

433 573 901 628 eanonizationem
934 572 1203 626 describat
1230 591 1241 625 :

505 662 658 733 Papa
689 662 812 729 Leo,
839 662 997 732 gestis
1034 670 1083 729 et
1115 661 1384 731 majestate
1422 661 1691 727 verendus,

507 749 787 805 Cardincis
819 750 1056 819 patribus
1096 749 1283 804 celebri
1319 750 1672 804 circumdatus
1704 760 1848 816 actu,

505 842 709 897 Certior
733 842 806 896 est
841 842 1037 911 factus,
1066 858 1224 912 quam
1264 851 1443 896 sancte
1474 843 1655 896 vixerit
1683 841 1806 895 olim
1852 834 1855 837 ’

508 933 686 999 Bruno
719 950 736 998 ;
768 933 907 1003 quod
930 933 1253 1003 obsequium,
1284 934 1408 986 dum
1442 933 1599 997 vixit,
1621 933 1859 1002 prtrstitit
1884 933 2023 999 urbi,

512 1023 769 1093 Quodque
795 1040 886 1093 per
921 1024 1059 1076 hunc
1080 1022 1223 1075 cuitu
1253 1023 1427 1075 divino
1447 1020 1681 1076 Ecclesia
1706 1023 1882 1077 crevit.

511 1114 689 1184 Hujus
718 1102 763 1168 et
798 1114 1040 1167 audierat
1079 1122 1217 1167 certo
1243 1112 1501 1166 miracula
1525 1114 1787 1185 qua'dam.

509 1203 797 1273 Propterea
825 1205 955 1257 votis
986 1201 1209 1257 Patrum
1230 1203 1575 1257 concordibus
1604 1203 1754 1256 illum

513 1296 732 1363 Rettulit
766 1300 819 1350 in
853 1297 1001 1350 Divos
1034 1313 1050 1363 ;
1082 1296 1269 1365 festum
1298 1298 1548 1363 concessit
1578 1297 1742 1350 cidem

511 1392 749 1446 Octobris
772 1402 917 1445 sexta
946 1391 1195 1445 celebrari
1218 1391 1332 1451 luce
1357 1393 1675 1461 quotannis;

511 1480 639 1547 (Illo
667 1470 844 1549 nempe
868 1481 951 1534 die
985 1481 1211 1534 moriens
1246 1480 1481 1534 ascendit
1509 1479 1800 1551 olympum)

490 1560 729 1641 Erigere
754 1571 876 1624 huic
898 1580 1121 1639 statuas,
1152 1589 1213 1625 ac
1246 1572 1510 1640 cedi/icore
1537 1571 1731 1625 sacella

510 1652 828 1739 Periitittens
853 1684 871 1731 ;
894 1683 1050 1734 super
1071 1667 1150 1720 his
1190 1667 1424 1737 confecta
1452 1666 1740 1736 diplomata
1779 1664 2000 1735 confert.

512 1742 729 1811 Ordinis
759 1757 869 1810 lucc
908 1758 1075 1811 nostri
1102 1768 1269 1811 mater
1302 1757 1583 1833 Cartltusia
1611 1767 1782 1812 servat

512 1846 663 1902 Inter
691 1847 917 1902 Romani
945 1850 1110 1904 multa
1142 1852 1485 1906 instrumenta
1511 1860 1722 1906 senatus
1753 1867 1772 1915 ;

441 1942 570 2011 huic
627 1930 805 1996 tamen
860 1942 1209 2013 descriptioni
1268 1934 1500 2015 prteflgit
1562 1928 1705 1999 hunc
1763 1941 2028 1998 titulum:

446 2048 474 2093 ι,
513 2029 889 2098 Canonizatio,
918 2042 975 2086 ut
1006 2045 1219 2099 vocant,
1244 2034 1301 2089 S.
1326 2034 1597 2091 Brunonis
1623 2034 1868 2090 carmine
1906 2047 2036 2090 con-

444 2124 686 2195 scripta;
725 2145 742 2178 ι
778 2125 974 2196 quibus
1012 2142 1043 2181 e
1089 2126 1333 2193 vocibus,
1372 2118 1608 2182 fueritne
1638 2140 1767 2182 vere
1792 2142 1821 2180 a
1852 2124 2034 2180 Leone

440 2231 580 2287 papa
627 2217 811 2272 Bruno
864 2218 1242 2285 canoaizatus,
1280 2218 1558 2273 dubitasse
1610 2226 1787 2297 potest
1834 2216 2031 2271 videri.

443 2304 525 2367 Ad
542 2314 654 2367 hinc
683 2328 778 2383 per
798 2314 1052 2381 diploma,
1072 2314 1223 2382 cujus
1243 2313 1332 2389 hic
1351 2313 1614 2375 meminit,
1631 2327 1754 2367 cum
1781 2310 2037 2367 Zanottio

446 2392 559 2483 (adi
591 2420 741 2465 nutu.
781 2406 908 2476 762)
950 2406 1123 2461 Breve
1157 2406 1442 2472 duntaxat,
1469 2420 1576 2475 quo
1612 2402 1799 2459 Sancti
1831 2401 2036 2458 cultum

446 2490 559 2581 μεθ
586 2496 850 2565 permisit,
900 2496 1146 2552 fortassis
1197 2498 1468 2567 intelligit.
1503 2496 1570 2551 Ut
1600 2504 1659 2549 ut
1688 2495 1779 2558 sit,
1831 2494 2035 2549 bullam

447 2585 721 2657 equidem,
755 2601 861 2655 qua
891 2586 950 2641 S.
1000 2586 1307 2644 Brunonem
1340 2590 1450 2644 Leo
1478 2588 1523 2660 Χ
1552 2589 1911 2658 canonizarit,
1940 2590 2038 2646 da-

449 2683 562 2729 tam
588 2691 695 2730 non
726 2675 913 2744 fuisse,
937 2668 1048 2747 pro
1068 2666 1568 2735 indubitato'debet
1599 2681 1812 2735 haberi.
1914 2678 1917 2679 ⁷

468 2752 475 2761 ’
520 2764 645 2820 766.
672 2766 729 2822 ld
752 2768 829 2823 sic
851 2769 1265 2841 ostendozquod
1297 2772 1340 2825 si
1370 2771 1513 2826 bulla
1539 2772 1846 2844 hujusmodi
1865 2789 2036 2843 ,qum,

450 2856 596 2917 facta
625 2859 753 2915 licet
780 2872 890 2915 tum
927 2861 1134 2931 Romae,
1183 2874 1294 2917 tum
1333 2848 1460 2919 alibi
1492 2865 1909 2937 diligentissima
1954 2865 2039 2920 in—

452 2951 669 3037 dagine,
695 2952 927 3037 inveniri
955 2954 1096 3009 haud
1123 2956 1320 3025 potuit,
1338 2972 1479 3012 anno
1502 2957 1639 3012 1515
1660 2973 1689 3011 a
1712 2957 1893 3012 Leone
1919 2957 2044 3012 data

2058 1837 2106 1901 B

2123 572 2525 640 auctoritatem,
2572 582 2631 628 ut
2679 576 2731 629 in
2784 573 3013 647 singulis
3057 577 3308 632 domibus
3350 578 3480 634 dicti
3530 583 3706 636 nostri

2123 666 2348 743 ordinis,
2381 677 2436 723 et
2483 682 2670 721 earum
2714 665 2960 722 ecclesiis
3008 681 3104 725 seu
3153 668 3376 738 capellis
3430 671 3711 740 possimus

2126 757 2320 821 festum
2359 757 2500 812 beati
2530 756 2800 812 Brunonis
2827 756 3005 813 Patris
3052 757 3225 812 nostri
3271 758 3593 816 solemniter
3620 778 3712 816 co-

2125 847 2255 911 lere,
2289 856 2344 902 et
2372 847 2551 917 debita
2582 846 2868 902 devotione
2896 847 3201 913 celebrare,
3242 849 3467 921 ejusque
3509 868 3714 923 corpus

2124 948 2179 994 et
2228 939 2547 995 memoriam
2577 940 2759 1013 dignis
2793 940 2845 994 in
2882 938 3110 995 Domino
3157 940 3404 998 laudibus
3454 946 3719 1015 prosequi

2126 1040 2180 1086 et
2207 1031 2453 1087 venerari
2477 1040 2532 1087 et
2553 1031 2785 1086 ollicium
2808 1032 3139 1087 conveniens
3164 1034 3217 1087 in
3249 1033 3509 1089 honorem
3539 1038 3718 1108 ipsius

2125 1138 2286 1194 agere
2320 1132 2374 1178 et
2398 1123 2708 1188 decantare,
2733 1140 2833 1180 nec
2860 1140 2966 1180 non
2993 1130 3569 1185 commemorationem
3596 1131 3719 1186 sin-

2127 1215 2267 1286 gulis
2290 1215 2480 1271 diebus
2504 1216 2570 1271 de
2603 1232 2669 1271 eo
2699 1216 2904 1274 facere.
2932 1228 2987 1275 et
3026 1220 3186 1286 alias,
3211 1232 3373 1293 prout
3399 1223 3453 1278 in
3482 1224 3722 1293 desuper

2127 1305 2389 1361 confectis
2436 1307 2631 1363 litteris
2695 1309 2974 1379 (nimirum
3037 1314 3331 1370 cardinalis
3374 1300 3720 1387 ‘Papiensis,

2128 1412 2263 1466 quas
2303 1398 2332 1469 §
2360 1398 2591 1468 prceced.
2621 1399 2764 1471 dedi)
2791 1401 3002 1471 plenius
3024 1406 3354 1461 continetur.

2197 1490 2323 1545 767.
2365 1509 2382 1542 ι
2433 1490 2725 1561 Propterea
2774 1508 2843 1549 ne
2892 1503 3093 1551 tantam
3136 1498 3371 1567 gratiam
3416 1497 3727 1565 neglexisse

2129 1584 2447 1650 videamur,
2497 1585 2566 1639 ad
2618 1585 2714 1641 Dei
2762 1595 2819 1642 et
2869 1588 3108 1658 ejusdem
3158 1589 3335 1646 Patris
3382 1592 3555 1645 nostri
3608 1590 3726 1645 lan-

2130 1677 2250 1732 dem
2279 1683 2334 1729 et
2360 1675 2644 1744 honorem,
2687 1676 2906 1734 Ordinis
2945 1681 3367 1748 incrementum,
3394 1692 3449 1738 et
3475 1695 3731 1738 nostram

2132 1778 2562 1841 nostrorumque
2586 1770 2832 1825 omnium
2861 1770 3124 1839 salutem,
3170 1773 3600 1829 consolationem
3620 1816 3636 1839 ,
3669 1785 3729 1829 et

2134 1877 2347 1932 pacem,
2384 1862 2651 1917 dictarum
2677 1861 2984 1919 litterarum
3015 1873 3251 1921 mentem
3288 1874 3342 1921 et
3367 1874 3613 1922 tenorem
3640 1867 3733 1921 in-

2136 1962 2451 2022 sequentes,
2478 1952 2731 2010 volumus
2755 1963 2809 2009 et
2841 1955 3178 2022 ordinamus,
3213 1956 3358 2026 quod
3406 1958 3475 2012 de
3518 1966 3733 2013 cmtero

2137 2044 2296 2125 annis
2325 2043 2555 2117 singulis
2575 2044 2854 2116 perpetuis
2882 2044 3081 2104 (nutris
3106 2048 3440 2116 temporibus
3460 2046 3547 2101 die
3568 2058 3731 2101 sexta

2135 2133 2339 2190 mensis
2378 2134 2631 2191 Octobris
2651 2176 2665 2203 ,
2697 2150 2804 2206 qua
2833 2136 2921 2191 die
2949 2136 3091 2192 idem
3123 2136 3287 2192 Pater
3315 2146 3518 2202 noster,
3554 2152 3735 2192 carne

2136 2225 2379 2293 solutus,
2416 2227 2575 2282 beata
2616 2227 2719 2282 fuit
2764 2228 3175 2284 immortalitate
3206 2230 3473 2294 vestitus,
3521 2228 3734 2283 festum

2136 2316 2454 2386 praedictum
2499 2318 2554 2381 in
2584 2317 2840 2399 omnibus
2889 2328 2946 2375 et
2994 2320 3229 2390 singulis
3273 2321 3521 2376 domibus
3560 2321 3738 2377 totius

2139 2405 2361 2464 Ordinis
2392 2409 2567 2464 nostri
2612 2408 2859 2486 prtedicti
2908 2418 2964 2465 et
2987 2424 3174 2465 earum
3206 2410 3460 2467 ecclesiis
3506 2425 3605 2465 seu
3636 2424 3743 2465 ca-

2138 2495 2293 2566 pellis
2315 2497 2366 2550 in
2388 2497 2654 2554 honorem
2675 2505 2730 2550 et
2753 2498 2854 2569 sub
2875 2497 3095 2554 nomine
3119 2508 3174 2554 et
3203 2499 3469 2556 vocabulo
3482 2498 3738 2568 ejusdem

2139 2587 2285 2663 beati
2317 2587 2590 2644 Brunonis
2619 2576 2953 2645 confessoris
2978 2605 3101 2645 cum
3141 2590 3383 2646 candelis
3411 2590 3741 2646 solemniter

2141 2680 2469 2748 celebretur,
2510 2689 2567 2737 et
2619 2691 2689 2735 an
2738 2681 2996 2736 omnibus
3033 2688 3088 2736 et
3134 2681 3370 2753 singulis
3418 2680 3739 2753 prioribus,

2140 2770 2455 2836 monachis,
2487 2770 2800 2836 conversis,
2851 2780 2907 2826 et
2958 2772 3081 2829 aliis
3106 2772 3353 2845 personis
3378 2772 3507 2828 dicti
3556 2772 3741 2826 nostri

2142 2858 2359 2916 Ordinis
2387 2860 2566 2916 debita
2607 2861 2895 2917 devotione
2923 2861 3157 2926 colatur,
3185 2861 3412 2932 ejusque
3447 2876 3653 2932 corpus
3684 2870 3744 2915 et

2144 2954 2405 3008 memoria
2431 2952 2610 3023 dignis
2635 2953 2690 3007 in
2722 2952 2954 3008 Domino
2986 2952 3235 3009 laudibus
3256 2962 3574 3018 veneretur,
3614 2952 3747 3008 fiat-

452 3042 667 3110 fuisset,
692 3060 754 3099 ea
780 3036 963 3115 utique
987 3056 1079 3101 aut
1106 3048 1344 3119 generali
1371 3052 1788 3123 reverendorum
1822 3050 2044 3106 Patrum
2144 3057 2251 3120 que
2279 3052 2334 3098 el
2363 3044 2686 3099 decalllellll‘
2717 3043 2784 3098 de
2813 3058 2879 3098 εο
2915 3044 3031 3115 ipsa
3060 3044 3149 3099 die
3178 3053 3333 3099 sena
3364 3043 3621 3101 OCIObl‘iS
3651 3060 3746 3099 SO-

456 3135 941 3196 Carthusianorutn
991 3124 1252 3207 capitulo,
1286 3134 1373 3196 die
1425 3141 1655 3211 septima
1699 3140 1823 3209 Maii
1854 3149 1909 3201 et
1958 3124 2047 3197 se;

457 3228 748 3294 quentibus
773 3218 915 3283 dicto
957 3244 1099 3283 anno
1130 3227 1268 3284 1515
1316 3230 1371 3284 in
1415 3228 1701 3286 Carthasia
1733 3224 1923 3300 Majori
1950 3244 2043 3286 ce-

456 3316 687 3393 lebrato,
718 3319 765 3374 si
804 3318 1001 3374 Maium
1034 3320 1106 3376 sit
1135 3336 1451 3392 praegressa,
1483 3332 1577 3377 aut
1603 3330 1771 3386 certe,
1786 3322 1831 3376 si
1862 3334 2055 3393 mense,

458 3389 757 3464 hoc'fucrit
791 3411 1083 3478 posterior,
1129 3411 1369 3479 generali
1420 3398 1734 3466 eorumdem
1796 3426 2048 3466 reveren-

462 3502 654 3554 dorum
703 3500 924 3555 Patrum
957 3501 1212 3571 capitulo,
1257 3517 1401 3557 anno
1432 3502 1570 3557 1516
1619 3503 1706 3557 dic
1732 3502 1797 3555 21
1846 3502 2050 3571 Aprilis

460 3602 517 3667 et
544 3591 894 3665 sequentibus
923 3592 978 3646 in
1009 3590 1195 3665 Maiori
1226 3591 1409 3647 itidem
1438 3591 1725 3648 Canthusia
1751 3591 2047 3655 celebrato,

463 3690 590 3735 nota
620 3674 810 3736 fuisset
842 3699 857 3735 :
889 3683 1063 3737 neutri
1093 3692 1271 3737 autem
1304 3696 1335 3736 e
1360 3680 1611 3752 capitulis
1639 3683 1786 3739 hisce
1827 3699 2052 3754 genera-

466 3773 608 3851 libus
633 3783 759 3829 nota
795 3774 880 3828 illa
908 3773 1073 3829 fuisse
1095 3774 1203 3847 ullo
1233 3775 1392 3829 modo
1414 3775 1647 3829 videtur.
1669 3774 1854 3831 Patres
1882 3776 2047 3844 enim,

466 3854 528 3918 ut
555 3850 865 3933 quotannis,
918 3873 1077 3936 prout
1112 3881 1141 3919 a
1191 3866 1370 3920 Leone
1412 3866 1667 3937 pontifice
1706 3865 1882 3922 fuerat
1925 3883 2053 3922 con-

468 3971 679 4010 cessum
710 3997 725 4021 ,
779 3955 836 4011 S.
888 3955 1155 4011 Brunonis
1207 3956 1405 4011 festum
1465 3964 1618 4012 sexta
1668 3954 1919 4011 Oetobris
1967 3956 2055 4011 die

468 4046 695 4102 solemni
731 4048 835 4121 ritu
881 4048 1203 4123 celebretur,
1251 4034 1485 4103 ollicium
1535 4048 1862 4103 conveniens
1896 4048 1962 4103 de
1990 4063 2055 4103 eo

469 4148 683 4209 agatur,
732 4139 1155 4208 quotidianaque
1194 4139 1247 4193 in
1293 4140 1469 4194 ollicio
1498 4139 1872 4195 ecclesiastico
1900 4155 2054 4195 com-

469 4233 795 4287 memoratio
828 4232 1161 4296 instituatur,
1198 4232 1251 4285 in
1286 4232 1450 4301 priori
1476 4248 1506 4287 e
1549 4232 1761 4286 duobus
1809 4232 1917 4287 illis
1960 4248 2055 4287 ca—

468 4324 656 4393 pitulis
699 4324 1046 4395 generalibus
1089 4323 1501 4388 ordinaverunt,
1542 4323 1790 4391 hancque
1833 4323 2056 4377 ordina-

472 4415 675 4491 tionem
703 4430 840 4470 nova
884 4414 1101 4469 condita
1133 4413 1186 4467 in
1230 4413 1517 4484 posteriori
1567 4412 1803 4482 capitulo
1840 4412 2058 4473 ordina-

2146 3134 2323 3191 lemne
2352 3134 2585 3191 oflicium
2616 3151 2742 3191 cum
2772 3134 3061 3192 duodecim
3105 3135 3452 3202 lectionibus,
3477 3136 3744 3206 capitulo,

2147 3228 2458 3303 relectorio,
2483 3238 2539 3285 et
2561 3230 2774 3285 caeteris
2796 3230 3155 3295 czeremoniis,
3177 3245 3298 3299 qua:
3321 3229 3375 3283 in
3396 3228 3747 3283 solemnibus

2149 3316 2303 3375 festis
2326 3319 2674 3375 candelarum
2704 3321 2880 3377 solent
2899 3320 3199 3387 observari,
3220 3320 3272 3374 in
3298 3320 3443 3375 hunc
3464 3317 3744 3382 videlicet,

2150 3411 2242 3480 qui
2276 3410 2555 3480 sequitur,
2598 3410 2838 3465 modum.
2888 3409 2969 3464 Ad
3026 3410 3232 3481 primas
3260 3408 3532 3478 Vesperas
3586 3409 3748 3464 Anti-

2149 3499 2327 3569 phona
2377 3515 2539 3570 super
2565 3494 2978 3570 psalmos,Sint
3029 3499 3219 3554 lumbi.
3270 3499 3747 3570 Responsorium,

2158 3606 2178 3641 ι
2212 3589 2412 3645 Beatus
2440 3605 2648 3645 servus.
2690 3611 2709 3643 ι
2744 3591 2825 3645 Ad
2854 3590 3147 3669 Matutinus
3175 3601 3301 3647 octo
3323 3592 3513 3663 prima:
3545 3589 3746 3645 lectio-

2152 3696 2271 3745 nes,
2318 3696 2499 3736 sermo
2544 3670 3027 3753 beatiAugustini
3069 3684 3344 3754 episcopi,
3381 3683 3474 3754 qui
3505 3683 3747 3752 incipit:

2160 3792 2179 3825 ι
2211 3774 2468 3829 Dominus
2494 3782 2683 3829 noster
2713 3774 2870 3829 Jesus
2893 3774 3162 3841 Christus,
3199 3794 3216 3827 ι
3250 3776 3393 3831 sicut
3423 3777 3476 3829 in
3507 3774 3653 3829 festo
3687 3775 3747 3828 S.

2156 3864 2395 3920 Martini.
2435 3864 2678 3933 Quatuor
2705 3881 2831 3921 vero
2860 3866 3082 3932 ultimm,
3107 3864 3338 3920 llomilia
3368 3863 3513 3920 beati
3538 3865 3753 3935 Grego-

2156 3956 2222 4010 rii
2250 3972 2432 4027 papa,
2466 3972 2587 4026 qua:
2622 3956 2811 4027 incipit
2842 3975 2854 4011 :
2892 3976 2909 4008 ‹
2946 3957 3135 4013 Sancti
3166 3954 3474 4026 Evangelii,
3507 3975 3527 4008 ι
3579 3971 3754 4025 super

2156 4047 2454 4119 Evangelio
2475 4049 2772 4104 secundum
2797 4048 2998 4105 Lucam
3032 4068 3044 4103 :
3078 4068 3097 4100 ι
3133 4047 3256 4103 Sint
3294 4047 3460 4103 lumbi
3491 4048 3689 4112 vestri,
3727 4068 3747 4099 ι

2158 4139 2299 4194 sicut
2330 4138 2383 4192 in
2411 4138 2549 4193 festo
2581 4138 2639 4193 S.
2670 4138 2964 4194 Benedicti.
2989 4138 3071 4193 Ad
3097 4120 3551 4194 Missam'dictum
3579 4154 3753 4193 evan-

2158 4231 2395 4302 gelium:
2427 4250 2445 4283 ‹
2479 4226 2600 4285 Sint
2627 4232 2792 4286 lumbi
2820 4232 3007 4287 vestri.
3032 4224 3062 4283 ἰ
3096 4231 3302 4287 Caetera
3324 4231 3504 4303 omnia
3545 4240 3661 4284 tam
3697 4231 3752 4283 in

2158 4325 2327 4380 Missa
2349 4366 2363 4388 ,
2398 4323 2647 4394 utrisque
2676 4325 2964 4395 Vesperis,
3000 4324 3303 4391 Matutinis,
3336 4340 3498 4395 quam
3530 4325 3755 4379 ueteris

2161 4417 2322 4472 Horis
2349 4416 2480 4472 fiant
2505 4418 2646 4473 sicut
2675 4418 2836 4472 unius
2863 4416 3192 4473 confessoris
3221 4433 3325 4471 non
3349 4418 3611 4487 episcopi,
3647 4431 3754 4471 ex-

474 4504 621 4587 tione
664 4505 1119 4560 confirmaverunt
1138 4546 1153 4571 ,
1191 4504 1533 4581 injungentes
1572 4513 1834 4574 prmterea
1887 4512 1947 4557 ut
1993 4504 2052 4558 S.
2089 4526 2133 4580 ι)
2161 4510 2333 4579 ceptis
2363 4509 2724 4574 orationibus,
2753 4523 2874 4579 qua:
2902 4508 3148 4562 dicentur
3168 4516 3329 4579 prout
3356 4506 3498 4585 infra
3526 4508 3581 4561 in
3609 4507 3760 4576 pede

474 4596 656 4651 Bruno
706 4608 760 4652 et
802 4601 854 4679 in
897 4599 1126 4653 Litaniis
1180 4598 1627 4656 conventualibus
1678 4601 1979 4679 invocetur,
2008 4608 2063 4656 et

477 4676 863 4758 martyrologio
902 4691 1273 4758 inscribatur;
1306 4692 1509 4746 bullam
1538 4700 1743 4759 autem,
1778 4676 1884 4763 qua
1928 4692 2063 4746 Bru-

477 4797 674 4851 noncm
707 4782 1062 4849 canonizarit,
1096 4786 1409 4855 cultumque
1438 4785 1587 4839 illum
1625 4786 1674 4839 ei
1701 4784 1900 4840 deferri
1925 4772 2063 4854 pon-

478 4873 610 4937 tifex
635 4873 874 4943 jusserit,
913 4892 1017 4929 non
1049 4866 1503 4953 commemorant,
1548 4877 1729 4934 facere
1771 4878 1825 4932 id
1853 4858 2061 4947 utique,

478 4964 524 5018 si
575 4963 734 5043 bulla:
788 4963 1094 5032 huiusmodi
1143 4965 1510 5035 cognitionem
1555 4968 1912 5031 habuissent,
1954 4981 2063 5021 non

479 5056 758 5111 omissuri.
806 5056 878 5113 Ut
926 5074 1088 5128 quam
1120 5074 1307 5113 verum
1359 5061 1412 5114 id
1444 5063 1537 5127 sit,
1583 5062 1857 5116 studiosus
1887 5060 2064 5116 lector

480 5148 795 5219 perspiciat,
841 5149 1104 5218 nihilque,
1134 5151 1278 5220 quod
1311 5151 1378 5206 ad
1408 5150 1634 5222 gloriam
1680 5151 1866 5205 Sancti
1912 5161 2063 5221 post-

482 5244 701 5297 homam
749 5252 985 5310 spectet,
1038 5254 1398 5313 praeteream,
1448 5242 1636 5298 ambas
1695 5242 2067 5299 ordinationes

484 5334 623 5399 illas,
651 5350 682 5389 e
710 5334 899 5405 Majori
949 5335 1236 5392 Carthusia
1284 5352 1315 5390 a
1361 5335 1721 5391 Carthusiano
1772 5334 2068 5390 Parisiensi

486 5442 650 5497 supra
697 5428 994 5498 saapissime
1026 5418 1148 5497 jam
1185 5426 1401 5482 laudato
1427 5426 1558 5481 mihi
1593 5436 1909 5498 procuratas
1964 5429 2069 5482 huc

490 5519 813 5573 transcribo.
845 5518 1002 5573 Prior
1026 5508 1121 5575 seu
1162 5519 1271 5593 illa,
1305 5535 1425 5591 qua:
1468 5520 1523 5574 in
1572 5519 1806 5589 capitulo
1828 5518 2069 5590 generali

489 5610 615 5663 anni
650 5608 786 5663 1515
815 5610 1031 5666 condita
1067 5610 1193 5678 fuit,
1225 5612 1304 5666 sic
1333 5612 1538 5668 habet:
1573 5630 1593 5663 ι
1626 5609 1758 5665 Cum
1786 5610 2068 5666 sanctissi-

492 5716 612 5756 mus
649 5702 900 5758 dominus
945 5712 1132 5760 noster
1160 5705 1409 5761 dominus
1434 5704 1545 5760 Leo
1570 5705 1750 5760 divina
1780 5704 2068 5774 providen-

497 5795 566 5879 tia
597 5810 730 5867 papa
764 5796 1006 5855 decimus
1045 5807 1096 5854 et
1138 5798 1447 5856 moderans.
1488 5798 1641 5856 nobis
1680 5807 1733 5853 et
1763 5796 1935 5854 ordini
1968 5812 2068 5853 no.

2164 4600 2448 4670 praesentis
2471 4600 2831 4656 ordinationis
2862 4608 2987 4655 sunt
3016 4608 3234 4654 notatae.
3260 4597 3518 4652 Volumus
3540 4599 3759 4669 paritrr

2165 4699 2219 4743 et
2248 4684 2585 4753 ordinamus,
2618 4689 2760 4759 quod
2800 4692 2853 4743 in
2896 4689 3075 4760 vigilia
3104 4688 3231 4743 dicti
3268 4688 3389 4742 festi
3440 4692 3533 4741 liat
3577 4687 3757 4741 absti-

2165 4782 2350 4836 nentia
2386 4790 2441 4836 et
2468 4781 2522 4834 in
2554 4781 2642 4835 die
2670 4781 2763 4833 fiat
2789 4794 2969 4835 sermo
3009 4781 3062 4834 in
3091 4779 3328 4848 capitulo
3352 4777 3755 4832 monachorum

2166 4880 2225 4928 et
2256 4887 2640 4927 conversorum
2691 4871 2757 4925 ad
2795 4872 3009 4925 laudem
3040 4870 3281 4941 ejusdem
3327 4869 3544 4933 Sancti,
3595 4877 3656 4921 et
3686 4868 3758 4921 ad

2166 4964 2609 5021 reformationem
2637 4963 2874 5027 Ordinis,
2906 4972 2962 5018 et
2994 4972 3234 5017 ccssetur
3269 4962 3383 5032 ipsa
3414 4961 3503 5015 die
3529 4960 3597 5014 ah
3627 4974 3757 5012 om-

2167 5056 2328 5111 nibus
2359 5056 2614 5125 0peribus
2636 5096 2650 5119 ,
2682 5063 2742 5108 ut
2777 5053 2975 5108 divinis
3024 5052 3274 5107 laudibus
3316 5048 3533 5104 facilius
3573 5059 3629 5103 et
3659 5049 3758 5103 de-

2168 5145 2346 5201 votius
2369 5146 2650 5199 intendere
2672 5143 2968 5199 valeamus.
3044 5140 3049 5145 ’

2192 5220 2200 5234 ”
2239 5236 2392 5293 768.‹
2412 5237 2541 5291 Item
2566 5237 2902 5302 ordinamus,
2931 5235 3075 5305 quod
3098 5234 3303 5289 dictum
3326 5231 3522 5286 festum
3548 5229 3759 5284 scriba-

2171 5336 2261 5382 tur
2295 5330 2349 5383 in
2381 5329 2721 5384 Calendariis
2749 5329 2954 5384 ordinis
2981 5328 3083 5383 sub
3118 5327 3259 5381 dicta
3287 5325 3373 5379 die
3403 5334 3558 5378 sexta
3587 5320 3759 5375 Octo-

2170 5422 2317 5488 bris,
2347 5431 2403 5493 et
2441 5422 2495 5477 in
2544 5421 2783 5476 Letaniis
2813 5429 2935 5491 post
2978 5429 3225 5473 sanctum
3272 5415 3622 5471 Benedictum
3663 5428 3761 5482 po-

2172 5526 2353 5582 natur,
2387 5500 2767 5579 scribatur,et
2790 5513 2858 5568 ab
2891 5511 3014 5566 inde
3038 5512 3248 5565 dicatur
3274 5529 3292 5560 (
3321 5508 3519 5562 Sancte
3546 5503 3756 5569 Bruno,

2178 5628 2196 5660 ι
2225 5623 2322 5663 ora
2373 5623 2470 5678 pro
2501 5607 2676 5661 nobis.
2720 5626 2739 5659 ι
2777 5600 2929 5659 Ιιειη
2958 5603 3164 5673 pariter
3202 5601 3557 5664 Ordinamus,
3606 5597 3759 5668 quod

2172 5700 2399 5772 singulis
2420 5701 2627 5767 diebus,
2673 5698 2871 5770 quibus
2904 5709 3099 5753 canere
3135 5695 3391 5763 dicuntur
3430 5693 3590 5749 solita
3640 5690 3758 5746 suf-

2178 5791 2352 5867 fragia
2400 5793 2454 5851 in
2505 5791 2783 5850 Matutinis
2835 5800 2889 5847 et
2936 5787 3223 5862 Vesperis,
3272 5786 3580 5844 immediate
3632 5791 3758 5859 post
