3846 6316
101 370 177 425 173

1556 370 1763 429 ACTA.

3204 386 3305 443 ιῑι

100 477 623 537 commemorationem
664 477 838 534 sancti
884 476 1108 535 Joannis
1152 478 1247 534 ﬁat
1275 478 1343 537 de
1379 494 1445 536 eo
1469 495 1615 537 com-
1643 486 1686 541 Α
1717 493 1861 538 ctum
1893 485 2018 552 coli,
2048 486 2186 543 viva:
2236 488 2499 545 duntavat
2525 490 2673 547 vocis
2700 491 2919 548 oraculo
2944 493 3304 565 impertierat,

99 569 368 629 metueratio
401 569 454 623 in
504 569 648 625 hunc
677 570 894 624 modum
923 591 936 628 :
962 570 1271 640 Autipbona
1290 612 1306 636 ,
1337 570 1622 627 Similabo.

101 665 276 727 Versus,
296 660 509 716 Iustum
534 660 773 716 deduxit.
803 661 1011 727 Oratio,
1041 682 1060 715 ι
1107 661 1460 734 Omnipotens
1488 679 1626 719 sem-

103 756 315 826 tpitcrue
352 753 534 819 Deus,
564 763 669 808 etc.
701 752 769 809 Ut
792 768 890 824 per
928 752 1046 823 ejus
1086 755 1528 811 intercessionem
1571 764 1626 812 et

101 849 297 903 «merita
332 847 573 902 divinam
609 849 662 902 in
689 849 942 920 praesenti
982 851 1210 919 gratiam
1231 892 1246 917 ,
1276 862 1331 907 et
1366 862 1623 909 aeternam

102 963 114 991 ι
139 940 357 994 iniuturo
379 938 615 1009 gloriam
641 941 900 1012 consequi
917 956 1247 997 mereamur.
1270 963 1287 996 ι
1313 942 1626 1014 Sequuntur

97 1034 330 1088 Orationes
364 1033 432 1086 ad
460 1032 682 1087 Missam
708 1034 973 1103 dicendze,
1005 1049 1232 1104 quarum
1274 1036 1444 1106 prima
1481 1036 1627 1092 dice-

96 1138 160 1180 tnr
182 1126 225 1179 in
256 1126 336 1180 die
355 1125 420 1180 ad
455 1128 1008 1198 utrasqueVesperas,
1040 1128 1249 1184 Laudes
1277 1138 1333 1184 et
1362 1128 1622 1197 Tertiam,

94 1230 132 1274 et
153 1218 365 1286 quotidie
414 1219 486 1273 ad
539 1222 1111 1276 commemorationem
1157 1220 1211 1275 in
1257 1220 1534 1277 Matutinis
1571 1230 1627 1277 et

96 1308 315 1379 Vesperis.
356 1308 597 1365 Onuto.
647 1327 666 1362 ι
704 1309 1062 1380 Omnipotens
1111 1312 1447 1382 sempiterne
1485 1312 1626 1369 Deus

100 1401 207 1470 tqui
251 1402 687 1457 renuntiantibus
740 1401 937 1457 sarculo
991 1404 1306 1460 mansiones
1356 1421 1519 1475 paras
1570 1406 1624 1461 in

99 1491 262 1553 «creto,
292 1492 616 1545 immensam
649 1490 991 1547 clementiam
1034 1501 1178 1547 tuam
1220 1494 1497 1549 humiliter
1525 1496 1625 1550 im-

100 1602 111 1634 t
137 1583 392 1651 plorantus,
423 1594 507 1644 ut,
537 1583 910 1639 intercedente
937 1583 1098 1639 beato
1127 1584 1380 1641 Brunone
1413 1586 1625 1643 confes-

99 1689 229 1727 tsore
257 1682 359 1737 tuo,
390 1683 541 1739 vota,
581 1689 704 1743 qua:
751 1674 1057 1745 proﬁtendo
1101 1674 1352 1741 fecimus,
1394 1676 1626 1733 ﬁdeliter

101 1786 112 1817 ι
139 1765 347 1834 implere,
375 1775 430 1821 et
469 1766 541 1819 ad
569 1781 633 1820 ea
653 1806 669 1831 ,
700 1781 820 1835 quae
849 1768 1327 1838 perseverantibus
1358 1769 1412 1824 in
1443 1779 1498 1825 te
1539 1771 1622 1825 di-

100 1879 112 1909 t
136 1868 295 1927 gnatus
329 1874 387 1913 es
413 1858 773 1928 promittere,
815 1859 1094 1914 valeamus
1125 1860 1418 1915 salubriter
1445 1878 1629 1933 perve-

101 1954 248 2006 tnire.
273 1951 390 2013 Per.
428 1970 449 2004 ι
482 1950 761 2007 Sacae“.
803 1970 821 2005 ι
852 1950 1191 2007 Sacraudum
1233 1954 1349 2020 tibi,
1378 1955 1624 2024 Domine,

102 2059 295 2098 «manus
339 2042 659 2109 offerimus,
715 2044 1057 2113 maiestatem
1114 2053 1259 2100 tuam
1314 2046 1631 2117 suppliciter

104 2143 409 2199 texerantes,
442 2145 506 2190 ut
547 2151 650 2207 per
689 2136 1129 2192 intercessionem
1153 2146 1208 2192 et
1242 2140 1435 2193 merita
1483 2140 1627 2195 beati

102 2226 365 2283 «Brunonis
397 2227 740 2284 confessoris
774 2229 883 2295 tui,
913 2244 944 2283 a
989 2232 1228 2300 peccatis
1275 2232 1531 2289 omnibus
1575 2242 1632 2288 et

104 2338 116 2368 ι
142 2328 440 2387 peccatorum
465 2320 718 2379 omnium
742 2322 922 2391 pinnis
946 2322 1200 2389 absoluti,
1225 2333 1504 2395 acceptum
1531 2324 1628 2382 tibi

105 2430 117 2461 ι
142 2412 426 2467 sacriﬁcium
454 2413 511 2468 in
547 2423 658 2469 tum
682 2413 959 2469 Passionis
983 2422 1038 2469 et
1061 2424 1260 2470 nostra:
1282 2416 1631 2487 Redemptio-

106 2522 119 2553 ι
143 2503 206 2558 nis
228 2506 536 2559 memoriam
566 2503 765 2565 oﬂ'erre
790 2505 1087 2560 valeamus.
1114 2505 1215 2574 Qui
1246 2507 1406 2561 vivis.
1437 2528 1457 2560 ι
1486 2507 1629 2563 Con-

102 2605 266 2645 rtmt.
295 2612 313 2644 ι
339 2591 442 2648 Per
464 2594 589 2649 haec
618 2603 833 2660 saneta,
860 2609 979 2666 quae
1024 2596 1374 2666 sumpsimus,
1405 2597 1630 2654 Domine

107 2682 283 2749 tDeus,
323 2686 468 2757 pium
511 2687 575 2741 in
627 2688 787 2742 nobis
815 2688 1054 2744 accende
1093 2698 1293 2745 sanctae
1331 2689 1629 2763 Religionis

107 2776 369 2843 taﬂectum,
396 2788 459 2834 ut
492 2780 650 2851 ejus,
677 2794 837 2849 quem
866 2788 922 2843 ut
954 2788 1165 2851 patrem
1202 2782 1254 2836 in
1295 2783 1457 2839 terris
1497 2783 1630 2840 coli-

107 2882 257 2929 imus.
289 2868 518 2939 vestigia
552 2868 931 2938 insequentes,
963 2869 1200 2939 quod,te
1228 2871 1483 2939 donante,
1505 2888 1629 2942 pro-

108 2976 121 3009 ‹
146 2960 380 3027 misimus,
418 2971 473 3018 te
499 2971 796 3028 operante,
828 2962 1083 3032 implere,
1110 2977 1165 3018 et
1197 2978 1319 3019 cum
1347 2964 1475 3029 vitae
1505 2965 1629 3022 ﬁnis

108 3066 121 3097 ι
145 3050 406 3118 advenerit,
438 3052 512 3107 ad
548 3060 625 3116 te,
651 3052 742 3122 qui
768 3054 854 3107 via
872 3093 888 3117 ,
915 3052 1147 3120 veritas,
1177 3063 1232 3111 et
1258 3054 1368 3113 vita
1394 3070 1473 3123 es,
1504 3070 1632 3127 per-

108 3157 121 3190 ι
144 3142 288 3197 venire
313 3159 646 3199 mereamur.
670 3142 773 3211 Qui
805 3144 960 3209 vivis,
988 3162 1009 3198 ι
1028 3154 1135 3200 etc.

152 3231 244 3286 769.
265 3234 561 3298 Posterior,
585 3251 680 3293 seu
704 3251 824 3305 quae
847 3237 1143 3293 ann015l6
1168 3237 1269 3294 fuit
1290 3242 1626 3312 praescripta,

106 3319 165 3374 his
182 3324 334 3378 verbis
352 3325 699 3395 concipitur:
728 3345 748 3378 ε
783 3325 1196 3383 Ordinationem
1220 3329 1274 3383 in
1304 3333 1628 3398 praecedenti

107 3416 287 3486 capitulo
312 3420 511 3476 factam
546 3421 692 3476 circa
729 3421 1147 3478 celebrationem
1176 3422 1297 3478 festi
1322 3423 1466 3479 beati
1499 3423 1632 3478 Bru-

107 3509 221 3563 nonis
252 3509 418 3567 Patris
452 3512 633 3567 nostri
669 3512 1084 3580 conﬁrmamus,
1112 3522 1167 3569 et
1205 3530 1324 3570 eam
1368 3525 1632 3586 perpetuo

106 3596 143 3647 in
165 3597 331 3655 Ordine
364 3615 560 3659 nostro
587 3603 862 3659 observari
910 3603 1164 3659 volumus
1197 3613 1252 3660 et
1290 3606 1631 3674 mandamus,

106 3686 179 3743 hoc
201 3692 393 3759 addito,
440 3694 615 3763 quod,
658 3693 800 3749 sicut
839 3695 891 3749 in
920 3694 1162 3750 Letaniis
1187 3694 1410 3765 privatis
1432 3736 1445 3760 ,
1477 3695 1551 3749 ita
1579 3705 1637 3751 et

106 3779 141 3833 in
162 3788 584 3843 conventualibus
618 3796 853 3857 ponatur
877 3798 932 3843 et
974 3788 1278 3853 scribatur,
1314 3797 1371 3843 et
1410 3790 1478 3844 ab
1511 3789 1685 3847 inde.

107 3875 266 3931 dicatur
290 3894 303 3933 :
334 3898 351 3932 ι
380 3879 588 3936 Sancte
616 3881 813 3945 Bruno,
844 3896 940 3936 ora
965 3897 1061 3951 pro
1082 3882 1290 3938 nobis.»
1318 3882 1387 3936 Et
1418 3884 1469 3936 in
1496 3881 1636 3936 Mar-

109 3967 315 4038 tyrologio
359 3973 457 4025 sub
506 3971 596 4027 die
654 3982 805 4027 sexta
861 3972 1112 4028 Octobris
1164 3973 1474 4029 scribantur
1521 3974 1636 4028 haec

108 4058 227 4112 verba
254 4076 266 4113 :
300 4061 350 4116 In
378 4062 637 4118 Calabria
671 4065 936 4134 depositio
965 4065 1106 4120 beati
1131 4065 1399 4121 Brunonis
1424 4066 1637 4121 confes-

108 4145 232 4207 soris,
261 4152 409 4217 primi
447 4152 784 4208 institutoris
832 4154 1040 4210 ordinis
1088 4154 1517 4211 Cartbusiensis.
1570 4156 1638 4213 Et

110 4234 397 4295 nihilominus
439 4242 793 4309 ordinamus,
846 4245 987 4315 quod
1019 4246 1084 4301 de
1113 4246 1221 4300 vita
1272 4245 1388 4314 ejus
1425 4246 1639 4302 uoviter

111 4324 314 4394 impressa
339 4333 560 4402 legatur
592 4336 644 4389 in
676 4335 965 4392 refectorio
1000 4339 1225 4410 singulis
1256 4340 1415 4394 annis
1449 4340 1500 4394 in
1528 4341 1639 4395 sin-

110 4416 212 4483 ευίὶς
236 4421 468 4480 domibus
492 4424 714 4481 Ordinis
743 4429 795 4481 in
829 4429 974 4484 dicto
1008 4430 1165 4485 festo.
1197 4449 1214 4482 ι
1248 4432 1392 4487 Duas
1422 4432 1519 4486 has
1548 4448 1641 4485 or-

1726 577 2000 634 facuitatis
2030 581 2360 637 mentionem
2393 583 2446 636 in
2482 584 2649 653 priori
2684 584 2864 641 facere
2890 586 3107 656 capituli
3139 604 3305 658 gene-

1726 669 1857 725 ralis
1906 672 2031 724 anni
2062 671 2199 726 l5i5
2242 672 2432 729 Patres
2472 691 2577 730 non
2615 677 2936 743 omiserint,
2974 679 3098 748 quis
3143 679 3307 736 Bullae

1727 762 2043 831 pontiﬁciaa,
2069 762 2271 818 cultum
2300 765 2567 821 Brunonis
2590 768 3018 839 ecclesiasticum
3060 785 3166 824 non
3197 780 3307 826 tan-

1729 863 1840 906 tum
1871 854 2262 921 permittentis,
2295 856 2390 910 sed
2417 856 2579 911 etiam
2616 858 2961 912 decernentis
2996 874 3090 913 seu
3126 860 3307 927 praeci-

1725 944 1945 1014 pientis,
1973 946 2016 997 si
2045 944 2243 998 bullam
2273 947 2580 1016 hujusmodi
2613 947 2915 1013 novissent,
2949 950 3305 1016 mentionem,

1727 1034 2054 1094 arbitretur.
2084 1036 2301 1106 capituli
2343 1038 2468 1092 anni
2501 1038 2639 1092 1516
2682 1038 2873 1095 Patres
2916 1039 3159 1095 facturos
3202 1056 3306 1094 non

1726 1122 1891 1179 fuisse
1936 1124 1989 1178 in
2038 1126 2306 1181 dictorum
2338 1126 2785 1183 documentorum
2832 1131 3150 1200 posteriori,
3202 1145 3309 1200 quo

1726 1215 2131 1278 conﬁrmarunt,
2166 1218 2311 1288 quod
2342 1228 2500 1273 antea
2529 1219 2596 1273 de
2624 1220 2769 1275 cultu
2799 1233 2987 1277 sancto
3015 1221 3164 1276 Patri
3211 1237 3310 1276 suo

1727 1308 2038 1373 deferendo,
2066 1323 2190 1364 cum
2225 1309 2270 1365 is
2312 1324 2342 1363 a
2393 1310 2669 1379 pontiﬁce,
2704 1329 2809 1367 nun
2850 1323 3173 1383 praeceptus,
3217 1312 3310 1367 sed

1726 1401 2021 1471 permissus
2048 1401 2307 1455 duntaxat
2338 1401 2545 1467 fuisset,
2577 1406 2910 1460 statuerant?

1797 1491 1921 1544 770.
1961 1490 2161 1546 Adhme
2191 1493 2243 1546 in
2281 1495 2571 1563 posteriori
2598 1510 2628 1549 e
2656 1496 2864 1551 duabus
2890 1497 3136 1552 recitatis
3163 1498 3311 1551 ordi-

1726 1584 2067 1650 nationibus,
2122 1600 2265 1641 anno
2294 1602 2360 1641 ex
2391 1588 2551 1643 dictis
2583 1588 2721 1643 1516
2756 1588 3005 1655 condita;
3034 1588 3309 1659 generalis

1725 1673 1945 1743 capituli
1995 1683 2122 1731 tunc
2171 1675 2423 1731 celebrati
2473 1678 2666 1735 Patres
2710 1679 2866 1734 bulla:
2912 1679 3232 1750 pontiﬁciae,
3280 1696 3310 1734 ι

1729 1765 1910 1822 Leone
1937 1767 2147 1821 decimo
2173 1783 2309 1837 papa
2335 1769 2403 1822 ad
2433 1771 2641 1825 ordinis
2657 1770 3061 1826 Carthusiensis
3085 1787 3313 1841 genera.

1732 1858 1837 1912 lem
1863 1858 2065 1924 missae,
2088 1874 2192 1928 qua
2219 1859 2305 1914 hic
2334 1860 2573 1929 pontifex
2605 1860 2662 1915 S.
2690 1862 2997 1916 Brunonem
3023 1861 3312 1916 canoniza-

1731 1951 1827 2015 rit,
1861 1965 1969 2004 non
2006 1959 2214 2003 tantum
2261 1966 2368 2005 non
2398 1952 2726 2019 meminere,
2764 1955 2859 2007 sed
2888 1951 3086 2007 bullam
3127 1950 3314 2020 hujus-

1730 2041 1874 2096 modi
1907 2056 1938 2094 a
1964 2040 2145 2095 Leone
2173 2041 2239 2095 ad
2268 2042 2475 2097 ordinis
2506 2043 2588 2098 sui
2616 2044 2923 2113 generalem
2950 2043 3169 2098 missam
3203 2058 3312 2098 non

1730 2131 1916 2198 fuisse,
1942 2134 1995 2187 in
2024 2134 2127 2189 bac
2149 2132 2264 2203 ipsa
2292 2134 2634 2189 ordinatione
2656 2150 2752 2189 sua
2781 2134 3103 2204 conjiciendi
3124 2150 3312 2190 ansam

1730 2226 1991 2297 praebent.
2017 2225 2152 2279 Dum
2178 2225 2324 2280 enim
2350 2226 2475 2293 bac,
2502 2236 2561 2281 ut
2585 2236 2806 2283 sanctus
2820 2226 3028 2281 ordinis
3053 2226 3132 2281 sui
3158 2225 3315 2279 insti-

1731 2327 1879 2373 tutor
1894 2316 2279 2389 martyroiogio
2308 2317 2663 2384 inscribatur,
2690 2317 3031 2388 praecipiunt,
3061 2331 3165 2370 non
3189 2331 3312 2369 cum

1732 2409 2050 2475 Saucti,sed
2076 2425 2197 2464 cum
2224 2409 2373 2465 Beati
2398 2407 2680 2464 dumtaxat
2704 2408 2860 2464 titulo
2886 2408 2999 2463 ﬁeri
3028 2409 3078 2463 id
3097 2407 3312 2483 iubent,

1730 2521 1886 2562 secus
1922 2514 2100 2560 tamen
2130 2503 2535 2560 verosimillime
2562 2503 2789 2570 facturi,
2827 2503 2871 2557 si
2901 2502 3061 2557 bulla:
3096 2501 3316 2572 pontiﬁ-

1732 2594 1830 2650 cire
1873 2594 1955 2659 vi,
1993 2609 2100 2665 qua
2136 2592 2318 2647 Bruno
2363 2594 2778 2648 canonizatione
2818 2591 3011 2647 saltem
3059 2605 3315 2661 aequiper-

1731 2684 1893 2752 lenti,
1919 2694 1978 2737 ut
2003 2691 2223 2750 vocant,
2252 2683 2603 2739 canonizatus
2632 2683 2855 2750 fuisset,
2884 2682 3070 2738 Sancti
3101 2681 3317 2736 titulum

1731 2778 1779 2833 ei
1812 2786 2122 2846 competere
2147 2785 2492 2846 perspectum
2529 2775 2867 2830 habuissent.
2897 2774 3007 2829 Nec
3030 2782 3141 2841 est,
3173 2772 3318 2843 quod

1731 2883 1988 2937 reponas,
2021 2867 2329 2921 Brunonem
2362 2867 2415 2921 in
2450 2868 2678 2938 praefata
2711 2867 3056 2923 ordinatione
3076 2908 3091 2932 ,
3130 2873 3319 2936 utpote

1731 2972 1837 3028 qua
1861 2971 1961 3026 per
1980 2971 2142 3011 voces
2168 2957 2353 3021 hasce,
2376 2976 2394 3008 r
2419 2956 2623 3013 Sancte
2644 2957 2952 3020 Bruno,ora
2974 2973 3072 3028 pro
3094 2956 3271 3021 nobis,
3294 2977 3312 3008 ›

1732 3048 1785 3102 in
1833 3047 2064 3103 Litaniis
2088 3047 2535 3102 conventualibus
2564 3047 2804 3103 invocari
2844 3046 3088 3116 iubetur,
3129 3045 3316 3101 Sancti

1657 3172 1703 3235 Ο
1736 3138 1892 3193 titulo
1927 3138 2091 3194 etiam
2124 3138 2512 3198 eondecorari:
2542 3152 2573 3193 e
2614 3137 2887 3194 caelitibus
2920 3138 3096 3203 enim,
3139 3138 3231 3207 qui
3263 3137 3319 3192 in

1732 3229 1963 3285 Litaniis
1988 3229 2319 3299 bujusmodi,
2344 3229 2560 3299 publice
2590 3228 2809 3284 recitari
2841 3228 2983 3284 haud
3007 3228 3205 3293 solitis,
3234 3244 3318 3282 m—

1729 3332 2014 3389 vocantur,
2047 3336 2153 3377 tam
2208 3322 2247 3377 ii
2284 3322 2376 3392 qui
2416 3330 2566 3388 sunt,
2617 3337 2780 3393 quam
2813 3322 2851 3377 ii
2893 3322 2983 3392 qui
3030 3336 3139 3376 non
3169 3329 3320 3387 sunt,

1731 3415 1785 3470 in
1812 3424 2126 3471 sanctorum
2172 3414 2350 3471 album
2400 3415 2814 3471 canonizatione
2862 3428 2957 3470 seu
2989 3412 3198 3468 formali
3225 3428 3320 3469 seu

1731 3506 2100 3577 :equipolienti
2127 3507 2305 3572 relati,
2332 3505 2523 3562 Sancti
2556 3507 2712 3562 titulo
2738 3507 2913 3562 solent
2940 3504 3318 3561 aiiiei.Verum

1733 3599 1923 3656 demus
1951 3600 2142 3663 etiam,
2172 3600 2371 3655 nullius
2400 3600 2557 3670 plane
2588 3599 2802 3656 roboris
2833 3615 2983 3666 esse,
3018 3615 3137 3671 qua:
3169 3614 3200 3654 e
3230 3614 3321 3653 ea-

1733 3692 2061 3761 pitularibus
2102 3693 2592 3748 Cartbusianorum
2643 3693 3079 3748 ordinationibus
3129 3700 3324 3747 contra

1736 3793 1998 3839 assertum
2032 3799 2061 3837 a
2099 3783 2324 3839 Camillo
2354 3782 2581 3848 Tutino,
2624 3800 2787 3852 quam
2831 3784 2898 3838 ad
2938 3783 3148 3839 ordinis
3192 3781 3331 3839 Car-,

1737 3876 2027 3932 tbusiensis
2057 3877 2362 3947 generalem
2400 3892 2541 3932 anno
2574 3877 2711 3932 i5i5
2748 3877 2863 3931 Leo
2891 3876 2935 3931 x
2976 3891 3112 3947 papa
3153 3875 3322 3929 mise~

1737 3969 1842 4034 rit,
1886 3968 2315 4023 canonizationis
2345 3967 2402 4021 S.
2434 3967 2706 4023 Brunonis
2740 3967 2944 4023 bullam
2987 3969 3041 4021 in
3082 3966 3323 4021 medium

1737 4063 2003 4117 hactenus
2042 4061 2391 4127 adduximus;
2436 4061 2634 4116 bullam
2662 4061 2915 4131 equidem
2947 4058 3258 4128 bujnsmodi
3290 4076 3319 4112 a

1738 4152 1993 4222 pontiﬁce
2023 4151 2116 4207 illo
2140 4153 2320 4207 datam
2352 4168 2628 4222 nunquam
2664 4151 2867 4209 fuisse.
2914 4166 2978 4205 ac
3016 4150 3172 4220 proin
3225 4164 3326 4203 nec

1738 4244 1807 4298 ad
1837 4243 2045 4299 ordinis
2083 4242 2486 4298 Cartbusiensis
2516 4242 2822 4315 generalem
2872 4242 3129 4304 missam,
3170 4240 3327 4294 indu-

1739 4336 1969 4390 bitatum
1998 4351 2118 4391 esse
2148 4336 2231 4389 vel
2263 4335 2469 4391 idcirco
2493 4335 2673 4399 debet,
2707 4334 2847 4403 quod
2879 4333 2936 4388 S.
2964 4329 3325 4389 Bruuo.Car~

1741 4429 2113 4485 thusiauornm
2161 4442 2360 4497 parens
2398 4442 2462 4480 ac
2508 4427 2807 4489 institutor,
2839 4440 2869 4478 a
2899 4423 3082 4478 Leone
3112 4418 3325 4476 decimo

111 4508 391 4582 dinationes,
419 4534 547 4589 quae
575 4536 607 4575 e
650 4521 838 4577 codice
860 4523 1295 4591 ordiuationum,
1331 4541 1360 4579 a
1389 4526 1641 4595 capitulis
1672 4516 1717 4574 D
1743 4522 2160 4579 canonizatione
2200 4534 2300 4575 nec
2331 4518 2544 4573 formali
2575 4531 2675 4574 nec
2704 4516 3063 4589 aequipollenti
3096 4515 3328 4570 Sanetm

112 4604 393 4665 generalibus
420 4608 767 4664 conditarum
790 4652 804 4674 ,
830 4612 885 4665 in
913 4612 1069 4668 titulo
1090 4655 1103 4678 ,
1135 4613 1201 4669 iis
1232 4615 1284 4668 in
1310 4616 1486 4685 capite
1508 4633 1642 4687 pra:-

114 4688 211 4755 tixo,
244 4694 532 4768 desumpta:
585 4708 863 4767 notantur,
922 4719 1044 4757 cum
1103 4704 1235 4774 ipsis
1289 4710 1640 4778 autograpbis

114 4789 385 4843 concordare
423 4801 667 4847 testatur.
694 4794 956 4863 ipsemet,
986 4798 1076 4866 qui
1111 4798 1300 4852 iisdem
1338 4800 1640 4854 subscribi-

116 4878 195 4935 tur,
220 4882 692 4937 reverendissimus
717 4884 927 4940 ordinis
960 4886 1364 4943 Carthusiensis
1395 4890 1642 4945 minister

117 4973 327 5031 generalis
348 4975 673 5033 Franciscus
694 4979 883 5035 Bieiet.
914 4981 1170 5049 Expende
1197 4982 1375 5047 modo,
1401 4984 1643 5039 studiose

118 5053 268 5123 lector,
311 5064 413 5120 duo
449 5068 551 5121 ista
596 5068 708 5136 jam
765 5071 989 5126 recitata
1042 5073 1396 5139 documenta,
1444 5076 1643 5145 vixque

118 5146 259 5206 dubito
286 5157 407 5223 quin
463 5158 702 5216 futurum
733 5163 826 5227 sit,
856 5172 918 5218 ut
954 5165 1191 5229 fateare,
1227 5166 1278 5219 in
1312 5166 1506 5221 borum
1535 5170 1643 5222 sal-

121 5246 199 5294 tetu
232 5252 503 5314 posteriori
553 5253 945 5312 Cartbusianos
994 5258 1263 5326 generalis
1316 5273 1461 5312 anno
1506 5258 1643 5314 1516

121 5332 325 5422 celebrati
371 5347 586 5414 capituli
635 5347 825 5405 Patres
855 5350 1289 5420 pontiﬁciarum,
1334 5351 1531 5422 quibus
1581 5351 1640 5409 S.

125 5417 261 5479 Bruuo
275 5434 611 5491 cauouizatus
640 5417 1185 5503 fuisset,iitterarum
1211 5417 1450 5495 facturos
1479 5440 1646 5498 fuisse

126 5519 417 5588 mentionem,
445 5528 487 5581 si
511 5528 578 5583 ad
607 5529 821 5585 illorum
850 5532 933 5586 ba:
958 5531 1320 5602 cognitionem
1350 5532 1643 5597 venissent,

127 5603 361 5682 Inisticque
388 5619 541 5685 adeo,
568 5631 627 5676 ut
657 5623 886 5679 Tutiuus
911 5624 1090 5678 verbis
1119 5624 1365 5692 proxime
1408 5624 1647 5682 recitatis

130 5704 354 5799 inmeriti:
397 5713 606 5780 prodit,
638 5715 703 5769 ad
733 5715 938 5771 ordinis
970 5715 1378 5771 Cartliusiensis
1426 5732 1648 5799 genera-

132 5780 208 5845 λείη
228 5792 451 5860 fuissent.
481 5805 611 5865 Cum
640 5810 804 5889 enim,
839 5827 943 5887 qua
974 5810 1238 5889 pontifex,
1270 5780 1485 5891 publigé
1508 5810 1643 5883 ΒΜΓ

1741 4631 1859 4669 rum
1906 4626 2135 4667 numero
2175 4609 2339 4665 fuerit
2386 4608 2725 4678 adscriptus,
2753 4609 2852 4674 uti,
2884 4624 3004 4679 qua:
3033 4605 3147 4677 jam
3181 4621 3325 4661 uuuo

1742 4708 1987 4762 dicturus
2010 4720 2149 4769 sum,
2179 4702 2524 4757 manifestum
2552 4700 2806 4757 eﬁicient.

1811 4800 1935 4853 771.
1990 4799 2128 4851 Ante
2167 4795 2377 4861 omnia,
2427 4802 2515 4859 ut,
2552 4808 2621 4847 an
2659 4809 2788 4848 vere
2824 4793 3059 4848 Sanctus
3089 4808 3118 4845 a
3151 4807 3329 4849 LeOIIO

1742 4889 2096 4945 canonizatus
2126 4886 2318 4962 fuerit,
2355 4884 2550 4939 melius
2574 4885 2955 4955 perSpiciatur,
2987 4884 3116 4955 quid
3147 4894 3201 4939 ct
3236 4901 3331 4953 ca-p

1744 4981 2017 5037 nonizatio
2062 4989 2117 5035 et
2164 4977 2493 5034 beatiﬁcatio
2522 4977 2620 5043 sit,
2661 4979 2846 5048 sicque
2875 4978 3132 5049 quidnam
3187 4979 3329 5033 hanc

1745 5074 1886 5128 inter
1911 5080 1967 5127 et
2002 5071 2149 5128 illam
2180 5069 2512 5125 discriminis
2539 5069 2865 5133 intercedat,
2896 5068 3199 5123 videamus.
3232 5068 3331 5119 Ca-

1745 5165 2042 5231 nonizatio,
2075 5174 2133 5219 ut
2158 5162 2487 5219 Benedictus
2510 5160 2627 5216 XIV
2658 5162 2732 5217 De
2758 5176 3042 5216 servorum
3072 5159 3163 5213 Dei
3203 5158 3333 5213 bea-

1747 5257 2062 5323 tiﬁcalione,
2088 5267 2142 5311 et
2161 5256 2442 5311 beatorum
2471 5255 2882 5310 canonizatione
2906 5252 2998 5307 lib.
3032 5268 3070 5317 t,
3095 5267 3212 5320 cap.
3240 5250 3329 5327 4i,

1746 5366 1893 5404 num.
1929 5350 1956 5403 1
1990 5350 2179 5413 docet,
2212 5347 2405 5417 duplex
2435 5354 2551 5412 est,
2581 5345 2687 5400 alia
2718 5343 2995 5409 formulis,
3028 5341 3131 5395 alia
3162 5340 3330 5409 aequi-

1745 5440 1973 5510 poilens.
1994 5438 2288 5502 Formalis,
2310 5453 2430 5508 qua:
2452 5436 2559 5491 ﬁta
2581 5451 2792 5493 summo
2815 5434 3090 5506 pontiﬁce,
3115 5439 3332 5495 servata

1747 5532 1919 5585 forma
1958 5529 2202 5599 iudiciali
2240 5530 2558 5601 prolataque
2596 5528 2901 5590 sententia,
2948 5535 3002 5580 et
3030 5523 3336 5590 observatis

1747 5624 2022 5679 consuetis
2045 5620 2818 5691 czeremoniis..45quipollens,
2844 5634 2964 5675 cum
2993 5617 3087 5672 Dei
3117 5631 3327 5685 servus,

1750 5715 1802 5769 in
1835 5715 2053 5785 antiqua
2086 5716 2264 5771 cultus
2288 5713 2630 5786 possessione
2664 5711 2939 5775 existens,
2988 5708 3129 5763 fama
3157 5707 3331 5761 virtu-

1751 5818 1863 5863 tum
1892 5816 1945 5867 et
1972 5808 2356 5867 miraculorum
2381 5802 2795 5875 celebris,nullu
2823 5802 3033 5887 prolata
3059 5800 3327 5887 sententia
