3846 6316
495 299 602 360 415

1295 307 1353 358 3.
1395 303 1743 361 anu-Notus
1783 300 2426 363 canrnusnmoauu
2461 302 2950 365 INSTlTUTOltlS
3112 273 3216 309 “""‘

3639 304 3738 360 ηο-

497 431 603 474 nec
651 425 864 490 servato
901 417 1090 474 ordine
1131 417 1408 489 judiciali,
1438 419 1761 488 omissisque
1805 419 2077 475 consuetis
2107 425 2151 482 Α
2180 421 2544 490 consequitur,
2568 427 2626 475 ut
2657 435 2756 476 nec
2780 421 3003 487 bullam,
3033 437 3138 492 qua
3168 421 3231 480 S.
3261 422 3576 478 Brunouem
3606 429 3747 483 ωηο.

499 507 873 573 caeremoniis,
921 509 1025 568 coli
1051 509 1271 580 jubetur
1300 510 1352 565 iu
1385 511 1632 565 universa
1665 509 1904 565 Ecclesia
1936 519 2084 565 certo

499 597 587 662 die
615 613 711 668 per
736 597 894 658 ofﬁcii
933 608 987 655 et
1021 601 1200 656 missae
1230 601 1601 656 recitationem
1631 600 2084 655 celebrationem-

501 703 629 759 que,
656 689 766 744 ritu
793 691 979 756 etiam,
1003 701 1192 745 contra
1221 707 1284 746 ac
1313 692 1366 746 in
1388 689 1817 746 canonizationis
1844 688 2088 745 formalis

501 781 664 836 bullis
707 782 830 851 (adi
882 783 1155 837 laudatum
1208 782 1483 838 Benedicti
1545 781 1660 837 XIV
1715 796 1852 852 opus
1902 782 1996 836 lil).
2034 797 2083 845 ι,

502 887 624 942 cap.
657 873 753 938 58,
803 889 949 927 num.
988 873 1021 927 5
1051 882 1105 928 et
1147 876 1286 942 seq.)
1320 873 1434 927 fieri
1467 872 1693 936 assolet,
1727 887 1822 927 seu
1885 869 2086 940 duplici

505 979 600 1019 seu
633 964 970 1035 semiduplici
993 1006 1007 1030 ,
1036 980 1142 1034 quo
1167 965 1282 1018 fieri
1314 964 1441 1018 illud
1482 963 1708 1030 debeat,
1735 977 1992 1028 expresse
2023 977 2089 1018 ac

505 1057 858 1120 nominatim,
893 1059 966 1110 uti
991 1071 1020 1110 e
1049 1057 1209 1114 variis
1233 1056 1660 1112 canonizationis
1699 1055 2088 1125 aequipollentis

506 1148 802 1218 exemplis,
834 1163 862 1202 a
894 1149 1184 1205 Benedicto
1226 1148 1338 1206 XIV
1383 1148 1596 1216 operis,
1630 1163 1756 1202 mox
1786 1147 1983 1202 iterum
2013 1147 2089 1200 ci-

509 1239 636 1303 tati,
667 1239 758 1293 lib.
794 1255 834 1304 ι,
867 1255 984 1306 cap.
1010 1233 1100 1306 «ll,
1145 1240 1418 1306 adductis,
1468 1240 1800 1310 intelligitur,
1831 1237 2089 1293 determi-

509 1321 758 1386 natuseu
783 1329 786 1332 ’
807 1333 1155 1401 pr:escripto,
1191 1332 1544 1400 ulteriorique
1572 1330 1798 1400 proinde
1830 1329 1945 1400 (adi
1985 1329 2086 1383 ite-

507 1436 628 1475 rum
669 1421 942 1476 laudatum
989 1424 1265 1478 Benedicti
1311 1423 1425 1478 XIV
1457 1439 1591 1492 opus
1629 1423 1721 1478 lib.
1756 1439 1806 1487 ι,
1837 1436 1956 1491 cap.
1997 1421 2089 1486 38,

511 1527 662 1566 num.
697 1512 730 1567 5
759 1522 813 1568 et
843 1515 984 1584 seq.)
1016 1515 1421 1586 cunstitufione,
1451 1525 1510 1568 ut
1531 1513 1784 1577 Sanctus,
1810 1512 1900 1582 qui
1930 1526 2092 1565 rano-

507 1605 779 1666 nizatione
813 1596 1179 1676 mquipollcnti
1211 1608 1559 1661 canonizatus
1584 1606 1705 1681 fuit,
1735 1607 1809 1660 ita
1839 1604 1941 1660 coli
1969 1619 2092 1667 pos—

509 1695 612 1760 sit,
649 1711 755 1750 non
802 1697 1086 1766 requisita.
1129 1696 1282 1764 Quod
1331 1697 1490 1751 modo
1533 1695 1596 1750 ad
1639 1693 2090 1750 beatifiratinnem

2185 509 2414 574 nizarit,
2447 525 2589 566 anno
2636 510 2774 566 15l5
2801 511 3037 578 dederit,
3069 513 3279 569 nedum
3312 515 3383 569 ad
3414 513 3617 569 ordinis
3640 514 3749 570 Car-

2185 599 2475 655 thusiensis
2496 602 2801 672 generalem
2824 603 3051 669 miserit,
3083 615 3285 658 contra
3315 619 3382 660 ac
3410 607 3586 660 verbis
3611 620 3749 674 supra

2187 691 2429 747 recitatis
2449 691 2707 746 Camillus
2730 693 2960 749 'l‘utinus
2987 695 3400 764 tradit,aliique
3429 695 3751 762 nonnulli,ab

2187 792 2276 846 eo,
2307 789 2565 852 quantum
2613 785 2828 854 opinor,
2857 785 2910 840 in
2938 801 3182 842 errorem
3234 787 3484 855 inducti,
3515 789 3752 859 hodieque

2186 873 2517 928 existimant.

2258 963 2381 1017 775.
2411 964 2590 1020 Porro.
2611 980 2734 1021 cum
2763 964 3005 1023 Sanetus
3033 977 3246 1036 noster,
3276 968 3374 1039 qui
3401 983 3467 1024 ex
3493 967 3600 1039 jam
3621 970 3752 1027 dictis

2189 1069 2218 1112 a
2249 1053 2426 1110 Leone
2454 1055 2501 1110 X
2531 1057 2885 1114 canonizatus
2929 1075 3037 1115 non
3081 1060 3213 1124 fuit,
3259 1075 3373 1115 non
3415 1061 3575 1114 aliter
3615 1075 3751 1131 quam

2189 1146 2326 1201 vivae
2358 1147 2506 1202 vocis
2533 1147 2778 1212 oraculo,
2824 1164 2966 1219 quo,
2998 1158 3056 1203 ut
3094 1151 3249 1205 cultu
3283 1151 3656 1207 ecclesiastico
3686 1153 3754 1206 or-

2192 1233 2354 1290 fit-ere
2381 1249 2504 1289 eum
2536 1250 2778 1307 possent,
2805 1239 3186 1295 Carthasianis
3236 1239 3345 1294 fuit.
3375 1254 3700 1306 concessum,
3727 1259 3750 1298 a

2190 1325 2412 1394 prtefato
2440 1329 2692 1396 pontifice
2715 1329 2888 1385 beatis
2917 1330 3082 1386 fuisse
3104 1333 3428 1402 adscriptas
3457 1332 3751 1399 inveniatur,

2192 1431 2296 1474 non
2347 1416 2516 1472 fuisse
2539 1418 2701 1473 etiam
2755 1420 2806 1474 id
2850 1421 2947 1476 abs
2977 1423 3078 1477 hoc
3115 1421 3331 1477 factum
3383 1423 3754 1478 beatificatioue

2192 1509 2431 1575 formali,
2480 1512 2572 1566 sed
2623 1521 2828 1566 tantum
2866 1514 3268 1585 arquipollenti,
3304 1514 3489 1578 facile,
3518 1525 3750 1584 quantum

2191 1601 2401 1671 Opinor,
2447 1602 2673 1672 quisque
2719 1602 2981 1674 intelliget
3026 1605 3228 1674 partim
3276 1621 3309 1658 e
3349 1602 3466 1672 jam
3505 1605 3620 1659 data
3659 1613 3748 1657 tum

2195 1693 2454 1760 formalis,
2484 1703 2595 1748 tum
2625 1693 3014 1764 a'quipollentis
3053 1711 3344 1751 servorum
3385 1693 3481 1750 Dei
3507 1694 3750 1749 beatifica-

509 1797 742 1858 spectat,
774 1789 920 1855 haec,
952 1803 1055 1842 non
1087 1804 1245 1843 secus
1285 1798 1448 1857 atque
1478 1786 1815 1842 eanonizatio
1836 1826 1849 1850 ,
1891 1785 1943 1838 in
1985 1784 2093 1836 for-
2125 1763 2165 1820 Β
2197 1786 2356 1840 tionis
2382 1786 2743 1856 descriptione
2769 1801 2861 1842 seu
2891 1788 3102 1853 notitia,
3137 1788 3344 1858 partim
3378 1802 3448 1841 ex
3475 1786 3642 1849 modo,
3664 1802 3752 1854 quo

510 1876 749 1941 malem,
801 1885 962 1946 atque
1019 1875 1450 1946 mquipollentem
1503 1875 1800 1930 dividitur:
1850 1872 2093 1928 formal's

510 1967 727 2036 quidem
753 1975 858 2032 est,
885 1952 1120 2036 quando,
1153 1968 1350 2037 przevia
1381 1965 1590 2021 formali
1621 1965 1954 2022 discussione
1982 1963 2095 2018 vir-

515 2067 686 2112 tutum
718 2067 774 2114 et
829 2058 1238 2123 miraculorum,
1268 2059 1509 2128 pontifex
1555 2058 1792 2128 indulget
1821 2065 1880 2110 ut
1905 2070 2094 2111 servus

513 2149 609 2204 Dei
637 2149 867 2216 colatur,
898 2159 1154 2221 tanquam
1185 2152 1409 2218 beatus,
1449 2150 1502 2204 iu
1553 2149 1736 2219 aliquo
1763 2156 1914 2203 certo
1944 2147 2090 2212 loco;

513 2241 866 2310 arquipollens
887 2257 1015 2296 vero
1033 2285 1045 2306 ,
1071 2257 1192 2297 cum
1217 2229 1460 2298 summus
1487 2241 1752 2310 pontifex,
1783 2238 1982 2308 praevia
2009 2236 2097 2305 ju-

515 2331 696 2385 diciali
742 2331 1062 2400 probatione
1094 2332 1253 2386 famae
1282 2333 1540 2386 virtutum
1580 2338 1633 2385 et
1685 2329 2091 2396 miraculorum,

517 2420 782 2488 approbat
808 2421 1136 2480 sententiam
1159 2421 1321 2475 latam
1354 2436 1381 2474 a
1397 2420 1581 2492 judice
1603 2420 1876 2475 ordinario
1899 2418 1981 2472 vel
2004 2419 2098 2472 de-

518 2513 697 2584 legato
748 2530 912 2585 super
945 2531 1074 2571 casn
1106 2524 1333 2587 excepto
1380 2531 1409 2570 a
1441 2516 1677 2570 decretis
1731 2515 1930 2570 Urbani
1962 2513 2090 2569 Vlll.

514 2603 595 2670 Ita
618 2615 878 2674 quantum
905 2609 972 2662 ad
1007 2608 1363 2662 substantiam
1396 2608 1449 2663 in
1482 2623 1646 2678 opere
1675 2607 1888 2663 laudato
1916 2606 2008 2661 lib.
2047 2621 2096 2673 l,

517 2711 640 2767 cap.
672 2697 758 2763 42,
793 2713 942 2753 num.
982 2700 1196 2764 8,idcm
1226 2699 1550 2756 Benedictus
1578 2698 1715 2754 λιν.

589 2789 716 2852 7ἷ2.
764 2789 823 2845 lu
863 2805 928 2846 eo
970 2791 1154 2861 itaque
1189 2792 1530 2847 canonizatio
1577 2807 1670 2848 seu
1718 2790 1959 2846 formalis
2003 2804 2097 2845 seu

517 2883 870 2953 mquipollens
907 2899 938 2938 a
969 2884 1370 2940 heatificatioue
1408 2900 1503 2940 seu
1552 2884 1765 2940 formali
1797 2899 1904 2946 seu
1933 2883 2099 2952 aequi-

518 2974 738 3043 pollenti
786 2977 1128 3045 potissimum
1180 2975 1391 3040 differt,
1428 2976 1570 3045 quod
1617 2975 1947 3031 beatificatio
1979 2989 2101 3043 per-

520 3065 832 3121 missionem
865 3067 1151 3132 duntaxat,
1198 3067 1539 3122 canonizatio
1567 3067 1742 3122 cultus
1772 3074 2097 3136 przeceptum

521 3147 807 3225 importet,
845 3158 1086 3227 itemque
1133 3160 1275 3228 quod
1307 3160 1359 3212 in
1390 3157 1795 3214 beatificatione
1823 3157 2002 3212 cultus
2035 3155 2101 3210 ad

521 3248 754 3319 aliquam
805 3250 1168 3324 provinciam,
1204 3249 1512 3314 ditecesim,
1567 3234 1842 3318 civitatem
1889 3247 2105 3318 religio-

524 3355 708 3395 samve
758 3339 1020 3394 familiam
1049 3343 1422 3398 contrahatur.
1473 3341 1526 3393 in
1576 3338 1988 3394 canonizatione
2038 3336 2104 3390 ad

527 3429 818 3486 E‘c‘csiam
868 3431 1181 3485 universam
1228 3431 1572 3484 extendatur.
1607 3428 1725 3484 1am
1777 3443 1937 3489 vero,
1981 3441 2104 3482 cum

527 3521 642 3574 lucc
670 3523 739 3575 ita
767 3523 1022 3586 habeant,
1051 3536 1115 3576 ac
1146 3523 1379 3576 maxime
1407 3520 1622 3591 quidem
1644 3535 1765 3574 cum
1796 3519 1850 3574 in
1878 3520 1964 3582 iis,
1987 3533 2106 3587 quae

527 3611 595 3664 ad
627 3613 867 3676 beatum,
897 3613 987 3682 qui
1019 3612 1394 3675 canonizatur,
1424 3619 1693 3681 spectant,
1735 3609 2107 3680 examinandis

524 3701 797 3771 judicialis
825 3703 957 3759 ordo
983 3718 1076 3758 seu
1110 3702 1280 3760 forma
1308 3705 1373 3757 ad
1403 3701 1870 3756 cauonizationem
1905 3699 2108 3754 forma-

529 3793 634 3847 lem
688 3793 1016 3864 rcquiratur,
1067 3794 1374 3850 Brunouem
1413 3809 1544 3848 sane
1591 3795 1695 3848 hac
1737 3792 1950 3848 Sanctis
2001 3807 2106 3846 non

530 3882 698 3940 fuisse
725 3901 753 3937 a
787 3884 964 3941 Leone
1010 3887 1362 3956 adscriptum,
1398 3886 1741 3942 manifestum
1781 3893 1884 3941 est.
1926 3883 2108 3954 Neque

529 3989 661 4030 vero
703 3976 753 4030 id
789 3978 1074 4048 quisquam
1115 3979 1410 4033 contendit.
1443 3977 1598 4045 Quod
1633 3989 1810 4032 autem
1852 3977 1916 4031 ad
1947 3992 2111 4032 cauo-

531 4067 862 4124 nizationem
890 4069 1323 4141 azqttipollentem
1358 4072 1624 4139 pertinet,
1658 4086 1756 4124 nec
1782 4070 1880 4124 hac
1907 4069 2114 4124 Bruno-

531 4173 656 4213 nem
691 4161 896 4217 sanctis
924 4161 1034 4217 Leo
1063 4162 1370 4233 adscripsit.
1400 4161 1552 4216 Hunc
1581 4162 1723 4216 enim
1773 4163 1826 4216 in
1863 4162 2119 4226 universa

531 4251 773 4308 Ecclesia
814 4269 912 4325 per
938 4253 1170 4310 officium
1202 4263 1256 4309 et
1300 4253 1480 4308 missa:
1521 4252 1937 4310 celebrationem
1968 4253 2112 4320 coli,

531 4359 598 4400 eo
629 4345 818 4413 modo,
851 4362 1011 4417 quem
1034 4346 1468 4406 canonizationis
1494 4345 1889 4420 aequipollentis
1913 4345 2115 4400 descri-

2194 1879 2245 1933 in
2283 1878 2519 1934 cmlitum
2556 1879 2851 1958 honoribus
2899 1878 2957 1934 8.
2986 1879 3226 1934 Brunoni
3270 1879 3626 1936 concedendis
3661 1879 3748 1933 Leo

2193 1983 2329 2040 papa
2384 1969 2716 2038 processisse
2777 1970 3041 2024 asseritur
3101 1980 3215 2025 tum
3276 1986 3311 2025 a
3381 1968 3748 2025 Blomenveuna

2196 2060 2442 2130 buncque
2483 2067 2670 2116 secuto
2709 2057 2870 2114 Surio
2893 2060 2944 2114 in
2977 2061 3328 2116 concinnatis
3356 2075 3387 2114 a
3417 2074 3477 2114 se
3502 2059 3658 2113 sancti
3680 2057 3748 2112 Vi-

2198 2149 2298 2214 tis,
2335 2158 2444 2204 tum
2477 2149 2545 2204 ab
2573 2149 2804 2204 Antonio
2834 2149 2891 2202 8.
2930 2149 2993 2202 Ρι.
3037 2149 3096 2202 Ε.
3137 2150 3411 2204 cardinali
3446 2148 3680 2218 Papiensi
3705 2147 3748 2200 in

2195 2241 2389 2296 litteris
2418 2257 2580 2312 supra
2623 2243 2728 2297 huc
2763 2243 3123 2312 transcriptis.
3175 2244 3263 2298 Ad
3310 2241 3589 2296 formalem
3630 2241 3746 2295 enim

2197 2331 2306 2400 (adi
2348 2347 2497 2385 ntnn.
2527 2331 2650 2400 77f)
2693 2332 3144 2386 beatiticationem
3186 2330 3479 2396 formulis,
3513 2345 3622 2398 qua:
3649 2329 3750 2382 huic

2196 2431 2395 2492 praeest
2438 2436 2532 2476 seu
2570 2422 2770 2490 praevia
2824 2423 2922 2487 sit,
2971 2423 3234 2478 virtut-um
3294 2420 3754 2487 miraculorumque

2197 2513 2335 2569 servi
2378 2512 2501 2579 Dei,
2533 2513 2624 2581 qui
2653 2514 2825 2568 beatis
2865 2511 3257 2568 adscribendus
3307 2511 3632 2583 preponitur,
3659 2507 3748 2562 dis-

2197 2603 2376 2659 cussio
2415 2604 2738 2673 requiritur;
2788 2605 2978 2658 modus
3025 2613 3228 2669 autem,
3265 2618 3377 2672 quo
3411 2601 3520 2655 Leo
3546 2599 3750 2655 decimus

2199 2693 2254 2747 in
2298 2692 2651 2750 concedendis
2689 2691 2746 2746 S.
2775 2692 3013 2748 Bruuoni
3059 2691 3304 2747 caelitum
3337 2690 3746 2755 honoribuspron

2198 2782 2380 2844 cessit,
2412 2797 2641 2851 sequens
2675 2780 2812 2836 fuit:
2849 2781 2983 2836 Cum
3012 2783 3096 2836 hic
3143 2779 3428 2851 pontifex,
3471 2777 3586 2840 cui,
3613 2783 3667 2828 ut
3699 2771 3750 2826 8.⁴

2199 2875 2504 2946 Brunouem
2531 2873 2670 2929 festo
2701 2889 2882 2928 annuo
2909 2873 3189 2943 ofﬁcioque
3217 2870 3584 2928 ecclesiastico
3608 2869 3750 2922 hone-

2203 2967 2355 3020 randi
2400 2966 2878 3036 quotidianamque
2927 2967 2992 3020 de
3039 2980 3103 3020 eo
3146 2967 3197 3018 in
3249 2963 3506 3035 precibus
3552 2956 3748 3014 horariis

2203 3058 2769 3122 commemorationem
2815 3056 3045 3112 faciendi
3081 3056 3400 3132 facultatem
3445 3048 3749 3108 ordiuiCar-.

2207 3148 2464 3204 thusiensi
2505 3147 2800 3202 concedere
2831 3147 3170 3216 dignaretur,
3203 3146 3419 3216 priores
3440 3135 3744 3199 Carthusiani

2204 3237 2468 3307 deputati,
2510 3245 2565 3291 et
2603 3237 2869 3291 Antonius
2899 3237 2956 3290 8.
2993 3235 3055 3292 R.
3091 3237 3150 3290 Ε.
3191 3232 3484 3314 cardinalis
3509 3224 3744 3299 Papiensis

2207 3329 2371 3383 totius
2398 3343 2516 3383 mox
2545 3328 2674 3383 dicti
2700 3327 2920 3392 ordinis,
2947 3328 3099 3398 cujus
3113 3335 3393 3396 protector
3411 3332 3544 3386 erat,
3566 3316 3744 3374 nomine

2205 3419 2598 3490 supplicabant,
2632 3438 2649 3470 ι
2679 3417 2786 3488 iam
2814 3417 3014 3472 dudum
3049 3418 3114 3471 de
3135 3417 3390 3472 laudibus
3415 3428 3476 3466 ac
3499 3407 3743 3465 sanctitate

2205 3508 2446 3578 ejusdem
2485 3507 2624 3564 beati
2655 3505 2980 3582 confessoris
3019 3506 3252 3576 plurima
3285 3498 3641 3560 intellexisset,
3669 3507 3730 3543 ar-

2206 3588 2438 3658 bitratus
2467 3602 2683 3670 dignum
2707 3617 2827 3657 esse
2861 3615 2926 3656 ac
2946 3615 3248 3672 consonum,
3276 3596 3494 3658 rationi,
3522 3602 3594 3654 ut,
3613 3597 3741 3658 quem

2207 3694 2348 3762 Deus
2375 3693 2428 3747 in
2461 3695 2564 3748 hoc
2594 3693 2790 3748 saaculo
2821 3692 2982 3746 tantis
3011 3692 3166 3746 donis
3191 3700 3245 3745 et
3273 3689 3463 3762 gratiis
3485 3678 3740 3752 insignivit.

2208 3781 2542 3855 assumptum
2575 3785 2626 3839 in
2656 3783 2806 3840 caelis
2837 3783 3006 3854 magis
3035 3799 3099 3838 ac
3124 3784 3297 3853 magis
3317 3775 3678 3836 venerandum,
3700 3777 3741 3821 et

2209 3877 2296 3933 cui
2335 3876 2536 3931 viventi
2568 3876 2791 3931 dederat
2828 3891 2922 3930 cor
2951 3873 3296 3944 omnipotens
3329 3871 3400 3927 ad
3433 3872 3673 3939 prtem)”
3699 3865 3742 3909 εί

2211 3969 2382 4041 legem
2414 3970 2535 4024 vita:
2560 3978 2613 4024 et
2643 3967 2962 4038 disciplinas,
2993 3967 3166 4020 eidem
3200 3981 3344 4020 nunc
3367 3961 3505 4032 apud
3530 3958 3739 4011 ιιποηυιη

2211 4062 2404 4118 divina:
2431 4060 2613 4131 gloria:
2651 4058 2904 4115 existenti
2935 4057 3276 4127 impendatur
3315 4057 3367 4109 in
3407 4049 3562 4107 terris
3585 4041 3740 4131 debili:

2212 4130 2509 4208 devotionis
2549 4149 2888 4220 obsequium,
2922 4166 2940 4199 ι
2989 4145 3342 4218 postulationi
3387 4152 3565 4197 eorum
3592 4130 3742 4186 luben-

2213 4245 2420 4316 tissime
2456 4243 2748 4300 consensit.

2233 4403 2242 4407 _
2286 4338 2410 4394 774.
2444 4337 2520 4392 Ita
2555 4352 2712 4407 supra
2737 4335 2846 4406 jam
2876 4333 3014 4388 data:
3048 4347 3196 4387 num.
3231 4331 3338 4387 759
3363 4336 3417 4382 et
3442 4337 3580 4392 seqq.
3606 4317 3742 4407 Anto-

534 4437 667 4506 ptio,
703 4405 1113 4509 nttm.-pr:eced.
1145 4440 1307 4504 data,
1342 4405 1586 4504 includit,
1614 4405 1888 4508 nunquam
1911 4453 2114 4510 praece—
2144 4441 2188 4500 ι)
2217 4435 2290 4490 nii
2331 4433 2620 4490 cardinalis
2661 4432 2876 4487 litteras.
2928 4429 3038 4484 Nec
3078 4431 3146 4483 ab
3188 4428 3339 4481 hisce
3373 4437 3435 4479 ea
3481 4420 3612 4510 iure
3643 4405 3739 4510 Blo-

533 4527 632 4598 pit.
668 4528 862 4598 Liquet
891 4530 943 4585 id
970 4547 1037 4588 ex
1077 4548 1164 4598 eo,
1197 4534 1361 4603 quod,
1405 4531 1857 4602 quemadmodum
1906 4531 1958 4586 in
2005 4534 2116 4602 Ap...

534 4619 762 4690 pendice
811 4623 876 4676 ad
928 4623 1156 4692 gloriam
1208 4625 1394 4680 Sancti
1445 4625 1788 4694 posthumam
1840 4624 2112 4694 probabo,

536 4725 682 4765 anno
714 4712 851 4768 1625
886 4729 914 4767 a
939 4714 1202 4786 Gregorio
1229 4715 1326 4770 XV
1349 4733 1504 4787 papa,
1526 4725 1584 4770 ut
1614 4736 1632 4768 ι
1665 4715 1860 4771 festum
1897 4715 1954 4770 S.
1982 4716 2116 4770 Bru.

536 4803 763 4859 nonis...
791 4805 876 4860 die
901 4817 1054 4861 sexta
1085 4808 1401 4864 Octobris...
1434 4791 1498 4862 in.
1529 4808 1728 4862 Missali
1758 4819 1813 4864 et
1837 4809 2116 4864 Breviario

537 4893 784 4949 Romano
811 4896 1018 4965 reponi,
1041 4897 1383 4967 officiumque
1400 4899 1464 4953 de
1487 4912 1551 4952 eo
1567 4897 1904 4967 semiduplex
1930 4897 2117 4969 (verba

539 4993 665 5039 sunt
699 4985 880 5052 bullae,
913 5002 944 5041 a
974 4986 1232 5059 Gregorio
1259 4989 1360 5042 hac
1386 4989 1453 5042 de
1478 5003 1534 5042 re
1562 4989 1720 5054 datae,
1754 4987 2001 5056 infraque
2033 5003 2118 5041 re-

539 5075 790 5147 citandte)
818 5077 884 5131 ab
909 5079 1162 5133 omnibus
1201 5079 1399 5148 ubique
1426 5078 1671 5133 fidelibus
1699 5079 1920 5132 recitari
1951 5078 2119 5134 libere

539 5175 590 5220 et
633 5167 779 5223 licite
813 5178 998 5238 posset
1022 5186 1085 5225 ac
1104 5169 1330 5235 valeret,
1358 5191 1376 5223 ι
1404 5169 1780 5224 Carthusianis
1814 5168 2118 5239 supplican-

542 5253 706 5321 tibus,
737 5252 1059 5316 concessum
1089 5261 1303 5316 demum
1346 5261 1537 5324 fuerit;
1569 5260 1710 5314 unde
1746 5261 2116 5337 consequitur,
2155 5287 2161 5293 -

539 5357 602 5404 ut
628 5350 940 5420 enimvero,
975 5353 1235 5409 Sanctum
1267 5354 1322 5408 in
1357 5353 1606 5407 universa
1648 5351 1884 5408 Ecclesia
1917 5367 2015 5423 per
2037 5351 2120 5408 of-

541 5437 724 5496 ficium
749 5451 803 5498 et
832 5445 1010 5500 missas
1033 5444 1452 5502 celebrationem
1483 5443 1610 5506 coli,
1650 5457 1715 5498 eo
1743 5444 1900 5498 modo
1918 5485 1932 5509 ,
1959 5457 2124 5513 quem

541 5533 974 5591 cannuizationis
985 5535 1382 5607 :equipollentis
1393 5535 1706 5605 descriptio,
1719 5550 1866 5589 num.
1884 5533 2126 5610 praeced,

540 5622 692 5687 data,
721 5623 966 5691 involvit,
998 5627 1107 5683 Leo
1131 5627 1178 5682 X
1207 5642 1346 5698 papa
1376 5627 1490 5698 jam
1537 5633 1694 5680 antea
1735 5625 1878 5679 haud
1916 5639 2120 5693 praece-

542 5715 732 5794 pisset.
763 5715 938 5790 Atque
971 5721 1117 5791 hinc,
1149 5721 1417 5792 simulque
1447 5735 1512 5776 ex
1544 5727 1668 5776 ante
1695 5718 1855 5776 dictis
1891 5717 2119 5774 ulterius

2217 4539 2542 4582 menvenna,
2568 4523 2654 4577 cui
2686 4521 2848 4576 etiam
2882 4520 2934 4574 in
2965 4517 3260 4574 substantia
3289 4513 3476 4571 Surius
3500 4505 3562 4562 ad
3594 4508 3742 4556 amus-

2216 4615 2317 4668 sim
2345 4621 2625 4674 consonat,
2651 4610 2880 4665 multum
2905 4608 3129 4663 abludit.
3167 4607 3242 4662 En
3269 4606 3386 4676 ejus
3413 4603 3511 4656 huc
3535 4597 3738 4664 specu!“

2217 4706 2288 4760 tia
2315 4705 2496 4758 verba.
2517 4702 2850 4757 Sichabent:
2885 4717 2904 4750 ‹
2934 4698 3319 4753 Sanctissimus
3339 4691 3573 4748 dominus
3591 4684 3737 4735 ηοεῐσπ

2218 4793 2494 4865 (nimirum
2540 4791 2649 4846 Leo
2679 4791 2919 4845 decimus
2953 4789 3110 4859 papa)
3142 4802 3262 4842 cum
3313 4783 3586 4839 multorum
3629 4763 3734 4820 rela-

2219 4885 2363 4940 tione
2385 4887 2450 4938 de
2471 4884 2668 4938 eximia
2697 4882 2986 4938 sanctitate
3029 4880 3168 4934 beati
3193 4875 3454 4932 Brunonis
3475 4865 3734 4956 [τθςιιεηξθτ

2219 4977 2488 5040 audisset,
2537 4973 2843 5044 posthabita
2881 4971 3260 5027 miraculorum
3302 4958 3644 5048 inquisitione,
3667 4959 3730 5048 II}:

2218 5069 2436 5138 dignum
2486 5066 2782 5122 arbitratus
2827 5072 2938 5130 est,
2985 5077 3143 5124 eum,
3177 5074 3334 5131 quem
3366 5057 3497 5110 Deus
3531 5045 3730 5138 tantis",t

2219 5137 2322 5214 hoc
2342 5157 2536 5216 saeculo
2555 5164 2804 5212 ornasset
2821 5155 2974 5211 donis
2991 5163 3044 5208 et
3067 5153 3277 5224 gratiis,
3297 5161 3431 5205 nunc
3449 5137 3726 5228 assumtll'l'f"

2220 5249 2272 5303 in
2313 5249 2464 5304 oculis
2511 5248 2762 5303 maximis
2803 5262 2909 5300 non
2939 5243 3117 5298 efferri
3149 5239 3453 5314 praeconiis,
3487 5236 3629 5320 et‘cul

2219 5342 2387 5397 disset
2417 5341 2759 5409 omnipotens
2795 5350 2890 5392 cor
2929 5337 2994 5391 ad
3020 5311 3341 5406 praeceptum
3368 5336 3421 5382 et
3458 5313 3607 5409 legem
3633 5311 3728 5409 WE"

2219 5392 2624 5500 elidi‘s—ciplinai,‘
2639 5392 2812 5485 eidem
2843 5392 3174 5496 nunc,.apud
3195 5392 3446 5478 thronum
3466 5407 3631 5466 divina:
3645 5392 3725 5500 siti:

2221 5523 2315 5578 riae
2361 5495 2694 5593 quiescenti,
2751 5519 2958 5597 debitae
2983 5495 3282 5573 devotionis
3323 5500 3608 5574 obsequium

2221 5582 2456 5687 impendi
2493 5615 2545 5669 in
2584 5582 2764 5668 terris.
2791 5611 2858 5666 Et
2886 5588 3172 5680 propterea
3210 5621 3315 5662 non
3343 5598 3490 5659 modo
3509 5582 3721 5687 Βερίῖξοξῗ

2222 5665 2542 5768 auctoritate
2561 5697 2850 5780 apostolica
2877 5701 3087 5782 annuit,
3115 5714 3299 5756 verum
3335 5694 3482 5751 etiam
3512 5677 3648 5737 voluit
3676 5665 3726 5720 ul
