3846 6316
96 410 187 465 477

1581 402 1784 465 ACTA.

3198 384 3305 469 478

95 528 141 579 in
169 519 373 593 singulis
408 516 659 573 domibus
690 517 852 572 totius
899 515 1104 572 ordinis
1146 515 1642 574 Cartbusiensis....
1674 520 1719 576 A
1746 526 1982 585 ctantes,
2033 533 2167 590 quos
2207 520 2424 589 quidem
2455 519 2679 575 viderim
2702 561 2717 587 ,
2769 521 2871 577 sibi
2923 524 3325 584 consentientes

91 618 267 674 festum
289 610 619 668 sanctissimi
661 608 931 664 Brunonis
960 609 1293 665 confessoris
1327 609 1485 665 annis
1528 609 1642 665 sin-

89 708 213 779 gulis
252 706 333 760 die
380 712 534 759 sexta
585 701 927 758 0ctobris....
977 700 1292 756 solemnitcr
1321 701 1559 764 colatur,
1590 708 1647 755 et

87 811 297 868 congrua
329 795 618 863 debitaque
641 793 926 847 devotione
950 792 1273 846 celebretur.
1308 811 1325 843 ι
1349 792 1467 847 Jam
1491 807 1641 858 vero,

89 906 195 944 etut
237 887 340 942 Leo
368 900 505 955 papa
532 900 641 938 non
676 882 889 937 formali
934 883 1193 937 virtutum
1225 884 1643 939 miraculorum-

86 996 176 1049 que
199 976 527 1032 discussione
559 975 833 1044 pmmissa
859 1014 874 1038 ,
896 974 989 1028 sed
1015 974 1315 1028 sanctitatis
1339 976 1641 1041 dumtaxat,

85 1073 147 1124 uti
178 1085 206 1124 e
226 1069 333 1136 jam
362 1067 510 1121 datis
540 1064 755 1118 Antonii
787 1063 1079 1118 cardinalis
1109 1064 1410 1118 litterarum
1433 1076 1487 1120 et
1516 1065 1641 1119 Blo-

84 1173 372 1215 menrennae
394 1156 581 1212 verbis
603 1154 937 1224 intelligitur,
964 1154 1103 1207 fama
1126 1155 1408 1224 impulsus,
1438 1157 1643 1210 cultum

84 1249 516 1311 ecclesiasticum,
550 1246 700 1300 hisce
728 1243 913 1299 itidem
944 1258 1289 1314 expressum,
1314 1244 1372 1298 S.
1405 1242 1642 1300 Brunoni

84 1342 257 1397 deferri
296 1340 627 1410 permiserit,
661 1336 1161 1391 manifestissimum
1193 1351 1325 1390 sane
1358 1343 1474 1401 est,
1525 1335 1642 1390 for-

86 1430 193 1486 mati
226 1429 277 1483 id
304 1445 432 1484 eum
451 1469 466 1493 ,
494 1435 679 1497 utpote
700 1427 764 1480 ad
793 1441 953 1496 quam
986 1425 1228 1480 formatis
1258 1427 1515 1480 virtutum
1542 1426 1642 1479 mi-

86 1522 479 1591 raculorumque
519 1519 783 1574 discussio
810 1533 877 1571 ex
907 1518 1067 1573 dictis
1100 1519 1424 1588 requiritur,
1470 1518 1642 1573 beati-

86 1614 311 1669 ﬁeatione
342 1628 450 1667 non
486 1613 698 1676 lecisse,
733 1626 797 1665 ac
834 1611 989 1682 proin
1027 1625 1126 1665 nec
1155 1609 1277 1678 hac,
1310 1613 1404 1666 sed
1434 1619 1641 1665 tantum

83 1706 421 1775 arquipollenti
443 1746 457 1769 ,
488 1704 665 1775 qualis
711 1712 836 1757 tunc
861 1713 979 1757 erat
1010 1703 1071 1755 in
1102 1719 1223 1769 usu,
1254 1718 1479 1773 quaeque
1513 1718 1640 1757 sen-

85 1800 257 1860 tentize,
286 1813 319 1851 a
343 1797 521 1865 judice
550 1795 823 1851 ordinario
845 1794 926 1848 vel
952 1794 1196 1865 delegato
1224 1810 1387 1864 super
1412 1803 1640 1865 excepto

85 1887 139 1940 ab
164 1886 364 1941 Urbani
413 1886 523 1940 Vlll
554 1886 815 1949 decretis,
845 1893 1031 1953 utpote
1073 1894 1185 1938 tum
1233 1886 1469 1939 nondum
1498 1886 1643 1941 exsi-

86 1978 350 2042 stentibus,
378 1991 504 2031 casu
538 1976 681 2040 latae,
710 1975 1151 2045 approbationem
1172 1975 1502 2045 pontificiam
1533 1990 1641 2031 non

85 2067 343 2138 exigebat,
397 2065 653 2121 Sanctum
700 2073 949 2121 nostrum
998 2064 1172 2127 beatis
1218 2065 1386 2122 fuisse
1436 2066 1641 2121 adscri-

84 2170 226 2228 ptum.

167 2251 249 2304 75.
285 2249 483 2304 Verum
530 2248 939 2319 qualiscumque
971 2250 1188 2305 demum
1221 2249 1412 2306 modus
1446 2249 1639 2316 fuerit,

86 2354 168 2408 quo
192 2339 524 2403 Brunonem,
550 2340 951 2394 sanctissimum
980 2340 1462 2396 Cartbusianorum
1489 2340 1641 2396 insti-

87 2439 299 2483 tutorem
323 2470 336 2494 ,
379 2428 557 2484 beatis
585 2429 857 2494 adscribi,
885 2444 915 2483 a
953 2429 1135 2485 Leone
1162 2430 1393 2497 decimo,
1428 2446 1640 2487 summo

86 2520 347 2590 pontiﬁce,
397 2521 705 2591 contigerit,
756 2520 856 2575 fuit
884 2521 1133 2592 equidem
1178 2523 1246 2579 ab
1290 2523 1431 2590 hoc,
1474 2532 1535 2579 ut
1567 2522 1639 2577 illi

88 2611 298 2665 calitum
324 2612 557 2666 honores
580 2611 793 2680 publice
818 2612 1030 2667 deferre
1059 2623 1297 2683 possent,
1329 2614 1641 2669 Cartbusia-

89 2701 154 2754 n'ts
174 2716 508 2756 concessum.
542 2700 653 2756 Nec
688 2701 888 2756 dudum
920 2701 974 2756 hi
1006 2701 1315 2757 facultatem
1348 2703 1491 2759 illam
1520 2703 1642 2757 irri-

93 2802 175 2846 tam
209 2808 334 2847 esse
358 2793 622 2848 siverunt.
655 2793 864 2848 Etenim
894 2802 950 2847 ut
983 2794 1037 2849 in
1077 2795 1301 2865 singulis
1329 2795 1534 2851 ordinis
1558 2797 1640 2851 sui

92 2883 312 2937 domibus
332 2884 631 2952 permissus
658 2899 688 2937 a
715 2898 928 2939 summo
958 2884 1211 2954 pontifice
1238 2886 1413 2941 cultus
1438 2887 1505 2941 ab
1526 2902 1642 2941 om-

92 2976 219 3029 nibus
248 2990 470 3044 prorsus
503 2991 597 3030 seu
627 2974 840 3030 clericis
867 2990 962 3031 seu
1002 2976 1281 3032 conversis
1323 2985 1513 3032 sancto
1539 2976 1641 3030 Pa-

90 3067 199 3120 renti
224 3082 322 3121 suo
349 3066 678 3133 deferretur,
708 3067 762 3121 in
790 3067 1023 3138 capitulo
1044 3069 1306 3138 generali,
1328 3069 1470 3139 quod
1497 3084 1640 3124 anno

1745 609 1927 665 babeL

1817 701 1939 755 776.
1972 701 2178 767 Verba,
2208 701 2401 769 quibus
2429 701 2828 757 Blomenvcnna
2869 703 3064 759 dictam
3094 707 3325 771 translaq

1748 791 1950 845 tionem
1977 807 2119 846 anno
2152 792 2288 847 1514
2312 808 2340 845 c
2370 792 2570 846 laudati
2601 793 2958 849 Bononiensis
2989 795 3205 865 prioris,
3231 798 3323 864 qui

1744 899 1983 952 praesens
2013 884 2139 939 huic
2167 884 2435 948 adfuerat,
2466 885 2772 939 testimonio
2801 883 2993 955 afﬁgit,
3040 887 3322 954 sequentia

1746 973 1861 1028 haec
1885 983 2009 1028 sunt
2035 992 2048 1028 :
2082 994 2099 1026 ‹
2130 974 2285 1029 Anno
2317 976 2750 1029 Domini...151-l
2764 977 2992 1037 domnus
3015 977 3322 1045 Matthzeus,

1744 1064 1894 1135 prior
1922 1064 2113 1120 domus
2141 1065 2423 1130 BonOniae,
2462 1065 2553 1136 qui
2594 1075 2650 1119 et
2690 1066 2801 1135 ipse
2836 1067 2901 1120 ad
2933 1068 3206 1136 negotium
3236 1084 3325 1120 su-

1743 1167 1840 1222 pra
1883 1152 2082 1206 dictum
2114 1152 2547 1225 (restitutionem
2581 1155 2895 1208 monasterii
2928 1154 2987 1209 S.
3031 1154 3323 1225 Stephani)

1744 1242 2041 1313 urgendum
2074 1245 2357 1313 deputatus
2380 1242 2576 1308 fuerat,
2602 1260 2722 1297 cum
2754 1245 3095 1299 translationi
3121 1247 3323 1301 ossium

1745 1334 1916 1387 sancti
1951 1333 2219 1389 Brunonis
2252 1335 2610 1405 personaliter
2646 1335 2964 1399 interesset,
3002 1351 3215 1395 sacrum
3255 1337 3322 1390 il-

1743 1424 1847 1480 lius
1878 1434 2069 1493 caput,
2117 1440 2185 1479 ne
2222 1442 2343 1481 cum
2383 1427 2594 1481 ossibus
2622 1426 2778 1480 altari
2819 1427 3210 1497 imponeretur,
3240 1436 3321 1481 tc-

1742 1516 1905 1571 nebat
1933 1517 1985 1573 iu
2017 1517 2293 1585 manibus;
2331 1519 2501 1573 turbis
2534 1533 2661 1573 vero
2684 1519 3024 1589 congregatis
3052 1526 3105 1573 et
3135 1534 3323 1571 auiam

1746 1607 1938 1661 tissimi
1961 1608 2041 1661 sui
2061 1607 2280 1662 Patroni
2305 1609 2510 1663 sanctis
2536 1609 2779 1677 reliquiis
2802 1608 3005 1677 privari
3030 1607 3325 1662 formidan-

1744 1700 1914 1764 tibus,
1954 1699 2320 1754 satisfaciebat
2360 1700 2618 1765 dicendo,
2669 1714 2825 1769 opus,
2861 1714 3074 1754 sacrum
3122 1708 3318 1766 caput,

1743 1794 1809 1845 ab
1839 1792 2052 1847 ossibus
2072 1802 2437 1863 segregatum,
2462 1807 2595 1846 auro
2616 1801 2671 1847 et
2693 1800 2917 1863 argento
2935 1790 3117 1845 Vestiri
3139 1789 3325 1859 lapidi-

1674 1859 1715 1913 Β
1743 1882 1948 1952 bnsque
1970 1859 2219 1952 pretiosis
2237 1859 2425 1936 ornari
2451 1901 2463 1936 :
2488 1891 2649 1951 atque
2672 1882 2744 1935 ita
2762 1859 3049 1952 diligentis
3071 1880 3324 1937 custodia:

1744 1975 2109 2043 suspicionem
2192 1974 2323 2042 ipsis
2367 1973 2659 2041 auferens,
2718 1989 2785 2028 ex
2837 1973 3056 2043 speciali
3104 1972 3323 2027 licentia

1743 2064 1940 2118 summi
1983 2064 2261 2119 Pontificis
2304 2075 2512 2135 partem
2549 2066 2787 2135 aliquam
2831 2065 3025 2135 capitis
3062 2064 3321 2127 detraxit,

1742 2164 1795 2210 et
1826 2154 1945 2210 aliis
1971 2156 2409 2222 communicavit,
2446 2164 2501 2211 et
2531 2157 2800 2227 praecipue
2837 2156 3132 2211 venerabili
3184 2157 3325 2225 patri

1744 2246 2040 2317 Gregorio,
2095 2247 2262 2317 priori
2318 2248 2510 2303 domus
2562 2249 2970 2317 Friburgensis,
3020 2249 3322 2318 portionem

1742 2337 2008 2391 modicam
2036 2337 2101 2392 de
2134 2339 2322 2392 eodem
2353 2338 2528 2408 capite
2572 2339 2719 2392 dedit
2757 2352 2897 2405 anno
2928 2337 3141 2391 Domini
3192 2336 3325 2391 1515

1745 2440 1986 2499 tempore
2039 2429 2257 2499 capituli
2309 2429 2599 2501 generalis,
2645 2445 2807 2499 quam
2866 2429 2974 2493 ille,
3017 2428 3324 2482 minutatim

1743 2524 2006 2588 dividens,
2035 2538 2131 2594 per
2164 2522 2350 2577 domos
2374 2522 2662 2593 provinciae
2698 2521 2892 2585 Rheni,
2939 2521 3036 2575 sibi
3071 2529 3325 2589 tanqnant

1742 2615 2009 2671 visitatori
2037 2614 2315 2684 principali
2341 2614 2681 2678 commissas,
2707 2613 3002 2668 distribuit.
3033 2611 3169 2677 Quia
3196 2625 3325 2663 vero

1743 2716 1964 2764 sanctus
2007 2706 2190 2761 Bruno
2241 2706 2460 2761 natione
2514 2704 2853 2760 Coloniensis
2900 2703 3022 2767 fuit,
3074 2701 3326 2772 pra2fatus

1743 2800 1989 2855 dominus
2038 2798 2295 2853 Mathteus
2328 2804 2703 2852 reservaverat
2745 2796 3046 2865 portionem
3100 2808 3323 2862 parvam

1744 2890 1808 2944 de
1830 2889 2015 2943 eodem
2040 2888 2217 2957 capite
2243 2903 2341 2957 pro
2377 2888 2557 2957 priore
2584 2887 2780 2941 domus
2803 2885 3058 2949 Coloniae,
3091 2884 3247 2952 eique
3271 2883 3324 2936 in

1744 2981 2033 3051 praesentia
2072 2978 2355 3034 reverendi
2395 2978 2594 3049 prioris
2629 2969 2846 3047 Majoris
2901 2974 3203 3029 Carthusiaa
3231 2973 3327 3028 do-

1744 3072 1892 3125 navit
1920 3070 2210 3141 plurimum
2242 3068 2496 3140 gaudenti
2527 3076 2580 3121 et
2607 3066 2898 3121 devotione
2933 3078 3126 3134 magna
3154 3063 3326 3118 susei-

91 3154 219 3221 1515,
253 3157 410 3211 dicta:
432 3154 710 3210 facultatis
729 3156 1137 3211 concessionem
1164 3158 1409 3227 proxime
1432 3167 1636 3223 secuto,
1667 3197 1711 3257 Ο
1742 3160 1910 3231 pienti
1957 3174 2098 3213 anno
2143 3156 2311 3223 1516;
2365 3156 2457 3226 qui
2504 3154 2781 3210 Coloniam
2833 3167 3084 3207 reversus
3134 3151 3325 3206 eodem

91 3246 386 3301 celebratum
427 3247 549 3312 fuit,
582 3248 858 3310 districte,
890 3248 1341 3316 quemadmodum
1372 3249 1640 3303 ordinatio

94 3335 135 3389 in
157 3337 250 3393 hoc
274 3339 495 3394 condita
526 3354 795 3410 supraque
819 3340 923 3395 huc
954 3339 1276 3407 transcripta
1309 3339 1466 3394 fidem
1492 3340 1640 3405 facit,

92 3440 385 3500 statuerunt,
409 3434 636 3504 jamque
664 3436 732 3487 ab
756 3434 872 3503 ipso
896 3448 1037 3487 anno
1068 3432 1227 3497 1514,
1257 3446 1363 3503 quo
1384 3448 1639 3488 concessa

94 3520 153 3583 eis
176 3537 200 3575 a
224 3523 484 3593 pontifice
508 3523 650 3577 dicta
683 3522 912 3578 facultas
942 3522 1151 3588 fuerat,
1179 3538 1375 3593 corpus
1414 3524 1471 3577 S.
1507 3522 1642 3577 Bru-

93 3617 215 3671 nonis
240 3632 270 3673 e
301 3618 363 3673 S.
389 3618 577 3672 Maria:
600 3618 665 3673 de
688 3615 844 3672 Turri
864 3659 879 3684 ,
912 3618 1361 3688 quemadmodum
1379 3659 1394 3681 .
1428 3622 1642 3674 nemine

93 3704 151 3760 eis
170 3707 263 3761 hac
288 3708 342 3762 in
371 3724 429 3763 re
454 3708 891 3776 contradicente,
920 3709 1151 3765 Tutinus
1177 3710 1230 3764 in
1263 3709 1512 3765 Historiae
1554 3726 1642 3765 or-

92 3795 202 3861 dinis
231 3798 640 3856 Carthusiensis
679 3811 967 3871 prospectu
1015 3816 1135 3872 pag.
1180 3802 1281 3856 156
1313 3801 1512 3873 aliique
1542 3802 1640 3857 do-

91 3896 204 3953 cent,
240 3891 472 3945 ecclesia
510 3892 577 3945 ad
607 3891 893 3946 ecclesiam
927 3891 987 3946 S.
1023 3891 1281 3963 Stephani
1321 3892 1386 3946 de
1422 3907 1641 3947 nemore

94 3983 471 4038 transtulerant.
514 3984 573 4037 Id
611 3984 828 4053 quidem
874 3984 996 4040 loco
1026 3985 1119 4039 cit.
1165 3985 1342 4039 dictus
1378 3983 1638 4051 Tutinus,

93 4072 247 4127 eodem
286 4074 508 4128 demum
541 4089 683 4128 anno
713 4075 872 4142 1515,
896 4091 1005 4145 quo
1034 4076 1248 4131 condita
1279 4075 1380 4128 fuit
1404 4075 1456 4129 in
1484 4090 1641 4145 gene-

94 4162 169 4214 rali
205 4166 411 4221 ordinis
436 4166 845 4222 Carthusiensis
887 4168 1124 4236 capitulo
1169 4175 1465 4222 memorata
1498 4169 1640 4222 ordi-

93 4256 236 4322 natio,
284 4256 493 4311 factum
551 4258 774 4325 scribit;
823 4274 1010 4314 verum
1055 4260 1508 4330 quemadmodum
1554 4261 1641 4316 hic

94 4344 309 4414 scriptor,
334 4349 426 4417 qui
459 4365 565 4403 non
601 4350 751 4419 prius
796 4365 959 4419 quam
983 4351 1168 4407 seculo
1192 4351 1439 4421 proxime
1459 4351 1641 4421 elapso

94 4432 254 4503 floruit,
289 4455 353 4494 ac
391 4442 553 4509 proin
593 4441 681 4494 diu
714 4456 745 4495 a
772 4456 830 4497 re
859 4449 1009 4514 gesta
1039 4442 1233 4508 abfuit,
1265 4444 1317 4497 in
1351 4446 1638 4499 asserenda

1743 3265 1885 3305 anno
1914 3248 2364 3319 pretiosissimum
2397 3245 2877 3316 gratissimumque
2911 3242 3012 3297 sibi
3043 3257 3238 3295 munus
3269 3240 3323 3293 in

1742 3340 1973 3396 ecclesia
2001 3339 2194 3393 domus
2225 3352 2335 3392 suae
2378 3335 2623 3408 deposuit
2651 3334 2735 3389 die
2783 3330 3118 3387 lnventionis
3152 3330 3324 3385 sancti

1744 3431 2033 3502 Stephani;
2080 3430 2329 3500 pulveres
2375 3443 2530 3491 vero,
2571 3442 2637 3481 ex
2683 3425 2946 3481 divisione
2992 3423 3324 3485 decidentes,

1744 3522 2018 3578 distribuit
2068 3522 2317 3576 domibus
2382 3518 2676 3590 provincize
2728 3515 3069 3579 Teulhoniae,
3122 3513 3329 3594 scilicet

1743 3619 1912 3672 sancti
1948 3614 2244 3670 Salvatoris
2276 3628 2441 3683 prope
2470 3609 2804 3678 Traiectum,
2830 3617 3032 3663 sancta:
3066 3606 3247 3661 Maria:
3274 3605 3327 3661 in

1742 3706 2109 3768 Monichnsen,
2153 3703 2325 3759 sancti
2365 3701 2597 3756 Andreae
2646 3713 2814 3769 prope
2856 3696 3223 3761 Amsterdam,
3274 3702 3330 3751 et

1694 3797 1915 3852 isancti
1942 3794 2317 3850 Bartholomaei
2359 3808 2522 3863 prepe
2555 3790 2733 3846 Delﬂ‘t.

1814 3888 1968 3943 7774
2002 3887 2346 3941 Translatum
2379 3895 2463 3939 est
2488 3895 2668 3938 autem
2697 3897 2894 3952 corpus
2912 3880 3087 3936 sancti
3122 3878 3329 3932 Bruno-

1744 3979 1829 4032 nis
1859 3992 2000 4031 anno
2042 3975 2253 4029 Domini
2288 3974 2424 4027 1514
2454 3989 2551 4043 per
2578 3974 2854 4027 dominum
2894 3969 3157 4025 Joannem
3206 3967 3327 4021 Rufi

1743 4068 2012 4131 abbatem,
2050 4076 2124 4132 et,
2152 4077 2210 4121 ttt
2241 4067 2368 4121 mihi
2412 4066 2593 4120 retulit
2632 4064 2880 4120 dominus
2912 4064 3219 4126 Matthaaus,
3261 4060 3328 4115 de

1742 4174 1849 4229 quo
1899 4174 2084 4229 supra,
2138 4158 2446 4227 impositum
2501 4156 2690 4225 majori
2719 4154 2920 4219 altari,
2974 4168 3040 4207 ex
3097 4151 3327 4206 candido

1742 4265 2012 4305 marmore
2039 4259 2370 4314 constructo,
2398 4249 2781 4317 circumposito
2810 4244 3052 4300 tabulato
3075 4240 3328 4310 spissitu-

1742 4342 1886 4397 dinis
1908 4351 2140 4411 quatuor
2164 4342 2476 4411 digitorum,
2507 4348 2655 4393 crate
2691 4339 2855 4392 etiam
2881 4336 3059 4391 ferrea
3090 4334 3328 4403 undique

1742 4444 1964 4508 gyrante
1998 4437 2168 4504 ipsum
2195 4434 2381 4497 altare,
2404 4431 2556 4500 cujus
2578 4432 2739 4484 etiam
2762 4445 2945 4484 mensa
2974 4437 3057 4483 est
3083 4429 3147 4482 de
3177 4443 3327 4481 mar-

96 4523 229 4591 bulla,
250 4530 313 4583 ad
337 4530 735 4601 Carthusianos
762 4533 946 4601 missa,
970 4548 1073 4603 qua
1104 4533 1210 4589 Leo
1231 4535 1472 4589 decimus
1504 4552 1638 4605 papa
1668 4539 1718 4598 υ
1747 4542 1895 4581 more
1925 4525 2172 4580 candido.
2204 4523 2295 4578 Est
2345 4531 2523 4575 autem
2576 4516 2749 4574 altare
2799 4518 2941 4573 istud
2991 4518 3221 4572 locatum
3271 4515 3323 4569 in

98 4611 136 4665 S.
160 4615 451 4673 Brunonem
478 4621 832 4684 canonizarit,
867 4621 1229 4697 hallucinatus
1257 4637 1322 4676 ex
1349 4623 1508 4678 dictis
1535 4631 1639 4687 est,

99 4704 151 4758 ita
171 4710 318 4765 etiam
351 4712 445 4766 hic
475 4712 529 4766 in
562 4713 888 4783 assignando
918 4729 1084 4779 anno,
1115 4729 1221 4787 quo
1257 4730 1426 4769 sacra:
1457 4714 1642 4773 Sancti

100 4800 295 4870 reliquis:
330 4823 401 4861 ex
430 4805 665 4861 ecclesia
704 4806 763 4862 S.
809 4807 989 4861 Maria:
1023 4808 1089 4860 ad
1117 4808 1399 4862 ecclesiam
1434 4808 1491 4861 S.
1522 4808 1643 4862 Ste-

100 4886 227 4953 phani
253 4895 311 4949 de
345 4909 571 4949 nemore
596 4896 798 4950 fuerint
828 4896 1125 4961 translatae,
1153 4898 1300 4951 omni
1333 4898 1494 4952 dubio
1522 4908 1643 4969 pro:

102 4976 167 5028 cul
204 4981 578 5038 ballncinatur.
628 4983 1026 5039 Blomenvenna
1073 4987 1247 5050 enim,
1279 4986 1369 5055 qui
1411 5002 1477 5041 eo
1524 4987 1641 5057 ipso

102 5072 327 5139 tempore,
361 5089 473 5143 quo
512 5086 811 5130 memorata
839 5090 1120 5129 sacrarum
1154 5074 1335 5129 Sancti
1382 5075 1640 5145 reliquia-

102 5169 192 5213 rum
224 5164 499 5219 translatio
530 5165 776 5232 contigit,
807 5165 859 5219 in
890 5166 1028 5220 vivis
1053 5166 1279 5230 exstitit,
1314 5166 1642 5222 Carthusiae-

103 5260 182 5315 (nte
221 5254 555 5313 Coloniensis
600 5256 725 5326 (adi
762 5258 816 5311 in
858 5258 1245 5328 chronologico
1280 5260 1485 5313 ordinis
1513 5258 1642 5314 Car—

105 5340 351 5404 lltusiensis
376 5349 420 5402 Τ
427 5351 621 5403 heatro
651 5348 935 5403 Morotium
964 5359 1018 5405 et
1049 5351 1102 5404 in
1141 5351 1475 5406 Bibliotheca
1510 5352 1643 5405 Car-

104 5432 307 5493 thusiana
354 5426 663 5511 Petreium)
697 5442 933 5511 priorem
964 5443 1105 5513 egit,
1153 5443 1319 5498 fuisse
1351 5443 1493 5496 illam
1527 5442 1640 5511 jam

106 5518 201 5580 inde
217 5530 277 5582 ab
303 5547 443 5586 anno
473 5531 613 5587 1514
645 5532 874 5598 factam,
907 5534 959 5587 in
988 5545 1241 5589 contexta
1272 5551 1301 5589 a
1332 5550 1390 5589 se
1421 5533 1477 5588 S.
1508 5535 1642 5588 Bru-

106 5619 234 5676 nonis
254 5623 358 5678 Vita
382 5641 413 5680 e
434 5624 695 5693 Matthaei,
716 5625 1019 5681 Cartbusize
1044 5627 1399 5703 Bononiensis
1421 5628 1638 5697 prioris,

108 5709 176 5775 qui
200 5714 269 5768 rei
294 5726 452 5786 gestae
475 5717 814 5784 interfuerat,
849 5718 1114 5773 relatione
1143 5719 1416 5775 memoria:
1439 5718 1638 5788 prodit,

109 5814 358 5883 milesque
400 5827 623 5898 prorsus
664 5811 956 5907 scriptores
988 5810 1146 5879 alios,
1199 5813 1264 5868 de
1295 5827 1350 5867 re
1400 5811 1488 5866 illa
1525 5818 1635 5865 tra-

1743 4616 1921 4685 capite
1963 4613 2207 4669 ecclesia:
2230 4612 2402 4667 sancti
2441 4609 2698 4680 Stephani
2723 4610 2787 4663 de
2832 4608 3025 4661 Busco.
3061 4627 3077 4658 ι
3110 4607 3184 4661 Ita
3214 4604 3322 4671 ille,

1744 4706 2083 4777 apertissime
2111 4720 2241 4757 sane
2267 4703 2483 4763 docens,
2508 4715 2721 4754 sacrum
2746 4699 2806 4754 S.
2836 4698 3107 4753 Brunonis
3134 4688 3330 4766 eorpns

1744 4812 1885 4853 anno
1916 4795 2051 4849 1514
2098 4794 2263 4849 fuisse
2290 4792 2627 4846 translatum.
2668 4789 2777 4845 Nec
2807 4791 2913 4844 hoc
2950 4798 3157 4843 tantum
3188 4804 3218 4842 e
3248 4804 3332 4841 re-

1744 4888 1920 4944 citatis
1943 4886 2358 4941 Blomenvenna:
2388 4883 2569 4937 verbis
2610 4883 2893 4946 habemus,
2930 4896 3117 4934 verum
3158 4880 3325 4935 etiam

1743 4997 1843 5054 per
1876 4978 2139 5034 Joannem
2188 4977 2306 5031 Buti
2352 4975 2623 5041 abbatem,
2652 4974 2742 5043 qui
2787 4974 2978 5028 melius
3020 4966 3327 5026 fortassisa

1748 5072 1911 5127 Surio
1942 5071 2169 5138 aliisque
2199 5067 2433 5122 Joannes
2455 5066 2622 5120 abbas
2637 5065 2694 5119 S.
2726 5065 2846 5119 Rufi
2878 5074 3119 5124 vocatur,
3154 5074 3332 5115 trans-

1747 5165 2008 5220 lationem
2065 5162 2231 5216 fnisse
2259 5170 2554 5230 peractam,
2597 5158 2753 5226 eique
2784 5156 2947 5210 etiam
2994 5153 3326 5215 Manlianum,

1741 5256 2043 5312 Carthusite
2107 5251 2463 5307 Bononiensis
2514 5249 2799 5313 Priorem,
2849 5246 3186 5300 interfuisse.
3241 5243 3334 5295 Ait

1742 5364 1903 5419 porro
1936 5348 1989 5402 in
2020 5346 2203 5401 Sancti
2235 5343 2353 5397 Vita
2393 5358 2423 5397 a
2456 5358 2513 5398 se
2543 5340 2850 5409 conscripta
2880 5353 3001 5407 cap.
3035 5336 3103 5390 55
3129 5334 3331 5388 Zanot-

1745 5443 1870 5507 tius,
1904 5437 2232 5496 solemnitati
2264 5437 2350 5491 isti
2376 5452 2478 5491 non
2512 5446 2718 5490 tantum
2751 5434 2917 5498 hunc,
2946 5444 3134 5483 verum
3165 5426 3329 5481 etiam

1742 5532 2132 5603 Neapolitanaa,
2159 5528 2592 5584 Claromontante
2618 5527 2669 5579 in
2702 5523 2982 5579 Basilicata
3015 5520 3161 5591 regni
3190 5517 3331 5571 Nea-

1742 5623 1964 5695 politani
1995 5621 2296 5692 provincia,
2322 5618 2627 5673 Mantuana:
2651 5625 2703 5671 et
2729 5615 2984 5668 Romanae
3013 5610 3331 5669 Carth‘usia-

1745 5732 1861 5770 rum
1894 5714 2105 5784 priores
2155 5728 2451 5783 praesentes
2484 5708 2780 5763 aristitisse.
2816 5705 2884 5761 Et
2931 5721 3081 5772 vero,
3118 5706 3245 5765 licet
3271 5707 3330 5765 id

1745 5808 2025 5895 scriptoris
2051 5804 2337 5876 synchroni
2368 5800 2657 5872 aequalisve
2694 5794 3001 5856 testimOnio
3038 5804 3332 5860 continua-
