3846 6316
520 326 622 383 479

1332 328 1391 384 S.
1433 329 1779 389 BRUNONIS
1817 329 2468 397 CARTHUSIANORUM
2507 331 2999 391 INSTITUTORJS

3653 341 3783 400 ‘80

522 452 635 497 tum
666 443 912 514 nuspiam
937 442 1232 510 inveniam,
1253 445 1335 499 vel
1363 462 1429 501 ex
1459 460 1524 501 eo
1545 461 1747 510 tamen,
1769 446 1910 515 quod
1933 444 2091 499 iidem
2124 448 2168 501 A
2265 444 2386 497 779.
2428 444 2596 498 Porro
2643 444 3012 499 translationis
3050 445 3233 501 Sancti
3275 450 3449 504 nostri
3486 455 3783 509 occasione

518 534 759 604 priores,
808 545 865 589 ut
900 535 1251 591 Turritanum
1297 536 1355 593 S.
1409 536 1668 608 Stephani
1705 539 2093 593 monasterium

520 626 712 682 Orcini
767 642 865 681 suo
910 628 1300 683 restituendum
1345 639 1618 691 curarent,
1658 630 1898 699 deputati
1934 640 2092 685 antea

516 717 741 783 fuerint,
793 718 1255 774 verosimillimum
1303 730 1542 777 autumo.
1585 720 1691 776 Sed
1744 721 1861 776 hare
1916 722 2091 789 deiis,

418 830 425 836 ι
516 825 636 878 qum
659 810 725 864 ad
748 811 888 864 sacri
920 810 1154 869 thesauri
1184 812 1584 867 translationem
1631 822 1872 883 spectant
1895 814 2095 871 dixisse

516 899 777 967 sufﬁciat;
811 917 954 955 nunc
969 900 1036 956 de
1062 903 1164 957 hoc
1191 904 1305 971 ipso
1328 904 1583 958 nzxnnulla
1613 905 1875 959 dicamus.
1903 906 1981 961 Ex
2005 924 2091 974 eo,

517 991 641 1046 dum
684 994 1000 1063 solemnitas
1047 995 1147 1049 ista
1193 1007 1563 1065 perageretur,
1616 1012 1713 1068 per
1759 997 2091 1066 Matthaaum,

516 1085 819 1141 Carthusize
873 1086 1231 1142 Bononiensis
1286 1088 1560 1158 priorem,
1624 1092 1818 1159 capitis
1871 1102 2086 1160 partem

517 1173 686 1228 fuisse
714 1175 1065 1243 modo,quem
1090 1178 1329 1247 exponit,
1348 1178 2090 1249 decerptam,Blomenvenna

514 1264 698 1318 verbis
732 1266 978 1334 proxime
1018 1268 1156 1322 datis
1203 1268 1383 1335 docet,
1428 1271 1503 1324 uti
1551 1272 1713 1325 etiam
1755 1273 1923 1340 partis
1952 1273 2091 1329 illius

515 1356 818 1422 portionem
868 1373 1026 1411 unam
1065 1357 1348 1428 Gregorio,
1385 1360 1686 1416 Carthusiaz
1721 1364 2092 1434 Fribnrgensis

512 1444 711 1514 priori,
742 1461 884 1501 anno
918 1448 1074 1513 1515,
1100 1449 1435 1519 alteramque
1473 1451 1772 1507 Carthusia':
1807 1454 2092 1510 Colonien-

515 1535 591 1587 sis
621 1535 785 1605 priori
823 1551 965 1591 anno
994 1538 1129 1592 1516
1164 1555 1193 1593 a
1234 1538 1448 1595 laudato
1494 1540 1750 1606 Mattheo,
1778 1542 2091 1597 Carthusia-

512 1638 704 1684 norum
732 1625 1143 1682 Bonoaiensinm
1178 1631 1381 1700 priore,
1426 1631 1588 1686 fuisse
1618 1633 1890 1688 donatam.

585 1715 707 1771 778.
748 1719 824 1771 Ac
875 1720 1025 1788 prior
1078 1722 1295 1789 quidem
1342 1722 1697 1792 Coloniensis,
1747 1725 1832 1779 cui
1876 1742 2086 1780 sacrum

512 1806 616 1860 hoc
660 1808 859 1861 donum
911 1809 1012 1863 fuit
1060 1810 1338 1878 collatum,
1391 1814 1615 1883 ipsemet
1680 1815 1769 1885 qui
1821 1815 2088 1871 isthmcin

512 1894 724 1949 litteras
773 1898 960 1964 mittit,
1013 1898 1234 1969 quique,
1290 1903 1433 1973 quod
1481 1902 1658 1958 Leidae
1707 1920 1800 1959 seu
1846 1906 2086 1975 Lugduni

513 1986 837 2043 Batavorum
876 2000 1032 2045 natus
1074 1993 1164 2059 sit,
1197 1993 1472 2049 Leidensis
1511 1997 1672 2050 etiam
1713 2013 1740 2051 a
1782 1999 1957 2068 patria
1988 2014 2087 2053 no-

512 2077 749 2132 minatus
791 2095 895 2133 non
939 2097 1063 2137 raro
1111 2084 1399 2149 invenitur,
1431 2086 1827 2142 Blomeuvenna
1858 2090 2087 2155 exstitit,

514 2166 591 2219 uti
615 2166 778 2237 liquet
811 2178 923 2222 tum
952 2185 1015 2224 ex
1045 2180 1305 2241 tempore,
1329 2189 1436 2244 quo
1458 2174 1757 2231 Carthusiae
1783 2177 2087 2234 Coloniensi

513 2275 543 2311 a
568 2258 779 2313 Petreio
807 2269 861 2314 et
893 2260 1120 2317 Morotio
1148 2264 1424 2332 pratl'uisse
1456 2278 1814 2331 memoratur,
1861 2277 1971 2321 tum
2021 2283 2089 2323 ex

515 2350 694 2414 Surio,
748 2351 838 2419 qui
876 2352 1089 2419 eadem,
1131 2370 1251 2423 qua:
1278 2355 1457 2410 verbis
1501 2357 1613 2426 jam
1664 2358 1804 2411 datis
1839 2357 2092 2412 Blomeu-

512 2457 707 2509 venna,
742 2446 794 2498 in
818 2448 1122 2518 conscripta
1165 2464 1192 2501 a
1225 2465 1283 2505 se
1311 2451 1493 2505 Sancti
1526 2452 1693 2505 nostri
1741 2451 1858 2505 Vita
1882 2468 2089 2508 memo-

514 2553 661 2605 rans,
711 2540 989 2607 sequentia
1041 2543 1218 2611 prodit
1266 2543 1539 2598 memoritn
1579 2562 1591 2597 :
1629 2562 1647 2595 ι
1705 2544 1839 2612 Quia
1871 2556 2091 2603 sanctas

513 2627 695 2681 Bruno
726 2629 954 2697 patriam
1003 2630 1192 2685 habuit
1218 2631 1494 2687 Coloniam
1545 2635 1911 2704 Agrippinam,
1948 2637 2088 2692 idem

514 2718 764 2774 dominus
814 2718 1097 2774 Matthteus
1131 2721 1247 2790 ejus
1276 2724 1468 2794 capitis
1514 2740 1736 2794 parvam
1783 2728 2087 2794 portionem

515 2810 736 2866 donavit
788 2811 1007 2868 domino
1060 2813 1223 2869 Petro
1277 2815 1547 2886 Leidensi,
1592 2820 1892 2877 Carthusize
1934 2823 2094 2878 Culu-

516 2899 721 2956 niensis
750 2902 940 2971 priori,
970 2904 1054 2957 cui
1106 2920 1301 2961 munus
1352 2906 1484 2962 illud
1531 2908 1631 2963 fuit
1671 2910 1825 2982 longe
1847 2912 2090 2982 gratissi-

516 3005 684 3057 mum,
722 2994 920 3066 quique
969 2995 1186 3050 domutn
1240 3012 1487 3053 reversus
1530 3016 1675 3057 anno
1710 3002 1846 3057 1516
1891 3004 2088 3059 donum

514 3083 963 3152 pretiosissimum
1022 3086 1074 3140 in
1125 3088 1353 3143 ecclesia
1400 3091 1698 3149 Carthusite
1752 3093 2167 3183 Coloniensisc

513 3173 603 3228 die
633 3174 665 3227 5
690 3176 913 3244 Augusti
946 3189 1260 3235 reverenter
1282 3182 1551 3252 deposuit.
1588 3205 1606 3237 ι
1641 3186 1715 3241 lta
1747 3185 1956 3243 Surius.
1987 3189 2091 3245 Ve-

517 3281 637 3321 rum
663 3267 751 3336 qui
780 3267 997 3332 factum,
1032 3279 1091 3324 ut
1126 3272 1432 3341 Mattltmus,
1462 3276 1764 3335 Carthusia:
1793 3281 2095 3337 Bononien-

516 3357 593 3411 sis
624 3359 795 3426 prior,
847 3362 1040 3430 capitis
1069 3362 1127 3417 S.
1169 3363 1437 3421 Brunonis
1463 3371 1766 3437 portionem
1808 3372 2091 3443 Gregorio,

517 3448 821 3506 Carthusiaa
845 3453 1228 3525 Friburgensis
1258 3459 1446 3527 priori,
1477 3463 1875 3533 provinciaeque
1917 3466 2092 3521 Rheni

517 3541 785 3598 visitateri
826 3560 969 3601 anno
1017 3547 1178 3613 1515,
1209 3549 1285 3603 uti
1320 3550 1717 3608 Blomeuvenna
1758 3556 1935 3612 verbis
1960 3560 2095 3613 reci-

520 3635 647 3689 tatis
712 3645 964 3703 testatur,
1022 3639 1074 3693 in
1133 3642 1373 3709 generali
1436 3644 1642 3700 ordinis
1688 3645 2094 3707 Carthusiensis

518 3725 776 3793 capitulo,
810 3728 877 3783 de
925 3744 1075 3784 more
1120 3730 1173 3786 in
1211 3732 1499 3789 Carthusia
1550 3735 1845 3804 celebrato,
1898 3740 2094 3809 imper-

521 3815 700 3881 tierit,
744 3832 844 3873 nec
874 3831 1048 3875 tamen
1097 3823 1285 3878 eodem
1336 3834 1575 3896 tempore
1629 3840 1834 3897 partem
1878 3814 2133 3901 capitis,‘

518 3905 820 3963 Carthusize
868 3909 1196 3977 Coloniensi,
1251 3930 1370 3983 qua:
1403 3928 1457 3971 et
1506 3918 1618 3988 ipsa
1651 3920 1704 3974 in
1755 3921 1927 3976 Rheni
1967 3939 2093 3992 pro-

521 3996 698 4051 vincia
731 4000 833 4053 sita
862 4009 963 4067 est,
991 4003 1335 4069 destinatam,
1366 4008 1794 4078 Blutnenvennaz,
1816 4015 2091 4083 quietiam

520 4097 647 4143 tunc
674 4092 963 4160 provincia:
993 4094 1166 4151 Rheni
1199 4098 1445 4153 visitatur
1471 4111 1608 4169 erat,
1638 4104 1689 4157 in
1717 4121 1905 4160 manus
1932 4109 2097 4163 tradi-

518 4177 693 4233 derit?
721 4178 855 4234 Cum
910 4195 941 4237 e
984 4183 1193 4240 duobus
1245 4187 1578 4256 singularum
1612 4193 1818 4248 ordinis
1860 4195 2091 4252 Carthu-

517 4270 714 4327 siensis
762 4275 1159 4344 provinciarum
1208 4280 1575 4337 visitatoribus
1612 4301 1751 4340 unus
1795 4287 2089 4353 dumtaxat,

518 4364 596 4418 uti
651 4365 703 4419 in
753 4382 916 4437 opere
974 4371 1117 4439 quod
1153 4372 1360 4428 ordinis
1410 4374 1812 4434 Carthusieusis
1858 4380 2093 4437 Annales

2197 549 2302 588 non
2333 543 2533 589 tantum
2561 551 2840 590 sacrorum
2875 534 2992 604 ejus
3020 535 3355 606 lipsanorum
3403 551 3609 610 partem
3632 544 3783 599 Car-

2198 625 2390 680 thusize
2433 625 2811 697 Friburgensis
2844 628 3014 697 prior,
3053 628 3388 699 alteramque
3434 631 3781 689 tioioniensis

2195 716 2495 772 Carthusire
2528 718 2699 786 prior,
2734 718 2824 786 qui
2852 732 2973 772 cum
3013 717 3131 771 aliis
3154 716 3560 774 Provinciarum
3593 721 3779 777 Rheni

2194 819 2249 864 et
2276 808 2550 864 Teutonia:
2578 824 2670 864 seu
2698 809 2865 880 Belgii
2912 808 3234 877 Carthusiis,
3269 819 3328 865 ut
3370 810 3779 867 Blomeuvenna

2194 899 2358 952 etiam
2390 898 2571 954 verbis
2618 913 2779 969 supra
2829 899 2933 953 huc
2977 900 3317 969 transcriptis
3346 899 3523 967 docet,
3554 916 3780 956 sacrum

2194 990 2394 1046 donum
2422 992 2909 1057 communicarunt,
2940 991 3253 1057 obtinuere;
3302 1008 3488 1047 verum
3536 993 3703 1047 etiam
3747 1009 3781 1049 e

2196 1098 2351 1138 sacro
2373 1082 2836 1140 Carthusieusium
2860 1082 3050 1137 ordine
3076 1083 3166 1137 alii
3216 1098 3321 1137 non
3364 1084 3542 1153 pauci,
3584 1094 3646 1139 ut
3676 1086 3782 1138 du-

2193 1173 2472 1229 bitandum
2498 1191 2603 1230 non
2632 1183 2873 1246 apparet.
2898 1176 2978 1230 Ac
3006 1176 3271 1245 imprimis
3298 1177 3511 1247 quidem
3540 1176 3783 1232 Carthu-

2193 1264 2287 1319 size
2312 1264 2631 1320 i’arisiensis
2660 1265 2863 1319 alumni
2904 1280 2966 1320 os
3010 1266 3182 1337 digiti,
3205 1268 3347 1337 quod
3394 1267 3682 1338 hodieque,
3719 1276 3782 1321 ut

2192 1355 2448 1409 Bailletus
2477 1364 2610 1410 tum.
2642 1354 2705 1409 111
2742 1356 2986 1411 Vitarum
3018 1356 3122 1409 col.
3160 1356 3220 1410 9l
3262 1356 3435 1420 docet,
3470 1358 3537 1411 ad
3578 1359 3781 1427 pedem

2192 1456 2405 1514 statuae,
2429 1449 2731 1503 Brunonem
2764 1447 3087 1511 exhibentis,
3117 1448 3491 1513 cernitur,sibi
3511 1450 3783 1518 impetra-

2191 1556 2338 1595 vere:
2371 1542 2441 1595 At
2465 1554 2595 1595 vero
2621 1539 2905 1595 Zanottius
2934 1540 2986 1594 in
3019 1549 3271 1594 contexta
3299 1557 3329 1594 a
3358 1557 3416 1595 se
3444 1541 3626 1595 Sancti
3654 1541 3779 1597 Vita

2192 1647 2311 1701 cap.
2339 1647 2505 1686 χχχιιι
2535 1633 2890 1687 assertionem
2916 1639 3176 1700 prmterea
3208 1632 3309 1686 huc
3337 1630 3622 1687 facientem
3652 1650 3782 1705 sup-

2190 1723 2421 1791 peditat,
2452 1737 2591 1793 qua},
2641 1737 2708 1776 an
2744 1721 2961 1776 veritati
3006 1732 3290 1789 consonet,
3337 1723 3499 1777 animi
3542 1726 3780 1794 pendeo.

2190 1815 2281 1869 Ait
2306 1814 2472 1882 enim,
2496 1829 2561 1869 eo
2586 1815 2703 1883 ipso
2727 1822 2990 1882 tempore,
3018 1828 3126 1883 quo
3149 1828 3361 1869 sacrum
3385 1815 3573 1871 Sancti
3600 1820 3779 1872 nostri

2192 1920 2389 1975 corpus
2438 1905 2721 1960 transferri
2760 1905 3009 1976 contigit,
3052 1904 3312 1960 Jacobum
3360 1907 3427 1961 de
3478 1909 3777 1977 Aragunia,

2191 1995 2495 2051 Carthusiae
2524 1994 2889 2066 Neapolitana:
2919 1996 3178 2065 priorem,
3204 2012 3234 2051 e
3267 1997 3323 2052 S.
3356 1997 3625 2053 Brunonis
3654 2015 3779 2053 cor-

2190 2101 2322 2157 pore
2374 2085 2645 2141 inferiuris
2676 2085 3000 2141 mandibulae
3029 2095 3235 2155 partem
3268 2103 3369 2141 una
3395 2084 3539 2143 eum'
3564 2089 3781 2145 duobus

2191 2180 2464 2247 dentibus,
2516 2179 2653 2234 facta
2695 2180 2794 2235 sibi
2843 2181 2909 2233 ad
2962 2182 3062 2235 huc
3107 2197 3137 2234 a
3180 2181 3443 2238 Pontitiee
3495 2184 3778 2251 facultate,

2192 2272 2416 2341 cepisse,
2441 2286 2701 2340 sacraque
2728 2271 2812 2325 illa
2841 2270 3046 2340 lipsana
3069 2272 3135 2325 ad
3153 2272 3503 2328 Franciscum
3528 2290 3557 2328 a
3580 2274 3778 2340 Puteu,

2190 2360 2489 2417 Carthusia:
2516 2361 2730 2431 Majuris
2757 2364 3015 2432 priorem,
3040 2363 3129 2432 qui
3154 2364 3221 2417 ad
3244 2364 3538 2419 solemnem
3568 2366 3779 2420 Sancto

2192 2452 2395 2508 cultum
2445 2455 2843 2524 procurandum
2878 2468 2983 2507 non
3030 2469 3221 2523 parum
3254 2455 3576 2524 contulerat,
3637 2456 3781 2512 dono

2191 2545 2433 2609 misrsse;
2490 2543 2893 2598 Blomeuvenna
2946 2554 3125 2598 autem
3160 2588 3174 2611 ,
3226 2546 3316 2614 qui
3346 2561 3412 2600 ex
3454 2560 3566 2613 jam
3614 2546 3780 2601 dictis

2192 2634 2267 2687 rei
2306 2642 2468 2705 gestas
2516 2633 2616 2687 fuit
2658 2633 2898 2703 aequalis,
2948 2649 3176 2704 eamque
3203 2621 3387 2689 etiam
3419 2651 3450 2690 e
3498 2635 3775 2701 Matthaau,

2191 2726 2493 2781 Carthusize
2544 2725 2901 2780 Bononiensis
2946 2726 3147 2795 priore,
3182 2727 3270 2795 qui
3327 2726 3509 2781 Sancti
3546 2727 3780 2780 transla-

2194 2816 2323 2871 tioni
2360 2832 2599 2886 prtesens
2623 2816 2857 2881 adstitit,
2888 2816 3268 2871 verosimiliter
3301 2817 3527 2883 audivit,
3557 2832 3775 2872 sacrum

2194 2906 2319 2961 illud
2350 2907 2547 2962 donum
2607 2905 2898 2962 Francisco
2940 2922 2970 2961 a
3004 2906 3193 2974 Puten,
3225 2906 3522 2962 Carthusiae
3560 2907 3779 2975 Majoris

2193 2997 2383 3067 priori,
2412 2997 2573 3053 citius
2606 3012 2769 3067 quam
2814 3012 2957 3051 anno
2990 2998 3150 3065 1514,
3174 2997 3372 3052 factum
3404 2997 3587 3062 fuisse,
3616 2999 3778 3067 idque

2194 3088 2242 3143 ei
2268 3103 2374 3143 non
2405 3088 2546 3143 dono
2569 3088 2816 3154 missum,
2848 3087 2941 3143 sed
2975 3087 3041 3140 ab
3073 3087 3301 3158 ipsumet
3330 3086 3529 3142 Jacobo
3550 3090 3621 3142 de
3645 3090 3778 3142 Ara-

2195 3180 2375 3250 gonia,
2425 3178 2727 3234 Carthusize
2762 3176 3129 3248 Neapolitana:
3166 3178 3369 3249 priore,
3410 3193 3593 3233 coram
3620 3177 3775 3232 obla-

2198 3280 2309 3326 tum
2341 3270 2527 3336 fuisse,
2557 3271 2833 3325 memoria:
2860 3269 3060 3338 prodit.

2264 3363 2388 3421 780.
2418 3363 2497 3418 En
2520 3360 2638 3431 ejus
2659 3362 2764 3416 huc
2791 3361 3043 3417 facientia
3066 3363 3225 3417 verba
3252 3380 3297 3418 τι
3326 3362 3458 3417 Cum
3476 3363 3774 3432 negotium,

2195 3456 2390 3525 inquit,
2421 3454 2580 3525 hujus
2610 3453 2968 3509 restitutionis
2998 3451 3293 3525 (Calabrini
3318 3454 3526 3509 scilicet
3552 3453 3613 3509 S.
3655 3453 3776 3510 Ste-

2198 3546 2360 3617 phani
2406 3542 2744 3616 monasterii)
2773 3555 3058 3616 urgeretur
3096 3560 3192 3600 seu
3238 3555 3582 3611 tracmretur,
3636 3555 3780 3601 tem-

2195 3651 2346 3706 pore,
2359 3652 2467 3707 quo
2478 3636 2768 3707 capitulum
2785 3635 3037 3707 generale
3059 3635 3131 3689 Ca
3141 3636 3359 3690 rthusiae
3370 3635 3776 3701 celebrabatur,

2195 3728 2340 3783 venit
2378 3728 2531 3797 prior
2566 3728 2757 3783 domus
2795 3726 3176 3797 Neapolitante,
3219 3727 3305 3783 cui
3346 3728 3622 3798 negotium
3674 3728 3777 3785 hoc

2195 3822 2545 3877 commissum
2590 3829 2727 3888 erat,
2774 3828 2830 3876 et
2883 3822 3231 3890 prmsentavit
3280 3823 3578 3877 revirendo
3635 3822 3781 3893 patri

2196 3911 2415 3968 domino
2442 3911 2753 3977 Francisco,
2786 3912 2951 3983 priori
2984 3913 3174 3967 domus
3202 3910 3424 3981 Majoris
3446 3913 3775 3979 Carthusiat,

2196 4015 2406 4075 partem
2477 4004 2800 4059 mandibula:
2854 4019 2977 4059 cum
3029 4005 3238 4061 duobus
3289 4006 3541 4061 dentibus
3599 4007 3777 4061 sancti

2194 4098 2485 4165 Brunonis,
2531 4096 2878 4167 narravitque
2912 4097 3124 4152 cunctis
3175 4097 3365 4153 audire
3412 4097 3775 4167 cupientibus,

2195 4188 2419 4243 abhates
2446 4187 2636 4242 domus
2665 4187 2836 4242 sancti
2869 4185 3151 4257 Stephani,
3186 4188 3238 4242 in
3273 4203 3376 4257 qua
3412 4202 3625 4242 sacrum
3656 4204 3777 4241 cor-

2195 4294 2295 4347 pus
2318 4278 2459 4333 beati
2483 4278 2750 4332 Brunonis
2775 4277 3087 4347 requiescit,
3113 4286 3260 4331 tanta
3287 4278 3561 4347 diligentia
3591 4293 3777 4334 sacras

2199 4371 2455 4440 reliquias
2492 4368 2733 4437 ejusdem
2764 4377 2905 4423 metu
2937 4368 3424 4434 Carthusiensium,
3466 4387 3534 4424 ne
3568 4371 3665 4424 scil
3688 4381 3774 4426 cet

520 4459 820 4531 inscripsit,
872 4463 1216 4522 Innocentius
1254 4467 1304 4523 le
1339 4458 1558 4525 Masson‘
1602 4472 1693 4528 lib.
1744 4490 1825 4538 ιιι,
1862 4490 1981 4545 cap.
2026 4477 2097 4532 22
2129 4468 2172 4525 ι)
2200 4464 2327 4519 "Ind
2351 4463 2788 4529 ειιῦδιΐθιιετθιιῐ,
2841 4462 3213 4528 ουδῑοάῖνῖεεθν
3252 4472 3331 4530 ut,
3371 4462 3582 4517 οεδῖδηε
3619 4480 3777 4535 5093‘

520 4550 697 4616 docet,
733 4554 798 4607 ad
830 4558 1120 4625 capitulum
1162 4561 1438 4631 generale,
1489 4562 1542 4617 in
1573 4562 1858 4619 Carthusia
1909 4568 2092 4635 Majori

521 4638 925 4708 celebrandum,
952 4655 1200 4701 teneatur
1220 4651 1508 4717 quotannis
1533 4654 1811 4719 accedere,
1837 4657 2096 4725 capitulo-

522 4745 627 4798 que
652 4734 885 4801 generali
923 4737 1046 4790 anni
1080 4737 1217 4793 1515
1260 4740 1569 4811 Gregorius,
1620 4743 1920 4800 Carthusia:
1971 4747 2092 4803 Fri-

519 4823 805 4895 burgcnsis
850 4827 1016 4897 prior,
1070 4838 1322 4900 tanquam
1380 4834 1540 4890 dicta:
1583 4836 1749 4892 Rheni
1805 4839 2095 4908 provinciae

521 4912 796 4982 visitatur,
823 4916 1147 4983 interfuerit,
1183 4918 1337 4975 facile
1380 4923 1714 4995 intelligitur,
1760 4929 1850 4996 qui
1892 4929 2092 4983 factum

522 5020 643 5061 esse
674 5016 858 5075 queat,
883 5016 941 5062 ut
978 5008 1395 5076 Blomeuvenna,
1423 5014 1548 5070 licet
1586 5025 1640 5071 et
1661 5018 1774 5085 ipse
1805 5020 2095 5088 provinciae

522 5096 700 5153 Rheni
727 5098 976 5153 visitatur
1012 5110 1177 5166 esset,
1229 5105 1463 5173 capitulo
1502 5110 1739 5177 generali
1768 5126 1909 5164 anno
1959 5111 2094 5165 1515

519 5204 629 5245 non
661 5188 991 5254 interfuerit,
1020 5200 1184 5259 utque
1224 5193 1357 5246 adeo
1387 5195 1483 5264 ipsi
1517 5197 1818 5263 Matthtcus,
1866 5199 2097 5254 Carthu-

522 5279 617 5333 sim
640 5281 994 5335 Bononiensis
1023 5281 1190 5351 prior,
1240 5299 1461 5352 parvam
1494 5288 1685 5357 capitis
1724 5288 1782 5343 S.
1827 5290 2094 5347 Brun02tis

519 5374 845 5440 portiOnem,
871 5388 1030 5443 quam
1062 5372 1361 5430 Carthusia:
1390 5376 1714 5448 Coloniensi,
1747 5383 1888 5452 quod
1910 5384 1962 5437 in
1995 5385 2095 5440 hac

522 5465 740 5519 civitate
793 5474 950 5519 natus
1004 5464 1237 5522 Sanctus
1301 5478 1489 5537 esset,
1554 5472 1901 5540 destinarat,
1970 5484 2096 5530 ante

521 5570 719 5610 annum
764 5557 896 5612 1516
935 5558 986 5612 in
1026 5575 1215 5614 manus
1263 5576 1368 5615 nun
1404 5563 1707 5631 tradiderit,
1741 5580 1836 5620 seu
1869 5567 1934 5621 ad
1966 5566 2093 5621 illud

520 5665 693 5719 usque
733 5659 964 5723 tempus,
997 5668 1103 5724 quo
1156 5654 1303 5709 illum
1343 5657 1576 5727 capitulo
1602 5660 1835 5729 generali
1869 5659 2099 5716 interfu-

524 5747 706 5821 turum
730 5743 952 5812 sciebat,
984 5742 1035 5799 in
1061 5760 1251 5802 manus
1291 5748 1605 5805 tradendum
1635 5751 1948 5806 reservarit.

2198 4556 2329 4611 ratis
2350 4565 2514 4625 atque
2547 4556 2612 4608 ad
2640 4555 2850 4609 diversa
2874 4554 3165 4609 secretiora
3205 4554 3317 4607 loca
3360 4555 3633 4624 repositis,
3666 4558 3771 4610 eis-

2197 4647 2426 4716 demque
2456 4646 2586 4700 locis
2635 4660 2777 4714 saepe
2805 4645 3048 4711 mutatis,
3095 4661 3252 4700 nemo
3286 4646 3425 4700 scire
3465 4658 3645 4716 posset
3682 4648 3772 4702 ubi

2196 4753 2364 4792 sacrze
2393 4747 2574 4793 essent
2610 4739 2869 4808 reliquim,
2900 4750 3096 4807 praeter
3119 4739 3365 4793 abbatem
3392 4749 3447 4794 et
3472 4740 3637 4795 alium
3670 4742 3774 4796 fide

2196 4830 2437 4900 dignum.
2474 4828 2799 4885 illactenus
2847 4829 2955 4884 ille.
3005 4829 3185 4899 Atque
3243 4831 3327 4886 his
3386 4834 3604 4901 quidem
3661 4834 3775 4887 suis

2195 4924 2399 4990 verbis,
2431 4933 2491 4978 ut
2528 4924 2892 4979 consideranti
2939 4925 3166 4993 patebit,
3215 4925 3556 4993 apertissime
3585 4925 3771 4987 tradit.

2198 5014 2380 5070 Sancti
2414 5015 2777 5069 mandibulam
2828 5029 2935 5068 una
2964 5030 3086 5069 cum
3126 5016 3333 5069 duobus
3370 5014 3485 5083 ejus
3522 5014 3772 5069 dentibus

2198 5106 2265 5161 ad
2294 5104 2619 5169 Puteanum,
2646 5105 2860 5176 Majoris
2886 5104 3188 5159 Carthus'te
3217 5105 3475 5174 priorem,
3515 5123 3542 5159 a
3568 5105 3771 5174 Neam.

2196 5198 2487 5254 litanorum
2530 5197 3013 5253 Carthusianurum
3051 5197 3230 5266 priore
3274 5198 3414 5251 dono
3452 5212 3555 5251 non
3606 5195 3770 5251 fuisse

2196 5289 2538 5352 submissam,
2587 5288 2680 5342 sed
2718 5287 2859 5342 hunc
2895 5286 3094 5355 ipsum,
3132 5295 3324 5341 contra
3375 5301 3438 5341 ac
3485 5285 3771 5339 Zanottius

2196 5381 2401 5446 scribit,
2433 5380 2576 5434 dictu
2597 5379 2896 5434 Carthusia:
2920 5378 3137 5449 Maioris
3173 5377 3364 5447 priori,
3391 5394 3512 5433 cum
3551 5378 3767 5445 capituli

2197 5471 2467 5542 generalis
2503 5482 2743 5542 tempore
2770 5486 3009 5541 praesens
3035 5471 3082 5526 ei
3120 5472 3357 5534 adesset,
3402 5486 3614 5525 sacrum
3645 5470 3770 5524 illud

2198 5578 2391 5616 munus
2441 5562 2731 5624 obtulisse;
2769 5562 2913 5632 quod
2942 5572 3120 5616 autem
3178 5561 3243 5614 ad
3291 5570 3519 5630 tempus,
3549 5574 3658 5630 quo
3687 5573 3768 5613 res

2197 5654 2475 5718 acciderit,
2507 5661 2736 5724 spectat,
2790 5660 2915 5706 tunc
2945 5667 3086 5717 eam,
3122 5666 3267 5715 cum,
3309 5660 3367 5704 ut
3402 5649 3460 5705 S.
3509 5646 3766 5719 Stephani

2200 5746 2585 5803 monasterium
2646 5743 2822 5801 ordini
2861 5759 2959 5800 suo
2995 5744 3388 5810 restitueretur,
3427 5734 3766 5803 Carthusiani
