  <div class='ocr_page' id='page_1' title='image "/cluster/home/n/w/nwhite01/storage/ocr_20150623/152/hvd.32044015473804/246.png"; bbox 0 0 3846 6316; ppageno 0'>
   <div class='ocr_carea' id='block_1_1' title="bbox 140 368 226 425">
    <p class='ocr_par' dir='ltr' id='par_1_1' title="bbox 140 368 226 425">
     <span class='ocr_line' id='line_1_1' title="bbox 140 368 226 425; baseline -0.023 0"><span class='ocrx_word' id='word_1_1' title='bbox 140 368 226 425; x_wconf 67' lang='grc'><strong>181</strong></span> 
     </span>
    </p>
   </div>
   <div class='ocr_carea' id='block_1_2' title="bbox 1642 371 1843 428">
    <p class='ocr_par' dir='ltr' id='par_1_2' title="bbox 1642 371 1843 428">
     <span class='ocr_line' id='line_1_2' title="bbox 1642 371 1843 428; baseline 0.005 -1"><span class='ocrx_word' id='word_1_2' title='bbox 1642 371 1843 428; x_wconf 78' lang='lat' dir='ltr'><strong>ACTA.</strong></span> 
     </span>
    </p>
   </div>
   <div class='ocr_carea' id='block_1_3' title="bbox 3287 388 3390 447">
    <p class='ocr_par' dir='ltr' id='par_1_3' title="bbox 3287 388 3390 447">
     <span class='ocr_line' id='line_1_3' title="bbox 3287 388 3390 447; baseline 0.019 -3"><span class='ocrx_word' id='word_1_3' title='bbox 3287 388 3390 447; x_wconf 69' lang='grc'><strong>882</strong></span> 
     </span>
    </p>
   </div>
   <div class='ocr_carea' id='block_1_4' title="bbox 137 478 3393 558">
    <p class='ocr_par' dir='ltr' id='par_1_4' title="bbox 137 478 3393 558">
     <span class='ocr_line' id='line_1_4' title="bbox 137 478 3393 558; baseline 0.006 -20"><span class='ocrx_word' id='word_1_4' title='bbox 137 485 407 546; x_wconf 87' lang='lat' dir='ltr'><strong>instarent,</strong></span> <span class='ocrx_word' id='word_1_5' title='bbox 463 489 672 551; x_wconf 80' lang='lat' dir='ltr'><strong>gestam</strong></span> <span class='ocrx_word' id='word_1_6' title='bbox 713 478 921 542; x_wconf 75' lang='lat' dir='ltr'><strong>scribit,</strong></span> <span class='ocrx_word' id='word_1_7' title='bbox 986 493 1050 535; x_wconf 90' lang='lat' dir='ltr'><strong>ac</strong></span> <span class='ocrx_word' id='word_1_8' title='bbox 1098 479 1253 551; x_wconf 85' lang='lat' dir='ltr'><strong>proin</strong></span> <span class='ocrx_word' id='word_1_9' title='bbox 1306 488 1594 551; x_wconf 77' lang='lat' dir='ltr'><strong>antequam</strong></span> <span class='ocrx_word' id='word_1_10' title='bbox 1653 484 1704 537; x_wconf 89' lang='lat' dir='ltr'><strong>id</strong></span> <span class='ocrx_word' id='word_1_11' title='bbox 1735 494 1781 552; x_wconf 80' lang='grc' dir='ltr'>Α</span> <span class='ocrx_word' id='word_1_12' title='bbox 1810 492 1973 538; x_wconf 83' lang='lat' dir='ltr'><strong>etiam</strong></span> <span class='ocrx_word' id='word_1_13' title='bbox 2005 484 2330 558; x_wconf 77' lang='lat' dir='ltr'><strong>suﬁragetur</strong></span> <span class='ocrx_word' id='word_1_14' title='bbox 2359 486 2619 545; x_wconf 84' lang='lat' dir='ltr'><strong>Camillus</strong></span> <span class='ocrx_word' id='word_1_15' title='bbox 2652 491 2908 558; x_wconf 86' lang='lat' dir='ltr'><strong>Tutinus,</strong></span> <span class='ocrx_word' id='word_1_16' title='bbox 2943 494 2994 548; x_wconf 91' lang='lat' dir='ltr'><strong>in</strong></span> <span class='ocrx_word' id='word_1_17' title='bbox 3026 494 3277 555; x_wconf 68' lang='lat' dir='ltr'><strong>Historiae</strong></span> <span class='ocrx_word' id='word_1_18' title='bbox 3302 517 3393 557; x_wconf 83' lang='lat' dir='ltr'><strong>or-</strong></span> 
     </span>
    </p>
   </div>
   <div class='ocr_carea' id='block_1_5' title="bbox 136 571 1702 631">
    <p class='ocr_par' dir='ltr' id='par_1_5' title="bbox 136 571 1702 631">
     <span class='ocr_line' id='line_1_5' title="bbox 136 571 1702 631; baseline -0.001 0"><span class='ocrx_word' id='word_1_19' title='bbox 136 575 271 631; x_wconf 86' lang='lat' dir='ltr'><strong>hisce</strong></span> <span class='ocrx_word' id='word_1_20' title='bbox 305 573 612 629; x_wconf 82' lang='lat' dir='ltr'><strong>restitutum</strong></span> <span class='ocrx_word' id='word_1_21' title='bbox 645 571 855 627; x_wconf 75' lang='lat' dir='ltr'><strong>fuisset.</strong></span> <span class='ocrx_word' id='word_1_22' title='bbox 884 572 1000 627; x_wconf 77' lang='lat' dir='ltr'><strong>1am</strong></span> <span class='ocrx_word' id='word_1_23' title='bbox 1030 588 1157 627; x_wconf 82' lang='lat' dir='ltr'><strong>vero</strong></span> <span class='ocrx_word' id='word_1_24' title='bbox 1188 589 1308 627; x_wconf 91' lang='lat' dir='ltr'><strong>cum</strong></span> <span class='ocrx_word' id='word_1_25' title='bbox 1340 575 1702 629; x_wconf 90' lang='lat' dir='ltr'><strong>restitutionis</strong></span> 
     </span>
    </p>
   </div>
   <div class='ocr_carea' id='block_1_6' title="bbox 134 662 1701 735">
    <p class='ocr_par' dir='ltr' id='par_1_6' title="bbox 134 662 1701 735">
     <span class='ocr_line' id='line_1_6' title="bbox 134 662 1701 735; baseline 0.001 -17"><span class='ocrx_word' id='word_1_26' title='bbox 134 664 280 733; x_wconf 86' lang='lat' dir='ltr'><strong>hujus</strong></span> <span class='ocrx_word' id='word_1_27' title='bbox 302 662 579 733; x_wconf 81' lang='lat' dir='ltr'><strong>negotium</strong></span> <span class='ocrx_word' id='word_1_28' title='bbox 605 678 745 716; x_wconf 89' lang='lat' dir='ltr'><strong>anno</strong></span> <span class='ocrx_word' id='word_1_29' title='bbox 771 662 906 717; x_wconf 72' lang='lat' dir='ltr'><strong>15M</strong></span> <span class='ocrx_word' id='word_1_30' title='bbox 928 678 1112 717; x_wconf 90' lang='lat' dir='ltr'><strong>mense</strong></span> <span class='ocrx_word' id='word_1_31' title='bbox 1140 662 1435 720; x_wconf 88' lang='lat' dir='ltr'><strong>Februario</strong></span> <span class='ocrx_word' id='word_1_32' title='bbox 1455 680 1519 719; x_wconf 80' lang='lat' dir='ltr'><strong>ex</strong></span> <span class='ocrx_word' id='word_1_33' title='bbox 1542 681 1701 735; x_wconf 83' lang='lat' dir='ltr'><strong>supra</strong></span> 
     </span>
    </p>
   </div>
   <div class='ocr_carea' id='block_1_7' title="bbox 134 752 1701 826">
    <p class='ocr_par' dir='ltr' id='par_1_7' title="bbox 134 752 1701 826">
     <span class='ocr_line' id='line_1_7' title="bbox 134 752 1701 826; baseline 0.001 -18"><span class='ocrx_word' id='word_1_34' title='bbox 134 755 277 809; x_wconf 85' lang='lat' dir='ltr'><strong>dictis</strong></span> <span class='ocrx_word' id='word_1_35' title='bbox 306 752 579 807; x_wconf 82' lang='lat' dir='ltr'><strong>Pontiﬁcii</strong></span> <span class='ocrx_word' id='word_1_36' title='bbox 609 754 835 820; x_wconf 86' lang='lat' dir='ltr'><strong>decreti,</strong></span> <span class='ocrx_word' id='word_1_37' title='bbox 868 770 1009 808; x_wconf 92' lang='lat' dir='ltr'><strong>anno</strong></span> <span class='ocrx_word' id='word_1_38' title='bbox 1038 753 1173 808; x_wconf 83' lang='grc'><strong>1515</strong></span> <span class='ocrx_word' id='word_1_39' title='bbox 1204 755 1337 821; x_wconf 87' lang='lat' dir='ltr'><strong>dati,</strong></span> <span class='ocrx_word' id='word_1_40' title='bbox 1363 771 1469 826; x_wconf 89' lang='lat' dir='ltr'><strong>quo</strong></span> <span class='ocrx_word' id='word_1_41' title='bbox 1489 772 1551 811; x_wconf 91' lang='lat' dir='ltr'><strong>ea</strong></span> <span class='ocrx_word' id='word_1_42' title='bbox 1587 756 1701 810; x_wconf 88' lang='lat' dir='ltr'><strong>ﬁeri</strong></span> 
     </span>
    </p>
   </div>
   <div class='ocr_carea' id='block_1_8' title="bbox 128 842 1703 917">
    <p class='ocr_par' dir='ltr' id='par_1_8' title="bbox 128 842 1703 917">
     <span class='ocr_line' id='line_1_8' title="bbox 128 842 1703 917; baseline 0.004 -20"><span class='ocrx_word' id='word_1_43' title='bbox 128 842 425 911; x_wconf 72' lang='lat' dir='ltr'><strong>jubebatur,</strong></span> <span class='ocrx_word' id='word_1_44' title='bbox 470 846 817 899; x_wconf 77' lang='lat' dir='ltr'><strong>exsecutione</strong></span> <span class='ocrx_word' id='word_1_45' title='bbox 863 846 1207 901; x_wconf 88' lang='lat' dir='ltr'><strong>terminatum</strong></span> <span class='ocrx_word' id='word_1_46' title='bbox 1249 844 1430 910; x_wconf 80' lang='lat' dir='ltr'><strong>fuerit,</strong></span> <span class='ocrx_word' id='word_1_47' title='bbox 1470 857 1703 917; x_wconf 78' lang='lat' dir='ltr'><strong>tuncque</strong></span> 
     </span>
    </p>
   </div>
   <div class='ocr_carea' id='block_1_9' title="bbox 130 934 1703 1007">
    <p class='ocr_par' dir='ltr' id='par_1_9' title="bbox 130 934 1703 1007">
     <span class='ocr_line' id='line_1_9' title="bbox 130 934 1703 1007; baseline 0.003 -18"><span class='ocrx_word' id='word_1_48' title='bbox 130 934 363 1007; x_wconf 66' lang='lat' dir='ltr'><strong>generale</strong></span> <span class='ocrx_word' id='word_1_49' title='bbox 381 935 512 988; x_wconf 91' lang='lat' dir='ltr'><strong>anni</strong></span> <span class='ocrx_word' id='word_1_50' title='bbox 541 934 675 989; x_wconf 71' lang='grc'><strong>1514</strong></span> <span class='ocrx_word' id='word_1_51' title='bbox 699 935 1183 991; x_wconf 90' lang='lat' dir='ltr'><strong>Carthusianornm</strong></span> <span class='ocrx_word' id='word_1_52' title='bbox 1210 937 1520 1007; x_wconf 89' lang='lat' dir='ltr'><strong>capitulum,</strong></span> <span class='ocrx_word' id='word_1_53' title='bbox 1549 939 1703 1007; x_wconf 83' lang='lat' dir='ltr'><strong>cujus</strong></span> 
     </span>
    </p>
   </div>
   <div class='ocr_carea' id='block_1_10' title="bbox 132 1025 1700 1099">
    <p class='ocr_par' dir='ltr' id='par_1_10' title="bbox 132 1025 1700 1099">
     <span class='ocr_line' id='line_1_10' title="bbox 132 1025 1700 1099; baseline 0.004 -22"><span class='ocrx_word' id='word_1_54' title='bbox 132 1037 355 1094; x_wconf 85' lang='lat' dir='ltr'><strong>tempore</strong></span> <span class='ocrx_word' id='word_1_55' title='bbox 411 1025 684 1091; x_wconf 84' lang='lat' dir='ltr'><strong>Jacobus,</strong></span> <span class='ocrx_word' id='word_1_56' title='bbox 737 1025 1119 1098; x_wconf 82' lang='lat' dir='ltr'><strong>Neapolitanus</strong></span> <span class='ocrx_word' id='word_1_57' title='bbox 1184 1030 1369 1098; x_wconf 83' lang='lat' dir='ltr'><strong>prior,</strong></span> <span class='ocrx_word' id='word_1_58' title='bbox 1419 1032 1700 1099; x_wconf 72' lang='lat' dir='ltr'><strong>prrefatum</strong></span> 
     </span>
    </p>
   </div>
   <div class='ocr_carea' id='block_1_11' title="bbox 128 1118 1698 1190">
    <p class='ocr_par' dir='ltr' id='par_1_11' title="bbox 128 1118 1698 1190">
     <span class='ocr_line' id='line_1_11' title="bbox 128 1118 1698 1190; baseline 0.004 -21"><span class='ocrx_word' id='word_1_59' title='bbox 128 1131 320 1170; x_wconf 79' lang='lat' dir='ltr'><strong>sacrum</strong></span> <span class='ocrx_word' id='word_1_60' title='bbox 361 1119 566 1171; x_wconf 78' lang='lat' dir='ltr'><strong>donum</strong></span> <span class='ocrx_word' id='word_1_61' title='bbox 608 1118 900 1174; x_wconf 83' lang='lat' dir='ltr'><strong>Francisco</strong></span> <span class='ocrx_word' id='word_1_62' title='bbox 931 1135 962 1174; x_wconf 87' lang='lat' dir='ltr'><strong>a</strong></span> <span class='ocrx_word' id='word_1_63' title='bbox 999 1118 1168 1174; x_wconf 82' lang='lat' dir='ltr'><strong>Puteo</strong></span> <span class='ocrx_word' id='word_1_64' title='bbox 1206 1119 1403 1176; x_wconf 73' lang='lat' dir='ltr'><strong>offerre</strong></span> <span class='ocrx_word' id='word_1_65' title='bbox 1439 1123 1698 1190; x_wconf 77' lang='lat' dir='ltr'><strong>potuerit.</strong></span> 
     </span>
    </p>
   </div>
   <div class='ocr_carea' id='block_1_12' title="bbox 126 1211 1698 1282">
    <p class='ocr_par' dir='ltr' id='par_1_12' title="bbox 126 1211 1698 1282">
     <span class='ocr_line' id='line_1_12' title="bbox 126 1211 1698 1282; baseline 0.004 -19"><span class='ocrx_word' id='word_1_66' title='bbox 126 1211 315 1263; x_wconf 61' lang='lat' dir='ltr'><strong>terebra</strong></span> <span class='ocrx_word' id='word_1_67' title='bbox 344 1225 440 1263; x_wconf 89' lang='lat' dir='ltr'><strong>um</strong></span> <span class='ocrx_word' id='word_1_68' title='bbox 482 1220 629 1265; x_wconf 91' lang='lat' dir='ltr'><strong>certe</strong></span> <span class='ocrx_word' id='word_1_69' title='bbox 657 1211 852 1281; x_wconf 86' lang='lat' dir='ltr'><strong>(neque</strong></span> <span class='ocrx_word' id='word_1_70' title='bbox 878 1211 1019 1265; x_wconf 89' lang='lat' dir='ltr'><strong>enim</strong></span> <span class='ocrx_word' id='word_1_71' title='bbox 1042 1222 1167 1267; x_wconf 90' lang='lat' dir='ltr'><strong>ante</strong></span> <span class='ocrx_word' id='word_1_72' title='bbox 1196 1211 1397 1267; x_wconf 74' lang='lat' dir='ltr'><strong>Pascha</strong></span> <span class='ocrx_word' id='word_1_73' title='bbox 1428 1213 1698 1282; x_wconf 71' lang='lat' dir='ltr'><strong>genezalia</strong></span> 
     </span>
    </p>
   </div>
   <div class='ocr_carea' id='block_1_13' title="bbox 126 1300 1698 1374">
    <p class='ocr_par' dir='ltr' id='par_1_13' title="bbox 126 1300 1698 1374">
     <span class='ocr_line' id='line_1_13' title="bbox 126 1300 1698 1374; baseline 0.005 -23"><span class='ocrx_word' id='word_1_74' title='bbox 126 1314 207 1351; x_wconf 85' lang='lat' dir='ltr'><strong>sua</strong></span> <span class='ocrx_word' id='word_1_75' title='bbox 236 1300 483 1366; x_wconf 80' lang='lat' dir='ltr'><strong>capitula</strong></span> <span class='ocrx_word' id='word_1_76' title='bbox 522 1300 869 1355; x_wconf 84' lang='lat' dir='ltr'><strong>Carthusiani</strong></span> <span class='ocrx_word' id='word_1_77' title='bbox 911 1318 1148 1371; x_wconf 85' lang='lat' dir='ltr'><strong>unquam</strong></span> <span class='ocrx_word' id='word_1_78' title='bbox 1203 1302 1424 1374; x_wconf 80' lang='lat' dir='ltr'><strong>habent)</strong></span> <span class='ocrx_word' id='word_1_79' title='bbox 1462 1304 1698 1359; x_wconf 89' lang='lat' dir='ltr'><strong>nondum</strong></span> 
     </span>
    </p>
   </div>
   <div class='ocr_carea' id='block_1_14' title="bbox 126 1387 1699 1461">
    <p class='ocr_par' dir='ltr' id='par_1_14' title="bbox 126 1387 1699 1461">
     <span class='ocr_line' id='line_1_14' title="bbox 126 1387 1699 1461; baseline 0.008 -22"><span class='ocrx_word' id='word_1_80' title='bbox 126 1387 317 1453; x_wconf 82' lang='lat' dir='ltr'><strong>fuisset,</strong></span> <span class='ocrx_word' id='word_1_81' title='bbox 353 1405 423 1445; x_wconf 81' lang='lat' dir='ltr'><strong>ex</strong></span> <span class='ocrx_word' id='word_1_82' title='bbox 461 1391 712 1459; x_wconf 89' lang='lat' dir='ltr'><strong>iissanc,</strong></span> <span class='ocrx_word' id='word_1_83' title='bbox 739 1407 859 1461; x_wconf 67' lang='lat' dir='ltr'><strong>qua:</strong></span> <span class='ocrx_word' id='word_1_84' title='bbox 903 1393 1299 1449; x_wconf 76' lang='lat' dir='ltr'><strong>Blomenvenna</strong></span> <span class='ocrx_word' id='word_1_85' title='bbox 1333 1395 1514 1450; x_wconf 77' lang='lat' dir='ltr'><strong>verbis</strong></span> <span class='ocrx_word' id='word_1_86' title='bbox 1556 1412 1644 1451; x_wconf 88' lang='lat' dir='ltr'><strong>rec</strong></span> <span class='ocrx_word' id='word_1_87' title='bbox 1671 1426 1699 1438; x_wconf 88' lang='lat'><strong>-</strong></span> 
     </span>
    </p>
   </div>
   <div class='ocr_carea' id='block_1_15' title="bbox 128 1481 1698 1550">
    <p class='ocr_par' dir='ltr' id='par_1_15' title="bbox 128 1481 1698 1550">
     <span class='ocr_line' id='line_1_15' title="bbox 128 1481 1698 1550; baseline 0.009 -19"><span class='ocrx_word' id='word_1_88' title='bbox 128 1481 232 1533; x_wconf 81' lang='lat' dir='ltr'><strong>tatis</strong></span> <span class='ocrx_word' id='word_1_89' title='bbox 289 1482 513 1547; x_wconf 76' lang='lat' dir='ltr'><strong>scribit,</strong></span> <span class='ocrx_word' id='word_1_90' title='bbox 568 1485 959 1539; x_wconf 77' lang='lat' dir='ltr'><strong>consectarium</strong></span> <span class='ocrx_word' id='word_1_91' title='bbox 1023 1485 1245 1540; x_wconf 88' lang='lat' dir='ltr'><strong>omnino</strong></span> <span class='ocrx_word' id='word_1_92' title='bbox 1288 1495 1392 1550; x_wconf 90' lang='lat' dir='ltr'><strong>est,</strong></span> <span class='ocrx_word' id='word_1_93' title='bbox 1457 1497 1516 1541; x_wconf 94' lang='lat' dir='ltr'><strong>ut</strong></span> <span class='ocrx_word' id='word_1_94' title='bbox 1572 1500 1698 1546; x_wconf 87' lang='lat' dir='ltr'><strong>ante</strong></span> 
     </span>
    </p>
   </div>
   <div class='ocr_carea' id='block_1_16' title="bbox 126 1574 1694 1645">
    <p class='ocr_par' dir='ltr' id='par_1_16' title="bbox 126 1574 1694 1645">
     <span class='ocr_line' id='line_1_16' title="bbox 126 1574 1694 1645; baseline 0.008 -20"><span class='ocrx_word' id='word_1_95' title='bbox 126 1587 302 1626; x_wconf 79' lang='lat' dir='ltr'><strong>annum</strong></span> <span class='ocrx_word' id='word_1_96' title='bbox 364 1574 531 1639; x_wconf 75' lang='grc'><strong>1514,</strong></span> <span class='ocrx_word' id='word_1_97' title='bbox 581 1586 772 1630; x_wconf 90' lang='lat' dir='ltr'><strong>contra</strong></span> <span class='ocrx_word' id='word_1_98' title='bbox 826 1592 890 1632; x_wconf 89' lang='lat' dir='ltr'><strong>ac</strong></span> <span class='ocrx_word' id='word_1_99' title='bbox 919 1577 1201 1632; x_wconf 82' lang='lat' dir='ltr'><strong>Zanottius</strong></span> <span class='ocrx_word' id='word_1_100' title='bbox 1258 1580 1442 1645; x_wconf 84' lang='lat' dir='ltr'><strong>tradit,</strong></span> <span class='ocrx_word' id='word_1_101' title='bbox 1509 1580 1694 1637; x_wconf 88' lang='lat' dir='ltr'><strong>Sancti</strong></span> 
     </span>
    </p>
   </div>
   <div class='ocr_carea' id='block_1_17' title="bbox 127 1666 1696 1741">
    <p class='ocr_par' dir='ltr' id='par_1_17' title="bbox 127 1666 1696 1741">
     <span class='ocr_line' id='line_1_17' title="bbox 127 1666 1696 1741; baseline 0.008 -26"><span class='ocrx_word' id='word_1_102' title='bbox 127 1666 273 1717; x_wconf 81' lang='lat' dir='ltr'><strong>uos:ri</strong></span> <span class='ocrx_word' id='word_1_103' title='bbox 305 1666 680 1720; x_wconf 87' lang='lat' dir='ltr'><strong>mandibulam</strong></span> <span class='ocrx_word' id='word_1_104' title='bbox 719 1683 826 1722; x_wconf 89' lang='lat' dir='ltr'><strong>una</strong></span> <span class='ocrx_word' id='word_1_105' title='bbox 878 1678 998 1723; x_wconf 90' lang='lat' dir='ltr'><strong>cum</strong></span> <span class='ocrx_word' id='word_1_106' title='bbox 1038 1669 1248 1724; x_wconf 88' lang='lat' dir='ltr'><strong>duobus</strong></span> <span class='ocrx_word' id='word_1_107' title='bbox 1298 1671 1415 1741; x_wconf 85' lang='lat' dir='ltr'><strong>ejus</strong></span> <span class='ocrx_word' id='word_1_108' title='bbox 1449 1672 1696 1729; x_wconf 86' lang='lat' dir='ltr'><strong>dentibus</strong></span> 
     </span>
    </p>
   </div>
   <div class='ocr_carea' id='block_1_18' title="bbox 127 1756 1695 1837">
    <p class='ocr_par' dir='ltr' id='par_1_18' title="bbox 127 1756 1695 1837">
     <span class='ocr_line' id='line_1_18' title="bbox 127 1756 1695 1837; baseline 0.009 -28"><span class='ocrx_word' id='word_1_109' title='bbox 127 1756 402 1812; x_wconf 83' lang='lat' dir='ltr'><strong>Francisco</strong></span> <span class='ocrx_word' id='word_1_110' title='bbox 451 1774 480 1811; x_wconf 90' lang='lat' dir='ltr'><strong>a</strong></span> <span class='ocrx_word' id='word_1_111' title='bbox 532 1758 728 1825; x_wconf 85' lang='lat' dir='ltr'><strong>Puteo,</strong></span> <span class='ocrx_word' id='word_1_112' title='bbox 768 1761 1073 1816; x_wconf 77' lang='lat' dir='ltr'><strong>Carthusia:</strong></span> <span class='ocrx_word' id='word_1_113' title='bbox 1116 1762 1333 1833; x_wconf 82' lang='lat' dir='ltr'><strong>Majoris</strong></span> <span class='ocrx_word' id='word_1_114' title='bbox 1361 1765 1551 1834; x_wconf 89' lang='lat' dir='ltr'><strong>priori,</strong></span> <span class='ocrx_word' id='word_1_115' title='bbox 1597 1783 1695 1837; x_wconf 89' lang='lat' dir='ltr'><strong>per</strong></span> 
     </span>
    </p>
   </div>
   <div class='ocr_carea' id='block_1_19' title="bbox 1809 576 3391 653">
    <p class='ocr_par' dir='ltr' id='par_1_19' title="bbox 1809 576 3391 653">
     <span class='ocr_line' id='line_1_19' title="bbox 1809 576 3391 653; baseline 0.013 -24"><span class='ocrx_word' id='word_1_116' title='bbox 1809 576 1950 631; x_wconf 91' lang='lat' dir='ltr'><strong>dinis</strong></span> <span class='ocrx_word' id='word_1_117' title='bbox 2000 577 2380 634; x_wconf 84' lang='lat' dir='ltr'><strong>Carbusiensis</strong></span> <span class='ocrx_word' id='word_1_118' title='bbox 2430 591 2719 651; x_wconf 85' lang='lat' dir='ltr'><strong>prospectu</strong></span> <span class='ocrx_word' id='word_1_119' title='bbox 2758 584 3024 653; x_wconf 88' lang='lat' dir='ltr'><strong>scribens,</strong></span> <span class='ocrx_word' id='word_1_120' title='bbox 3057 604 3198 645; x_wconf 89' lang='lat' dir='ltr'><strong>anno</strong></span> <span class='ocrx_word' id='word_1_121' title='bbox 3252 592 3391 649; x_wconf 75' lang='grc'><strong>1514</strong></span> 
     </span>
    </p>
   </div>
   <div class='ocr_carea' id='block_1_20' title="bbox 1807 663 3388 751">
    <p class='ocr_par' dir='ltr' id='par_1_20' title="bbox 1807 663 3388 751">
     <span class='ocr_line' id='line_1_20' title="bbox 1807 663 3388 751; baseline 0.014 -35"><span class='ocrx_word' id='word_1_122' title='bbox 1807 663 2062 734; x_wconf 82' lang='lat' dir='ltr'><strong>reliquias</strong></span> <span class='ocrx_word' id='word_1_123' title='bbox 2108 666 2340 737; x_wconf 88' lang='lat' dir='ltr'><strong>aliquot,</strong></span> <span class='ocrx_word' id='word_1_124' title='bbox 2394 671 2460 725; x_wconf 92' lang='lat' dir='ltr'><strong>de</strong></span> <span class='ocrx_word' id='word_1_125' title='bbox 2510 671 2778 727; x_wconf 85' lang='lat' dir='ltr'><strong>Brnnonis</strong></span> <span class='ocrx_word' id='word_1_126' title='bbox 2831 690 3057 745; x_wconf 84' lang='lat' dir='ltr'><strong>corpore</strong></span> <span class='ocrx_word' id='word_1_127' title='bbox 3111 680 3388 751; x_wconf 85' lang='lat' dir='ltr'><strong>collectas,</strong></span> 
     </span>
    </p>
   </div>
   <div class='ocr_carea' id='block_1_21' title="bbox 1804 751 3389 828">
    <p class='ocr_par' dir='ltr' id='par_1_21' title="bbox 1804 751 3389 828">
     <span class='ocr_line' id='line_1_21' title="bbox 1804 751 3389 828; baseline 0.014 -22"><span class='ocrx_word' id='word_1_128' title='bbox 1804 751 2110 811; x_wconf 83' lang='lat' dir='ltr'><strong>Carthnsiis</strong></span> <span class='ocrx_word' id='word_1_129' title='bbox 2142 756 2350 825; x_wconf 80' lang='lat' dir='ltr'><strong>Majori,</strong></span> <span class='ocrx_word' id='word_1_130' title='bbox 2380 760 2685 819; x_wconf 74' lang='lat' dir='ltr'><strong>Coloniensi</strong></span> <span class='ocrx_word' id='word_1_131' title='bbox 2719 777 2772 822; x_wconf 87' lang='lat' dir='ltr'><strong>et</strong></span> <span class='ocrx_word' id='word_1_132' title='bbox 2809 767 3103 824; x_wconf 76' lang='lat' dir='ltr'><strong>Parisiensi</strong></span> <span class='ocrx_word' id='word_1_133' title='bbox 3130 771 3389 828; x_wconf 59' lang='lat' dir='ltr'><strong>distribun</strong></span> 
     </span>
    </p>
   </div>
   <div class='ocr_carea' id='block_1_22' title="bbox 1807 845 3388 931">
    <p class='ocr_par' dir='ltr' id='par_1_22' title="bbox 1807 845 3388 931">
     <span class='ocr_line' id='line_1_22' title="bbox 1807 845 3388 931; baseline 0.015 -33"><span class='ocrx_word' id='word_1_134' title='bbox 1807 854 1888 901; x_wconf 92' lang='lat' dir='ltr'><strong>tas</strong></span> <span class='ocrx_word' id='word_1_135' title='bbox 1915 845 2079 903; x_wconf 75' lang='lat' dir='ltr'><strong>fuisse</strong></span> <span class='ocrx_word' id='word_1_136' title='bbox 2114 866 2127 903; x_wconf 89' lang='lat'>:</span> <span class='ocrx_word' id='word_1_137' title='bbox 2171 865 2292 904; x_wconf 93' lang='lat' dir='ltr'><strong>cum</strong></span> <span class='ocrx_word' id='word_1_138' title='bbox 2327 852 2470 906; x_wconf 91' lang='lat' dir='ltr'><strong>enim</strong></span> <span class='ocrx_word' id='word_1_139' title='bbox 2502 855 2546 908; x_wconf 90' lang='lat' dir='ltr'><strong>is</strong></span> <span class='ocrx_word' id='word_1_140' title='bbox 2581 858 2834 927; x_wconf 87' lang='lat' dir='ltr'><strong>scriptor,</strong></span> <span class='ocrx_word' id='word_1_141' title='bbox 2862 871 3121 931; x_wconf 90' lang='lat' dir='ltr'><strong>quantum</strong></span> <span class='ocrx_word' id='word_1_142' title='bbox 3161 871 3226 919; x_wconf 90' lang='lat' dir='ltr'><strong>ad</strong></span> <span class='ocrx_word' id='word_1_143' title='bbox 3256 881 3388 920; x_wconf 90' lang='lat' dir='ltr'><strong>san-</strong></span> 
     </span>
    </p>
   </div>
   <div class='ocr_carea' id='block_1_23' title="bbox 1803 930 3389 1013">
    <p class='ocr_par' dir='ltr' id='par_1_23' title="bbox 1803 930 3389 1013">
     <span class='ocr_line' id='line_1_23' title="bbox 1803 930 3389 1013; baseline 0.015 -22"><span class='ocrx_word' id='word_1_144' title='bbox 1803 939 1873 991; x_wconf 90' lang='lat' dir='ltr'><strong>cti</strong></span> <span class='ocrx_word' id='word_1_145' title='bbox 1908 930 2182 1008; x_wconf 73' lang='lat' dir='ltr'><strong>reliquias,</strong></span> <span class='ocrx_word' id='word_1_146' title='bbox 2212 956 2346 1011; x_wconf 88' lang='lat' dir='ltr'><strong>quas</strong></span> <span class='ocrx_word' id='word_1_147' title='bbox 2389 944 2727 1003; x_wconf 88' lang='lat' dir='ltr'><strong>Coloniensis</strong></span> <span class='ocrx_word' id='word_1_148' title='bbox 2758 950 3043 1008; x_wconf 54' lang='lat' dir='ltr'><strong>C:tr:h&#39;:sia</strong></span> <span class='ocrx_word' id='word_1_149' title='bbox 3084 971 3224 1010; x_wconf 81' lang='lat' dir='ltr'><strong>anno</strong></span> <span class='ocrx_word' id='word_1_150' title='bbox 3252 958 3389 1013; x_wconf 73' lang='lat' dir='ltr'><strong>15M</strong></span> 
     </span>
    </p>
   </div>
   <div class='ocr_carea' id='block_1_24' title="bbox 1800 1031 3390 1117">
    <p class='ocr_par' dir='ltr' id='par_1_24' title="bbox 1800 1031 3390 1117">
     <span class='ocr_line' id='line_1_24' title="bbox 1800 1031 3390 1117; baseline 0.014 -33"><span class='ocrx_word' id='word_1_151' title='bbox 1800 1031 2119 1098; x_wconf 88' lang='lat' dir='ltr'><strong>obtinuerit,</strong></span> <span class='ocrx_word' id='word_1_152' title='bbox 2148 1048 2212 1088; x_wconf 81' lang='lat' dir='ltr'><strong>ex</strong></span> <span class='ocrx_word' id='word_1_153' title='bbox 2246 1034 2357 1102; x_wconf 87' lang='lat' dir='ltr'><strong>jam</strong></span> <span class='ocrx_word' id='word_1_154' title='bbox 2405 1052 2564 1106; x_wconf 89' lang='lat' dir='ltr'><strong>supra</strong></span> <span class='ocrx_word' id='word_1_155' title='bbox 2598 1040 2758 1096; x_wconf 88' lang='lat' dir='ltr'><strong>dictis</strong></span> <span class='ocrx_word' id='word_1_156' title='bbox 2783 1054 2932 1098; x_wconf 89' lang='lat' dir='ltr'><strong>certo</strong></span> <span class='ocrx_word' id='word_1_157' title='bbox 2963 1056 3130 1113; x_wconf 85' lang='lat' dir='ltr'><strong>erret,</strong></span> <span class='ocrx_word' id='word_1_158' title='bbox 3177 1054 3390 1117; x_wconf 74' lang='lat' dir='ltr'><strong>pondus</strong></span> 
     </span>
    </p>
   </div>
   <div class='ocr_carea' id='block_1_25' title="bbox 1801 1122 3383 1199">
    <p class='ocr_par' dir='ltr' id='par_1_25' title="bbox 1801 1122 3383 1199">
     <span class='ocr_line' id='line_1_25' title="bbox 1801 1122 3383 1199; baseline 0.012 -22"><span class='ocrx_word' id='word_1_159' title='bbox 1801 1122 1891 1189; x_wconf 82' lang='lat' dir='ltr'><strong>iis,</strong></span> <span class='ocrx_word' id='word_1_160' title='bbox 1923 1140 2040 1192; x_wconf 71' lang='lat' dir='ltr'><strong>quse</strong></span> <span class='ocrx_word' id='word_1_161' title='bbox 2069 1126 2134 1179; x_wconf 89' lang='lat' dir='ltr'><strong>de</strong></span> <span class='ocrx_word' id='word_1_162' title='bbox 2162 1134 2421 1197; x_wconf 88' lang='lat' dir='ltr'><strong>tempore,</strong></span> <span class='ocrx_word' id='word_1_163' title='bbox 2447 1145 2554 1199; x_wconf 93' lang='lat' dir='ltr'><strong>quo</strong></span> <span class='ocrx_word' id='word_1_164' title='bbox 2577 1130 2760 1188; x_wconf 86' lang='lat' dir='ltr'><strong>Sareti</strong></span> <span class='ocrx_word' id='word_1_165' title='bbox 2785 1137 3094 1192; x_wconf 88' lang='lat' dir='ltr'><strong>mandibula</strong></span> <span class='ocrx_word' id='word_1_166' title='bbox 3128 1156 3231 1194; x_wconf 89' lang='lat' dir='ltr'><strong>una</strong></span> <span class='ocrx_word' id='word_1_167' title='bbox 3259 1156 3383 1197; x_wconf 91' lang='lat' dir='ltr'><strong>cum</strong></span> 
     </span>
    </p>
   </div>
   <div class='ocr_carea' id='block_1_26' title="bbox 1800 1213 3387 1286">
    <p class='ocr_par' dir='ltr' id='par_1_26' title="bbox 1800 1213 3387 1286">
     <span class='ocr_line' id='line_1_26' title="bbox 1800 1213 3387 1286; baseline 0.013 -19"><span class='ocrx_word' id='word_1_168' title='bbox 1800 1213 2009 1269; x_wconf 87' lang='lat' dir='ltr'><strong>duobus</strong></span> <span class='ocrx_word' id='word_1_169' title='bbox 2033 1215 2150 1285; x_wconf 86' lang='lat' dir='ltr'><strong>ejus</strong></span> <span class='ocrx_word' id='word_1_170' title='bbox 2177 1217 2425 1273; x_wconf 81' lang='lat' dir='ltr'><strong>dentibus</strong></span> <span class='ocrx_word' id='word_1_171' title='bbox 2456 1220 2748 1277; x_wconf 85' lang='lat' dir='ltr'><strong>Francisco</strong></span> <span class='ocrx_word' id='word_1_172' title='bbox 2778 1240 2807 1277; x_wconf 91' lang='lat' dir='ltr'><strong>a</strong></span> <span class='ocrx_word' id='word_1_173' title='bbox 2834 1225 3001 1281; x_wconf 83' lang='lat' dir='ltr'><strong>Pnteo</strong></span> <span class='ocrx_word' id='word_1_174' title='bbox 3032 1245 3126 1283; x_wconf 85' lang='lat' dir='ltr'><strong>seu</strong></span> <span class='ocrx_word' id='word_1_175' title='bbox 3154 1232 3387 1286; x_wconf 75' lang='lat' dir='ltr'><strong>(Iarthu-</strong></span> 
     </span>
    </p>
   </div>
   <div class='ocr_carea' id='block_1_27' title="bbox 1800 1304 3385 1387">
    <p class='ocr_par' dir='ltr' id='par_1_27' title="bbox 1800 1304 3385 1387">
     <span class='ocr_line' id='line_1_27' title="bbox 1800 1304 3385 1387; baseline 0.011 -29"><span class='ocrx_word' id='word_1_176' title='bbox 1800 1304 1893 1358; x_wconf 72' lang='lat' dir='ltr'><strong>she</strong></span> <span class='ocrx_word' id='word_1_177' title='bbox 1922 1305 2103 1375; x_wconf 61' lang='lat' dir='ltr'><strong>ilajnri</strong></span> <span class='ocrx_word' id='word_1_178' title='bbox 2137 1307 2333 1361; x_wconf 87' lang='lat' dir='ltr'><strong>tradita</strong></span> <span class='ocrx_word' id='word_1_179' title='bbox 2362 1307 2543 1373; x_wconf 81' lang='lat' dir='ltr'><strong>fuerit,</strong></span> <span class='ocrx_word' id='word_1_180' title='bbox 2565 1311 2826 1368; x_wconf 80' lang='lat' dir='ltr'><strong>Zanotius</strong></span> <span class='ocrx_word' id='word_1_181' title='bbox 2862 1314 2913 1368; x_wconf 93' lang='lat' dir='ltr'><strong>in</strong></span> <span class='ocrx_word' id='word_1_182' title='bbox 2960 1316 3169 1374; x_wconf 90' lang='lat' dir='ltr'><strong>litteras</strong></span> <span class='ocrx_word' id='word_1_183' title='bbox 3196 1321 3385 1387; x_wconf 88' lang='lat' dir='ltr'><strong>mittit,</strong></span> 
     </span>
    </p>
   </div>
   <div class='ocr_carea' id='block_1_28' title="bbox 1800 1394 2387 1465">
    <p class='ocr_par' dir='ltr' id='par_1_28' title="bbox 1800 1394 2387 1465">
     <span class='ocr_line' id='line_1_28' title="bbox 1800 1394 2387 1465; baseline 0.01 -19"><span class='ocrx_word' id='word_1_184' title='bbox 1800 1394 2000 1448; x_wconf 88' lang='lat' dir='ltr'><strong>addere</strong></span> <span class='ocrx_word' id='word_1_185' title='bbox 2045 1410 2150 1448; x_wconf 90' lang='lat' dir='ltr'><strong>non</strong></span> <span class='ocrx_word' id='word_1_186' title='bbox 2190 1405 2387 1465; x_wconf 83' lang='lat' dir='ltr'><strong>potest.</strong></span> 
     </span>
    </p>
   </div>
   <div class='ocr_carea' id='block_1_29' title="bbox 1869 1485 3382 1570">
    <p class='ocr_par' dir='ltr' id='par_1_29' title="bbox 1869 1485 3382 1570">
     <span class='ocr_line' id='line_1_29' title="bbox 1869 1485 3382 1570; baseline 0.013 -31"><span class='ocrx_word' id='word_1_187' title='bbox 1869 1485 1990 1541; x_wconf 71' lang='lat'><strong>782.</strong></span> <span class='ocrx_word' id='word_1_188' title='bbox 2021 1487 2285 1542; x_wconf 83' lang='lat' dir='ltr'><strong>Caeterum</strong></span> <span class='ocrx_word' id='word_1_189' title='bbox 2318 1491 2419 1545; x_wconf 84' lang='lat' dir='ltr'><strong>etsi</strong></span> <span class='ocrx_word' id='word_1_190' title='bbox 2462 1495 2678 1562; x_wconf 90' lang='lat' dir='ltr'><strong>quidem</strong></span> <span class='ocrx_word' id='word_1_191' title='bbox 2703 1537 2717 1559; x_wconf 91' lang='lat'><strong>,</strong></span> <span class='ocrx_word' id='word_1_192' title='bbox 2755 1512 2875 1565; x_wconf 78' lang='lat' dir='ltr'><strong>qua:</strong></span> <span class='ocrx_word' id='word_1_193' title='bbox 2913 1500 2980 1554; x_wconf 93' lang='lat' dir='ltr'><strong>de</strong></span> <span class='ocrx_word' id='word_1_194' title='bbox 3034 1508 3274 1570; x_wconf 90' lang='lat' dir='ltr'><strong>tempore</strong></span> <span class='ocrx_word' id='word_1_195' title='bbox 3319 1518 3382 1560; x_wconf 90' lang='lat' dir='ltr'><strong>ac</strong></span> 
     </span>
    </p>
   </div>
   <div class='ocr_carea' id='block_1_30' title="bbox 1797 1575 3381 1646">
    <p class='ocr_par' dir='ltr' id='par_1_30' title="bbox 1797 1575 3381 1646">
     <span class='ocr_line' id='line_1_30' title="bbox 1797 1575 3381 1646; baseline 0.01 -18"><span class='ocrx_word' id='word_1_196' title='bbox 1797 1575 1979 1635; x_wconf 75' lang='lat' dir='ltr'><strong>modo,</strong></span> <span class='ocrx_word' id='word_1_197' title='bbox 2031 1591 2137 1645; x_wconf 88' lang='lat' dir='ltr'><strong>quo</strong></span> <span class='ocrx_word' id='word_1_198' title='bbox 2193 1578 2387 1646; x_wconf 83' lang='lat' dir='ltr'><strong>capitis</strong></span> <span class='ocrx_word' id='word_1_199' title='bbox 2452 1579 2508 1635; x_wconf 90' lang='lat' dir='ltr'><strong>S.</strong></span> <span class='ocrx_word' id='word_1_200' title='bbox 2552 1582 2819 1639; x_wconf 81' lang='lat' dir='ltr'><strong>Bruuonis</strong></span> <span class='ocrx_word' id='word_1_201' title='bbox 2865 1588 3227 1643; x_wconf 87' lang='lat' dir='ltr'><strong>mandibulam</strong></span> <span class='ocrx_word' id='word_1_202' title='bbox 3277 1605 3381 1645; x_wconf 80' lang='lat' dir='ltr'><strong>una</strong></span> 
     </span>
    </p>
   </div>
   <div class='ocr_carea' id='block_1_31' title="bbox 1797 1666 3384 1748">
    <p class='ocr_par' dir='ltr' id='par_1_31' title="bbox 1797 1666 3384 1748">
     <span class='ocr_line' id='line_1_31' title="bbox 1797 1666 3384 1748; baseline 0.01 -29"><span class='ocrx_word' id='word_1_203' title='bbox 1797 1679 1920 1719; x_wconf 89' lang='lat' dir='ltr'><strong>cum</strong></span> <span class='ocrx_word' id='word_1_204' title='bbox 1953 1666 2159 1721; x_wconf 90' lang='lat' dir='ltr'><strong>duobus</strong></span> <span class='ocrx_word' id='word_1_205' title='bbox 2183 1667 2435 1725; x_wconf 78' lang='lat' dir='ltr'><strong>dentibus</strong></span> <span class='ocrx_word' id='word_1_206' title='bbox 2464 1690 2490 1725; x_wconf 75' lang='grc' dir='ltr'>ιι</span> <span class='ocrx_word' id='word_1_207' title='bbox 2519 1672 2719 1728; x_wconf 78' lang='lat' dir='ltr'><strong>Jaeubo</strong></span> <span class='ocrx_word' id='word_1_208' title='bbox 2742 1676 2807 1729; x_wconf 91' lang='lat' dir='ltr'><strong>de</strong></span> <span class='ocrx_word' id='word_1_209' title='bbox 2830 1676 3124 1748; x_wconf 80' lang='lat' dir='ltr'><strong>Aragonia,</strong></span> <span class='ocrx_word' id='word_1_210' title='bbox 3150 1680 3384 1735; x_wconf 59' lang='lat' dir='ltr'><strong>Cartbuc</strong></span> 
     </span>
    </p>
   </div>
   <div class='ocr_carea' id='block_1_32' title="bbox 1795 1755 3382 1835">
    <p class='ocr_par' dir='ltr' id='par_1_32' title="bbox 1795 1755 3382 1835">
     <span class='ocr_line' id='line_1_32' title="bbox 1795 1755 3382 1835; baseline 0.011 -26"><span class='ocrx_word' id='word_1_211' title='bbox 1795 1755 1889 1810; x_wconf 70' lang='lat' dir='ltr'><strong>size</strong></span> <span class='ocrx_word' id='word_1_212' title='bbox 1934 1755 2301 1827; x_wconf 64' lang='lat' dir='ltr'><strong>Neapolitana!</strong></span> <span class='ocrx_word' id='word_1_213' title='bbox 2345 1763 2546 1831; x_wconf 82' lang='lat' dir='ltr'><strong>priore,</strong></span> <span class='ocrx_word' id='word_1_214' title='bbox 2579 1765 2905 1822; x_wconf 86' lang='lat' dir='ltr'><strong>Franciscns</strong></span> <span class='ocrx_word' id='word_1_215' title='bbox 2933 1785 2963 1823; x_wconf 87' lang='lat' dir='ltr'><strong>a</strong></span> <span class='ocrx_word' id='word_1_216' title='bbox 3013 1769 3205 1835; x_wconf 87' lang='lat' dir='ltr'><strong>Puteo,</strong></span> <span class='ocrx_word' id='word_1_217' title='bbox 3247 1771 3382 1827; x_wconf 89' lang='lat' dir='ltr'><strong>Car-</strong></span> 
     </span>
    </p>
   </div>
   <div class='ocr_carea' id='block_1_33' title="bbox 123 1842 3381 1923">
    <p class='ocr_par' dir='ltr' id='par_1_33' title="bbox 123 1842 3381 1923">
     <span class='ocr_line' id='line_1_33' title="bbox 123 1842 3381 1923; baseline 0.011 -41"><span class='ocrx_word' id='word_1_218' title='bbox 123 1845 380 1912; x_wconf 51' lang='grc' dir='ltr'><strong>,κουραὶ⁹</strong></span> <span class='ocrx_word' id='word_1_219' title='bbox 417 1847 787 1920; x_wconf 49' lang='lat' dir='ltr'><strong>Neapolitana,</strong></span> <span class='ocrx_word' id='word_1_220' title='bbox 824 1851 1127 1907; x_wconf 59' lang='grc' dir='ltr'><strong>απιιιυείπ</strong></span> <span class='ocrx_word' id='word_1_221' title='bbox 1188 1854 1451 1923; x_wconf 57' lang='grc' dir='ltr'><strong>ρι-ίοιιειιηδ</strong></span> <span class='ocrx_word' id='word_1_222' title='bbox 1503 1856 1688 1912; x_wconf 61' lang='lat' dir='ltr'><strong>ouem</strong></span> <span class='ocrx_word' id='word_1_223' title='bbox 1724 1842 1765 1895; x_wconf 87' lang='grc' dir='ltr'>Β</span> <span class='ocrx_word' id='word_1_224' title='bbox 1796 1845 1986 1900; x_wconf 71' lang='grc' dir='ltr'><strong>ΙΙιυεῖω</strong></span> <span class='ocrx_word' id='word_1_225' title='bbox 2016 1845 2233 1916; x_wconf 83' lang='lat' dir='ltr'><strong>Majoris</strong></span> <span class='ocrx_word' id='word_1_226' title='bbox 2272 1852 2437 1920; x_wconf 92' lang='lat' dir='ltr'><strong>prior,</strong></span> <span class='ocrx_word' id='word_1_227' title='bbox 2472 1853 2787 1923; x_wconf 85' lang='lat' dir='ltr'><strong>obtinuerit,</strong></span> <span class='ocrx_word' id='word_1_228' title='bbox 2826 1857 3108 1915; x_wconf 89' lang='lat' dir='ltr'><strong>Zanottius</strong></span> <span class='ocrx_word' id='word_1_229' title='bbox 3139 1861 3190 1914; x_wconf 89' lang='lat' dir='ltr'><strong>in</strong></span> <span class='ocrx_word' id='word_1_230' title='bbox 3239 1862 3381 1917; x_wconf 78' lang='lat' dir='ltr'><strong>litte-</strong></span> 
     </span>
    </p>
   </div>
   <div class='ocr_carea' id='block_1_34' title="bbox 124 1940 410 2008">
    <p class='ocr_par' dir='ltr' id='par_1_34' title="bbox 124 1940 410 2008">
     <span class='ocr_line' id='line_1_34' title="bbox 124 1940 410 2008; baseline 0.007 -17"><span class='ocrx_word' id='word_1_231' title='bbox 124 1940 410 2008; x_wconf 76' lang='lat' dir='ltr'><strong>contigerit.</strong></span> 
     </span>
    </p>
   </div>
   <div class='ocr_carea' id='block_1_35' title="bbox 178 2029 1690 2109">
    <p class='ocr_par' dir='ltr' id='par_1_35' title="bbox 178 2029 1690 2109">
     <span class='ocr_line' id='line_1_35' title="bbox 178 2029 1690 2109; baseline 0.011 -28"><span class='ocrx_word' id='word_1_232' title='bbox 178 2029 285 2084; x_wconf 79' lang='lat' dir='ltr'><strong>78t.</strong></span> <span class='ocrx_word' id='word_1_233' title='bbox 312 2031 440 2096; x_wconf 89' lang='lat' dir='ltr'><strong>Ast,</strong></span> <span class='ocrx_word' id='word_1_234' title='bbox 476 2032 710 2103; x_wconf 86' lang='lat' dir='ltr'><strong>inquies,</strong></span> <span class='ocrx_word' id='word_1_235' title='bbox 749 2048 872 2089; x_wconf 90' lang='lat' dir='ltr'><strong>cum</strong></span> <span class='ocrx_word' id='word_1_236' title='bbox 915 2033 1324 2102; x_wconf 89' lang='lat' dir='ltr'><strong>Cistercienses,</strong></span> <span class='ocrx_word' id='word_1_237' title='bbox 1359 2037 1483 2093; x_wconf 90' lang='lat' dir='ltr'><strong>dum</strong></span> <span class='ocrx_word' id='word_1_238' title='bbox 1526 2054 1690 2109; x_wconf 85' lang='lat' dir='ltr'><strong>penes</strong></span> 
     </span>
    </p>
   </div>
   <div class='ocr_carea' id='block_1_36' title="bbox 123 2122 1689 2197">
    <p class='ocr_par' dir='ltr' id='par_1_36' title="bbox 123 2122 1689 2197">
     <span class='ocr_line' id='line_1_36' title="bbox 123 2122 1689 2197; baseline 0.009 -21"><span class='ocrx_word' id='word_1_239' title='bbox 123 2122 242 2192; x_wconf 85' lang='lat' dir='ltr'><strong>ipsos</strong></span> <span class='ocrx_word' id='word_1_240' title='bbox 297 2132 457 2179; x_wconf 90' lang='lat' dir='ltr'><strong>esset</strong></span> <span class='ocrx_word' id='word_1_241' title='bbox 507 2124 566 2180; x_wconf 93' lang='lat' dir='ltr'><strong>S.</strong></span> <span class='ocrx_word' id='word_1_242' title='bbox 629 2125 894 2196; x_wconf 87' lang='lat' dir='ltr'><strong>Stephani</strong></span> <span class='ocrx_word' id='word_1_243' title='bbox 953 2129 1384 2197; x_wconf 88' lang='lat' dir='ltr'><strong>monasterium,</strong></span> <span class='ocrx_word' id='word_1_244' title='bbox 1448 2132 1689 2190; x_wconf 89' lang='lat' dir='ltr'><strong>studiose</strong></span> 
     </span>
    </p>
   </div>
   <div class='ocr_carea' id='block_1_37' title="bbox 122 2217 1690 2294">
    <p class='ocr_par' dir='ltr' id='par_1_37' title="bbox 122 2217 1690 2294">
     <span class='ocr_line' id='line_1_37' title="bbox 122 2217 1690 2294; baseline 0.008 -26"><span class='ocrx_word' id='word_1_245' title='bbox 122 2217 389 2271; x_wconf 78' lang='lat' dir='ltr'><strong>admodum</strong></span> <span class='ocrx_word' id='word_1_246' title='bbox 440 2231 507 2272; x_wconf 89' lang='lat' dir='ltr'><strong>ac</strong></span> <span class='ocrx_word' id='word_1_247' title='bbox 551 2218 769 2285; x_wconf 86' lang='lat' dir='ltr'><strong>callide,</strong></span> <span class='ocrx_word' id='word_1_248' title='bbox 816 2220 1273 2290; x_wconf 84' lang='lat' dir='ltr'><strong>quemadmodum</strong></span> <span class='ocrx_word' id='word_1_249' title='bbox 1328 2236 1397 2277; x_wconf 80' lang='lat' dir='ltr'><strong>ex</strong></span> <span class='ocrx_word' id='word_1_250' title='bbox 1444 2221 1690 2294; x_wconf 88' lang='lat' dir='ltr'><strong>ipsismet</strong></span> 
     </span>
    </p>
   </div>
   <div class='ocr_carea' id='block_1_38' title="bbox 122 2308 1685 2385">
    <p class='ocr_par' dir='ltr' id='par_1_38' title="bbox 122 2308 1685 2385">
     <span class='ocr_line' id='line_1_38' title="bbox 122 2308 1685 2385; baseline 0.005 -20"><span class='ocrx_word' id='word_1_251' title='bbox 122 2308 336 2365; x_wconf 80' lang='lat' dir='ltr'><strong>recitatis</strong></span> <span class='ocrx_word' id='word_1_252' title='bbox 411 2308 785 2367; x_wconf 74' lang='lat' dir='ltr'><strong>Blomevenna:</strong></span> <span class='ocrx_word' id='word_1_253' title='bbox 858 2312 1040 2368; x_wconf 86' lang='lat' dir='ltr'><strong>verbis</strong></span> <span class='ocrx_word' id='word_1_254' title='bbox 1103 2313 1463 2385; x_wconf 80' lang='lat' dir='ltr'><strong>intelligitur,</strong></span> <span class='ocrx_word' id='word_1_255' title='bbox 1530 2332 1685 2374; x_wconf 85' lang='lat' dir='ltr'><strong>sacra</strong></span> 
     </span>
    </p>
   </div>
   <div class='ocr_carea' id='block_1_39' title="bbox 123 2397 1687 2475">
    <p class='ocr_par' dir='ltr' id='par_1_39' title="bbox 123 2397 1687 2475">
     <span class='ocr_line' id='line_1_39' title="bbox 123 2397 1687 2475; baseline 0.01 -23"><span class='ocrx_word' id='word_1_256' title='bbox 123 2397 169 2453; x_wconf 87' lang='lat' dir='ltr'><strong>S.</strong></span> <span class='ocrx_word' id='word_1_257' title='bbox 198 2399 466 2456; x_wconf 84' lang='lat' dir='ltr'><strong>Brunonis</strong></span> <span class='ocrx_word' id='word_1_258' title='bbox 496 2418 621 2458; x_wconf 87' lang='lat' dir='ltr'><strong>ossa</strong></span> <span class='ocrx_word' id='word_1_259' title='bbox 670 2402 1043 2470; x_wconf 91' lang='lat' dir='ltr'><strong>occuluerint,</strong></span> <span class='ocrx_word' id='word_1_260' title='bbox 1095 2406 1184 2475; x_wconf 91' lang='lat' dir='ltr'><strong>qui</strong></span> <span class='ocrx_word' id='word_1_261' title='bbox 1242 2406 1463 2473; x_wconf 83' lang='lat' dir='ltr'><strong>factum,</strong></span> <span class='ocrx_word' id='word_1_262' title='bbox 1520 2419 1581 2464; x_wconf 93' lang='lat' dir='ltr'><strong>ut</strong></span> <span class='ocrx_word' id='word_1_263' title='bbox 1619 2426 1687 2467; x_wconf 78' lang='lat' dir='ltr'><strong>ex</strong></span> 
     </span>
    </p>
   </div>
   <div class='ocr_carea' id='block_1_40' title="bbox 123 2490 1682 2565">
    <p class='ocr_par' dir='ltr' id='par_1_40' title="bbox 123 2490 1682 2565">
     <span class='ocr_line' id='line_1_40' title="bbox 123 2490 1682 2565; baseline 0.01 -23"><span class='ocrx_word' id='word_1_264' title='bbox 123 2490 245 2547; x_wconf 84' lang='lat' dir='ltr'><strong>hisce</strong></span> <span class='ocrx_word' id='word_1_265' title='bbox 285 2492 684 2558; x_wconf 86' lang='lat' dir='ltr'><strong>mandibulam,</strong></span> <span class='ocrx_word' id='word_1_266' title='bbox 726 2510 886 2565; x_wconf 85' lang='lat' dir='ltr'><strong>quam</strong></span> <span class='ocrx_word' id='word_1_267' title='bbox 930 2511 1035 2551; x_wconf 87' lang='lat' dir='ltr'><strong>una</strong></span> <span class='ocrx_word' id='word_1_268' title='bbox 1081 2512 1205 2551; x_wconf 86' lang='lat' dir='ltr'><strong>cunt</strong></span> <span class='ocrx_word' id='word_1_269' title='bbox 1246 2496 1455 2554; x_wconf 91' lang='lat' dir='ltr'><strong>duobus</strong></span> <span class='ocrx_word' id='word_1_270' title='bbox 1497 2500 1682 2558; x_wconf 86' lang='lat' dir='ltr'><strong>Sancti</strong></span> 
     </span>
    </p>
   </div>
   <div class='ocr_carea' id='block_1_41' title="bbox 123 2584 1685 2659">
    <p class='ocr_par' dir='ltr' id='par_1_41' title="bbox 123 2584 1685 2659">
     <span class='ocr_line' id='line_1_41' title="bbox 123 2584 1685 2659; baseline 0.008 -22"><span class='ocrx_word' id='word_1_271' title='bbox 123 2584 345 2640; x_wconf 82' lang='lat' dir='ltr'><strong>dentibus</strong></span> <span class='ocrx_word' id='word_1_272' title='bbox 390 2585 697 2643; x_wconf 69' lang='lat' dir='ltr'><strong>Carthusiae</strong></span> <span class='ocrx_word' id='word_1_273' title='bbox 737 2588 952 2655; x_wconf 81' lang='lat' dir='ltr'><strong>Majoris</strong></span> <span class='ocrx_word' id='word_1_274' title='bbox 994 2589 1159 2659; x_wconf 89' lang='lat' dir='ltr'><strong>priori</strong></span> <span class='ocrx_word' id='word_1_275' title='bbox 1213 2590 1354 2646; x_wconf 90' lang='lat' dir='ltr'><strong>dono</strong></span> <span class='ocrx_word' id='word_1_276' title='bbox 1392 2593 1565 2659; x_wconf 88' lang='lat' dir='ltr'><strong>daret,</strong></span> <span class='ocrx_word' id='word_1_277' title='bbox 1593 2594 1685 2650; x_wconf 83' lang='lat' dir='ltr'><strong>Ja-</strong></span> 
     </span>
    </p>
   </div>
   <div class='ocr_carea' id='block_1_42' title="bbox 122 2677 1729 2757">
    <p class='ocr_par' dir='ltr' id='par_1_42' title="bbox 122 2677 1729 2757">
     <span class='ocr_line' id='line_1_42' title="bbox 122 2677 1729 2757; baseline 0.009 -28"><span class='ocrx_word' id='word_1_278' title='bbox 122 2679 276 2744; x_wconf 81' lang='lat' dir='ltr'><strong>cobus,</strong></span> <span class='ocrx_word' id='word_1_279' title='bbox 343 2677 654 2734; x_wconf 65' lang='lat' dir='ltr'><strong>Carthusiae</strong></span> <span class='ocrx_word' id='word_1_280' title='bbox 720 2680 1085 2750; x_wconf 61' lang='lat' dir='ltr'><strong>Neapolitana:</strong></span> <span class='ocrx_word' id='word_1_281' title='bbox 1142 2685 1338 2756; x_wconf 91' lang='lat' dir='ltr'><strong>prior,</strong></span> <span class='ocrx_word' id='word_1_282' title='bbox 1390 2695 1729 2757; x_wconf 74' lang='lat' dir='ltr'><strong>antequam.</strong></span> 
     </span>
    </p>
   </div>
   <div class='ocr_carea' id='block_1_43' title="bbox 122 2770 1678 2845">
    <p class='ocr_par' dir='ltr' id='par_1_43' title="bbox 122 2770 1678 2845">
     <span class='ocr_line' id='line_1_43' title="bbox 122 2770 1678 2845; baseline 0.01 -26"><span class='ocrx_word' id='word_1_283' title='bbox 122 2770 488 2825; x_wconf 80' lang='lat' dir='ltr'><strong>monasterium</strong></span> <span class='ocrx_word' id='word_1_284' title='bbox 545 2770 676 2826; x_wconf 85' lang='lat' dir='ltr'><strong>illud</strong></span> <span class='ocrx_word' id='word_1_285' title='bbox 732 2772 1109 2829; x_wconf 80' lang='lat' dir='ltr'><strong>Cartbusianis</strong></span> <span class='ocrx_word' id='word_1_286' title='bbox 1162 2775 1470 2831; x_wconf 90' lang='lat' dir='ltr'><strong>restitutum</strong></span> <span class='ocrx_word' id='word_1_287' title='bbox 1516 2788 1678 2845; x_wconf 86' lang='lat' dir='ltr'><strong>esset,</strong></span> 
     </span>
    </p>
   </div>
   <div class='ocr_carea' id='block_1_44' title="bbox 120 2858 1680 2927">
    <p class='ocr_par' dir='ltr' id='par_1_44' title="bbox 120 2858 1680 2927">
     <span class='ocr_line' id='line_1_44' title="bbox 120 2858 1680 2927; baseline 0.008 -14"><span class='ocrx_word' id='word_1_288' title='bbox 120 2858 435 2915; x_wconf 80' lang='lat' dir='ltr'><strong>obtinuerit?</strong></span> <span class='ocrx_word' id='word_1_289' title='bbox 464 2860 697 2927; x_wconf 82' lang='lat' dir='ltr'><strong>Fateor,</strong></span> <span class='ocrx_word' id='word_1_290' title='bbox 730 2872 816 2918; x_wconf 91' lang='lat' dir='ltr'><strong>est</strong></span> <span class='ocrx_word' id='word_1_291' title='bbox 858 2879 990 2920; x_wconf 84' lang='lat' dir='ltr'><strong>sane</strong></span> <span class='ocrx_word' id='word_1_292' title='bbox 1018 2880 1114 2919; x_wconf 91' lang='lat' dir='ltr'><strong>cur</strong></span> <span class='ocrx_word' id='word_1_293' title='bbox 1151 2868 1323 2922; x_wconf 90' lang='lat' dir='ltr'><strong>uodus</strong></span> <span class='ocrx_word' id='word_1_294' title='bbox 1371 2867 1456 2923; x_wconf 87' lang='lat' dir='ltr'><strong>hic</strong></span> <span class='ocrx_word' id='word_1_295' title='bbox 1504 2868 1680 2925; x_wconf 90' lang='lat' dir='ltr'><strong>solntu</strong></span> 
     </span>
    </p>
   </div>
   <div class='ocr_carea' id='block_1_45' title="bbox 121 2952 1679 3029">
    <p class='ocr_par' dir='ltr' id='par_1_45' title="bbox 121 2952 1679 3029">
     <span class='ocr_line' id='line_1_45' title="bbox 121 2952 1679 3029; baseline 0.009 -26"><span class='ocrx_word' id='word_1_296' title='bbox 121 2962 350 3021; x_wconf 82' lang='lat' dir='ltr'><strong>appareat</strong></span> <span class='ocrx_word' id='word_1_297' title='bbox 379 2952 636 3008; x_wconf 69' lang='lat' dir='ltr'><strong>difﬁcilis.</strong></span> <span class='ocrx_word' id='word_1_298' title='bbox 664 2956 914 3010; x_wconf 85' lang='lat' dir='ltr'><strong>Attamen</strong></span> <span class='ocrx_word' id='word_1_299' title='bbox 938 2972 1060 3011; x_wconf 81' lang='lat' dir='ltr'><strong>eum</strong></span> <span class='ocrx_word' id='word_1_300' title='bbox 1094 2958 1266 3023; x_wconf 87' lang='lat' dir='ltr'><strong>locus,</strong></span> <span class='ocrx_word' id='word_1_301' title='bbox 1298 2974 1407 3029; x_wconf 90' lang='lat' dir='ltr'><strong>quo</strong></span> <span class='ocrx_word' id='word_1_302' title='bbox 1439 2961 1501 3015; x_wconf 82' lang='lat' dir='ltr'><strong>S.</strong></span> <span class='ocrx_word' id='word_1_303' title='bbox 1551 2961 1679 3017; x_wconf 77' lang='lat' dir='ltr'><strong>Bru-</strong></span> 
     </span>
    </p>
   </div>
   <div class='ocr_carea' id='block_1_46' title="bbox 122 3045 1680 3117">
    <p class='ocr_par' dir='ltr' id='par_1_46' title="bbox 122 3045 1680 3117">
     <span class='ocr_line' id='line_1_46' title="bbox 122 3045 1680 3117; baseline 0.008 -22"><span class='ocrx_word' id='word_1_304' title='bbox 122 3045 247 3098; x_wconf 85' lang='lat' dir='ltr'><strong>ttonis</strong></span> <span class='ocrx_word' id='word_1_305' title='bbox 287 3059 511 3115; x_wconf 87' lang='lat' dir='ltr'><strong>corpus.</strong></span> <span class='ocrx_word' id='word_1_306' title='bbox 546 3054 661 3110; x_wconf 87' lang='lat' dir='ltr'><strong>aut,</strong></span> <span class='ocrx_word' id='word_1_307' title='bbox 693 3046 738 3101; x_wconf 90' lang='lat' dir='ltr'><strong>si</strong></span> <span class='ocrx_word' id='word_1_308' title='bbox 793 3050 985 3113; x_wconf 81' lang='lat' dir='ltr'><strong>mavis,</strong></span> <span class='ocrx_word' id='word_1_309' title='bbox 1020 3064 1175 3103; x_wconf 88' lang='lat' dir='ltr'><strong>saera</strong></span> <span class='ocrx_word' id='word_1_310' title='bbox 1205 3055 1323 3117; x_wconf 75' lang='lat' dir='ltr'><strong>ejus</strong></span> <span class='ocrx_word' id='word_1_311' title='bbox 1348 3065 1471 3107; x_wconf 88' lang='lat' dir='ltr'><strong>ossa</strong></span> <span class='ocrx_word' id='word_1_312' title='bbox 1498 3063 1680 3107; x_wconf 83' lang='lat' dir='ltr'><strong>essent</strong></span> 
     </span>
    </p>
   </div>
   <div class='ocr_carea' id='block_1_47' title="bbox 124 3134 1679 3204">
    <p class='ocr_par' dir='ltr' id='par_1_47' title="bbox 124 3134 1679 3204">
     <span class='ocr_line' id='line_1_47' title="bbox 124 3134 1679 3204; baseline 0.008 -19"><span class='ocrx_word' id='word_1_313' title='bbox 124 3134 393 3200; x_wconf 79' lang='lat' dir='ltr'><strong>recondita,</strong></span> <span class='ocrx_word' id='word_1_314' title='bbox 445 3135 683 3190; x_wconf 86' lang='lat' dir='ltr'><strong>Antonio</strong></span> <span class='ocrx_word' id='word_1_315' title='bbox 736 3136 970 3204; x_wconf 84' lang='lat' dir='ltr'><strong>Sabino,</strong></span> <span class='ocrx_word' id='word_1_316' title='bbox 1017 3142 1277 3195; x_wconf 87' lang='lat' dir='ltr'><strong>bonorum</strong></span> <span class='ocrx_word' id='word_1_317' title='bbox 1325 3143 1564 3198; x_wconf 89' lang='lat' dir='ltr'><strong>omnium</strong></span> <span class='ocrx_word' id='word_1_318' title='bbox 1616 3160 1679 3198; x_wconf 81' lang='lat' dir='ltr'><strong>at;</strong></span> 
     </span>
    </p>
   </div>
   <div class='ocr_carea' id='block_1_48' title="bbox 122 3222 1676 3300">
    <p class='ocr_par' dir='ltr' id='par_1_48' title="bbox 122 3222 1676 3300">
     <span class='ocr_line' id='line_1_48' title="bbox 122 3222 1676 3300; baseline 0.008 -25"><span class='ocrx_word' id='word_1_319' title='bbox 122 3222 360 3279; x_wconf 87' lang='lat' dir='ltr'><strong>redituum</strong></span> <span class='ocrx_word' id='word_1_320' title='bbox 413 3228 735 3280; x_wconf 86' lang='lat' dir='ltr'><strong>monasterii</strong></span> <span class='ocrx_word' id='word_1_321' title='bbox 783 3226 840 3281; x_wconf 92' lang='lat' dir='ltr'><strong>S.</strong></span> <span class='ocrx_word' id='word_1_322' title='bbox 882 3231 1141 3299; x_wconf 77' lang='lat' dir='ltr'><strong>Stephani</strong></span> <span class='ocrx_word' id='word_1_323' title='bbox 1198 3234 1537 3300; x_wconf 84' lang='lat' dir='ltr'><strong>procuratori</strong></span> <span class='ocrx_word' id='word_1_324' title='bbox 1582 3249 1676 3290; x_wconf 89' lang='lat' dir='ltr'><strong>seu</strong></span> 
     </span>
    </p>
   </div>
   <div class='ocr_carea' id='block_1_49' title="bbox 121 3319 1675 3393">
    <p class='ocr_par' dir='ltr' id='par_1_49' title="bbox 121 3319 1675 3393">
     <span class='ocr_line' id='line_1_49' title="bbox 121 3319 1675 3393; baseline 0.01 -25"><span class='ocrx_word' id='word_1_325' title='bbox 121 3319 341 3383; x_wconf 71' lang='lat' dir='ltr'><strong>pmfecto</strong></span> <span class='ocrx_word' id='word_1_326' title='bbox 372 3333 476 3387; x_wconf 89' lang='lat' dir='ltr'><strong>per</strong></span> <span class='ocrx_word' id='word_1_327' title='bbox 506 3320 838 3374; x_wconf 78' lang='lat' dir='ltr'><strong>cardinalem</strong></span> <span class='ocrx_word' id='word_1_328' title='bbox 889 3323 954 3375; x_wconf 88' lang='lat' dir='ltr'><strong>de</strong></span> <span class='ocrx_word' id='word_1_329' title='bbox 981 3324 1279 3393; x_wconf 78' lang='lat' dir='ltr'><strong>Aragouta,</strong></span> <span class='ocrx_word' id='word_1_330' title='bbox 1326 3329 1675 3382; x_wconf 75' lang='lat' dir='ltr'><strong>toturnenda-</strong></span> 
     </span>
    </p>
   </div>
   <div class='ocr_carea' id='block_1_50' title="bbox 121 3405 1679 3485">
    <p class='ocr_par' dir='ltr' id='par_1_50' title="bbox 121 3405 1679 3485">
     <span class='ocr_line' id='line_1_50' title="bbox 121 3405 1679 3485; baseline 0.013 -31"><span class='ocrx_word' id='word_1_331' title='bbox 121 3405 281 3458; x_wconf 78' lang='lat' dir='ltr'><strong>tarium</strong></span> <span class='ocrx_word' id='word_1_332' title='bbox 333 3406 500 3475; x_wconf 83' lang='lat' dir='ltr'><strong>hujus</strong></span> <span class='ocrx_word' id='word_1_333' title='bbox 541 3413 835 3475; x_wconf 83' lang='lat' dir='ltr'><strong>abbatem,</strong></span> <span class='ocrx_word' id='word_1_334' title='bbox 885 3420 1206 3479; x_wconf 69' lang='lat' dir='ltr'><strong>constituto,</strong></span> <span class='ocrx_word' id='word_1_335' title='bbox 1252 3413 1368 3485; x_wconf 90' lang='lat' dir='ltr'><strong>jam</strong></span> <span class='ocrx_word' id='word_1_336' title='bbox 1427 3418 1552 3473; x_wconf 89' lang='lat' dir='ltr'><strong>inde</strong></span> <span class='ocrx_word' id='word_1_337' title='bbox 1609 3419 1679 3475; x_wconf 89' lang='lat' dir='ltr'><strong>ab</strong></span> 
     </span>
    </p>
   </div>
   <div class='ocr_carea' id='block_1_51' title="bbox 120 3499 1678 3577">
    <p class='ocr_par' dir='ltr' id='par_1_51' title="bbox 120 3499 1678 3577">
     <span class='ocr_line' id='line_1_51' title="bbox 120 3499 1678 3577; baseline 0.012 -30"><span class='ocrx_word' id='word_1_338' title='bbox 120 3510 233 3551; x_wconf 85' lang='lat' dir='ltr'><strong>anno</strong></span> <span class='ocrx_word' id='word_1_339' title='bbox 256 3499 414 3567; x_wconf 77' lang='grc'><strong>1513,</strong></span> <span class='ocrx_word' id='word_1_340' title='bbox 471 3501 515 3555; x_wconf 88' lang='lat' dir='ltr'><strong>si</strong></span> <span class='ocrx_word' id='word_1_341' title='bbox 574 3500 802 3558; x_wconf 89' lang='lat' dir='ltr'><strong>Tutinus</strong></span> <span class='ocrx_word' id='word_1_342' title='bbox 854 3514 1000 3560; x_wconf 90' lang='lat' dir='ltr'><strong>recte</strong></span> <span class='ocrx_word' id='word_1_343' title='bbox 1049 3514 1219 3567; x_wconf 89' lang='lat' dir='ltr'><strong>notet,</strong></span> <span class='ocrx_word' id='word_1_344' title='bbox 1268 3517 1363 3562; x_wconf 89' lang='lat' dir='ltr'><strong>aut</strong></span> <span class='ocrx_word' id='word_1_345' title='bbox 1415 3511 1600 3577; x_wconf 90' lang='lat' dir='ltr'><strong>etiam,</strong></span> <span class='ocrx_word' id='word_1_346' title='bbox 1631 3527 1678 3566; x_wconf 89' lang='lat' dir='ltr'><strong>st</strong></span> 
     </span>
    </p>
   </div>
   <div class='ocr_carea' id='block_1_52' title="bbox 118 3586 1678 3661">
    <p class='ocr_par' dir='ltr' id='par_1_52' title="bbox 118 3586 1678 3661">
     <span class='ocr_line' id='line_1_52' title="bbox 118 3586 1678 3661; baseline 0.012 -22"><span class='ocrx_word' id='word_1_347' title='bbox 118 3586 329 3648; x_wconf 80' lang='lat' dir='ltr'><strong>Zanottio</strong></span> <span class='ocrx_word' id='word_1_348' title='bbox 369 3592 512 3647; x_wconf 89' lang='lat' dir='ltr'><strong>ﬁdes</strong></span> <span class='ocrx_word' id='word_1_349' title='bbox 540 3594 633 3658; x_wconf 84' lang='lat' dir='ltr'><strong>sit,</strong></span> <span class='ocrx_word' id='word_1_350' title='bbox 668 3594 780 3661; x_wconf 85' lang='lat' dir='ltr'><strong>jam</strong></span> <span class='ocrx_word' id='word_1_351' title='bbox 824 3597 945 3651; x_wconf 89' lang='lat' dir='ltr'><strong>inde</strong></span> <span class='ocrx_word' id='word_1_352' title='bbox 978 3598 1047 3651; x_wconf 84' lang='lat' dir='ltr'><strong>ab</strong></span> <span class='ocrx_word' id='word_1_353' title='bbox 1076 3614 1220 3654; x_wconf 85' lang='lat' dir='ltr'><strong>anno</strong></span> <span class='ocrx_word' id='word_1_354' title='bbox 1248 3598 1385 3654; x_wconf 72' lang='grc'><strong>1502</strong></span> <span class='ocrx_word' id='word_1_355' title='bbox 1420 3602 1678 3657; x_wconf 80' lang='lat' dir='ltr'><strong>dirtnttus</strong></span> 
     </span>
    </p>
   </div>
   <div class='ocr_carea' id='block_1_53' title="bbox 118 3677 1677 3756">
    <p class='ocr_par' dir='ltr' id='par_1_53' title="bbox 118 3677 1677 3756">
     <span class='ocr_line' id='line_1_53' title="bbox 118 3677 1677 3756; baseline 0.011 -26"><span class='ocrx_word' id='word_1_356' title='bbox 118 3677 250 3734; x_wconf 77' lang='lat' dir='ltr'><strong>fuerit</strong></span> <span class='ocrx_word' id='word_1_357' title='bbox 290 3683 592 3748; x_wconf 75' lang='lat' dir='ltr'><strong>revelatus,</strong></span> <span class='ocrx_word' id='word_1_358' title='bbox 627 3683 741 3739; x_wconf 89' lang='lat' dir='ltr'><strong>ﬁeri</strong></span> <span class='ocrx_word' id='word_1_359' title='bbox 792 3695 989 3756; x_wconf 89' lang='lat' dir='ltr'><strong>potest,</strong></span> <span class='ocrx_word' id='word_1_360' title='bbox 1020 3696 1079 3742; x_wconf 96' lang='lat' dir='ltr'><strong>ut</strong></span> <span class='ocrx_word' id='word_1_361' title='bbox 1118 3690 1484 3745; x_wconf 81' lang='lat' dir='ltr'><strong>mandihulam</strong></span> <span class='ocrx_word' id='word_1_362' title='bbox 1516 3691 1677 3747; x_wconf 78' lang='lat' dir='ltr'><strong>exiis</strong></span> 
     </span>
    </p>
   </div>
   <div class='ocr_carea' id='block_1_54' title="bbox 117 3770 1675 3851">
    <p class='ocr_par' dir='ltr' id='par_1_54' title="bbox 117 3770 1675 3851">
     <span class='ocr_line' id='line_1_54' title="bbox 117 3770 1675 3851; baseline 0.01 -31"><span class='ocrx_word' id='word_1_363' title='bbox 117 3770 321 3840; x_wconf 81' lang='lat' dir='ltr'><strong>duosque</strong></span> <span class='ocrx_word' id='word_1_364' title='bbox 346 3773 550 3827; x_wconf 89' lang='lat' dir='ltr'><strong>dentes</strong></span> <span class='ocrx_word' id='word_1_365' title='bbox 596 3783 721 3829; x_wconf 86' lang='lat' dir='ltr'><strong>ante</strong></span> <span class='ocrx_word' id='word_1_366' title='bbox 749 3790 949 3830; x_wconf 88' lang='lat' dir='ltr'><strong>annum</strong></span> <span class='ocrx_word' id='word_1_367' title='bbox 984 3777 1121 3832; x_wconf 75' lang='lat' dir='ltr'><strong>15H</strong></span> <span class='ocrx_word' id='word_1_368' title='bbox 1159 3795 1190 3833; x_wconf 89' lang='lat' dir='ltr'><strong>a</strong></span> <span class='ocrx_word' id='word_1_369' title='bbox 1219 3787 1365 3836; x_wconf 78' lang='lat' dir='ltr'><strong>dicto</strong></span> <span class='ocrx_word' id='word_1_370' title='bbox 1392 3783 1675 3851; x_wconf 86' lang='lat' dir='ltr'><strong>cardmali,</strong></span> 
     </span>
    </p>
   </div>
   <div class='ocr_carea' id='block_1_55' title="bbox 117 3864 1675 3942">
    <p class='ocr_par' dir='ltr' id='par_1_55' title="bbox 117 3864 1675 3942">
     <span class='ocr_line' id='line_1_55' title="bbox 117 3864 1675 3942; baseline 0.011 -28"><span class='ocrx_word' id='word_1_371' title='bbox 117 3864 186 3930; x_wconf 86' lang='lat' dir='ltr'><strong>qui</strong></span> <span class='ocrx_word' id='word_1_372' title='bbox 213 3864 337 3920; x_wconf 81' lang='lat' dir='ltr'><strong>bene</strong></span> <span class='ocrx_word' id='word_1_373' title='bbox 368 3882 506 3935; x_wconf 81' lang='lat' dir='ltr'><strong>erga</strong></span> <span class='ocrx_word' id='word_1_374' title='bbox 550 3865 940 3924; x_wconf 88' lang='lat' dir='ltr'><strong>Carthusianos</strong></span> <span class='ocrx_word' id='word_1_375' title='bbox 986 3880 1107 3925; x_wconf 91' lang='lat' dir='ltr'><strong>erat</strong></span> <span class='ocrx_word' id='word_1_376' title='bbox 1136 3871 1384 3938; x_wconf 68' lang='lat' dir='ltr'><strong>affectus,</strong></span> <span class='ocrx_word' id='word_1_377' title='bbox 1421 3873 1675 3942; x_wconf 84' lang='lat' dir='ltr'><strong>Jacobus,</strong></span> 
     </span>
    </p>
   </div>
   <div class='ocr_carea' id='block_1_56' title="bbox 115 3951 1677 4028">
    <p class='ocr_par' dir='ltr' id='par_1_56' title="bbox 115 3951 1677 4028">
     <span class='ocr_line' id='line_1_56' title="bbox 115 3951 1677 4028; baseline 0.01 -24"><span class='ocrx_word' id='word_1_378' title='bbox 115 3951 385 4011; x_wconf 56' lang='lat' dir='ltr'><strong>Carthasim</strong></span> <span class='ocrx_word' id='word_1_379' title='bbox 414 3955 785 4026; x_wconf 72' lang='lat' dir='ltr'><strong>Neapolitana:</strong></span> <span class='ocrx_word' id='word_1_380' title='bbox 814 3957 985 4028; x_wconf 90' lang='lat' dir='ltr'><strong>prior,</strong></span> <span class='ocrx_word' id='word_1_381' title='bbox 1015 3959 1281 4016; x_wconf 81' lang='lat' dir='ltr'><strong>afﬁnitate</strong></span> <span class='ocrx_word' id='word_1_382' title='bbox 1304 3978 1426 4018; x_wconf 90' lang='lat' dir='ltr'><strong>cum</strong></span> <span class='ocrx_word' id='word_1_383' title='bbox 1457 3979 1521 4019; x_wconf 92' lang='lat' dir='ltr'><strong>eo</strong></span> <span class='ocrx_word' id='word_1_384' title='bbox 1545 3980 1677 4019; x_wconf 87' lang='lat' dir='ltr'><strong>con-</strong></span> 
     </span>
    </p>
   </div>
   <div class='ocr_carea' id='block_1_57' title="bbox 112 4043 1673 4119">
    <p class='ocr_par' dir='ltr' id='par_1_57' title="bbox 112 4043 1673 4119">
     <span class='ocr_line' id='line_1_57' title="bbox 112 4043 1673 4119; baseline 0.008 -19"><span class='ocrx_word' id='word_1_385' title='bbox 112 4043 319 4115; x_wconf 73' lang='lat' dir='ltr'><strong>iunctus,</strong></span> <span class='ocrx_word' id='word_1_386' title='bbox 363 4050 662 4118; x_wconf 77' lang='lat' dir='ltr'><strong>acceperit.</strong></span> <span class='ocrx_word' id='word_1_387' title='bbox 692 4050 845 4117; x_wconf 85' lang='lat' dir='ltr'><strong>Quod</strong></span> <span class='ocrx_word' id='word_1_388' title='bbox 892 4068 1015 4106; x_wconf 89' lang='lat' dir='ltr'><strong>cum</strong></span> <span class='ocrx_word' id='word_1_389' title='bbox 1051 4062 1125 4108; x_wconf 79' lang='lat' dir='ltr'><strong>ita</strong></span> <span class='ocrx_word' id='word_1_390' title='bbox 1164 4054 1259 4119; x_wconf 85' lang='lat' dir='ltr'><strong>sit,</strong></span> <span class='ocrx_word' id='word_1_391' title='bbox 1307 4056 1673 4112; x_wconf 80' lang='lat' dir='ltr'><strong>mandibulam</strong></span> 
     </span>
    </p>
   </div>
   <div class='ocr_carea' id='block_1_58' title="bbox 116 4133 1673 4213">
    <p class='ocr_par' dir='ltr' id='par_1_58' title="bbox 116 4133 1673 4213">
     <span class='ocr_line' id='line_1_58' title="bbox 116 4133 1673 4213; baseline 0.009 -25"><span class='ocrx_word' id='word_1_392' title='bbox 116 4133 161 4189; x_wconf 89' lang='lat' dir='ltr'><strong>S.</strong></span> <span class='ocrx_word' id='word_1_393' title='bbox 204 4138 470 4195; x_wconf 85' lang='lat' dir='ltr'><strong>Brunonis</strong></span> <span class='ocrx_word' id='word_1_394' title='bbox 516 4156 641 4195; x_wconf 79' lang='lat' dir='ltr'><strong>cum</strong></span> <span class='ocrx_word' id='word_1_395' title='bbox 701 4142 912 4197; x_wconf 90' lang='lat' dir='ltr'><strong>duobus</strong></span> <span class='ocrx_word' id='word_1_396' title='bbox 943 4143 1059 4213; x_wconf 84' lang='lat' dir='ltr'><strong>ejus</strong></span> <span class='ocrx_word' id='word_1_397' title='bbox 1112 4145 1363 4201; x_wconf 85' lang='lat' dir='ltr'><strong>dentibus</strong></span> <span class='ocrx_word' id='word_1_398' title='bbox 1413 4154 1539 4200; x_wconf 84' lang='lat' dir='ltr'><strong>ante</strong></span> <span class='ocrx_word' id='word_1_399' title='bbox 1571 4162 1673 4202; x_wconf 82' lang='lat' dir='ltr'><strong>au-</strong></span> 
     </span>
    </p>
   </div>
   <div class='ocr_carea' id='block_1_59' title="bbox 114 4232 1673 4309">
    <p class='ocr_par' dir='ltr' id='par_1_59' title="bbox 114 4232 1673 4309">
     <span class='ocr_line' id='line_1_59' title="bbox 114 4232 1673 4309; baseline 0.01 -31"><span class='ocrx_word' id='word_1_400' title='bbox 114 4242 216 4282; x_wconf 85' lang='lat' dir='ltr'><strong>num</strong></span> <span class='ocrx_word' id='word_1_401' title='bbox 259 4233 395 4286; x_wconf 63' lang='grc'><strong>1514</strong></span> <span class='ocrx_word' id='word_1_402' title='bbox 436 4232 734 4289; x_wconf 81' lang='lat' dir='ltr'><strong>Frauelsco</strong></span> <span class='ocrx_word' id='word_1_403' title='bbox 770 4252 801 4289; x_wconf 87' lang='lat' dir='ltr'><strong>a</strong></span> <span class='ocrx_word' id='word_1_404' title='bbox 840 4233 1047 4302; x_wconf 88' lang='lat' dir='ltr'><strong>Puteo,</strong></span> <span class='ocrx_word' id='word_1_405' title='bbox 1101 4235 1403 4293; x_wconf 67' lang='lat' dir='ltr'><strong>Carthusiaa</strong></span> <span class='ocrx_word' id='word_1_406' title='bbox 1451 4237 1673 4309; x_wconf 84' lang='lat' dir='ltr'><strong>Majoris</strong></span> 
     </span>
    </p>
   </div>
   <div class='ocr_carea' id='block_1_60' title="bbox 114 4324 1672 4400">
    <p class='ocr_par' dir='ltr' id='par_1_60' title="bbox 114 4324 1672 4400">
     <span class='ocr_line' id='line_1_60' title="bbox 114 4324 1672 4400; baseline 0.006 -26"><span class='ocrx_word' id='word_1_407' title='bbox 114 4324 272 4389; x_wconf 79' lang='lat' dir='ltr'><strong>priori,</strong></span> <span class='ocrx_word' id='word_1_408' title='bbox 304 4327 493 4381; x_wconf 66' lang='lat' dir='ltr'><strong>datam</strong></span> <span class='ocrx_word' id='word_1_409' title='bbox 532 4326 722 4395; x_wconf 74' lang='lat' dir='ltr'><strong>fuisse,</strong></span> <span class='ocrx_word' id='word_1_410' title='bbox 753 4328 823 4385; x_wconf 90' lang='lat' dir='ltr'><strong>ob</strong></span> <span class='ocrx_word' id='word_1_411' title='bbox 849 4342 935 4397; x_wconf 89' lang='lat' dir='ltr'><strong>ea,</strong></span> <span class='ocrx_word' id='word_1_412' title='bbox 963 4345 1083 4400; x_wconf 82' lang='lat' dir='ltr'><strong>quae</strong></span> <span class='ocrx_word' id='word_1_413' title='bbox 1128 4330 1554 4395; x_wconf 77' lang='lat' dir='ltr'><strong>Blomeuvenna,</strong></span> <span class='ocrx_word' id='word_1_414' title='bbox 1580 4347 1672 4383; x_wconf 87' lang='lat' dir='ltr'><strong>au-</strong></span> 
     </span>
    </p>
   </div>
   <div class='ocr_carea' id='block_1_61' title="bbox 114 4421 1672 4492">
    <p class='ocr_par' dir='ltr' id='par_1_61' title="bbox 114 4421 1672 4492">
     <span class='ocr_line' id='line_1_61' title="bbox 114 4421 1672 4492; baseline 0.006 -25"><span class='ocrx_word' id='word_1_415' title='bbox 114 4425 209 4467; x_wconf 76' lang='lat' dir='ltr'><strong>ctor</strong></span> <span class='ocrx_word' id='word_1_416' title='bbox 232 4421 593 4488; x_wconf 80' lang='lat' dir='ltr'><strong>synchronus,</strong></span> <span class='ocrx_word' id='word_1_417' title='bbox 625 4436 687 4476; x_wconf 86' lang='lat' dir='ltr'><strong>ea</strong></span> <span class='ocrx_word' id='word_1_418' title='bbox 718 4422 785 4477; x_wconf 91' lang='lat' dir='ltr'><strong>de</strong></span> <span class='ocrx_word' id='word_1_419' title='bbox 817 4437 875 4476; x_wconf 87' lang='lat' dir='ltr'><strong>re</strong></span> <span class='ocrx_word' id='word_1_420' title='bbox 918 4424 1194 4477; x_wconf 69' lang='lat' dir='ltr'><strong>memoria:</strong></span> <span class='ocrx_word' id='word_1_421' title='bbox 1235 4423 1435 4492; x_wconf 84' lang='lat' dir='ltr'><strong>prodit,</strong></span> <span class='ocrx_word' id='word_1_422' title='bbox 1468 4424 1672 4477; x_wconf 80' lang='lat' dir='ltr'><strong>rerosi-</strong></span> 
     </span>
    </p>
   </div>
   <div class='ocr_carea' id='block_1_62' title="bbox 116 4505 1662 4580">
    <p class='ocr_par' dir='ltr' id='par_1_62' title="bbox 116 4505 1662 4580">
     <span class='ocr_line' id='line_1_62' title="bbox 116 4505 1662 4580; baseline 0.006 -24"><span class='ocrx_word' id='word_1_423' title='bbox 116 4505 290 4572; x_wconf 84' lang='lat' dir='ltr'><strong>milius,</strong></span> <span class='ocrx_word' id='word_1_424' title='bbox 314 4525 477 4578; x_wconf 84' lang='lat' dir='ltr'><strong>quam</strong></span> <span class='ocrx_word' id='word_1_425' title='bbox 506 4514 833 4580; x_wconf 83' lang='lat' dir='ltr'><strong>oppositum,</strong></span> <span class='ocrx_word' id='word_1_426' title='bbox 868 4528 898 4566; x_wconf 92' lang='lat' dir='ltr'><strong>a</strong></span> <span class='ocrx_word' id='word_1_427' title='bbox 928 4513 1198 4574; x_wconf 71' lang='lat' dir='ltr'><strong>Zanottto.</strong></span> <span class='ocrx_word' id='word_1_428' title='bbox 1226 4525 1448 4567; x_wconf 88' lang='lat' dir='ltr'><strong>auctore</strong></span> <span class='ocrx_word' id='word_1_429' title='bbox 1474 4527 1662 4568; x_wconf 87' lang='lat' dir='ltr'><strong>recen-</strong></span> 
     </span>
    </p>
   </div>
   <div class='ocr_carea' id='block_1_63' title="bbox 116 4592 1746 4676">
    <p class='ocr_par' dir='ltr' id='par_1_63' title="bbox 116 4592 1746 4676">
     <span class='ocr_line' id='line_1_63' title="bbox 116 4592 1746 4676; baseline 0.005 -27"><span class='ocrx_word' id='word_1_430' title='bbox 116 4592 260 4662; x_wconf 82' lang='lat' dir='ltr'><strong>tiore,</strong></span> <span class='ocrx_word' id='word_1_431' title='bbox 300 4601 575 4666; x_wconf 80' lang='lat' dir='ltr'><strong>traditum,</strong></span> <span class='ocrx_word' id='word_1_432' title='bbox 620 4604 753 4657; x_wconf 90' lang='lat' dir='ltr'><strong>mihi</strong></span> <span class='ocrx_word' id='word_1_433' title='bbox 801 4613 1044 4674; x_wconf 83' lang='lat' dir='ltr'><strong>apparet,</strong></span> <span class='ocrx_word' id='word_1_434' title='bbox 1100 4605 1228 4659; x_wconf 85' lang='lat' dir='ltr'><strong>licet</strong></span> <span class='ocrx_word' id='word_1_435' title='bbox 1274 4604 1489 4658; x_wconf 86' lang='lat' dir='ltr'><strong>interim</strong></span> <span class='ocrx_word' id='word_1_436' title='bbox 1541 4603 1663 4657; x_wconf 87' lang='lat' dir='ltr'><strong>huic</strong></span> <span class='ocrx_word' id='word_1_437' title='bbox 1698 4618 1746 4676; x_wconf 81' lang='grc' dir='ltr'><strong>ι)</strong></span> 
     </span>
    </p>
   </div>
   <div class='ocr_carea' id='block_1_64' title="bbox 1707 3195 1751 3256">
    <p class='ocr_par' dir='ltr' id='par_1_64' title="bbox 1707 3195 1751 3256">
     <span class='ocr_line' id='line_1_64' title="bbox 1707 3195 1751 3256; baseline 0 0"><span class='ocrx_word' id='word_1_438' title='bbox 1707 3195 1751 3256; x_wconf 87' lang='lat' dir='ltr'><strong>C</strong></span> 
     </span>
    </p>
   </div>
   <div class='ocr_carea' id='block_1_65' title="bbox 1792 1940 3378 2023">
    <p class='ocr_par' dir='ltr' id='par_1_65' title="bbox 1792 1940 3378 2023">
     <span class='ocr_line' id='line_1_65' title="bbox 1792 1940 3378 2023; baseline 0.012 -32"><span class='ocrx_word' id='word_1_439' title='bbox 1792 1952 1882 1993; x_wconf 84' lang='lat' dir='ltr'><strong>ras</strong></span> <span class='ocrx_word' id='word_1_440' title='bbox 1929 1940 2114 2004; x_wconf 91' lang='lat' dir='ltr'><strong>mittit,</strong></span> <span class='ocrx_word' id='word_1_441' title='bbox 2165 1957 2264 2011; x_wconf 84' lang='lat' dir='ltr'><strong>pro</strong></span> <span class='ocrx_word' id='word_1_442' title='bbox 2313 1946 2481 2000; x_wconf 84' lang='lat' dir='ltr'><strong>certis</strong></span> <span class='ocrx_word' id='word_1_443' title='bbox 2525 1957 2687 2019; x_wconf 87' lang='lat' dir='ltr'><strong>atque</strong></span> <span class='ocrx_word' id='word_1_444' title='bbox 2744 1949 3098 2021; x_wconf 88' lang='lat' dir='ltr'><strong>indubitatis,</strong></span> <span class='ocrx_word' id='word_1_445' title='bbox 3156 1955 3233 2008; x_wconf 90' lang='lat' dir='ltr'><strong>uti</strong></span> <span class='ocrx_word' id='word_1_446' title='bbox 3267 1958 3378 2023; x_wconf 85' lang='lat' dir='ltr'><strong>jam</strong></span> 
     </span>
    </p>
   </div>
   <div class='ocr_carea' id='block_1_66' title="bbox 1790 2030 3382 2111">
    <p class='ocr_par' dir='ltr' id='par_1_66' title="bbox 1790 2030 3382 2111">
     <span class='ocr_line' id='line_1_66' title="bbox 1790 2030 3382 2111; baseline 0.011 -26"><span class='ocrx_word' id='word_1_447' title='bbox 1790 2030 1931 2086; x_wconf 85' lang='lat' dir='ltr'><strong>dicta</strong></span> <span class='ocrx_word' id='word_1_448' title='bbox 1970 2035 2224 2104; x_wconf 89' lang='lat' dir='ltr'><strong>probant,</strong></span> <span class='ocrx_word' id='word_1_449' title='bbox 2255 2034 2444 2092; x_wconf 89' lang='lat' dir='ltr'><strong>haberi</strong></span> <span class='ocrx_word' id='word_1_450' title='bbox 2476 2039 2619 2093; x_wconf 83' lang='lat' dir='ltr'><strong>haud</strong></span> <span class='ocrx_word' id='word_1_451' title='bbox 2650 2053 2874 2110; x_wconf 86' lang='lat' dir='ltr'><strong>queant,</strong></span> <span class='ocrx_word' id='word_1_452' title='bbox 2898 2044 2946 2097; x_wconf 94' lang='lat' dir='ltr'><strong>ei</strong></span> <span class='ocrx_word' id='word_1_453' title='bbox 2989 2055 3191 2111; x_wconf 85' lang='lat' dir='ltr'><strong>tamen,</strong></span> <span class='ocrx_word' id='word_1_454' title='bbox 3242 2048 3382 2101; x_wconf 83' lang='lat' dir='ltr'><strong>resi-</strong></span> 
     </span>
    </p>
   </div>
   <div class='ocr_carea' id='block_1_67' title="bbox 1787 2123 3377 2208">
    <p class='ocr_par' dir='ltr' id='par_1_67' title="bbox 1787 2123 3377 2208">
     <span class='ocr_line' id='line_1_67' title="bbox 1787 2123 3377 2208; baseline 0.009 -31"><span class='ocrx_word' id='word_1_455' title='bbox 1787 2123 1948 2177; x_wconf 88' lang='lat' dir='ltr'><strong>duam</strong></span> <span class='ocrx_word' id='word_1_456' title='bbox 1975 2125 2170 2197; x_wconf 83' lang='lat' dir='ltr'><strong>capitis</strong></span> <span class='ocrx_word' id='word_1_457' title='bbox 2200 2128 2256 2183; x_wconf 90' lang='lat' dir='ltr'><strong>S.</strong></span> <span class='ocrx_word' id='word_1_458' title='bbox 2288 2127 2555 2186; x_wconf 88' lang='lat' dir='ltr'><strong>Bruuonis</strong></span> <span class='ocrx_word' id='word_1_459' title='bbox 2582 2142 2813 2202; x_wconf 89' lang='lat' dir='ltr'><strong>partem,</strong></span> <span class='ocrx_word' id='word_1_460' title='bbox 2865 2136 3067 2191; x_wconf 68' lang='lat' dir='ltr'><strong>hermas</strong></span> <span class='ocrx_word' id='word_1_461' title='bbox 3094 2151 3377 2208; x_wconf 83' lang='lat' dir='ltr'><strong>argenteo,</strong></span> 
     </span>
    </p>
   </div>
   <div class='ocr_carea' id='block_1_68' title="bbox 1789 2214 3380 2292">
    <p class='ocr_par' dir='ltr' id='par_1_68' title="bbox 1789 2214 3380 2292">
     <span class='ocr_line' id='line_1_68' title="bbox 1789 2214 3380 2292; baseline 0.009 -22"><span class='ocrx_word' id='word_1_462' title='bbox 1789 2214 2051 2272; x_wconf 90' lang='lat' dir='ltr'><strong>Sanctum</strong></span> <span class='ocrx_word' id='word_1_463' title='bbox 2108 2222 2565 2291; x_wconf 73' lang='lat' dir='ltr'><strong>reprzesentanti,</strong></span> <span class='ocrx_word' id='word_1_464' title='bbox 2616 2224 2903 2292; x_wconf 83' lang='lat' dir='ltr'><strong>inclusam,</strong></span> <span class='ocrx_word' id='word_1_465' title='bbox 2963 2227 3016 2280; x_wconf 93' lang='lat' dir='ltr'><strong>in</strong></span> <span class='ocrx_word' id='word_1_466' title='bbox 3086 2228 3380 2285; x_wconf 86' lang='lat' dir='ltr'><strong>Calabrino</strong></span> 
     </span>
    </p>
   </div>
   <div class='ocr_carea' id='block_1_69' title="bbox 1788 2305 3381 2389">
    <p class='ocr_par' dir='ltr' id='par_1_69' title="bbox 1788 2305 3381 2389">
     <span class='ocr_line' id='line_1_69' title="bbox 1788 2305 3381 2389; baseline 0.008 -27"><span class='ocrx_word' id='word_1_467' title='bbox 1788 2305 1847 2362; x_wconf 91' lang='lat' dir='ltr'><strong>S.</strong></span> <span class='ocrx_word' id='word_1_468' title='bbox 1879 2307 2145 2379; x_wconf 88' lang='lat' dir='ltr'><strong>Stephani</strong></span> <span class='ocrx_word' id='word_1_469' title='bbox 2195 2313 2528 2367; x_wconf 86' lang='lat' dir='ltr'><strong>monasterio</strong></span> <span class='ocrx_word' id='word_1_470' title='bbox 2570 2312 2866 2371; x_wconf 76' lang='lat' dir='ltr'><strong>honoriﬁce</strong></span> <span class='ocrx_word' id='word_1_471' title='bbox 2898 2317 3167 2389; x_wconf 88' lang='lat' dir='ltr'><strong>hodieque</strong></span> <span class='ocrx_word' id='word_1_472' title='bbox 3208 2335 3381 2375; x_wconf 80' lang='lat' dir='ltr'><strong>asser-</strong></span> 
     </span>
    </p>
   </div>
   <div class='ocr_carea' id='block_1_70' title="bbox 1784 2399 3381 2481">
    <p class='ocr_par' dir='ltr' id='par_1_70' title="bbox 1784 2399 3381 2481">
     <span class='ocr_line' id='line_1_70' title="bbox 1784 2399 3381 2481; baseline 0.011 -30"><span class='ocrx_word' id='word_1_473' title='bbox 1784 2399 1923 2465; x_wconf 76' lang='lat' dir='ltr'><strong>vari,</strong></span> <span class='ocrx_word' id='word_1_474' title='bbox 1953 2399 2345 2459; x_wconf 91' lang='lat' dir='ltr'><strong>lucubrationis</strong></span> <span class='ocrx_word' id='word_1_475' title='bbox 2390 2418 2503 2460; x_wconf 70' lang='lat' dir='ltr'><strong>sua:</strong></span> <span class='ocrx_word' id='word_1_476' title='bbox 2548 2406 2843 2475; x_wconf 70' lang='lat' dir='ltr'><strong>smpissime</strong></span> <span class='ocrx_word' id='word_1_477' title='bbox 2873 2407 3103 2466; x_wconf 74' lang='lat' dir='ltr'><strong>laudata:</strong></span> <span class='ocrx_word' id='word_1_478' title='bbox 3155 2427 3272 2481; x_wconf 87' lang='lat' dir='ltr'><strong>cap.</strong></span> <span class='ocrx_word' id='word_1_479' title='bbox 3306 2410 3381 2468; x_wconf 78' lang='lat'><strong>53</strong></span> 
     </span>
    </p>
   </div>
   <div class='ocr_carea' id='block_1_71' title="bbox 1786 2494 3381 2571">
    <p class='ocr_par' dir='ltr' id='par_1_71' title="bbox 1786 2494 3381 2571">
     <span class='ocr_line' id='line_1_71' title="bbox 1786 2494 3381 2571; baseline 0.008 -25"><span class='ocrx_word' id='word_1_480' title='bbox 1786 2496 2031 2561; x_wconf 79' lang='lat' dir='ltr'><strong>proxime</strong></span> <span class='ocrx_word' id='word_1_481' title='bbox 2057 2494 2154 2549; x_wconf 87' lang='lat' dir='ltr'><strong>cit.</strong></span> <span class='ocrx_word' id='word_1_482' title='bbox 2201 2495 2490 2560; x_wconf 89' lang='lat' dir='ltr'><strong>asserenti,</strong></span> <span class='ocrx_word' id='word_1_483' title='bbox 2530 2495 2735 2562; x_wconf 87' lang='lat' dir='ltr'><strong>absque</strong></span> <span class='ocrx_word' id='word_1_484' title='bbox 2760 2497 2870 2554; x_wconf 88' lang='lat' dir='ltr'><strong>ullo</strong></span> <span class='ocrx_word' id='word_1_485' title='bbox 2912 2499 3165 2571; x_wconf 89' lang='lat' dir='ltr'><strong>scrupulo</strong></span> <span class='ocrx_word' id='word_1_486' title='bbox 3189 2518 3381 2557; x_wconf 86' lang='lat' dir='ltr'><strong>assen-</strong></span> 
     </span>
    </p>
   </div>
   <div class='ocr_carea' id='block_1_72' title="bbox 1785 2582 3379 2659">
    <p class='ocr_par' dir='ltr' id='par_1_72' title="bbox 1785 2582 3379 2659">
     <span class='ocr_line' id='line_1_72' title="bbox 1785 2582 3379 2659; baseline 0.008 -24"><span class='ocrx_word' id='word_1_487' title='bbox 1785 2582 2024 2637; x_wconf 91' lang='lat' dir='ltr'><strong>tiendum</strong></span> <span class='ocrx_word' id='word_1_488' title='bbox 2056 2593 2301 2652; x_wconf 85' lang='lat' dir='ltr'><strong>apparet.</strong></span> <span class='ocrx_word' id='word_1_489' title='bbox 2329 2584 2694 2657; x_wconf 56' lang='lat' dir='ltr'><strong>Praeterquam</strong></span> <span class='ocrx_word' id='word_1_490' title='bbox 2723 2591 2866 2642; x_wconf 81' lang='lat' dir='ltr'><strong>enim</strong></span> <span class='ocrx_word' id='word_1_491' title='bbox 2901 2589 3042 2659; x_wconf 90' lang='lat' dir='ltr'><strong>quod</strong></span> <span class='ocrx_word' id='word_1_492' title='bbox 3073 2589 3379 2659; x_wconf 85' lang='lat' dir='ltr'><strong>Mattheus,</strong></span> 
     </span>
    </p>
   </div>
   <div class='ocr_carea' id='block_1_73' title="bbox 1782 2673 3380 2757">
    <p class='ocr_par' dir='ltr' id='par_1_73' title="bbox 1782 2673 3380 2757">
     <span class='ocr_line' id='line_1_73' title="bbox 1782 2673 3380 2757; baseline 0.008 -28"><span class='ocrx_word' id='word_1_493' title='bbox 1782 2673 2087 2731; x_wconf 69' lang='lat' dir='ltr'><strong>Carthusia:</strong></span> <span class='ocrx_word' id='word_1_494' title='bbox 2117 2675 2479 2732; x_wconf 86' lang='lat' dir='ltr'><strong>Bononiensis</strong></span> <span class='ocrx_word' id='word_1_495' title='bbox 2508 2678 2681 2749; x_wconf 92' lang='lat' dir='ltr'><strong>prior,</strong></span> <span class='ocrx_word' id='word_1_496' title='bbox 2732 2694 2948 2736; x_wconf 87' lang='lat' dir='ltr'><strong>sacrum</strong></span> <span class='ocrx_word' id='word_1_497' title='bbox 2982 2683 3169 2739; x_wconf 85' lang='lat' dir='ltr'><strong>Sancti</strong></span> <span class='ocrx_word' id='word_1_498' title='bbox 3215 2695 3380 2757; x_wconf 87' lang='lat' dir='ltr'><strong>caput</strong></span> 
     </span>
    </p>
   </div>
   <div class='ocr_carea' id='block_1_74' title="bbox 1783 2763 3380 2847">
    <p class='ocr_par' dir='ltr' id='par_1_74' title="bbox 1783 2763 3380 2847">
     <span class='ocr_line' id='line_1_74' title="bbox 1783 2763 3380 2847; baseline 0.01 -29"><span class='ocrx_word' id='word_1_499' title='bbox 1783 2780 1812 2819; x_wconf 88' lang='lat' dir='ltr'><strong>a</strong></span> <span class='ocrx_word' id='word_1_500' title='bbox 1848 2763 2068 2835; x_wconf 88' lang='lat' dir='ltr'><strong>reliquis</strong></span> <span class='ocrx_word' id='word_1_501' title='bbox 2121 2768 2337 2822; x_wconf 87' lang='lat' dir='ltr'><strong>ossibus</strong></span> <span class='ocrx_word' id='word_1_502' title='bbox 2382 2766 2709 2837; x_wconf 83' lang='lat' dir='ltr'><strong>sejunctnm,</strong></span> <span class='ocrx_word' id='word_1_503' title='bbox 2750 2786 2883 2827; x_wconf 91' lang='lat' dir='ltr'><strong>auro</strong></span> <span class='ocrx_word' id='word_1_504' title='bbox 2927 2781 2981 2828; x_wconf 91' lang='lat' dir='ltr'><strong>et</strong></span> <span class='ocrx_word' id='word_1_505' title='bbox 3028 2785 3257 2847; x_wconf 72' lang='lat' dir='ltr'><strong>argento</strong></span> <span class='ocrx_word' id='word_1_506' title='bbox 3286 2793 3380 2834; x_wconf 77' lang='lat' dir='ltr'><strong>ve-</strong></span> 
     </span>
    </p>
   </div>
   <div class='ocr_carea' id='block_1_75' title="bbox 1783 2855 3375 2935">
    <p class='ocr_par' dir='ltr' id='par_1_75' title="bbox 1783 2855 3375 2935">
     <span class='ocr_line' id='line_1_75' title="bbox 1783 2855 3375 2935; baseline 0.007 -24"><span class='ocrx_word' id='word_1_507' title='bbox 1783 2855 2439 2928; x_wconf 81' lang='lat' dir='ltr'><strong>stiendum,gemmisque</strong></span> <span class='ocrx_word' id='word_1_508' title='bbox 2501 2860 2804 2915; x_wconf 91' lang='lat' dir='ltr'><strong>ornandum</strong></span> <span class='ocrx_word' id='word_1_509' title='bbox 2856 2877 2996 2928; x_wconf 89' lang='lat' dir='ltr'><strong>esse,</strong></span> <span class='ocrx_word' id='word_1_510' title='bbox 3030 2866 3227 2935; x_wconf 86' lang='lat' dir='ltr'><strong>popqu</strong></span> <span class='ocrx_word' id='word_1_511' title='bbox 3274 2868 3375 2922; x_wconf 90' lang='lat' dir='ltr'><strong>ad-</strong></span> 
     </span>
    </p>
   </div>
   <div class='ocr_carea' id='block_1_76' title="bbox 1782 2945 3370 3023">
    <p class='ocr_par' dir='ltr' id='par_1_76' title="bbox 1782 2945 3370 3023">
     <span class='ocr_line' id='line_1_76' title="bbox 1782 2945 3370 3023; baseline 0.007 -23"><span class='ocrx_word' id='word_1_512' title='bbox 1782 2945 1970 3008; x_wconf 82' lang='lat' dir='ltr'><strong>stanti,</strong></span> <span class='ocrx_word' id='word_1_513' title='bbox 2000 2956 2057 3001; x_wconf 91' lang='lat' dir='ltr'><strong>ut</strong></span> <span class='ocrx_word' id='word_1_514' title='bbox 2084 2947 2476 3003; x_wconf 85' lang='lat' dir='ltr'><strong>Blomenvenna</strong></span> <span class='ocrx_word' id='word_1_515' title='bbox 2510 2950 2688 3005; x_wconf 77' lang='lat' dir='ltr'><strong>verbis</strong></span> <span class='ocrx_word' id='word_1_516' title='bbox 2717 2967 2875 3021; x_wconf 85' lang='lat' dir='ltr'><strong>supra</strong></span> <span class='ocrx_word' id='word_1_517' title='bbox 2910 2955 3155 3010; x_wconf 88' lang='lat' dir='ltr'><strong>recitatis</strong></span> <span class='ocrx_word' id='word_1_518' title='bbox 3182 2957 3370 3023; x_wconf 88' lang='lat' dir='ltr'><strong>docet,</strong></span> 
     </span>
    </p>
   </div>
   <div class='ocr_carea' id='block_1_77' title="bbox 1783 3035 3373 3112">
    <p class='ocr_par' dir='ltr' id='par_1_77' title="bbox 1783 3035 3373 3112">
     <span class='ocr_line' id='line_1_77' title="bbox 1783 3035 3373 3112; baseline 0.008 -22"><span class='ocrx_word' id='word_1_519' title='bbox 1783 3037 1835 3090; x_wconf 91' lang='lat' dir='ltr'><strong>in</strong></span> <span class='ocrx_word' id='word_1_520' title='bbox 1880 3035 2069 3090; x_wconf 82' lang='lat' dir='ltr'><strong>Sancti</strong></span> <span class='ocrx_word' id='word_1_521' title='bbox 2136 3036 2495 3092; x_wconf 90' lang='lat' dir='ltr'><strong>translatione</strong></span> <span class='ocrx_word' id='word_1_522' title='bbox 2542 3039 2875 3105; x_wconf 85' lang='lat' dir='ltr'><strong>declararit,</strong></span> <span class='ocrx_word' id='word_1_523' title='bbox 2909 3042 3145 3112; x_wconf 88' lang='lat' dir='ltr'><strong>scriptor</strong></span> <span class='ocrx_word' id='word_1_524' title='bbox 3200 3044 3291 3100; x_wconf 92' lang='lat' dir='ltr'><strong>ille</strong></span> <span class='ocrx_word' id='word_1_525' title='bbox 3340 3062 3373 3103; x_wconf 72' lang='grc' dir='ltr'><strong>θ</strong></span> 
     </span>
    </p>
   </div>
   <div class='ocr_carea' id='block_1_78' title="bbox 1782 3126 3377 3204">
    <p class='ocr_par' dir='ltr' id='par_1_78' title="bbox 1782 3126 3377 3204">
     <span class='ocr_line' id='line_1_78' title="bbox 1782 3126 3377 3204; baseline 0.008 -22"><span class='ocrx_word' id='word_1_526' title='bbox 1782 3126 2048 3182; x_wconf 62' lang='lat' dir='ltr'><strong>Calabriae</strong></span> <span class='ocrx_word' id='word_1_527' title='bbox 2077 3128 2461 3193; x_wconf 88' lang='lat' dir='ltr'><strong>monumentis,</strong></span> <span class='ocrx_word' id='word_1_528' title='bbox 2501 3144 2623 3199; x_wconf 68' lang='lat' dir='ltr'><strong>qua:</strong></span> <span class='ocrx_word' id='word_1_529' title='bbox 2646 3133 2945 3201; x_wconf 59' lang='lat' dir='ltr'><strong>saepissime</strong></span> <span class='ocrx_word' id='word_1_530' title='bbox 2975 3133 3179 3204; x_wconf 87' lang='lat' dir='ltr'><strong>laudat,</strong></span> <span class='ocrx_word' id='word_1_531' title='bbox 3217 3148 3377 3194; x_wconf 87' lang='lat' dir='ltr'><strong>certo</strong></span> 
     </span>
    </p>
   </div>
   <div class='ocr_carea' id='block_1_79' title="bbox 1783 3220 3375 3300">
    <p class='ocr_par' dir='ltr' id='par_1_79' title="bbox 1783 3220 3375 3300">
     <span class='ocr_line' id='line_1_79' title="bbox 1783 3220 3375 3300; baseline 0.009 -27"><span class='ocrx_word' id='word_1_532' title='bbox 1783 3220 1984 3275; x_wconf 77' lang='lat' dir='ltr'><strong>rescire</strong></span> <span class='ocrx_word' id='word_1_533' title='bbox 2027 3220 2203 3300; x_wconf 89' lang='lat' dir='ltr'><strong>potuit</strong></span> <span class='ocrx_word' id='word_1_534' title='bbox 2252 3235 2374 3290; x_wconf 78' lang='lat' dir='ltr'><strong>qua:</strong></span> <span class='ocrx_word' id='word_1_535' title='bbox 2411 3235 2473 3276; x_wconf 89' lang='lat' dir='ltr'><strong>ea</strong></span> <span class='ocrx_word' id='word_1_536' title='bbox 2502 3222 2569 3278; x_wconf 88' lang='lat' dir='ltr'><strong>de</strong></span> <span class='ocrx_word' id='word_1_537' title='bbox 2613 3239 2671 3278; x_wconf 88' lang='lat' dir='ltr'><strong>re</strong></span> <span class='ocrx_word' id='word_1_538' title='bbox 2726 3231 3002 3285; x_wconf 70' lang='lat' dir='ltr'><strong>memoria:</strong></span> <span class='ocrx_word' id='word_1_539' title='bbox 3048 3231 3249 3300; x_wconf 92' lang='lat' dir='ltr'><strong>prodit,</strong></span> <span class='ocrx_word' id='word_1_540' title='bbox 3300 3243 3375 3289; x_wconf 86' lang='lat' dir='ltr'><strong>at-</strong></span> 
     </span>
    </p>
   </div>
   <div class='ocr_carea' id='block_1_80' title="bbox 1781 3298 3375 3389">
    <p class='ocr_par' dir='ltr' id='par_1_80' title="bbox 1781 3298 3375 3389">
     <span class='ocr_line' id='line_1_80' title="bbox 1781 3298 3375 3389; baseline 0.01 -28"><span class='ocrx_word' id='word_1_541' title='bbox 1781 3326 1885 3379; x_wconf 87' lang='lat' dir='ltr'><strong>que</strong></span> <span class='ocrx_word' id='word_1_542' title='bbox 1914 3308 1997 3363; x_wconf 88' lang='lat' dir='ltr'><strong>vel</strong></span> <span class='ocrx_word' id='word_1_543' title='bbox 2038 3298 2163 3365; x_wconf 82' lang='lat' dir='ltr'><strong>hinc</strong></span> <span class='ocrx_word' id='word_1_544' title='bbox 2206 3309 2561 3365; x_wconf 86' lang='lat' dir='ltr'><strong>dubitandum</strong></span> <span class='ocrx_word' id='word_1_545' title='bbox 2602 3313 2765 3367; x_wconf 90' lang='lat' dir='ltr'><strong>etiam</strong></span> <span class='ocrx_word' id='word_1_546' title='bbox 2800 3331 2904 3369; x_wconf 91' lang='lat' dir='ltr'><strong>non</strong></span> <span class='ocrx_word' id='word_1_547' title='bbox 2933 3327 3022 3372; x_wconf 85' lang='lat' dir='ltr'><strong>est</strong></span> <span class='ocrx_word' id='word_1_548' title='bbox 3050 3298 3201 3389; x_wconf 77' lang='lat' dir='ltr'><strong>quin</strong></span> <span class='ocrx_word' id='word_1_549' title='bbox 3234 3321 3375 3377; x_wconf 77' lang='lat' dir='ltr'><strong>reri-</strong></span> 
     </span>
    </p>
   </div>
   <div class='ocr_carea' id='block_1_81' title="bbox 1785 3400 3373 3479">
    <p class='ocr_par' dir='ltr' id='par_1_81' title="bbox 1785 3400 3373 3479">
     <span class='ocr_line' id='line_1_81' title="bbox 1785 3400 3373 3479; baseline 0.01 -27"><span class='ocrx_word' id='word_1_550' title='bbox 1785 3400 1877 3455; x_wconf 87' lang='lat' dir='ltr'><strong>tati</strong></span> <span class='ocrx_word' id='word_1_551' title='bbox 1911 3408 2194 3467; x_wconf 87' lang='lat' dir='ltr'><strong>consonet,</strong></span> <span class='ocrx_word' id='word_1_552' title='bbox 2238 3400 2383 3471; x_wconf 86' lang='lat' dir='ltr'><strong>quod</strong></span> <span class='ocrx_word' id='word_1_553' title='bbox 2432 3401 2499 3457; x_wconf 89' lang='lat' dir='ltr'><strong>de</strong></span> <span class='ocrx_word' id='word_1_554' title='bbox 2545 3402 2752 3473; x_wconf 88' lang='lat' dir='ltr'><strong>reliquo</strong></span> <span class='ocrx_word' id='word_1_555' title='bbox 2804 3405 2989 3462; x_wconf 89' lang='lat' dir='ltr'><strong>Sancti</strong></span> <span class='ocrx_word' id='word_1_556' title='bbox 3034 3425 3260 3479; x_wconf 84' lang='lat' dir='ltr'><strong>corpore</strong></span> <span class='ocrx_word' id='word_1_557' title='bbox 3315 3400 3373 3469; x_wconf 86' lang='lat' dir='ltr'><strong>in</strong></span> 
     </span>
    </p>
   </div>
   <div class='ocr_carea' id='block_1_82' title="bbox 1781 3490 3369 3566">
    <p class='ocr_par' dir='ltr' id='par_1_82' title="bbox 1781 3490 3369 3566">
     <span class='ocr_line' id='line_1_82' title="bbox 1781 3490 3369 3566; baseline 0.009 -20"><span class='ocrx_word' id='word_1_558' title='bbox 1781 3490 1840 3546; x_wconf 90' lang='lat' dir='ltr'><strong>S.</strong></span> <span class='ocrx_word' id='word_1_559' title='bbox 1874 3491 2135 3563; x_wconf 78' lang='lat' dir='ltr'><strong>Stephani</strong></span> <span class='ocrx_word' id='word_1_560' title='bbox 2166 3493 2503 3549; x_wconf 89' lang='lat' dir='ltr'><strong>monasterio</strong></span> <span class='ocrx_word' id='word_1_561' title='bbox 2525 3495 2625 3550; x_wconf 85' lang='lat' dir='ltr'><strong>sub</strong></span> <span class='ocrx_word' id='word_1_562' title='bbox 2650 3498 2937 3566; x_wconf 83' lang='lat' dir='ltr'><strong>magniﬁco</strong></span> <span class='ocrx_word' id='word_1_563' title='bbox 2963 3500 3121 3557; x_wconf 90' lang='lat' dir='ltr'><strong>altari</strong></span> <span class='ocrx_word' id='word_1_564' title='bbox 3155 3503 3209 3559; x_wconf 93' lang='lat' dir='ltr'><strong>in</strong></span> <span class='ocrx_word' id='word_1_565' title='bbox 3239 3520 3369 3561; x_wconf 83' lang='lat' dir='ltr'><strong>arca</strong></span> 
     </span>
    </p>
   </div>
   <div class='ocr_carea' id='block_1_83' title="bbox 1782 3584 3367 3663">
    <p class='ocr_par' dir='ltr' id='par_1_83' title="bbox 1782 3584 3367 3663">
     <span class='ocr_line' id='line_1_83' title="bbox 1782 3584 3367 3663; baseline 0.008 -25"><span class='ocrx_word' id='word_1_566' title='bbox 1782 3600 2084 3640; x_wconf 79' lang='lat' dir='ltr'><strong>marnmrea</strong></span> <span class='ocrx_word' id='word_1_567' title='bbox 2135 3584 2401 3656; x_wconf 83' lang='lat' dir='ltr'><strong>hodieque</strong></span> <span class='ocrx_word' id='word_1_568' title='bbox 2448 3595 2728 3643; x_wconf 81' lang='lat' dir='ltr'><strong>asservato</strong></span> <span class='ocrx_word' id='word_1_569' title='bbox 2758 3603 2789 3644; x_wconf 92' lang='lat' dir='ltr'><strong>e</strong></span> <span class='ocrx_word' id='word_1_570' title='bbox 2841 3589 3105 3647; x_wconf 67' lang='lat' dir='ltr'><strong>Calabria:</strong></span> <span class='ocrx_word' id='word_1_571' title='bbox 3131 3595 3367 3663; x_wconf 89' lang='lat' dir='ltr'><strong>pariter,</strong></span> 
     </span>
    </p>
   </div>
   <div class='ocr_carea' id='block_1_84' title="bbox 1778 3677 3373 3751">
    <p class='ocr_par' dir='ltr' id='par_1_84' title="bbox 1778 3677 3373 3751">
     <span class='ocr_line' id='line_1_84' title="bbox 1778 3677 3373 3751; baseline 0.011 -23"><span class='ocrx_word' id='word_1_572' title='bbox 1778 3685 2037 3745; x_wconf 85' lang='lat' dir='ltr'><strong>quantum</strong></span> <span class='ocrx_word' id='word_1_573' title='bbox 2066 3677 2279 3746; x_wconf 82' lang='lat' dir='ltr'><strong>opinor,</strong></span> <span class='ocrx_word' id='word_1_574' title='bbox 2314 3680 2683 3735; x_wconf 89' lang='lat' dir='ltr'><strong>monumentis</strong></span> <span class='ocrx_word' id='word_1_575' title='bbox 2729 3680 2847 3737; x_wconf 92' lang='lat' dir='ltr'><strong>loco</strong></span> <span class='ocrx_word' id='word_1_576' title='bbox 2879 3685 2980 3738; x_wconf 92' lang='lat' dir='ltr'><strong>cit.</strong></span> <span class='ocrx_word' id='word_1_577' title='bbox 3014 3685 3191 3751; x_wconf 87' lang='lat' dir='ltr'><strong>docet,</strong></span> <span class='ocrx_word' id='word_1_578' title='bbox 3245 3688 3373 3745; x_wconf 87' lang='lat' dir='ltr'><strong>licet</strong></span> 
     </span>
    </p>
   </div>
   <div class='ocr_carea' id='block_1_85' title="bbox 1778 3769 3366 3846">
    <p class='ocr_par' dir='ltr' id='par_1_85' title="bbox 1778 3769 3366 3846">
     <span class='ocr_line' id='line_1_85' title="bbox 1778 3769 3366 3846; baseline 0.008 -23"><span class='ocrx_word' id='word_1_579' title='bbox 1778 3769 1994 3823; x_wconf 90' lang='lat' dir='ltr'><strong>interim</strong></span> <span class='ocrx_word' id='word_1_580' title='bbox 2024 3769 2137 3824; x_wconf 66' lang='lat' dir='ltr'><strong>haec</strong></span> <span class='ocrx_word' id='word_1_581' title='bbox 2166 3769 2219 3823; x_wconf 91' lang='lat' dir='ltr'><strong>in</strong></span> <span class='ocrx_word' id='word_1_582' title='bbox 2252 3769 2436 3835; x_wconf 90' lang='lat' dir='ltr'><strong>rebus,</strong></span> <span class='ocrx_word' id='word_1_583' title='bbox 2467 3770 2534 3825; x_wconf 90' lang='lat' dir='ltr'><strong>ab</strong></span> <span class='ocrx_word' id='word_1_584' title='bbox 2555 3781 2712 3826; x_wconf 82' lang='lat' dir='ltr'><strong>aetate</strong></span> <span class='ocrx_word' id='word_1_585' title='bbox 2748 3782 2931 3829; x_wconf 87' lang='lat' dir='ltr'><strong>nostra</strong></span> <span class='ocrx_word' id='word_1_586' title='bbox 2966 3778 3366 3846; x_wconf 71' lang='lat' dir='ltr'><strong>remotioribus,</strong></span> 
     </span>
    </p>
   </div>
   <div class='ocr_carea' id='block_1_86' title="bbox 1779 3860 3368 3939">
    <p class='ocr_par' dir='ltr' id='par_1_86' title="bbox 1779 3860 3368 3939">
     <span class='ocr_line' id='line_1_86' title="bbox 1779 3860 3368 3939; baseline 0.007 -24"><span class='ocrx_word' id='word_1_587' title='bbox 1779 3861 1938 3916; x_wconf 88' lang='lat' dir='ltr'><strong>ﬁdem</strong></span> <span class='ocrx_word' id='word_1_588' title='bbox 1973 3860 2332 3916; x_wconf 85' lang='lat' dir='ltr'><strong>indubitatam</strong></span> <span class='ocrx_word' id='word_1_589' title='bbox 2365 3862 2545 3918; x_wconf 82' lang='lat' dir='ltr'><strong>facere</strong></span> <span class='ocrx_word' id='word_1_590' title='bbox 2575 3879 2681 3918; x_wconf 91' lang='lat' dir='ltr'><strong>non</strong></span> <span class='ocrx_word' id='word_1_591' title='bbox 2720 3865 2951 3935; x_wconf 89' lang='lat' dir='ltr'><strong>possint,</strong></span> <span class='ocrx_word' id='word_1_592' title='bbox 2982 3868 3216 3939; x_wconf 89' lang='lat' dir='ltr'><strong>hincque</strong></span> <span class='ocrx_word' id='word_1_593' title='bbox 3259 3886 3368 3926; x_wconf 88' lang='lat' dir='ltr'><strong>non</strong></span> 
     </span>
    </p>
   </div>
   <div class='ocr_carea' id='block_1_87' title="bbox 1777 3953 3369 4032">
    <p class='ocr_par' dir='ltr' id='par_1_87' title="bbox 1777 3953 3369 4032">
     <span class='ocr_line' id='line_1_87' title="bbox 1777 3953 3369 4032; baseline 0.007 -25"><span class='ocrx_word' id='word_1_594' title='bbox 1777 3969 1971 4024; x_wconf 89' lang='lat' dir='ltr'><strong>pauca,</strong></span> <span class='ocrx_word' id='word_1_595' title='bbox 2002 3968 2121 4023; x_wconf 61' lang='lat' dir='ltr'><strong>qua:</strong></span> <span class='ocrx_word' id='word_1_596' title='bbox 2144 3968 2207 4008; x_wconf 77' lang='lat' dir='ltr'><strong>ex</strong></span> <span class='ocrx_word' id='word_1_597' title='bbox 2236 3954 2385 4008; x_wconf 90' lang='lat' dir='ltr'><strong>hisee</strong></span> <span class='ocrx_word' id='word_1_598' title='bbox 2422 3953 2705 4012; x_wconf 83' lang='lat' dir='ltr'><strong>Zanottius</strong></span> <span class='ocrx_word' id='word_1_599' title='bbox 2740 3958 2944 4025; x_wconf 89' lang='lat' dir='ltr'><strong>hausit,</strong></span> <span class='ocrx_word' id='word_1_600' title='bbox 2978 3976 3207 4032; x_wconf 68' lang='lat' dir='ltr'><strong>quaeque</strong></span> <span class='ocrx_word' id='word_1_601' title='bbox 3237 3962 3369 4019; x_wconf 85' lang='lat' dir='ltr'><strong>data</strong></span> 
     </span>
    </p>
   </div>
   <div class='ocr_carea' id='block_1_88' title="bbox 1773 4045 3361 4119">
    <p class='ocr_par' dir='ltr' id='par_1_88' title="bbox 1773 4045 3361 4119">
     <span class='ocr_line' id='line_1_88' title="bbox 1773 4045 3361 4119; baseline 0.005 -19"><span class='ocrx_word' id='word_1_602' title='bbox 1773 4062 1938 4117; x_wconf 90' lang='lat' dir='ltr'><strong>opera</strong></span> <span class='ocrx_word' id='word_1_603' title='bbox 1994 4045 2277 4102; x_wconf 77' lang='lat' dir='ltr'><strong>confutare</strong></span> <span class='ocrx_word' id='word_1_604' title='bbox 2312 4062 2490 4117; x_wconf 72' lang='lat' dir='ltr'><strong>opera:</strong></span> <span class='ocrx_word' id='word_1_605' title='bbox 2535 4049 2767 4118; x_wconf 90' lang='lat' dir='ltr'><strong>pretium</strong></span> <span class='ocrx_word' id='word_1_606' title='bbox 2819 4066 2926 4104; x_wconf 89' lang='lat' dir='ltr'><strong>non</strong></span> <span class='ocrx_word' id='word_1_607' title='bbox 2959 4062 3096 4119; x_wconf 86' lang='lat' dir='ltr'><strong>erat,</strong></span> <span class='ocrx_word' id='word_1_608' title='bbox 3152 4062 3361 4108; x_wconf 85' lang='lat' dir='ltr'><strong>asserta</strong></span> 
     </span>
    </p>
   </div>
   <div class='ocr_carea' id='block_1_89' title="bbox 1774 4134 3366 4214">
    <p class='ocr_par' dir='ltr' id='par_1_89' title="bbox 1774 4134 3366 4214">
     <span class='ocr_line' id='line_1_89' title="bbox 1774 4134 3366 4214; baseline 0.003 -18"><span class='ocrx_word' id='word_1_609' title='bbox 1774 4140 1990 4196; x_wconf 87' lang='lat' dir='ltr'><strong>silentio</strong></span> <span class='ocrx_word' id='word_1_610' title='bbox 2018 4140 2389 4210; x_wconf 77' lang='lat' dir='ltr'><strong>praetereunda</strong></span> <span class='ocrx_word' id='word_1_611' title='bbox 2423 4156 2518 4197; x_wconf 89' lang='lat' dir='ltr'><strong>seu</strong></span> <span class='ocrx_word' id='word_1_612' title='bbox 2547 4142 2862 4214; x_wconf 79' lang='lat' dir='ltr'><strong>negligenda</strong></span> <span class='ocrx_word' id='word_1_613' title='bbox 2894 4143 2949 4198; x_wconf 92' lang='lat' dir='ltr'><strong>in</strong></span> <span class='ocrx_word' id='word_1_614' title='bbox 2981 4134 3366 4201; x_wconf 83' lang='lat' dir='ltr'><strong>commentarii</strong></span> 
     </span>
    </p>
   </div>
   <div class='ocr_carea' id='block_1_90' title="bbox 1775 4232 3363 4299">
    <p class='ocr_par' dir='ltr' id='par_1_90' title="bbox 1775 4232 3363 4299">
     <span class='ocr_line' id='line_1_90' title="bbox 1775 4232 3363 4299; baseline 0.004 -13"><span class='ocrx_word' id='word_1_615' title='bbox 1775 4232 1934 4299; x_wconf 89' lang='lat' dir='ltr'><strong>hujus</strong></span> <span class='ocrx_word' id='word_1_616' title='bbox 1964 4235 2199 4287; x_wconf 87' lang='lat' dir='ltr'><strong>decursu</strong></span> <span class='ocrx_word' id='word_1_617' title='bbox 2243 4234 2510 4297; x_wconf 77' lang='lat' dir='ltr'><strong>duxerim,</strong></span> <span class='ocrx_word' id='word_1_618' title='bbox 2545 4250 2651 4289; x_wconf 90' lang='lat' dir='ltr'><strong>non</strong></span> <span class='ocrx_word' id='word_1_619' title='bbox 2685 4249 2844 4290; x_wconf 90' lang='lat' dir='ltr'><strong>secus</strong></span> <span class='ocrx_word' id='word_1_620' title='bbox 2881 4253 2944 4290; x_wconf 89' lang='lat' dir='ltr'><strong>ac</strong></span> <span class='ocrx_word' id='word_1_621' title='bbox 2970 4237 3224 4292; x_wconf 91' lang='lat' dir='ltr'><strong>nonnulla</strong></span> <span class='ocrx_word' id='word_1_622' title='bbox 3259 4240 3363 4292; x_wconf 90' lang='lat' dir='ltr'><strong>alia</strong></span> 
     </span>
    </p>
   </div>
   <div class='ocr_carea' id='block_1_91' title="bbox 1772 4324 3363 4396">
    <p class='ocr_par' dir='ltr' id='par_1_91' title="bbox 1772 4324 3363 4396">
     <span class='ocr_line' id='line_1_91' title="bbox 1772 4324 3363 4396; baseline 0.004 -19"><span class='ocrx_word' id='word_1_623' title='bbox 1772 4339 1892 4396; x_wconf 65' lang='lat' dir='ltr'><strong>quae</strong></span> <span class='ocrx_word' id='word_1_624' title='bbox 1921 4324 1989 4379; x_wconf 89' lang='lat' dir='ltr'><strong>ab</strong></span> <span class='ocrx_word' id='word_1_625' title='bbox 2036 4325 2157 4379; x_wconf 89' lang='lat' dir='ltr'><strong>aliis</strong></span> <span class='ocrx_word' id='word_1_626' title='bbox 2205 4325 2563 4394; x_wconf 88' lang='lat' dir='ltr'><strong>scriptoribus</strong></span> <span class='ocrx_word' id='word_1_627' title='bbox 2594 4328 2995 4383; x_wconf 89' lang='lat' dir='ltr'><strong>recentioribus</strong></span> <span class='ocrx_word' id='word_1_628' title='bbox 3052 4328 3363 4395; x_wconf 79' lang='lat' dir='ltr'><strong>traduntur,</strong></span> 
     </span>
    </p>
   </div>
   <div class='ocr_carea' id='block_1_92' title="bbox 1772 4417 3365 4486">
    <p class='ocr_par' dir='ltr' id='par_1_92' title="bbox 1772 4417 3365 4486">
     <span class='ocr_line' id='line_1_92' title="bbox 1772 4417 3365 4486; baseline 0.003 -16"><span class='ocrx_word' id='word_1_629' title='bbox 1772 4432 1873 4471; x_wconf 87' lang='lat' dir='ltr'><strong>nec</strong></span> <span class='ocrx_word' id='word_1_630' title='bbox 1895 4426 1977 4471; x_wconf 86' lang='lat' dir='ltr'><strong>sat</strong></span> <span class='ocrx_word' id='word_1_631' title='bbox 2003 4418 2233 4486; x_wconf 90' lang='lat' dir='ltr'><strong>probato</strong></span> <span class='ocrx_word' id='word_1_632' title='bbox 2258 4417 2505 4471; x_wconf 77' lang='lat' dir='ltr'><strong>veritatis</strong></span> <span class='ocrx_word' id='word_1_633' title='bbox 2535 4427 2627 4471; x_wconf 91' lang='lat' dir='ltr'><strong>aut</strong></span> <span class='ocrx_word' id='word_1_634' title='bbox 2660 4418 2824 4472; x_wconf 88' lang='lat' dir='ltr'><strong>etiam</strong></span> <span class='ocrx_word' id='word_1_635' title='bbox 2871 4419 3365 4476; x_wconf 83' lang='lat' dir='ltr'><strong>verisimilitudinis</strong></span> 
     </span>
    </p>
   </div>
   <div class='ocr_carea' id='block_1_93' title="bbox 1771 4507 2868 4565">
    <p class='ocr_par' dir='ltr' id='par_1_93' title="bbox 1771 4507 2868 4565">
     <span class='ocr_line' id='line_1_93' title="bbox 1771 4507 2868 4565; baseline 0 -1"><span class='ocrx_word' id='word_1_636' title='bbox 1771 4509 2123 4565; x_wconf 79' lang='lat' dir='ltr'><strong>fundamento</strong></span> <span class='ocrx_word' id='word_1_637' title='bbox 2149 4507 2363 4564; x_wconf 75' lang='lat' dir='ltr'><strong>suifnlta</strong></span> <span class='ocrx_word' id='word_1_638' title='bbox 2396 4510 2696 4564; x_wconf 87' lang='lat' dir='ltr'><strong>arbitratus</strong></span> <span class='ocrx_word' id='word_1_639' title='bbox 2724 4526 2868 4564; x_wconf 84' lang='lat' dir='ltr'><strong>sum.</strong></span> 
     </span>
    </p>
   </div>
   <div class='ocr_carea' id='block_1_94' title="bbox 121 4707 3287 4737">
    <p class='ocr_par' dir='ltr' id='par_1_94' title="bbox 121 4707 3287 4737">
     <span class='ocr_line' id='line_1_94' title="bbox 121 4707 3287 4737; baseline 0.008 -35"><span class='ocrx_word' id='word_1_640' title='bbox 121 4707 3287 4737; x_wconf 47' lang='grc' dir='ltr'>ΜΨ</span> 
     </span>
    </p>
   </div>
   <div class='ocr_carea' id='block_1_95' title="bbox 914 4762 2365 4945">
    <p class='ocr_par' dir='ltr' id='par_1_95' title="bbox 914 4762 2365 4945">
     <span class='ocr_line' id='line_1_95' title="bbox 914 4762 2365 4945; baseline -0.005 -24"><span class='ocrx_word' id='word_1_641' title='bbox 914 4762 952 4847; x_wconf 77' lang='grc' dir='ltr'><em>ί</em></span> <span class='ocrx_word' id='word_1_642' title='bbox 1058 4805 1414 4925; x_wconf 87' lang='lat' dir='ltr'><strong>VITA</strong></span> <span class='ocrx_word' id='word_1_643' title='bbox 1524 4801 2365 4945; x_wconf 83' lang='lat' dir='ltr'><strong>ANTIQUIOR,</strong></span> 
     </span>
    </p>
   </div>
   <div class='ocr_carea' id='block_1_96' title="bbox 432 4982 2991 5069">
    <p class='ocr_par' dir='ltr' id='par_1_96' title="bbox 432 4982 2991 5069">
     <span class='ocr_line' id='line_1_96' title="bbox 432 4982 2991 5069; baseline 0.001 -22"><span class='ocrx_word' id='word_1_644' title='bbox 432 4986 723 5049; x_wconf 86' lang='lat' dir='ltr'><strong>Auctore</strong></span> <span class='ocrx_word' id='word_1_645' title='bbox 756 4988 1114 5068; x_wconf 87' lang='lat' dir='ltr'><strong>primorum</strong></span> <span class='ocrx_word' id='word_1_646' title='bbox 1150 4988 1442 5069; x_wconf 88' lang='lat' dir='ltr'><strong>quinque</strong></span> <span class='ocrx_word' id='word_1_647' title='bbox 1474 4984 1831 5049; x_wconf 79' lang='lat' dir='ltr'><strong>Carthusite</strong></span> <span class='ocrx_word' id='word_1_648' title='bbox 1860 4984 2146 5065; x_wconf 88' lang='lat' dir='ltr'><strong>priorum</strong></span> <span class='ocrx_word' id='word_1_649' title='bbox 2186 4982 2587 5061; x_wconf 82' lang='lat' dir='ltr'><strong>chronologo</strong></span> <span class='ocrx_word' id='word_1_650' title='bbox 2637 5002 2991 5066; x_wconf 76' lang='lat' dir='ltr'><strong>anonymo,</strong></span> 
     </span>
    </p>
   </div>
   <div class='ocr_carea' id='block_1_97' title="bbox 299 5116 3087 5214">
    <p class='ocr_par' dir='ltr' id='par_1_97' title="bbox 299 5116 3087 5214">
     <span class='ocr_line' id='line_1_97' title="bbox 299 5116 3087 5214; baseline 0.001 -25"><span class='ocrx_word' id='word_1_651' title='bbox 299 5127 403 5191; x_wconf 69' lang='lat' dir='ltr'><strong>Ex</strong></span> <span class='ocrx_word' id='word_1_652' title='bbox 438 5130 880 5213; x_wconf 78' lang='lat' dir='ltr'><strong>antiquissimo</strong></span> <span class='ocrx_word' id='word_1_653' title='bbox 916 5133 1302 5195; x_wconf 72' lang='lat' dir='ltr'><strong>bibliotheca:</strong></span> <span class='ocrx_word' id='word_1_654' title='bbox 1333 5131 1903 5195; x_wconf 75' lang='lat' dir='ltr'><strong>Carthasianorum</strong></span> <span class='ocrx_word' id='word_1_655' title='bbox 1936 5130 2401 5192; x_wconf 77' lang='lat' dir='ltr'><strong>(.‘olonicnsium</strong></span> <span class='ocrx_word' id='word_1_656' title='bbox 2434 5148 2546 5190; x_wconf 88' lang='lat' dir='ltr'><strong>ms.</strong></span> <span class='ocrx_word' id='word_1_657' title='bbox 2579 5116 2946 5211; x_wconf 80' lang='lat' dir='ltr'><strong>deprompta</strong></span> <span class='ocrx_word' id='word_1_658' title='bbox 2983 5132 3087 5214; x_wconf 88' lang='grc'><strong>(1).</strong></span> 
     </span>
    </p>
   </div>
   <div class='ocr_carea' id='block_1_98' title="bbox 587 5385 1143 5444">
    <p class='ocr_par' dir='ltr' id='par_1_98' title="bbox 587 5385 1143 5444">
     <span class='ocr_line' id='line_1_98' title="bbox 587 5385 1143 5444; baseline -0.002 -1"><span class='ocrx_word' id='word_1_659' title='bbox 587 5385 818 5443; x_wconf 81' lang='lat' dir='ltr'><strong>CAPUT</strong></span> <span class='ocrx_word' id='word_1_660' title='bbox 858 5385 1143 5444; x_wconf 73' lang='lat' dir='ltr'><strong>UNICUM.</strong></span> 
     </span>
    </p>
   </div>
   <div class='ocr_carea' id='block_1_99' title="bbox 116 5492 1659 5566">
    <p class='ocr_par' dir='ltr' id='par_1_99' title="bbox 116 5492 1659 5566">
     <span class='ocr_line' id='line_1_99' title="bbox 116 5492 1659 5566; baseline 0.008 -21"><span class='ocrx_word' id='word_1_661' title='bbox 116 5492 298 5551; x_wconf 63' lang='lat' dir='ltr'><strong>(let-asia</strong></span> <span class='ocrx_word' id='word_1_662' title='bbox 343 5500 695 5554; x_wconf 76' lang='lat' dir='ltr'><strong>conversionis</strong></span> <span class='ocrx_word' id='word_1_663' title='bbox 737 5500 795 5555; x_wconf 87' lang='lat' dir='ltr'><strong>S.</strong></span> <span class='ocrx_word' id='word_1_664' title='bbox 852 5500 1519 5566; x_wconf 60' lang='lat' dir='ltr'><strong>Brimontsuolitrrdmem</strong></span> <span class='ocrx_word' id='word_1_665' title='bbox 1570 5516 1659 5566; x_wconf 79' lang='lat' dir='ltr'><strong>pe-</strong></span> 
     </span>
    </p>
   </div>
   <div class='ocr_carea' id='block_1_100' title="bbox 167 5569 1656 5641">
    <p class='ocr_par' dir='ltr' id='par_1_100' title="bbox 167 5569 1656 5641">
     <span class='ocr_line' id='line_1_100' title="bbox 167 5569 1656 5641; baseline 0.004 -24"><span class='ocrx_word' id='word_1_666' title='bbox 167 5576 257 5641; x_wconf 62' lang='lat' dir='ltr'><strong>tere</strong></span> <span class='ocrx_word' id='word_1_667' title='bbox 287 5571 506 5641; x_wconf 64' lang='lat' dir='ltr'><strong>statuit,</strong></span> <span class='ocrx_word' id='word_1_668' title='bbox 547 5569 680 5624; x_wconf 74' lang='lat' dir='ltr'><strong>alios</strong></span> <span class='ocrx_word' id='word_1_669' title='bbox 729 5573 782 5624; x_wconf 80' lang='lat' dir='ltr'><strong>in</strong></span> <span class='ocrx_word' id='word_1_670' title='bbox 828 5572 963 5625; x_wconf 85' lang='lat' dir='ltr'><strong>idem</strong></span> <span class='ocrx_word' id='word_1_671' title='bbox 1012 5574 1334 5641; x_wconf 67' lang='lat' dir='ltr'><strong>preposition:</strong></span> <span class='ocrx_word' id='word_1_672' title='bbox 1384 5572 1656 5634; x_wconf 82' lang='lat' dir='ltr'><strong>attrahit,</strong></span> 
     </span>
    </p>
   </div>
   <div class='ocr_carea' id='block_1_101' title="bbox 169 5632 1656 5710">
    <p class='ocr_par' dir='ltr' id='par_1_101' title="bbox 169 5632 1656 5710">
     <span class='ocr_line' id='line_1_101' title="bbox 169 5632 1656 5710; baseline 0.006 -24"><span class='ocrx_word' id='word_1_673' title='bbox 169 5632 557 5708; x_wconf 80' lang='lat' dir='ltr'><strong>Gratianopolim</strong></span> <span class='ocrx_word' id='word_1_674' title='bbox 585 5641 773 5710; x_wconf 79' lang='lat' dir='ltr'><strong>pergit,</strong></span> <span class='ocrx_word' id='word_1_675' title='bbox 800 5642 853 5695; x_wconf 86' lang='lat' dir='ltr'><strong>in</strong></span> <span class='ocrx_word' id='word_1_676' title='bbox 877 5632 1171 5697; x_wconf 65' lang='lat' dir='ltr'><strong>Carthasim</strong></span> <span class='ocrx_word' id='word_1_677' title='bbox 1187 5658 1416 5697; x_wconf 77' lang='lat' dir='ltr'><strong>eremum</strong></span> <span class='ocrx_word' id='word_1_678' title='bbox 1441 5632 1656 5707; x_wconf 78' lang='lat' dir='ltr'><strong>secedit,</strong></span> 
     </span>
    </p>
   </div>
   <div class='ocr_carea' id='block_1_102' title="bbox 169 5725 1647 5814">
    <p class='ocr_par' dir='ltr' id='par_1_102' title="bbox 169 5725 1647 5814">
     <span class='ocr_line' id='line_1_102' title="bbox 169 5725 1647 5814; baseline 0.004 -34"><span class='ocrx_word' id='word_1_679' title='bbox 169 5725 234 5793; x_wconf 83' lang='grc'><strong>(1)</strong></span> <span class='ocrx_word' id='word_1_680' title='bbox 258 5726 324 5783; x_wconf 87' lang='lat' dir='ltr'><strong>De</strong></span> <span class='ocrx_word' id='word_1_681' title='bbox 350 5731 451 5786; x_wconf 88' lang='lat' dir='ltr'><strong>hac</strong></span> <span class='ocrx_word' id='word_1_682' title='bbox 496 5731 688 5813; x_wconf 73' lang='lat' dir='ltr'><strong>Sancti</strong></span> <span class='ocrx_word' id='word_1_683' title='bbox 724 5731 863 5814; x_wconf 55' lang='lat' dir='ltr'><strong>\fita,</strong></span> <span class='ocrx_word' id='word_1_684' title='bbox 904 5744 1147 5814; x_wconf 75' lang='lat' dir='ltr'><strong>auctore,</strong></span> <span class='ocrx_word' id='word_1_685' title='bbox 1183 5750 1214 5789; x_wconf 89' lang='lat' dir='ltr'><strong>a</strong></span> <span class='ocrx_word' id='word_1_686' title='bbox 1254 5743 1469 5814; x_wconf 72' lang='lat' dir='ltr'><strong>quo,_et</strong></span> <span class='ocrx_word' id='word_1_687' title='bbox 1509 5743 1647 5814; x_wconf 55' lang='lat' dir='ltr'><strong>tem:</strong></span> 
     </span>
    </p>
   </div>
   <div class='ocr_carea' id='block_1_103' title="bbox 115 5803 1705 5883">
    <p class='ocr_par' dir='ltr' id='par_1_103' title="bbox 115 5803 1705 5883">
     <span class='ocr_line' id='line_1_103' title="bbox 115 5803 1705 5883; baseline 0 -24"><span class='ocrx_word' id='word_1_688' title='bbox 115 5804 220 5859; x_wconf 65' lang='grc' dir='ltr'><strong>νοτε</strong></span> <span class='ocrx_word' id='word_1_689' title='bbox 271 5814 369 5870; x_wconf 73' lang='lat' dir='ltr'><strong>Quo</strong></span> <span class='ocrx_word' id='word_1_690' title='bbox 425 5803 631 5872; x_wconf 80' lang='lat' dir='ltr'><strong>scripta</strong></span> <span class='ocrx_word' id='word_1_691' title='bbox 707 5804 957 5874; x_wconf 76' lang='lat' dir='ltr'><strong>videtur,</strong></span> <span class='ocrx_word' id='word_1_692' title='bbox 1011 5805 1399 5862; x_wconf 81' lang='lat' dir='ltr'><strong>Conuncntarii</strong></span> <span class='ocrx_word' id='word_1_693' title='bbox 1460 5803 1705 5883; x_wconf 32' lang='lat' dir='ltr'><strong>praeriim</strong></span> 
     </span>
    </p>
   </div>
   <div class='ocr_carea' id='block_1_104' title="bbox 1841 5311 3361 5399">
    <p class='ocr_par' dir='ltr' id='par_1_104' title="bbox 1841 5311 3361 5399">
     <span class='ocr_line' id='line_1_104' title="bbox 1841 5311 3361 5399; baseline -0.005 -25"><span class='ocrx_word' id='word_1_694' title='bbox 1841 5320 1911 5375; x_wconf 83' lang='lat' dir='ltr'><strong>ad</strong></span> <span class='ocrx_word' id='word_1_695' title='bbox 1936 5317 2256 5399; x_wconf 72' lang='lat' dir='ltr'><strong>pontiﬁcem,</strong></span> <span class='ocrx_word' id='word_1_696' title='bbox 2280 5334 2344 5399; x_wconf 67' lang='lat' dir='ltr'><strong>ex</strong></span> <span class='ocrx_word' id='word_1_697' title='bbox 2363 5317 2462 5399; x_wconf 61' lang='lat' dir='ltr'><strong>hac</strong></span> <span class='ocrx_word' id='word_1_698' title='bbox 2489 5328 2751 5399; x_wconf 59' lang='lat' dir='ltr'><strong>evocatus,</strong></span> <span class='ocrx_word' id='word_1_699' title='bbox 2777 5334 2836 5399; x_wconf 62' lang='lat' dir='ltr'><strong>se</strong></span> <span class='ocrx_word' id='word_1_700' title='bbox 2862 5311 3361 5399; x_wconf 32' lang='lat' dir='ltr'><strong>confertnsoiima’iv</strong></span> 
     </span>
    </p>
   </div>
   <div class='ocr_carea' id='block_1_105' title="bbox 1840 5385 3352 5464">
    <p class='ocr_par' dir='ltr' id='par_1_105' title="bbox 1840 5385 3352 5464">
     <span class='ocr_line' id='line_1_105' title="bbox 1840 5385 3352 5464; baseline -0.004 -19"><span class='ocrx_word' id='word_1_701' title='bbox 1840 5385 1956 5445; x_wconf 71' lang='lat' dir='ltr'><strong>ueni</strong></span> <span class='ocrx_word' id='word_1_702' title='bbox 1987 5385 2576 5464; x_wconf 49' lang='lat' dir='ltr'><strong>rcpctcndifucultalem</strong></span> <span class='ocrx_word' id='word_1_703' title='bbox 2596 5389 2661 5442; x_wconf 83' lang='lat' dir='ltr'><strong>ab</strong></span> <span class='ocrx_word' id='word_1_704' title='bbox 2687 5391 3047 5464; x_wconf 54' lang='lat' dir='ltr'><strong>coniuratiet;</strong></span> <span class='ocrx_word' id='word_1_705' title='bbox 3086 5387 3140 5440; x_wconf 73' lang='grc' dir='ltr'><strong>ἔκ</strong></span> <span class='ocrx_word' id='word_1_706' title='bbox 3165 5385 3352 5464; x_wconf 72' lang='lat' dir='ltr'><strong>Turri-</strong></span> 
     </span>
    </p>
   </div>
   <div class='ocr_carea' id='block_1_106' title="bbox 1838 5458 3354 5526">
    <p class='ocr_par' dir='ltr' id='par_1_106' title="bbox 1838 5458 3354 5526">
     <span class='ocr_line' id='line_1_106' title="bbox 1838 5458 3354 5526; baseline -0.003 -13"><span class='ocrx_word' id='word_1_707' title='bbox 1838 5470 2018 5515; x_wconf 83' lang='lat' dir='ltr'><strong>tanam</strong></span> <span class='ocrx_word' id='word_1_708' title='bbox 2050 5458 2312 5513; x_wconf 78' lang='lat' dir='ltr'><strong>Calatria:</strong></span> <span class='ocrx_word' id='word_1_709' title='bbox 2347 5475 2574 5513; x_wconf 84' lang='lat' dir='ltr'><strong>eremum</strong></span> <span class='ocrx_word' id='word_1_710' title='bbox 2613 5476 2669 5513; x_wconf 81' lang='lat' dir='ltr'><strong>se</strong></span> <span class='ocrx_word' id='word_1_711' title='bbox 2705 5460 2879 5524; x_wconf 80' lang='lat' dir='ltr'><strong>abdit,</strong></span> <span class='ocrx_word' id='word_1_712' title='bbox 2904 5460 3073 5526; x_wconf 75' lang='lat' dir='ltr'><strong>ibique</strong></span> <span class='ocrx_word' id='word_1_713' title='bbox 3107 5458 3354 5509; x_wconf 76' lang='lat' dir='ltr'><strong>moritur.</strong></span> 
     </span>
    </p>
   </div>
   <div class='ocr_carea' id='block_1_107' title="bbox 1834 5544 3353 5607">
    <p class='ocr_par' dir='ltr' id='par_1_107' title="bbox 1834 5544 3353 5607">
     <span class='ocr_line' id='line_1_107' title="bbox 1834 5544 3353 5607; baseline -0.005 0"><span class='ocrx_word' id='word_1_714' title='bbox 1834 5550 1888 5607; x_wconf 84' lang='grc'><strong>1.</strong></span> <span class='ocrx_word' id='word_1_715' title='bbox 1924 5550 2084 5605; x_wconf 82' lang='lat' dir='ltr'><strong>Anno</strong></span> <span class='ocrx_word' id='word_1_716' title='bbox 2117 5548 2408 5604; x_wconf 76' lang='lat' dir='ltr'><strong>Dominiea:</strong></span> <span class='ocrx_word' id='word_1_717' title='bbox 2466 5548 2859 5604; x_wconf 82' lang='lat' dir='ltr'><strong>incarnationis</strong></span> <span class='ocrx_word' id='word_1_718' title='bbox 2918 5547 3049 5603; x_wconf 72' lang='grc'><strong>1082</strong></span> <span class='ocrx_word' id='word_1_719' title='bbox 3081 5545 3163 5600; x_wconf 73' lang='lat' dir='ltr'><strong>rel</strong></span> <span class='ocrx_word' id='word_1_720' title='bbox 3204 5544 3353 5599; x_wconf 82' lang='lat' dir='ltr'><strong>circa</strong></span> 
     </span>
    </p>
   </div>
   <div class='ocr_carea' id='block_1_108' title="bbox 1769 5636 3350 5710">
    <p class='ocr_par' dir='ltr' id='par_1_108' title="bbox 1769 5636 3350 5710">
     <span class='ocr_line' id='line_1_108' title="bbox 1769 5636 3350 5710; baseline -0.004 -14"><span class='ocrx_word' id='word_1_721' title='bbox 1769 5640 1941 5710; x_wconf 89' lang='lat' dir='ltr'><strong>illum,</strong></span> <span class='ocrx_word' id='word_1_722' title='bbox 1969 5642 2097 5697; x_wconf 86' lang='lat' dir='ltr'><strong>dum</strong></span> <span class='ocrx_word' id='word_1_723' title='bbox 2124 5639 2364 5697; x_wconf 89' lang='lat' dir='ltr'><strong>solemne</strong></span> <span class='ocrx_word' id='word_1_724' title='bbox 2399 5639 2637 5695; x_wconf 89' lang='lat' dir='ltr'><strong>studium</strong></span> <span class='ocrx_word' id='word_1_725' title='bbox 2674 5636 2891 5693; x_wconf 80' lang='lat' dir='ltr'><strong>ﬂoreret</strong></span> <span class='ocrx_word' id='word_1_726' title='bbox 2928 5636 3173 5702; x_wconf 86' lang='lat' dir='ltr'><strong>Parisiis,</strong></span> <span class='ocrx_word' id='word_1_727' title='bbox 3207 5649 3350 5707; x_wconf 81' lang='lat' dir='ltr'><strong>prae-</strong></span> 
     </span>
    </p>
   </div>
   <div class='ocr_carea' id='block_1_109' title="bbox 1755 5732 3345 5803">
    <p class='ocr_par' dir='ltr' id='par_1_109' title="bbox 1755 5732 3345 5803">
     <span class='ocr_line' id='line_1_109' title="bbox 1755 5732 3345 5803; baseline -0.004 -16"><span class='ocrx_word' id='word_1_728' title='bbox 1755 5748 1905 5788; x_wconf 91' lang='lat' dir='ltr'><strong>num.</strong></span> <span class='ocrx_word' id='word_1_729' title='bbox 1936 5732 1970 5788; x_wconf 88' lang='lat'><strong>8</strong></span> <span class='ocrx_word' id='word_1_730' title='bbox 2013 5741 2067 5789; x_wconf 92' lang='lat' dir='ltr'><strong>et</strong></span> <span class='ocrx_word' id='word_1_731' title='bbox 2101 5741 2307 5803; x_wconf 91' lang='lat' dir='ltr'><strong>septem</strong></span> <span class='ocrx_word' id='word_1_732' title='bbox 2343 5747 2521 5802; x_wconf 89' lang='lat' dir='ltr'><strong>seqq.,</strong></span> <span class='ocrx_word' id='word_1_733' title='bbox 2553 5746 2675 5803; x_wconf 69' lang='lat' dir='ltr'><strong>quce</strong></span> <span class='ocrx_word' id='word_1_734' title='bbox 2722 5732 3345 5803; x_wconf 26' lang='lat' dir='ltr'><strong>necessariaco‘ngrna-</strong></span> 
     </span>
    </p>
   </div>
   <div class='ocr_carea' id='block_1_110' title="bbox 1757 5799 3346 5883">
    <p class='ocr_par' dir='ltr' id='par_1_110' title="bbox 1757 5799 3346 5883">
     <span class='ocr_line' id='line_1_110' title="bbox 1757 5799 3346 5883; baseline -0.001 -25"><span class='ocrx_word' id='word_1_735' title='bbox 1757 5818 1863 5873; x_wconf 88' lang='lat' dir='ltr'><strong>que</strong></span> <span class='ocrx_word' id='word_1_736' title='bbox 1892 5799 2360 5883; x_wconf 15' lang='lat' dir='ltr'><strong>arbitratusrsum,</strong></span> <span class='ocrx_word' id='word_1_737' title='bbox 2392 5799 2443 5859; x_wconf 83' lang='lat' dir='ltr'><strong>in</strong></span> <span class='ocrx_word' id='word_1_738' title='bbox 2462 5799 2709 5881; x_wconf 23' lang='lat' dir='ltr'><strong>fmedium</strong></span> <span class='ocrx_word' id='word_1_739' title='bbox 2739 5802 2958 5865; x_wconf 81' lang='lat' dir='ltr'><strong>adduxi,</strong></span> <span class='ocrx_word' id='word_1_740' title='bbox 2985 5801 3061 5857; x_wconf 88' lang='lat' dir='ltr'><strong>uti</strong></span> <span class='ocrx_word' id='word_1_741' title='bbox 3084 5800 3245 5856; x_wconf 79' lang='lat' dir='ltr'><strong>etiam</strong></span> <span class='ocrx_word' id='word_1_742' title='bbox 3278 5799 3346 5856; x_wconf 65' lang='lat' dir='ltr'><strong>de</strong></span> 
     </span>
    </p>
   </div>
  </div>
