3860 6320
549 319 658 375 485

1374 311 1432 368 s.
1473 308 1820 368 sauxoms
1855 275 3016 364 CARTHUSIANORUMlNSTlTUTORlS
3667 309 3752 366 43,

545 432 708 502 cipue
738 437 791 490 in
835 428 1172 503 philosophia
1197 437 1244 483 et
1283 428 1568 498 theologia,
1601 436 1658 482 et
1682 428 1802 498 jure
1840 423 2121 490 canonico,
2159 427 2198 486 Α
2227 436 2390 491 super
2409 419 2855 486 alioslvidebatur
2874 419 3156 473 honestate
3179 417 3320 482 vitae,
3347 417 3583 480 claritate
3609 423 3753 496 lamas,

549 523 693 578 sicut
732 523 1060 592 generaliter
1093 519 1391 584 consuevit,
1443 519 1550 574 tale
1586 517 1887 590 prodigium
1932 516 2003 570 ibi
2054 515 2134 568 di-

550 615 696 671 citur
725 615 1013 671 accidisse.
1063 612 1294 677 Quidam
1333 611 1477 666 enim
1509 611 1700 666 doctor
1733 609 2052 679 prmcipuus,
2081 615 2135 659 et

549 705 683 770 vita,
719 715 780 761 ut
826 707 1133 769 videbatur,
1163 703 1304 758 fama
1350 713 1512 773 atque
1557 701 1802 756 doctrina
1831 709 1885 754 et
1910 698 2132 753 scientia

551 795 694 852 inter
741 812 932 853 omnes
976 801 1225 855 doctores
1269 795 1604 850 Parisienses
1651 790 1978 845 excellenter
2033 789 2134 843 ho-

554 897 797 955 noratus,
825 897 879 942 et
909 888 1227 943 mirabiliter
1250 887 1544 958 gratiosus,
1569 882 1717 952 gravi
1756 889 1809 937 et
1843 880 2027 935 ultima
2058 879 2136 932 in-

560 975 820 1036 ﬁrmitate
851 990 1177 1050 praeventus,
1207 996 1313 1034 non
1347 978 1434 1033 diu
1467 977 1795 1032 decumbens
1822 975 1963 1028 diem
1994 972 2138 1028 clau-

554 1064 622 1126 sit
655 1081 978 1126 extremum.

623 1159 678 1212 2.
739 1159 981 1228 Cumque
1032 1167 1138 1213 tota
1193 1158 1298 1221 die,
1369 1171 1474 1227 qua
1527 1152 1811 1209 defunctus
1859 1161 1960 1220 est,
1990 1157 2138 1206 more

557 1245 853 1304 Parisiensi
904 1249 959 1304 in
1005 1249 1148 1312 aula,
1185 1247 1374 1301 funere
1421 1246 1477 1300 in
1535 1243 1736 1299 feretro
1759 1245 2135 1306 decumbente,

559 1335 790 1397 fuissent
823 1340 1076 1396 continue
1127 1341 1410 1394 decantata
1459 1337 1641 1390 divina
1686 1331 1891 1399 ofﬁcia,
1922 1335 1974 1386 in
2023 1346 2141 1388 cra-

557 1433 700 1487 stino
760 1447 958 1497 mane,
1009 1442 1340 1502 congregata
1389 1428 1588 1482 ibidem
1643 1425 2000 1480 universitate
2059 1423 2136 1495 (Ξ)

469 1517 474 1520 ’
556 1516 852 1578 Parisiensi
897 1532 1004 1577 tam
1054 1521 1384 1577 scholarium
1427 1535 1588 1589 quam
1613 1518 1918 1582 doctorum,
1944 1524 2003 1570 ut
2031 1524 2138 1568 tam

565 1615 868 1671 honorabili
901 1617 1018 1670 viro
1063 1614 1358 1668 solemnem
1411 1622 1467 1666 et
1519 1607 1889 1665 honorabilem
1930 1608 2136 1679 praebe-

559 1716 682 1762 rent
744 1707 1004 1762 funeralis
1049 1705 1215 1760 ofﬁcii
1262 1705 1640 1774 sepulturam,
1691 1717 1812 1755 cum
1861 1699 2138 1755 reverendi

2237 513 2510 582 dignitatis
2554 510 2902 576 excellentia,
2942 519 2995 566 et
3049 510 3323 580 multiplici
3355 513 3566 570 scientia
3597 535 3652 574 ac
3689 537 3756 578 sa-

2236 603 2436 672 pientia
2469 603 2808 673 prmfulgere.
2849 601 2924 656 Ea
2955 609 3272 671 tempestate
3316 613 3432 658 erat
3455 606 3519 660 ibi
3547 612 3760 682 magister

2239 696 2418 750 Bruno
2451 695 2547 765 (Α),
2587 694 2807 748 natione
2853 690 3201 758 Tentonicus,
3229 694 3294 748 de
3339 695 3546 752 civitate
3579 699 3760 759 Colonia

2238 803 2343 842 non
2369 786 2614 842 obscuris
2650 783 2963 853 parentibus
3007 793 3161 838 natus
3191 783 3286 853 (5),
3317 787 3546 842 ecclesia:
3572 790 3764 846 Remen-

2238 881 2313 936 sis
2340 879 2630 935 canonieus
2657 886 2711 932 et
2741 876 2935 930 ibidem
2955 875 3262 930 scholarum
3289 877 3536 947 magister
3565 881 3614 933 in
3642 883 3763 937 theo-

2238 969 2375 1040 logia
2399 968 2604 1040 (6),qui
2631 968 3014 1038 suprascriptis
3035 969 3258 1022 vocibus
3287 967 3567 1024 salubriter
3593 973 3767 1028 lerritns

2240 1069 2401 1128 atque
2431 1068 2782 1126 compunctus
2814 1058 3076 1112 allocutus
3105 1068 3189 1112 est
3228 1058 3487 1128 quosdam
3528 1061 3690 1116 socias
3714 1063 3766 1116 ibi

2239 1155 2532 1219 prmscntes
2565 1145 2923 1218 infrascriptis
2955 1147 3034 1203 vel
3071 1147 3339 1202 similibus
3368 1146 3580 1203 verbis:

2313 1239 2365 1294 6.
2399 1258 2417 1284 α
2457 1239 2572 1304 Eia,
2596 1238 2922 1301 charissimi,
2952 1238 3078 1308 quid
3111 1237 3370 1292 faciemus
3395 1238 3418 1291 ?
3444 1237 3628 1293 Omnes
3645 1249 3769 1296 Simili

2240 1330 2556 1402 peribimus,
2581 1345 2684 1383 non
2716 1328 3033 1392 salvahitur,
3068 1330 3168 1383 nisi
3203 1330 3292 1398 qui
3337 1329 3545 1400 fugerit.
3579 1331 3630 1384 Si
3654 1333 3769 1386 invi.

2244 1419 2343 1473 ridi
2379 1420 2489 1474 lucc
2530 1420 2686 1484 ﬁunt,
2736 1419 2790 1473 in
2835 1420 2986 1475 arido
3037 1420 3163 1488 quid
3207 1421 3344 1473 ﬁet?
3373 1421 3431 1475 Si
3463 1421 3610 1476 homo
3651 1433 3772 1478 tanta

2243 1509 2542 1580 dignitatis,
2571 1518 2732 1562 tautae
2767 1507 3107 1574 litteraturae,
3139 1510 3228 1580 qui
3257 1510 3534 1565 videbatur
3563 1521 3660 1565 tam
3696 1513 3772 1568 bo-

2244 1609 2412 1655 ncsta:
2439 1601 2582 1664 vitae,
2611 1602 2703 1670 qui
2749 1611 2868 1655 erat
2896 1609 3002 1654 tam
3051 1601 3282 1656 celebris
3313 1600 3492 1666 famae,
3513 1603 3589 1657 sic
3609 1605 3775 1658 indubi-

2245 1695 2427 1745 tanter
2456 1692 2736 1746 damnatus
2772 1699 2875 1752 est,
2901 1689 3030 1760 quid
3067 1707 3164 1746 nos
3196 1693 3483 1746 miserrimi
3513 1694 3775 1750 homunculi

553 1797 657 1852 viri
687 1796 966 1864 feretrum,
993 1797 1044 1849 in
1073 1809 1179 1864 quo
1209 1767 1368 1847 funus
1408 1791 1624 1862 iacebat
1653 1831 1668 1858 ,
1699 1790 1900 1846 vellent
1933 1794 2146 1844 elevare
2179 1767 2221 1820 Β
2249 1781 2508 1836 faciemus
2535 1782 2559 1834 ?
2597 1781 2652 1836 Si
2687 1782 2895 1851 lugubri
2937 1797 3066 1837 voce
3105 1783 3264 1838 unius
3311 1784 3671 1840 homuncionis
3696 1797 3776 1840 tam

555 1879 936 1954 adecclesiam
983 1884 1360 1947 deferendum,
1411 1883 1611 1948 subito,
1667 1881 1878 1935 cunctis
1925 1892 2150 1947 stupen-

561 1976 728 2039 tibus,
758 1969 848 2044 qni
878 1983 1123 2029 mortuus
1147 1973 1430 2028 videbatur
1458 1979 1512 2026 et
1539 1978 1678 2036 erat,
1717 1968 1926 2024 elevato
1949 1968 2146 2036 capite,

555 2068 758 2123 resedit
789 2066 840 2119 in
888 2058 1112 2130 feretro,
1147 2058 1225 2132 ei,
1269 2065 1522 2120 omnibus
1565 2060 1927 2126 audientibus,
1961 2059 2066 2112 alta
2096 2073 2150 2114 et

560 2156 796 2211 terribili
830 2171 961 2211 voce
988 2155 1259 2212 clamabat
1289 2173 1300 2209 :
1335 2154 1488 2209 Justo
1518 2151 1608 2206 Dei
1633 2150 1840 2229 Iiudicio
1865 2160 2151 2204 accusatus

561 2255 808 2311 sum,et,
865 2245 967 2300 hoc
1015 2247 1190 2311 dicto,
1239 2255 1403 2314 caput
1461 2242 1747 2313 deposuit,
1784 2248 1838 2295 et
1899 2239 2153 2294 decubuit

563 2347 832 2400 mortuus,
862 2340 1002 2394 sicut
1027 2340 1198 2408 prius.

632 2427 686 2480 5.
730 2427 844 2492 Qua
909 2444 1039 2484 voce
1089 2437 1266 2483 cuncti
1315 2413 1528 2481 attoniti
1566 2429 1620 2481 et
1652 2421 1827 2481 territi
1883 2421 2152 2478 delibera-

560 2526 782 2582 vcrunl,
814 2511 990 2586 ipsum
1025 2517 1116 2572 illo
1143 2517 1230 2571 die
1261 2515 1406 2569 nullo
1439 2513 1598 2569 modo
1621 2511 1739 2568 fore
1759 2510 2153 2581 sepeliendum,

563 2611 657 2663 sed
679 2625 848 2680 usque
872 2611 922 2664 in
947 2609 1243 2664 crastinum
1273 2606 1681 2664 reservandum.
1716 2603 1870 2658 Mane
1907 2617 2036 2673 ergo
2068 2618 2158 2655 se.

563 2701 750 2770 quenti
781 2716 902 2755 cum
945 2698 1235 2756 multitudo
1277 2701 1512 2753 maxima
1567 2694 1942 2756 convenisset,
1970 2703 2024 2747 et
2072 2692 2154 2746 di-

565 2797 711 2844 ctum
761 2786 959 2854 fumis,
1004 2791 1144 2845 sicut
1181 2789 1354 2860 prius,
1386 2787 1584 2842 vellent
1631 2787 1696 2839 ad
1735 2783 2018 2839 ecclesiam
2068 2783 2158 2836 de-

566 2890 790 2949 portare
817 2922 831 2946 ,
869 2881 1156 2937 defunctus
1181 2922 1196 2947 ,
1251 2880 1392 2934 sicut
1457 2877 1643 2948 prius,
1695 2877 1905 2930 elevato
1940 2872 2115 2942 capite
2139 2913 2155 2938 ,

570 2970 820 3026 dolorosa
844 2981 898 3026 et
926 2967 1151 3026 terribili
1182 2986 1312 3026 voce
1341 2968 1578 3025 intonuit
1605 2985 1618 3022 :
1642 2967 1796 3022 Justo
1834 2966 1928 3020 Dei
1954 2964 2159 3034 judicio

561 3059 844 3132 judicatus
881 3079 1023 3119 sum.

639 3155 696 3208 ὁ.
759 3155 930 3222 Quam
985 3170 1170 3211 vocem
1220 3152 1530 3219 multitudo,
1573 3167 1693 3224 qua:
1759 3151 1972 3216 aderat,
2017 3150 2161 3205 clare

569 3247 876 3318 intelligens
916 3255 972 3301 et
1035 3247 1263 3302 audiens
1310 3247 1514 3316 stupuit
1579 3245 1701 3314 plus
1754 3258 1916 3312 quam
1968 3243 2156 3313 prius,

571 3347 632 3392 et
683 3336 1003 3392 alterutrum
1057 3338 1440 3407 conquirentes
1486 3333 1615 3406 quid
1679 3334 1782 3389 sibi
1830 3334 2025 3388 vellent
2082 3333 2162 3386 in—

577 3441 748 3480 nuere
785 3436 892 3480 tam
929 3422 1132 3481 insoliti
1170 3437 1224 3481 et
1276 3426 1542 3495 inexperti
1593 3423 1833 3480 defuncti
1869 3424 2158 3489 clamores,

582 3519 761 3572 adhuc
809 3519 1312 3574 determinaveruut
1359 3520 1534 3588 ipsum
1584 3519 1651 3579 ad
1686 3517 1830 3572 aliud
1859 3518 2160 3572 crastinum

582 3626 754 3676 usque
785 3611 1094 3666 nullatenus
1121 3611 1514 3666 tumulandum.
1543 3608 1728 3664 Tertio
1759 3622 1885 3663 vero
1919 3609 2006 3664 die
2035 3625 2161 3664 cum

575 3709 796 3772 propter
833 3703 933 3754 ista
972 3701 1217 3771 prodigia
1259 3702 1450 3756 civitas
1481 3699 1845 3764 convenisset,
1875 3707 1931 3752 et
1976 3698 2162 3762 funus,

578 3791 790 3846 cunctis
817 3792 1157 3861 praeparatis,
1197 3791 1401 3847 vellent
1426 3793 1494 3846 ad
1542 3790 1806 3846 tumulum
1851 3791 2161 3860 deportare,

580 3881 887 3947 defunctus,
915 3883 1057 3937 sicut
1085 3881 1378 3952 prius,jam
1430 3883 1590 3937 tertio
1621 3881 1886 3936 altissimo
1927 3891 1983 3935 et
2032 3895 2166 3934 moe-

581 3970 823 4024 stissimo
854 3971 1089 4026 clamore
1115 3972 1393 4042 personuit
1432 3971 1628 4028 :Justo
1665 3971 1759 4027 Dei
1791 3968 1999 4039 judicro
2036 3986 2166 4026 con-

581 4063 868 4119 demnatus
906 4080 1024 4119 sum
1066 4063 1166 4136 ('5).

640 4155 709 4234 5.
755 4155 869 4220 Qua
923 4153 1169 4208 horribili
1214 4162 1481 4209 sententia
1533 4154 1738 4220 audita,
1773 4152 1929 4223 quasi
1977 4166 2164 4210 omnes

583 4251 855 4308 immenso
893 4250 1115 4307 fuerunt
1158 4251 1352 4306 timore
1381 4257 1436 4302 et
1468 4257 1700 4301 tremore
1729 4245 1990 4314 percussi,
2034 4245 2164 4300 certi

581 4345 710 4400 facti
730 4336 796 4406 de
817 4344 1275 4404 condemnatione
1307 4342 1440 4397 tanti
1477 4340 1603 4407 viri,
1629 4340 1721 4412 q‘ui
1757 4338 1898 4394 inter
1927 4337 2068 4394 alios
2110 4348 2168 4394 et

585 4515 984 4586 antiquissumo,
1019 4531 1049 4570 e
1093 4531 1201 4586 quo
1250 4515 1564 4584 deprompta
1595 4511 1683 4568 illa
1733 4512 1834 4586 fuit
1872 4513 2168 4586 ac‘nohis-

587 4600 709 4638 cum
737 4584 1150 4648 communicata,
1187 4601 1288 4640 ms.
1318 4587 1613 4655 primorum
1654 4585 1893 4655 quinque
1931 4584 2166 4640 Carthu-

588 4655 682 4725 sise
699 4655 944 4725 priorum
975 4657 1215 4709 chronici
1245 4654 1563 4725 exemplari.

663 4723 742 4793 (2)
774 4723 927 4778 Hanc
965 4725 1149 4781 Sancti
1179 4725 1349 4779 Vitam
1380 4723 1505 4778 ante
1533 4724 1786 4779 srcculum
1818 4725 2034 4780 tertium
2077 4723 2168 4778 de-

589 4793 788 4848 cimum
809 4795 1182 4849 concinnatam
1208 4811 1311 4849 non
1337 4796 1520 4857 fuisse,
1544 4794 2030 4858 verosimiliimnm,
2056 4793 2166 4846 imo

589 4878 760 4935 prope
783 4863 1162 4935 indubitatum,
1193 4873 1413 4935 apparet
1442 4881 1506 4918 ex
1539 4862 1905 4918 Unica-sitatis
1932 4863 2166 4935 nomine,

591 4933 700 5001 quo
750 4933 839 4986 hic
896 4933 1283 4989 condecoratur
1334 4935 1654 4989 Parisiensis
1711 4935 2008 4988 academia.
2069 4933 2168 4987 Adi

591 5004 1052 5074 Commentariutn
1085 5005 1339 5074 prtevium
1373 5021 1519 5059 num.
1552 5005 1617 5056 12
1645 5013 1700 5057 ct
1731 5004 1831 5068 15;
1867 5005 1932 5059 iis
1965 5013 2165 5066 autem,

667 5089 710 5127 ae
759 5072 956 5128 ibidem
1012 5072 1154 5129 dicta
1217 5085 1380 5136 sunt,
1431 5075 1553 5129 addi
1616 5083 1828 5142 potest,
1889 5074 2171 5143 pontiﬁces

643 5158 867 5204 omanvos
916 5145 1283 5199 Innocentium
1339 5144 1426 5206 Ill,
1481 5144 1572 5212 qui
1627 5159 1768 5198 anno
1827 5142 1962 5197 1216
2016 5142 2167 5207 obiit,

591 5213 888 5268 Honorium
922 5214 1104 5268 itidem
1129 5214 1214 5278 Ill,
1242 5216 1608 5268 Innocentium
1633 5213 1698 5268 IV
1723 5224 1777 5268 et
1803 5213 2168 5267 Alexandrum

591 5284 799 5353 pariter
825 5283 892 5338 IV
915 5287 1111 5341 saeculo
1137 5301 1230 5339 xm
1259 5284 1536 5354 privilegia
1561 5283 1848 5354 academia:
1877 5282 2169 5354 Parisiensi

591 5352 938 5424 impertiissﬁv
969 5371 1202 5424 cumque
1241 5352 1454 5418 litterae,
1492 5355 1632 5407 hunc
1660 5353 1712 5406 in
1749 5352 1906 5424 ﬁnem
1938 5353 2100 5424 data),
2140 5366 2170 5406 a

591 5421 815 5479 vocibus
847 5423 1065 5480 Noverit
1113 5421 1424 5479 universitas
1475 5434 1664 5485 vestra,
1711 5432 1806 5476 aut
1854 5421 2171 5476 Universitas

553 5495 964 5564 .gnagislrorum
1020 5506 1066 5550 et
1125 5495 1446 5549 scholarium
1503 5492 1908 5557 inchoarentur,
1971 5491 2168 5548 factum

595 5563 743 5626 hinc,
771 5567 846 5618 uti
892 5566 1032 5619 inter
1059 5567 1300 5621 eruditos
1336 5564 1447 5618 fere
1482 5575 1668 5616 omnes
1714 5565 1872 5617 modo
1899 5564 2170 5626 convenit,

636 5634 830 5704 riinum
906 5651 1024 5690 esse
1069 5647 1127 5691 ut
1172 5636 1446 5693 academia
1498 5632 1821 5688 Parisiensis
1867 5644 2170 5704 nuncupata

623 5703 761 5758 ’uerit
791 5703 1127 5762 Universitas.

2251 1871 2494 1927 horribili
2518 1879 2573 1926 et
2617 1870 2879 1941 stupendo
2904 1872 3097 1926 timore
3131 1882 3186 1927 et
3232 1880 3464 1926 tremore
3483 1875 3708 1929 concussi
3740 1885 3779 1930 et

2251 1961 2532 2032 stupefacti
2563 1962 2910 2030 sumus,qnid
2938 1961 3219 2029 faciemus,
3247 1964 3373 2018 dum
3402 1965 3604 2032 rugitus
3630 1965 3778 2031 leonis,

2250 2071 2374 2110 cuin
2403 2055 2630 2109 extremi
2672 2055 2860 2124 jndicii
2891 2057 3016 2110 tuba
3047 2065 3206 2110 aures
3247 2064 3465 2112 nostras
3495 2057 3780 2127 perculerit?

2251 2149 2385 2204 Cum
2435 2164 2625 2203 omnes
2671 2151 2951 2204 audiemus
2985 2148 3261 2218 :Snrgite,
3297 2149 3519 2213 mortui,
3547 2151 3706 2204 venite
3727 2151 3776 2204 ad

2246 2239 2554 2310 judicium?
2593 2239 2710 2306 Quo
2765 2248 2890 2294 tunc
2937 2239 3251 2311 fugiemus?
3301 2240 3581 2307 Quomodo
3622 2243 3668 2295 in
3705 2251 3783 2297 tam

2253 2328 2524 2384 horrendo
2545 2327 2770 2396 judicio,
2795 2328 2884 2382 ubi
2919 2329 3183 2383 columna!
3214 2329 3334 2384 coeli
3375 2339 3783 2398 COllll‘cmlSCClli,

2255 2431 2309 2478 et
2338 2421 2510 2494 angeli
2544 2425 2892 2478 lerrebuntur
2911 2432 2963 2478 et
2991 2422 3160 2477 territi
3191 2423 3568 2494 purgabantur
3596 2423 3676 2496 [an
3707 2435 3789 2478 tur-

2256 2515 2526 2570 babuntur
2546 2513 2614 2587 2],
2639 2529 2899 2584 apparere
2944 2515 3290 2584 poterimus?
3324 2515 3424 2571 Ubi
3479 2525 3605 2571 tunc
3644 2517 3788 2571 latebi-

2258 2623 2377 2662 mns
2402 2607 2425 2661 ?

2327 2700 2380 2752 7.
2421 2717 2438 2751 ‹
2476 2698 2809 2769 impossibile
2829 2700 2934 2755 erit
2965 2698 3516 2766 latere,intolerabile
3542 2715 3786 2771 apparere;

2260 2787 2527 2859 fugiamus
2566 2791 2728 2860 igitur
2776 2805 2806 2842 a
2858 2789 3023 2866 facie.
3050 2789 3210 2860 gladii
3252 2789 3365 2853 Dei,
3399 2805 3791 2860 prmoccupemus

2261 2879 2455 2936 faciem
2483 2881 2598 2952 ejus
2624 2882 2676 2935 in
2703 2881 3061 2949 confessione,
3094 2883 3274 2937 venite
3302 2882 3614 2947 adoremus,
3641 2893 3794 2950 etpro-

2261 2972 2502 3026 cidamus
2533 2981 2658 3026 ante
2686 2973 2878 3038 Deum,
2915 2973 3188 3043 ploremus
3223 2988 3404 3026 coram
3452 2973 3689 3036 Domino,
3727 2973 3792 3041 qui

2263 3064 2390 3118 fecit
2413 3078 2531 3118 nos.
2553 3062 2842 3132 Postquam
2888 3065 3050 3134 igitur
3073 3063 3229 3118 hodie
3265 3075 3448 3118 vocem
3485 3065 3602 3134 ejus
3625 3072 3796 3131 stupen-

2262 3154 2385 3208 dam
2427 3153 2752 3219 audivimus,
2793 3169 2898 3208 non
2935 3154 3264 3208 obduremus
3306 3153 3470 3208 corda
3505 3163 3695 3215 nostra,
3728 3151 3795 3204 sed

2262 3259 2518 3302 exeamus
2549 3245 2616 3300 de
2646 3245 2822 3299 medio
2852 3245 3161 3317 Babylonis,
3188 3246 3540 3316 egrediantur
3583 3244 3798 3313 Pentapo-

2264 3339 2374 3402 lim,
2407 3339 2531 3408 igne
2569 3345 2624 3391 et
2675 3337 2934 3406 sulphure
2977 3335 3086 3406 jam
3126 3350 3467 3400 succensam,
3499 3345 3557 3390 et
3603 3333 3798 3403 exemplo

2261 3429 2403 3484 beati
2452 3426 2601 3482 Pauli
2647 3415 2912 3494 eremiize,
2989 3429 3273 3482 beatorum
3316 3427 3562 3492 Antonii,
3610 3424 3797 3488 Arsenii,

2264 3522 2478 3592 Evagrii
2513 3521 2852 3590 aliorumque
2899 3529 3211 3574 sanctorum
3262 3533 3384 3575 cum
3422 3519 3587 3573 beato
3639 3516 3800 3570 Joanne

2265 3613 2506 3682 Baptista
2556 3621 2708 3665 antra
2751 3611 2948 3666 deserti
2980 3625 3306 3679 quaaramns,
3337 3610 3389 3664 in
3434 3609 3697 3664 montibus
3733 3622 3802 3660 nos

2263 3702 2440 3760 salvos
2467 3701 2750 3767 faciamus,
2787 3710 2846 3754 ut
2883 3701 3069 3754 :ctcrni
3097 3701 3302 3754 .ludicis
3345 3701 3506 3764 iram,
3543 3710 3595 3756 et
3635 3709 3805 3754 senten-

2267 3791 2392 3846 tiam
2420 3791 2780 3847 damnationis
2804 3801 3039 3853 tetcruac,
3069 3799 3124 3844 et
3166 3789 3348 3844 diluvii
3380 3789 3472 3861 [an
3529 3790 3755 3844 diluvium
3771 3786 3803 3858 Ἰ]

2264 3895 2612 3956 peccatorum
2663 3887 2716 3940 in
2750 3900 2878 3939 arca
2923 3884 3057 3949 Noe,
3093 3892 3148 3938 et
3193 3899 3246 3937 in
3282 3883 3534 3937 navicula
3580 3883 3728 3943 Petri,
3767 3883 3804 3934 in

2265 3991 2372 4047 qua
2403 3975 2651 4030 Christus
2679 3984 2899 4028 ventum
2929 3981 2984 4028 et
3027 3981 3398 4042 tempestatem
3428 3987 3645 4029 cessare
3684 3972 3805 4035 fecit,

2266 4067 2319 4123 id
2344 4076 2426 4122 est
2453 4107 2467 4132 ,
2496 4066 2548 4121 in
2582 4065 2705 4120 navi
2731 4063 3064 4136 poenitentiae
3094 4065 3322 4118 evadere
3348 4064 3628 4120 valeamus
3653 4073 3700 4119 et
3720 4080 3809 4132 per-

2267 4159 2452 4215 venire
2478 4158 2746 4228 possimus
2775 4155 2838 4209 ad
2859 4165 3068 4226 portum
3098 4165 3154 4210 et
3185 4155 3633 4224 tranquillitatem
3664 4151 3810 4208 salutis

2266 4265 2504 4310 aeternx'.
2531 4271 2548 4304 ι

2339 4350 2394 4406 8.
2450 4345 2546 4402 His
2600 4344 2682 4400 vel
2715 4341 2982 4398 similibus
3020 4339 3202 4396 verbis
3240 4347 3404 4411 atque
3435 4348 3710 4396 sententiis
3746 4350 3809 4390 se-

2340 4506 2417 4578 (5)
2435 4502 2583 4578 Quid
2613 4501 2680 4556 de
2710 4501 2798 4556 hic
2827 4507 3048 4578 narrato
3073 4497 3400 4578 Parisiensis
3440 4496 3701 4578 defuncti,
3726 4491 3809 4578 qui,

2269 4565 2751 4636 sese'damnatum,
2792 4586 2822 4626 e
2853 4570 3057 4626 feretro
3091 4568 3418 4623 vociferatus
3449 4569 3548 4633 sit,
3590 4565 3814 4622 horrendo

2269 4645 2599 4718 spectaculo,
2631 4644 2748 4696 sive
2777 4641 2989 4718 publice
3013 4640 3080 4694 ad
3104 4655 3286 4718 choram
3320 4639 3530 4718 multis,
3565 4640 3691 4699 sive,
3715 4649 3814 4704 pau-

2271 4709 2349 4774 cis
2407 4717 2669 4770 duntaxat
2704 4709 3079 4781 praesentibus,
3101 4709 3815 4781 factumadstruatansen-

2273 4788 2513 4844 tiendum
2543 4785 2634 4847 sit,
2667 4776 2744 4834 uti
2776 4782 2939 4835 etiam
2987 4795 3054 4832 an
3093 4779 3246 4832 ferali
3295 4779 3527 4832 historia
3582 4777 3641 4832 S.
3676 4776 3816 4828 Brimo

2272 4860 2324 4913 in
2349 4871 2592 4914 eremum
2621 4853 2805 4924 pulsus
2829 4850 3012 4924 fuerit,
3039 4849 3299 4924 studioso
3327 4850 3616 4924 Iec:ori_ex_
3644 4849 3702 4900 iis
3728 4856 3818 4911 qua“.

2271 4930 2338 4984 de
2369 4929 2466 4981 hac
2497 4919 2881 4980 Com’mentarii
2923 4921 3104 4990 przevii
3151 4920 3215 4991 §§
3260 4919 3308 4973 Χ
3328 4929 3380 4974 et
3414 4920 3672 4973 tredecim
3698 4927 3816 4980 seqq.

2272 4997 2521 5057 disserui,
2554 4993 2954 5064 diiudicandum
2983 4991 3249 5064 relinquo.

2345 5055 2838 5140 (4)“Datoietiam,
2885 5055 3153 5140 horribile
3195 5060 3438 5140 damnati
3485 5055 3817 5140 spectaculum

2271 5128 2497 5193 Parisiis
2529 5134 2810 5195 accidisse,
2858 5132 3018 5199 eique
3061 5131 3225 5183 etiam
3259 5129 3316 5183 S.
3346 5128 3649 5183 Brunduem
3677 5128 3814 5180 inter—

2274 5209 2464 5271 fuisse,
2493 5206 2619 5260 hinc
2673 5213 2851 5257 tamen
2881 5215 3215 5271 consequens
3244 5204 3479 5254 nondum
3524 5200 3708 5271 eritut
3732 5206 3818 5270 lunt

2275 5269 2472 5333 ibidem
2500 5278 2734 5330 Sanctus
2779 5273 3041 5328 docuerit.
3082 5269 3210 5324 Vide
3255 5269 3645 5326 Commentarii
3673 5269 3822 5334 prznt'lt

2273 5365 2425 5404 num.
2457 5347 2557 5400 175
2586 5354 2640 5400 et
2669 5359 2821 5412 seqq.

2347 5419 2421 5489 (5)
2452 5418 2527 5471 De
2560 5410 3016 5489 n_ol_iili_Bruit02:is
3063 5425 3258 5481 genere
3289 5410 3490 5465 videsis
3518 5410 3824 5464 Commenta-

2274 5483 2844 5558 riunipraavium§lL
3091 5551 3124 5558 _
3231 5553 3240 5558 _
3318 5500 3363 5558 '__
3553 5552 3566 5558 _
3674 5550 3684 5558 _
3795 5542 3821 5558 ,.

2347 5561 2423 5631 (6)
2449 5550 2801 5631 ’Τιιεοιρείιῐιιι
2835 5553 3052 5631 __scilicet
3075 5551 3275 5631 ﬂentis
3321 5551 3498 5605 Bruno
3536 5550 3733 5631 docuit,
3763 5551 3823 5597 uti

2274 5621 2868 5694 Com'inentarii'prtevii
2900 5639 3045 5680 num.
3075 5623 3140 5676 78
3169 5632 3222 5677 et
3251 5638 3405 5692 seqq.
3433 5623 3661 5677 ostendi.
