3846 6316
97 311 177 365 (35
1442 335 1444 338 τ
1609 301 1816 357 ACTA.

3241 297 3353 358 486

95 433 246 502 ipsum
280 432 330 480 et
380 421 650 492 quosdam
697 419 876 475 socios
923 417 1202 487 alloquens
1251 425 1309 472 et
1358 416 1659 472 exhortans
1689 425 1730 480 Α
1763 413 1972 468 ﬁrmata
2023 413 2141 482 (9):
2179 429 2196 462 ι
2233 411 2403 467 Adest
2436 410 2696 482 magister
2722 411 2902 467 Bruno
2940 413 3022 468 vir
3051 413 3356 487 religiosus.

94 519 512 574 deliberaverunt
579 513 697 582 ipse
737 519 792 564 et
843 524 939 564 sex
971 508 1062 562 alii
1117 505 1270 578 probi
1327 505 1429 560 viri
1479 520 1661 561 secum

91 605 455 662 abrenuntiare
504 601 708 655 mundo
734 606 790 654 et
837 598 1046 668 pompis
1088 600 1224 665 ejus,
1261 603 1319 652 et
1360 597 1428 650 ad
1475 611 1664 667 pel-pe-

93 708 216 752 tuam
245 692 626 766 paenitentiam
657 685 1019 760 peragendam
1050 687 1222 742 eremi
1270 690 1484 742 deserta
1520 701 1667 741 com-

77 769 298 857 petentia
330 796 611 853 quaerere,
634 790 688 835 et
734 780 956 844 ibidem,
1001 779 1212 834 relictis
1241 779 1492 834 omnibus
1535 776 1669 832 divi-

90 877 162 930 tiis
183 887 234 930 et
259 873 481 930 deliciis
522 880 580 927 et
625 869 924 926 honoribus
973 867 1132 938 hujus
1161 868 1366 932 mumli,
1421 867 1670 937 accipere

91 967 260 1036 singuli
289 980 494 1020 cruces
521 978 673 1027 suas,
707 969 764 1016 et
801 961 929 1015 nudi
961 961 1166 1015 nmium
1209 960 1485 1016 Christum
1516 958 1668 1029 sequi

91 1075 169 1129 per
191 1067 404 1112 arctam
434 1057 606 1120 viam,
645 1069 766 1124 quae
788 1053 935 1108 ducit
975 1053 1041 1107 ad
1071 1053 1259 1118 vitam,
1287 1061 1340 1107 et
1391 1052 1554 1106 latam
1609 1065 1672 1106 ac

91 1150 359 1220 spatiosum
401 1147 694 1210 deserere,
752 1158 870 1214 quae
920 1154 1190 1198 amatores
1258 1151 1316 1197 et
1373 1149 1696 1197 sectatores.

92 1239 250 1294 mundi
278 1237 542 1308 perducit
569 1235 635 1290 ad
669 1233 928 1304 supplicia
957 1234 1360 1290 damnatorum.

145 1330 193 1385 9.
243 1330 308 1382 Et
358 1329 533 1392 ideo,
597 1326 723 1394 quia
783 1324 1072 1380 audierant
1111 1323 1311 1378 faniam
1367 1323 1674 1378 sanctitatis

93 1421 238 1477 sancti
267 1418 530 1490 ﬂugonis
571 1417 807 1487 episcopi
843 1415 1350 1484 GratianOpolitani,
1383 1416 1476 1486 qui
1522 1415 1675 1486 prius

93 1513 247 1583 aliquo
279 1524 541 1580 tempore
567 1509 804 1580 ejusdem
839 1510 1081 1581 magistri
1119 1509 1391 1564 Brunonis
1417 1510 1471 1563 in
1511 1509 1666 1564 scho-

94 1607 148 1661 lis
167 1605 418 1660 creditur
457 1604 637 1658 socius
673 1601 944 1657 exstitisse
989 1602 1092 1670 (7),
1119 1609 1310 1656 sancto
1359 1601 1550 1672 spiritu
1586 1600 1674 1654 iu-

95 1697 358 1767 spirante,
414 1701 819 1764 proposuerunt
878 1693 947 1748 ad
1016 1702 1370 1747 memoratum
1428 1701 1674 1748 sanctum

99 1788 396 1856 episcopum
434 1784 599 1838 simul
640 1783 924 1846 accedere.
965 1791 1020 1838 et
1053 1781 1294 1850 ejusdem
1342 1782 1600 1836 auxilium
1625 1789 1682 1836 et
1711 1769 1756 1823 Β

98 1879 365 1933 concilium
403 1877 690 1946 requirere
713 1916 729 1940 ,
761 1885 820 1929 ut
864 1875 917 1930 in
952 1875 1069 1942 ejus
1105 1876 1346 1940 dimcesi,
1378 1890 1540 1944 quam
1587 1888 1682 1928 au-

99 1972 524 2040 dierantjmultis
551 1971 782 2025 desertis
827 1970 1105 2025 montibus
1148 1970 1446 2034 abundare,
1506 1983 1682 2024 mere-

99 2073 260 2119 rentur
306 2064 502 2120 locum
569 2077 866 2133 congruum
915 2061 1193 2124 obtinere,
1248 2059 1323 2114 in’
1356 2076 1462 2130 quo
1523 2075 1679 2114 suum

101 2167 321 2212 sanctum
376 2165 442 2211 et
493 2155 712 2209 salubre
770 2153 1106 2223 propositum
1179 2160 1401 2223 possent
1465 2148 1678 2205 eﬂ'cctui

103 2249 420 2318 mancipare.
473 2247 692 2316 Septem
751 2244 915 2315 igitur
967 2244 1138 2299 sancti
1191 2242 1292 2298 viri
1331 2239 1681 2312 suprascripti

103 2345 334 2414 pmlicta
359 2343 440 2398 de
466 2357 626 2398 causa
653 2341 716 2394 ad
740 2341 1055 2411 praedictum
1079 2347 1323 2395 sanctum
1346 2338 1680 2408 episcOpum,

103 2434 216 2490 duce
242 2446 450 2490 sancto
472 2431 689 2502 spiritu,
724 2437 1094 2499 pervenerunt
1123 2428 1222 2498 (8).

161 2523 258 2594 10.:
287 2525 386 2586 Et,
415 2533 477 2576 ut
535 2531 658 2575 utar
685 2521 906 2575 omnino
933 2521 1114 2575 verbis
1136 2518 1352 2589 scriptis
1379 2519 1432 2572 in
1461 2519 1683 2588 legenda

108 2611 218 2667 Vita:
267 2613 328 2667 S.
388 2609 643 2680 Hug‘onis
672 2609 908 2679 episcOpi
939 2609 1244 2672 memorati,
1273 2621 1370 2678 per
1416 2621 1684 2660 summum

109 2703 435 2773 pontiﬁcem,
458 2701 551 2773 qui
583 2716 707 2757 eum
739 2699 1104 2768 canonizavit,
1133 2699 1450 2768 approbata,
1478 2707 1530 2752 et
1557 2711 1685 2752 con-

164 2859 234 2930 (ῖ)
266 2861 477 2915 Actum
505 2857 649 2926 apud
694 2870 792 2930 nos
819 2855 1006 2930 _est__de
1043 2861 1230 2930 sancto
1256 2853 1360 2908 isto
1391 2851 1684 2930 Gratiano-

139 2925 327 2983 olitano
357 2925 623 2998 episcopo
652 2925 716 2979 ad
749 2927 771 2979 1
805 2925 1002 2998 Aprilis
1026 2926 1188 2990 diem,
1217 2939 1322 2994 quo
1355 2938 1548 2998 nomen
1572 2925 1688 2988 ejus

139 2947 327 2983 ontano
357 2947 623 2998 episcopo
652 2947 716 2979 au
749 2947 771 2979 1
805 2947 1002 2994 ﬂpl‘lllS
1026 2947 1188 2990 (Itum,
1217 2947 1322 2994 quo
1355 2947 1548 2976 "unum
1572 2947 1684 2988 ejus

109 2947 486 3071 Eiartyrologin
515 2998 759 3071 Romano
781 3005 959 3071 exstat
979 2995 1265 3071 insertum
1293 2993 1484 3071 {Anno
1507 3001 1684 3071 autem

109 3062 567 3124 ώιιὲεατηᾶιὶοηε
596 3067 822 3127 Domini,
856 3067 935 3120 uti
979 3064 1176 3120 ibidem
1226 3063 1420 3133 Guigo,
1465 3062 1686 3131 quintus

110 3139 397 3194 Carthusia:
427 3138 650 3204 majoris
681 3139 852 3204 prior,
888 3135 1098 3204 Hugoni
1131 3135 1686 3204 aequalisqsanctaque

110 3211 352 3275 amicitia,
387 3203 650 3278 quamdiu
685 3203 852 3270 ’vixit,
881 3205 1223 3278 conjunctus,
1256 3205 1307 3258 in
1353 3203 1504 3278 il_liu_s_
1542 3203 1684 3266 Vita,

109 3292 274 3348 quam,
300 3273 541 3350 iub—cute
567 3291 782 3350 summa
827 3275 1093 3350 pontifice
1117 3275 1432 3350 Innocentio
1467 3273 1527 3350 11,
1555 3287 1654 3326 crn

111 3344 356 3414 éinnavi't,
393 3365 549 3402 num.
587 3349 658 3402 55
700 3344 1258 3407 testatur,‘millesimo
1287 3344 1576 3414 centesimo
1596 3344 1690 3395 Iri-

112 3422 282 3486 pssime
322 3413 587 3481 secundo,
616 3419 854 3486 (etatis...
899 3432 1014 3486 sua:
1043 3415 1110 3468 ad
1144 3415 1315 3486 minus
1355 3413 1687 3486 oetogesimo.

112 3481 263 3543 mense
285 3499 514 3560 quarto,
542 3503 572 3541 e
601 3485 812 3540 mortali
846 3487 946 3540 hac
970 3485 1080 3538 vita
1099 3486 1178 3560 atl_
1198 3483 1562 3560 immortalem
1591 3481 1691 3560 nti-_

115 3553 309 3678 Fraviti
333 3575 536 3628 quare,
579 3573 700 3612 cum
733 3566 856 3610 ante
907 3571 1108 3609 annum
1160 3554 1298 3608 1052
1348 3563 1509 3608 natus
1549 3553 1690 3607 haud

133 3629 260 3678 uisse
289 3631 582 3678 videatur:
633 3626 815 3678 Bruno
864 3635 1044 3678 autem
1090 3623 1198 3678 iam
1255 3625 1379 3678 inde
1432 3623 1500 3678 ab
1550 3638 1690 3676 anno

133 3623 260 3682 uisse
283 3623 582 3690 videatur;
633 3626 815 3680 Bruuo
864 3635 1044 3680 autem
1086 3623 1198 3692 jam
1255 3625 1379 3678 inde
1432 3623 1500 3678 ab
1550 3638 1692 3676 anno

115 3698 314 3754 circiter
343 3699 514 3762 1050,
547 3698 623 3750 uti
650 3698 700 3750 iu
730 3695 1136 3750 Commentario
1161 3694 1360 3763 praevio
1387 3693 1416 3764 ᾗ
1443 3693 1481 3746 ll
1512 3693 1692 3760 docui,

113 3770 303 3824 natales
332 3771 406 3824 sit
453 3777 806 3826 consecutus,
837 3767 1140 3834 docereque
1175 3764 1358 3834 Remis
1403 3765 1516 3834 jam
1561 3765 1694 3834 inde

118 3838 173 3890 ab
211 3854 352 3893 anno
383 3838 530 3893 1060
558 3846 653 3892 aut
681 3837 843 3890 etiam
889 3833 1100 3889 citins’e
1133 3835 1294 3890 dictis
1321 3833 1517 3904 ibidem
1554 3833 1580 3904 §
1628 3834 1694 3889 lV

116 3907 386 3978 inceperit,
431 3923 505 3962 ex
553 3908 834 3978 utriusque
866 3915 1027 3960 aetate
1079 3904 1265 3978 liquet,
1311 3902 1468 3971 hujus
1517 3902 1697 3974 potius

117 3975 248 4031 illum
277 3980 336 4032 in
378 3978 580 4034 scholis
609 3975 946 4044 discipulum,
970 3990 1131 4044 quam
1154 3977 1375 4038 socium,
1411 3983 1598 4044 contra
1633 3990 1696 4028 ac

118 4046 432 4119 biographus
462 4057 662 4119 noster,
678 4043 806 4100 ferri
838 4046 923 4100 hic
951 4043 1047 4109 ait,
1076 4044 1365 4119 aliquando
1397 4043 1695 4119 exstitisse,

117 4115 226 4171 licet
256 4115 482 4174 interim
517 4133 620 4172 nec
652 4118 776 4180 hoc,
805 4123 990 4185 utpote
1023 4115 1170 4169 nullo
1200 4117 1362 4169 etiam
1403 4115 1698 4184 antiquita-

119 4187 176 4240 tis
195 4190 514 4243 testimonio
539 4187 744 4241 ﬁrmari
777 4186 982 4249 valens,
1020 4188 1332 4239 asseverare
1357 4186 1552 4238 ausim.

179 4259 253 4329 (Β)
279 4259 547 4314 Sanctum
583 4267 827 4311 nostrum
845 4256 1310 4329 _ejusque_socios,
1337 4255 1453 4329 viso
1477 4254 1698 4329 Parisiis

119 4324 258 4382 ferali
308 4329 556 4384 damnati
589 4326 916 4396 spectaculo,
959 4324 1028 4380 ad
1075 4324 1376 4396 llugonem,
1405 4325 1696 4380 Gratiano-

119 4399 403 4465 politanu’m
435 4395 777 4468 episcopum,
803 4406 950 4451 recta
983 4403 1104 4451 sese
1134 4395 1450 4468 contulisse,
1481 4397 1698 4463 biogra-

121 4453 242 4588 ggus
287 4470 378 4524 hic
405 4453 602 4533 do'cct;
629 4453 734 4522 'ast
764 4453 886 4523 'hoc
915 4481 946 4520 a
975 4481 1106 4520 vero
1136 4465 1372 4520 alienum
1418 4453 1538 4520 esse
1572 4453 1699 4534 iiro-
1733 4453 1779 4512 Ι)

183 4547 259 4588 nt.
306 4555 430 4588 una!
480 4539 533 4588 in
597 4537 1002 4588 Commentario
1041 4536 1258 4588 nrtevio.
1312 4547 1460 4588 num.
1495 4535 1598 4588 414
1648 4545 1702 4588 et

183 4547 260 4602 nl,
306 4555 430 4608 qua:
480 4539 533 4593 in
597 4537 1002 4593 Commentario
1041 4536 1258 4606 prtevio,
1312 4547 1460 4590 num.
1495 4535 1598 4590 414
1648 4545 1702 4591 et

125 4620 258 4678 seqq.
288 4610 345 4663 in
369 4611 609 4664 medium
635 4608 852 4662 adduxi.

186 4675 258 4748 t9)
305 4679 541 4748 Guigoni
600 4678 838 4748 quidem,
885 4676 1078 4748 quinto
1125 4675 1431 4731 Carthusiae
1478 4675 1703 4745 majoris

129 4747 300 4814 priori,
350 4747 699 4804 Innocentius
749 4747 789 4802 ll
839 4747 996 4818 papa,
1047 4755 1336 4816 postquam
1387 4761 1530 4800 anno
1566 4749 1702 4818 1154

131 4817 225 4886 (adi
267 4821 453 4888 operis
478 4819 806 4888 nostritom.
833 4817 850 4873 l
877 4817 1074 4886 Aprilis
1101 4832 1222 4888 pag.
1261 4818 1348 4876 56.
1377 4833 1534 4872 num.
1563 4817 1620 4884 4)
1651 4819 1701 4870 in

127 4887 352 4943 concilio
395 4889 596 4944 Pisano
632 4887 933 4959 Hugonem,
975 4887 1536 4959 Gratiat’mpolitanntn
1584 4889 1699 4957 cpi-

129 4970 363 5027 scopum,
389 4959 608 5013 biennio
630 4958 912 5014 dumtaxat
933 4969 1060 5012 ante
1085 4958 1188 5012 vita
1216 4958 1476 5022 fuuczum,
1497 4960 1704 5012 sanctis

132 5027 522 5098 adscripsisset,
560 5030 610 5083 in
639 5030 904 5083 mandatis
933 5029 1100 5090 dedit,
1129 5037 1188 5082 ut
1220 5029 1380 5098 hujus
1407 5029 1579 5082 sancti
1609 5044 1702 5080 an-

135 5097 310 5170 tistitis
350 5109 496 5170 gesta
535 5101 718 5154 omnia
751 5100 945 5170 litteris
989 5097 1368 5170 consignaret;
1410 5113 1591 5154 verum
1625 5098 1705 5151 lu-

135 5167 519 5234 cubrationem,
569 5186 675 5240 qua
731 5170 782 5223 id
835 5168 1043 5240 Guigo,
1103 5167 1382 5238 pontificio
1434 5177 1705 5236 praecepto

136 5241 529 5310 obtemperans,
562 5241 706 5303 feeit,
738 5255 768 5294 a
811 5240 1067 5310 pontiﬁce
1097 5240 1210 5306 illo,
1243 5241 1322 5293 uti
1357 5241 1442 5310 hic
1483 5240 1704 5309 biogra-

137 5308 264 5380 pbus
321 5321 507 5366 noster
551 5312 750 5371 tradit,
812 5308 1190 5365 conﬁrmatam
1249 5308 1706 5380 approbatamquc

139 5375 319 5444 fuisse,
369 5396 398 5434 a
437 5381 790 5449 scriptoribus
817 5382 1060 5450 antiquis
1110 5375 1381 5434 memoria:
1435 5375 1704 5449 proditum

139 5461 236 5498 non
269 5451 504 5515 invenio,
538 5453 661 5507 licet
692 5452 906 5505 interim
935 5465 1024 5506 res
1056 5466 1180 5504 vero
1212 5451 1520 5520 neutiquam
1545 5465 1707 5519 appa-

140 5528 249 5571 reat
267 5521 546 5577 absimilis.

197 5589 342 5670 ,(10)
369 5589 787 5670 De‘banduino,
841 5592 1072 5670 duobus_
1102 5590 1410 5670 Slepltanis,
1449 5591 1708 5670 Burgensi

145 5657 349 5714 scilicet
371 5677 430 5716 ac
453 5661 652 5728 Diensi,
685 5665 1016 5718 monasterio
1040 5663 1098 5718 S.
1124 5657 1272 5727 non,
1297 5678 1328 5717 e
1354 5677 1460 5732 quo
1495 5657 1709 5718 hi'fuc-

149 5739 285 5795 rum,
322 5745 423 5785 nec
469 5749 569 5789 non
607 5735 830 5806 llngone
858 5733 1154 5806 capellano,
1203 5733 1293 5804 qui
1345 5741 1590 5790 sanctum
1641 5734 1709 5791 ad

1767 507 1991 562 scientia
2026 505 2286 571 famosus,
2336 506 2638 562 honestatis
2678 515 2732 560 et
2765 507 3045 576 gratitatis
3088 525 3152 563 ac
3191 509 3356 565 totius

1774 601 2104 655 maturitatis
2149 600 2304 670 quasi
2357 600 2628 669 quoddam
2687 599 3072 665 simulacrum;
3131 601 3360 658 habebat

1771 701 1947 746 autem
1977 692 2154 746 socios
2203 691 2520 762 magistrum
2571 689 3044 760 Landuinum,qui
3095 701 3214 762 post
3239 708 3362 748 eum

1769 783 1920 851 prior
1952 782 2251 838 Carthusiac
2298 783 2530 848 exstitit,
2579 781 2716 836 duos
2761 781 3084 851 Stephanus,
3131 781 3368 852 Burgen—

1771 891 1886 931 sem
1931 885 1982 930 ct
2035 876 2283 931 Diensem
2312 876 2391 944 (hi
2446 875 2630 929 Sancti
2664 874 2784 928 Ruﬁ
2840 874 3081 929 canonici
3133 874 3366 938 fuerant,

1773 969 1868 1025 sed
1918 967 2191 1024 desiderio
2243 968 2367 1022 vitae
2424 967 2678 1022 solitariae
2728 966 2829 1031 eis,
2880 967 3076 1020 abbate
3128 965 3364 1032 favente,

1777 1075 1900 1116 sese
1930 1058 2372 1130 conjunxerant),
2405 1057 2685 1129 lingenem
2709 1057 2872 1112 etiam
2904 1057 3042 1128 (10),
3075 1072 3238 1127 quem
3270 1057 3365 1113 co-

1782 1151 2174 1223 gnominabant
2222 1149 2598 1221 Capellanum,
2627 1165 2693 1203 eo
2723 1149 3045 1218 quod-solus
3064 1163 3138 1204 ex
3166 1149 3246 1205 eis
3277 1164 3367 1205 sa-

1723 1261 1727 1265 ·
1775 1243 2009 1297 cerdotis
2035 1241 2351 1313 fungeretur
2397 1241 2573 1297 ollicio
2605 1240 2754 1311 (ll),
2806 1240 2942 1296 duos
2989 1240 3180 1307 laicus,
3233 1257 3372 1312 quos

1775 1333 2110 1404 appellamus
2137 1339 2452 1398 conversos,
2484 1332 2758 1386 Andream
2787 1341 2839 1385 et
2865 1332 3198 1399 Gnarinum;
3225 1348 3374 1402 qua:-

1777 1424 1969 1479 rebant
2017 1434 2197 1478 autem
2265 1424 2442 1478 locum
2508 1423 2805 1478 eremiticae
2853 1423 2976 1477 vitae
3021 1439 3318 1493 congruum
3352 1463 3370 1489 ,

1777 1515 2113 1584 necdumque
2155 1522 2470 1584 repererant
2505 1514 2637 1583 (12).
2669 1513 2780 1568 [lac
2802 1530 2932 1585 ergo
2961 1530 3080 1585 Spe,
3111 1514 3271 1569 simul
3317 1525 3376 1570 et

1777 1608 1929 1664 suavi
1979 1617 2180 1662 sancta:
2226 1607 2652 1662 conversationis
2677 1607 2844 1660 odore
2900 1609 3166 1672 trahente,
3210 1622 3375 1664 vene-

1779 1706 1907 1751 runt
1941 1714 1954 1762 ;
1995 1713 2132 1767 quos
2165 1698 2474 1767 episcopus,
2518 1711 2624 1751 non
2661 1695 2834 1751 solum
2869 1707 3171 1765 gratanter,
3200 1699 3293 1752 sed
3317 1705 3374 1753 et

1785 1798 2097 1844 reverenter
2149 1787 2407 1857 suscepit,
2447 1785 2701 1840 tractavit
2731 1794 2786 1840 et
2813 1787 2922 1840 voti
2968 1795 3245 1857 compotes
3297 1785 3379 1840 fe‘

1786 1881 1882 1936 cit.

1858 1971 1944 2025 11.
1989 1987 2010 2022 ι
2041 1969 2162 2040 lpso
2187 1983 2421 2039 namque
2445 1971 2761 2026 consulente
2792 1979 2848 2026 et
2883 1969 3110 2041 juvante
3140 1984 3206 2025 ac
3243 1985 3376 2025 con-

1785 2062 2110 2127 comitante,
2161 2061 2460 2117 Carthusia:
2498 2061 2844 2116 solitudinem
2901 2063 3240 2118 intraverunt
3290 2071 3376 2117 at-

1785 2166 1892 2222 que
1940 2159 2334 2207 exstruxerunt
2376 2165 2520 2205 anno
2575 2150 2784 2206 Domini
2826 2151 3110 2208 millesimo
3156 2163 3377 2222 octoge-

1786 2242 1926 2297 simo
1971 2251 2204 2312 quarto;
2237 2240 2579 2310 episcopatus
2603 2256 2731 2296 vero
2766 2241 2894 2296 dicti
2933 2243 3104 2298 sancti
3137 2242 3380 2314 llugonis

1787 2343 1984 2404 quarto
2015 2335 2160 2407 (15).
2191 2335 2414 2389 Viderat
2460 2342 2642 2388 autem
2689 2333 2948 2404 praefatus
2991 2343 3210 2389 Sanctus
3260 2335 3379 2404 epi-

1787 2442 1980 2498 scopus
2022 2427 2168 2482 circa
2196 2425 2338 2482 idem
2371 2434 2587 2495 tempus
2626 2441 2722 2496 per
2764 2426 3034 2480 somnium
3089 2426 3140 2480 in
3185 2426 3378 2480 eadem

1787 2519 2075 2573 solitudine
2132 2519 2417 2574 Dominum
2483 2533 2593 2572 sua:
2643 2518 2940 2589 dignationi
3002 2518 3373 2574 habitaculum

1789 2618 2218 2675 construentem,
2263 2610 2448 2666 stellas
2495 2610 2658 2665 etiam
2708 2619 2913 2680 septem
2965 2611 3222 2666 ducatum
3275 2609 3380 2666 s'bi

1788 2703 2077 2771 prebentes
2124 2703 2334 2758 itineris
2373 2703 2507 2774 (14).
2556 2701 2723 2756 Erant
2759 2717 2888 2757 vero
2917 2711 2972 2756 ct
3016 2703 3068 2757 bi
3119 2710 3374 2773 septem;

1790 2854 2090 2927 llugoncm,
2130 2855 2689 2927 Gratianopolitanum
2745 2854 3381 2927 episcopumtcomitati

1788 2923 1910 2981 esse
1962 2927 2048 2979 hic
2105 2923 2432 2987 narrantur,
2491 2923 2692 2978 vidcsis
2745 2923 3136 2979 Commentarii
3191 2924 3381 2995 praziii

1792 2998 1818 3068 §
1852 2995 2070 3068 XXV,a
2102 2995 2582 3068 nuru._41‘i_4_uSqne
2612 2997 2678 3047 ad
2710 3011 2857 3068 num.
2891 2995 3024 3048 441.

1861 3067 1972 3136 (11)
2006 3067 2087 3118 Αη
2113 3080 2178 3119 ex
2207 3064 2292 3118 his
2319 3064 2580 3136 Gnigonis
2610 3064 2792 3136 verbis
2818 3079 3168 3136 consequens
3219 3064 3292 3119 sit
3321 3071 3383 3136 ut

1715 3111 1757 3172 C
1793 3111 2046 3200 Sail-ctus,
2082 3111 2202 3188 cum
2239 3136 2303 3187 ad
2325 3111 2646 3204 vllu'éonrm,
2677 3111 3384 3204 Gratianopoiitannni'epi:

1791 3221 2038 3275 scopum,
2090 3207 2342 3270 arcessit,
2396 3202 2730 3275 sacerdotio
2758 3205 3004 3258 initiatus
3051 3220 3156 3258 non
3199 3202 3286 3258 fue
3318 3203 3382 3267 it,

1793 3273 2184 3359 pauimentarii
2230 3275 2415 3344 pru'vii
2457 3287 2603 3328 num.
2635 3273 2743 3326 ιω
2799 3286 2852 3328 et
2895 3289 3048 3345 seqq.
3078 3276 3384 3329 discussum

1793 3361 2059 3402 Invenies.

1865 3415 1976 3488 (1‘2)
2011 3414 2150 3488 Quid
2189 3428 2256 3468 ex
2291 3414 2741 3488 hiscedGuigouis
2771 3413 3382 3488 verbisronsectarium

1794 3485 2066 3556 appareat,
2096 3485 2485 3541 Commentarii
2527 3485 2711 3554 pucvii
2741 3499 2892 3540 num.
2921 3485 3026 3538 420
3055 3485 3176 3538 vide
3206 3499 3380 3554 expo-

1794 3559 1978 3612 situm.
2493 3583 2495 3586 -
3017 3609 3023 3616 ,

1865 3627 1977 3696 (l5)
2015 3625 2170 3680 Anno
2198 3625 2400 3680 Christi
2440 3626 2530 3680 hic
2554 3625 2768 3694 signato
2799 3636 2927 3680 vere
2961 3639 3078 3680 csse
3114 3633 3380 3689 sanctum,

1795 3695 2132 3766 comitesque
2178 3696 2297 3765 ejus
2329 3697 2634 3766 Carthnsia:
2684 3708 2926 3751 cretuum
2978 3697 3270 3766 ingressos,
3303 3697 3387 3750 lu-

1796 3765 2186 3836 cttlentissmte,
2223 3782 2342 3833 qure
2395 3768 2446 3820 in
2498 3765 2921 3836 Comm.prtev..
2975 3781 3128 3820 num.
3175 3765 3282 3820 470
3329 3775 3386 3820 et

1797 3835 1971 3890 tribus
2021 3850 2173 3904 seqq.
2210 3837 2260 3889 in
2314 3838 2548 3889 medium
2603 3835 2824 3904 protuli,
2868 3847 3054 3889 contra
3091 3837 3384 3890 Baronium

1799 3907 2144 3976 potissimum
2188 3905 2451 3976 aliosque,
2479 3920 2619 3959 anno
2643 3905 2780 3960 1086
2809 3906 2861 3960 id
2899 3905 3120 3969 factum,
3160 3916 3388 3961 conten-

1799 3977 2006 4038 dentes,
2064 3977 2339 4030 evincunt.
2397 3976 2504 4030 Nec
2553 3985 2808 4030 eventum
2865 3976 3012 4029 illum
3062 3992 3184 4029 eum
3237 3983 3424 4031 anno'

1799 4055 1991 4114 quarto
2011 4046 2248 4118 Hugonis
2259 4047 2620 4118 episcopatus,
2638 4047 2740 4100 etsi
2757 4047 2918 4100 etiam
2936 4045 3001 4099 ad
3021 4047 3160 4100 hunc
3175 4047 3263 4100 ille
3271 4049 3385 4113 jam

1801 4118 1924 4170 inde
1957 4119 2024 4172 ab
2057 4117 2204 4172 anno
2238 4118 2376 4172 1079
2410 4117 2566 4171 fuerit
2597 4125 2898 4184 promotus,
2935 4130 3212 4184 perperam
3237 4132 3386 4169 com—

1798 4188 1960 4255 poni,
1993 4188 2168 4257 palam
2211 4195 2296 4241 est
2341 4201 2406 4241 ex
2455 4187 2520 4240 iis
2575 4186 2940 4257 qtt;e__ibident
3007 4201 3155 4257 utrm.
3191 4184 3383 4257 506_et

1802 4254 1919 4325 seq.
1970 4254 2110 4312 hanc
2152 4259 2203 4311 in
2256 4273 2368 4311 rem
2419 4257 2672 4311 disserui.
2703 4255 2877 4310 Verba
2925 4254 3141 4308 interim
3171 4254 3385 4321 omnia,

1801 4336 2159 4398 quaeteinpus
2188 4329 2462 4398 ingressus
2488 4327 2544 4380 S.
2573 4325 2840 4380 Brunonis
2866 4325 3087 4398 ejusque
3107 4325 3387 4398 sociorum

1807 4394 1859 4450 in
1909 4394 2269 4451 Cartliusiam'
2293 4398 2634 4464 exprimunt,
2667 4410 2924 4464 qumque.
2960 4395 3124 4448 veluti
3174 4411 3204 4448 a
3255 4394 3388 4449 Gui-

1805 4482 1945 4537 gone
1969 4467 2021 4520 in
2055 4467 2177 4522 Vita
2211 4465 2271 4522 S.
2303 4467 2544 4536 Hngonis
2565 4506 2579 4530 ,
2604 4464 3088 4537 Gratianopolitani
3120 4464 3384 4537 episcopi,

1806 4535 2143 4606 suppeditata
2163 4578 2180 4602 ,
2205 4539 2292 4591 hic
2321 4535 2581 4598 citantur,
2613 4535 2682 4590 ab
2714 4536 2813 4606 hac
2843 4536 3104 4604 Guigonis
3131 4535 3388 4590 lucubra-

1806 4605 1985 4672 tioite,
2015 4617 2125 4661 tum
2150 4607 2288 4676 apud
2322 4621 2450 4668 nos,
2487 4615 2596 4659 tum
2642 4605 2784 4674 apud
2817 4607 3035 4660 SUl'itJn
3073 4605 3303 4669 absunt;
3330 4617 3389 4660 ut

1805 4680 1940 4731 adeo
1986 4677 2072 4732 vel
2117 4676 2479 4746 exemplaria,
2509 4691 2539 4730 e
2566 4676 2764 4744 quibus
2798 4684 2906 4730 tum
2944 4676 3084 4744 apud
3112 4693 3240 4742 nos,
3269 4685 3384 4731 tum

1805 4747 1944 4818 quod
1971 4747 2202 4818 Surium,
2218 4747 2521 4818 conscripta
2560 4761 2590 4799 a
2623 4747 2873 4818 Gnigone
2899 4747 2955 4800 S.
2993 4747 3232 4816 llugmis
3266 4747 3386 4800 Vita

1804 4816 2154 4888 publicijnris
2182 4817 2319 4871 facta
2343 4825 2445 4888 est,
2471 4817 2737 4888 dictorum
2767 4817 3053 4871 verborum
3087 4818 3386 4872 omissioite

1807 4886 2008 4942 fuerint
2033 4889 2252 4953 vitiata,
2279 4886 2362 4941 vel
2397 4894 2455 4958 ut
2483 4887 2780 4958 biographo
2808 4897 3018 4954 nostro,
3046 4889 3138 4958 qui
3166 4899 3386 4958 praster-

1805 4973 1868 5013 ea
1899 4959 1952 5012 in
1985 4959 2254 5014 nonnullis
2283 4958 2402 5011 aliis
2424 4956 2797 5013 lectionibusa
2831 4959 2973 5013 dicta
2996 5000 3011 5023 ,
3058 4956 3217 5028 prout
3238 4959 3382 5027 apud

1805 5044 1905 5083 nos
1931 5038 1987 5084 et
2019 5028 2238 5084 Surium
2273 5029 2413 5084 edita
2445 5035 2558 5092 est,
2585 5029 2755 5082 sancti
2793 5028 2934 5084 illius
2969 5029 3230 5084 antistitis
3264 5028 3384 5081 Vita

1807 5098 2085 5170 dissonat,
2135 5099 2268 5155 Viue
2308 5099 2549 5170 ejusdem
2582 5098 2859 5170 exemplar
2902 5110 3217 5170 COI‘I‘tlpllllll
3247 5113 3386 5168 pr..-

1807 5168 2024 5224 luxerit.
2052 5171 2130 5224 Ac
2153 5168 2483 5240 postrelnnm
2515 5169 2732 5237 quidem
2767 5171 2867 5224 hoc
2911 5168 3273 5226 \‘et‘osimilins
3299 5169 3380 5240 vel

1807 5255 1872 5296 ex
1897 5254 1962 5294 eo
1983 5252 2130 5310 puto,
2156 5236 2299 5311 quod
2323 5239 2481 5311 elogii
2508 5236 2721 5307 quoque
2744 5281 2758 5302 ,
2785 5239 3169 5311 Commentarii
3196 5236 3384 5308 praein

1808 5327 1958 5365 num.
1993 5312 2022 5364 7
2057 5310 2198 5375 dati,
2230 5310 2774 5382 exemplar,quod_ei
2812 5310 3098 5379 prmluxit,
3131 5323 3385 5378 quodque

1811 5389 1991 5435 tamen
2039 5397 2138 5450 pro
2187 5380 2496 5449 incorrupto
2549 5380 2764 5450 habuit,
2818 5384 2978 5434 t‘uerit
3032 5390 3382 5450 corruptum,

1810 5453 1885 5506 uti
1915 5448 2083 5521 liquet
2123 5468 2187 5506 ex
2247 5453 2312 5507 iis
2352 5448 2472 5521 quae
2512 5449 2751 5520 ejusdem
2781 5450 3168 5504 Commentarii
3197 5448 3383 5519 prccvii

1810 5537 1958 5577 num.
1985 5522 2090 5577 519
2119 5522 2260 5576 dicta
2291 5531 2438 5579 sunt.
3355 5571 3358 5582 .

1885 5593 1994 5662 (14)
2036 5593 2111 5647 De
2153 5593 2332 5648 oblata
2357 5594 2460 5648 hac
2507 5593 2563 5648 S.
2601 5591 2838 5663 llugoni,
2879 5589 3385 5663 Gratianopolitano

1812 5661 2098 5734 episc0po,
2145 5665 2351 5719 visione
2397 5663 2621 5732 ejusque
2669 5661 2936 5732 adjunctis
2982 5661 3178 5716 videsis
3227 5661 3382 5717 Com-

1814 5734 2064 5792 mentarii
2092 5735 2275 5804 praei-ii
2311 5750 2456 5790 num.
2487 5735 2594 5790 425
2627 5742 2681 5791 et
2713 5735 2915 5805 aliquot
2951 5745 3008 5788 se
3028 5747 3102 5802 gq.
