3860 6320
558 324 660 384 487

1369 316 1427 375 s.
1468 315 1815 374 BuUNONts
1852 297 2242 387 caurausia
2257 293 2502 370 Noram
2538 313 3022 374 lNSTl'l‘UTORlS
3680 328 3751 387 tu

559 447 892 511 quapropter
928 452 1034 493 non
1079 443 1306 492 Istorum
1352 440 1588 501 tantum,
1622 434 1717 489 sed
1762 442 1816 487 et
1862 431 1953 502 qui
2004 446 2125 487 suc-
2151 434 2200 493 Α
2227 428 2629 488 Carthasicnsis
2652 440 2909 502 patronus
2933 442 2989 490 et
3016 433 3299 498 fundator;
3329 442 3385 488 et
3418 435 3650 503 quamvis
3674 454 3752 496 non

558 538 844 589 cesserunt
898 529 998 594 eis,
1049 526 1277 585 concilia
1322 526 1555 582 libcnier
1602 525 1880 595 amplexus
1931 532 2036 592 est,
2079 531 2134 579 et

557 636 732 692 usque
760 620 827 674 ad
860 626 1089 674 mortem
1115 617 1418 671 Carthasim
1460 615 1790 670 habitatores
1818 627 2031 683 semper
2054 612 2136 667 fo-

557 713 654 779 vit,
680 721 734 768 et
762 710 1037 766 beneficiis
1064 717 1118 764 ct
1142 708 1416 772 conciliis;
1442 707 1568 762 licet
1608 721 1738 760 vero
1783 714 1840 759 et
1881 705 2031 773 prius
2054 704 2136 759 di-

558 802 669 857 vini
692 800 894 855 amoris
921 807 1065 854 totus
1093 798 1309 853 arderet
1336 796 1619 857 incendiis,
1650 809 1751 850 nec
1768 793 1928 848 aliter
1954 802 2132 848 tamen

556 894 629 948 ad
658 891 953 961 disciplinae
1005 889 1245 945 cmlestis
1273 888 1534 943 exercitia
1574 901 1763 941 eorum
1793 885 2056 955 exemplis
2079 892 2137 939 et

556 983 927 1038 familiaritate
966 979 1243 1041 inferbuit,
1269 995 1428 1048 quam
1460 977 1504 1032 si
1536 975 1835 1031 flammanti
1864 976 1985 1045 quis
2027 974 2133 1031 faci

558 1074 744 1144 plures
769 1072 902 1127 alias
926 1072 1296 1138 circumponat
1321 1070 1593 1125 ardentes.

632 1165 723 1222 l2.
768 1184 786 1217 ‹
816 1164 944 1219 Erat
986 1178 1108 1218 cum
1148 1165 1228 1218 eis
1285 1177 1391 1215 non
1428 1169 1486 1214 at
1518 1160 1768 1215 dominus
1797 1166 1897 1214 aut
1928 1158 2135 1229 episco-

552 1271 683 1321 pus,
711 1254 804 1309 sed
841 1262 900 1309 ut
937 1254 1133 1317 socius,
1163 1253 1254 1307 sed
1296 1259 1354 1306 at
1391 1251 1564 1306 frater
1604 1249 1937 1304 uumillimus
1982 1257 2038 1304 et
2066 1248 2135 1303 ad

558 1354 1187 1414 cunctorum,quantum
1221 1344 1272 1397 in
1326 1342 1443 1412 ipso
1496 1350 1637 1406 erat,
1661 1340 1919 1410 obsequia
1974 1354 2134 1410 para-

553 1437 804 1491 tissimus
835 1451 849 1499 ;
890 1436 1025 1488 adeo
1054 1443 1113 1488 at
1153 1434 1237 1488 vir
1263 1433 1593 1490 venerabilis
1638 1432 1957 1487 Guillelmus
1988 1433 2137 1503 prior

562 1536 689 1580 tunc
718 1527 773 1580 S.
818 1526 1091 1580 Laurentii
1135 1524 1269 1597 (15),
1315 1534 1500 1594 postea
1528 1523 1587 1579 S.
1632 1522 1907 1578 Theofridi
1968 1523 2136 1577 abbas

560 1618 819 1687 magistro
847 1618 1079 1672 Brunoni
1109 1617 1273 1671 etiam
1306 1617 1418 1685 ipse
1451 1632 1556 1669 nou
1605 1616 1819 1670 modica
1878 1613 2133 1681 religiosa

558 1707 847 1763 devotione
903 1708 1175 1778 alligatus,
1196 1706 1339 1762 beati
1406 1705 1646 1775 llagonis
1684 1713 1812 1759 tunc
1848 1704 2136 1759 contuber-

546 1801 719 1868 nalis,
746 1801 880 1872 (bitti
908 1773 1104 1869 quippe
1151 1814 1249 1868 per
1294 1773 1538 1868 singulas
1586 1799 1899 1853 habitabant
1944 1798 2131 1868 cellas)
2163 1773 2207 1830 Β

561 1894 700 1960 apud
731 1892 1047 1959 magistrum
1068 1889 1373 1944 Brunonem
1408 1905 1511 1943 non
1555 1888 1745 1943 leviter
1772 1902 2138 1958 conquerere-

550 1991 649 2037 tur
690 1984 831 2051 quod
885 1996 1022 2052 pene
1070 1981 1251 2035 omnia
1305 1981 1371 2034 ad
1418 1980 1773 2035 humilitatem
1834 1981 2135 2050 spectantia

560 2073 701 2129 intra
724 2074 914 2129 cellam
946 2074 1259 2144 praeriperet
1287 2072 1458 2129 ofllcia
1481 2073 1785 2143 episcopus,
1810 2089 1916 2128 non
1944 2074 2135 2128 saltem

559 2151 748 2220 secum
774 2173 829 2220 ut
861 2166 1058 2230 socius,
1087 2166 1180 2221 sed
1206 2166 1386 2236 potius
1411 2174 1824 2222 conversaretur
1851 2173 1909 2220 at
1964 2165 2136 2220 famu-

560 2252 667 2309 lus.

634 2345 721 2400 15.
760 2364 779 2397 ι
816 2345 873 2400 In
934 2353 1140 2400 tantum
1180 2355 1359 2401 autem
1412 2360 1654 2401 eremum
1701 2345 1925 2401 devotus
1989 2346 2135 2402 incoo

552 2436 708 2491 lebat
747 2446 805 2497 et
872 2436 1109 2500 sedulus,
1163 2446 1222 2491 ut
1271 2451 1394 2490 eum
1473 2437 1733 2507 magister
1787 2436 1971 2490 Brano
2022 2452 2134 2491 nou

562 2536 839 2596 nunquam
864 2528 1022 2582 exire
1058 2526 1422 2596 compelleret,
1451 2526 1549 2590 Ite,
1583 2526 1785 2589 dicens,
1816 2525 1890 2580 ite
1918 2525 1982 2579 «td
2010 2540 2138 2580 oves

562 2625 797 2681 vestras,
824 2618 1028 2687 eisque,
1059 2618 1201 2687 quod
1244 2616 1478 2681 debetis,
1502 2616 1754 2672 exolvite.
1797 2616 1869 2670 Eo
1897 2624 2137 2685 tempore

560 2724 774 2779 magna;
816 2708 1147 2779 paupertatis
1178 2717 1232 2762 et
1261 2692 1578 2762 humilitatis
1613 2707 1807 2763 ardore
1847 2721 2138 2763 succensus

551 2800 743 2872 dictus
799 2801 1081 2871 episcopus
1130 2798 1296 2853 voluit
1340 2800 1676 2868 equitaturas
1730 2814 1857 2854 suas
1914 2808 2137 2854 cunctas

557 2892 817 2955 vendere,
846 2901 899 2947 et
939 2892 1003 2946 de
1048 2891 1282 2962 ipsarum
1306 2891 1487 2960 pretio
1532 2892 1861 2961 pauperibus
1889 2905 2133 2962 erogare.

559 2981 903 3051 prapriisqu'e
926 2981 1151 3051 pedibus
1182 2980 1235 3034 in
1264 2979 1649 3049 praedicatione
1678 2980 2012 3046 discurrere;
2044 2979 2135 3034 sed

2232 520 2458 589 primus,
2491 529 2671 576 tamen
2720 523 3117 591 quodammodo
3166 524 3472 594 prm‘eipuus
3516 524 3754 585 institutor.

2233 608 2486 666 Feliciter
2529 612 2693 681 igitur
2740 610 2963 666 fundata
2989 620 3044 667 et
3090 613 3342 668 inchoata
3379 612 3481 667 fuit
3521 613 3701 679 domus,
3719 628 3757 675 et

2233 701 2368 755 ordo
2401 700 2807 756 Cartltusiensis
2852 712 3093 772 tempore
3129 703 3327 758 summi
3374 702 3633 773 pontificis
3662 704 3759 765 Gre-

2234 796 2369 865 gorii
2400 795 2635 865 septimi,
2668 796 2753 850 cui
2804 796 2855 850 in
2886 805 3088 866 papalu
3134 797 3399 852 successit
3441 812 3575 867 papa
3604 795 3755 866 Victor,

2233 885 2323 954 qui
2368 885 2523 940 valde
2561 887 2853 953 modicum,
2907 886 2961 941 id
3016 894 3117 950 est,
3157 895 3362 941 tantum
3411 903 3520 941 auo
3564 888 3687 943 ‘auno
3723 901 3759 945 et

2234 975 2510 1030 mensibus
2530 985 2763 1045 quatuor
2789 975 3011 1031 circiter
3042 976 3198 1030 vixit.
3227 975 3345 1041 Quo
3379 980 3609 1040 mortuo,
3635 977 3758 1034 Urba-

2235 1080 2336 1121 nus
2379 1067 2650 1122 secuadus
2701 1075 2917 1122 creatus
2969 1076 3071 1132 est,
3125 1068 3280 1137 cujus
3327 1066 3585 1137 magister
3626 1066 3761 1127 Brano

2232 1157 2383 1225 prius
2416 1165 2716 1229 praeceptor
2738 1158 2913 1213 fuerat
2934 1167 2989 1214 et
3013 1158 3270 1229 magister
3301 1157 3433 1228 (16).

2306 1246 2393 1300 15.
2452 1245 2550 1302 llic
2596 1248 2705 1302 cito
2768 1256 2894 1318 post
2936 1248 3268 1303 creationem
3319 1261 3473 1301 suam
3502 1247 3763 1305 recordatus

2235 1336 2513 1405 sapientiae
2539 1346 2594 1393 et
2640 1339 2944 1393 sanctitatis
2981 1346 3036 1393 et
3080 1337 3423 1393 discretiou‘s
3446 1338 3647 1392 eximia:
3680 1354 3763 1393 me.

2235 1425 2387 1495 gistri
2415 1426 2496 1480 sui
2541 1427 2830 1495 Brunoais,
2859 1427 3043 1482 statim
3070 1427 3329 1498 cogitavit
3356 1441 3480 1481 eam
3512 1426 3701 1492 habere,
3722 1438 3763 1483 ut

2235 1533 2357 1572 eum
2390 1518 2648 1589 dirigeret
2695 1529 2752 1575 et
2793 1521 3010 1591 juvaret
3039 1520 3105 1575 ad
3132 1519 3465 1589 apostolatus
3504 1518 3765 1575 sollicitudi-

2237 1623 2363 1664 nem
2394 1619 2449 1664 et
2492 1626 2655 1666 onera
2687 1610 3006 1682 perferenda
3038 1611 3171 1682 (l7).
3209 1610 3343 1665 Cum
3370 1609 3533 1681 igitur
3565 1609 3763 1677 prafatus

2237 1702 2495 1771 magister
2540 1701 2721 1757 Brano
2769 1701 2878 1771 jam
2910 1716 3003 1757 sex
3050 1702 3209 1756 anuis
3250 1715 3493 1755 eremum
3522 1700 3765 1756 Carthasim

2237 1790 2611 1856 iultabitasset,
2645 1801 2700 1846 et
2721 1800 2943 1846 vocatus
2969 1790 3036 1844 ad
3060 1791 3268 1845 Curiam
3310 1789 3628 1853 Romanam,
3649 1805 3767 1857 opor-

2238 1888 2373 1936 teret
2398 1897 2518 1937 eam
2560 1898 2771 1937 summo
2795 1882 3033 1953 pontifici
3063 1882 3302 1947 obedire,
3325 1891 3381 1937 et
3412 1881 3636 1935 filiorum
3665 1898 3759 1936 suo-

2235 1987 2356 2027 rum
2386 1972 2747 2028 cellicolarum
2782 1975 3098 2029 sacietatem
3126 1973 3513 2043 gratissimam,
3538 1972 3701 2026 saltem
3720 1975 3765 2027 ad

2238 2070 2471 2134 tempus,
2499 2065 2772 2129 deserere,
2803 2067 2905 2136 ipsi
2932 2066 3130 2121 subditi
3157 2066 3237 2120 sui
3270 2074 3420 2119 tanto
3447 2073 3571 2119 sunt
3599 2077 3770 2134 propter

2238 2155 2342 2210 hoc
2387 2156 2575 2212 dolore
2621 2158 2895 2223 concussi,
2942 2165 3178 2213 ettanta
3230 2157 3448 2211 tristitia
3496 2157 3768 2226 perturbati,

2239 2248 2382 2317 quod
2409 2251 2632 2306 omnino
2670 2253 2835 2306 etiam
2868 2252 2968 2322 ipsi
3000 2252 3274 2317 dixerunt,
3305 2264 3366 2306 se
3396 2250 3544 2305 nullo
3571 2252 3706 2305 modo
3731 2250 3772 2305 is

2236 2340 2529 2398 Cartltusia
2554 2359 2858 2413 mansuros,
2889 2345 2937 2401 si
2976 2345 3196 2400 eosdem
3242 2343 3540 2406 accideret,
3566 2350 3666 2397 tam
3687 2343 3772 2396 dul-

2236 2430 2442 2486 cissimi
2490 2441 2546 2488 et
2590 2434 2928 2489 dilectissimi
2974 2433 3151 2488 Patris
3199 2430 3382 2487 orbari
3429 2431 3697 2501 praesentia
3735 2439 3775 2485 et

2233 2523 2571 2593 providentia
2594 2525 2834 2596 spoliari.

2310 2616 2397 2671 16.
2460 2609 2720 2689 Magister
2766 2620 2928 2691 igitur
2950 2619 3133 2675 Brano
3157 2624 3379 2689 propter
3405 2616 3565 2672 istam
3589 2614 3775 2670 ﬁliorum

2237 2707 2627 2765 desolationem
2674 2725 2783 2767 non
2815 2711 3004 2766 leviter
3052 2709 3344 2773 desolatus,
3391 2706 3776 2763 obedientizeta-

2234 2813 2361 2853 mea
2413 2798 2655 2854 debitum
2685 2815 2898 2854 summo
2928 2798 3167 2871 pontifici
3206 2813 3312 2853 non
3354 2797 3541 2852 volens
3588 2813 3679 2852 nec
3708 2811 3778 2858 va-

2234 2887 2355 2944 lens
2384 2888 2530 2945 licite
2555 2892 2842 2962 denegare,
2875 2906 2942 2947 ne
2980 2892 3129 2948 locus
3159 2891 3488 2958 Carthasim,
3512 2907 3544 2946 a
3566 2888 3778 2946 cellieoiis

2238 2979 2552 3049 derelictus,
2580 2983 2646 3036 ad
2672 2982 2929 3053 profanas
2949 2991 3004 3038 et
3030 2982 3277 3054 indignas
3312 2996 3533 3046 manus,
3561 2988 3650 3035 aut
3681 2992 3780 3033 usus

563 3070 726 3172 homo
760 3070 1011 3140 profundi
1038 3070 1221 3125 cordis
1262 3069 1518 3172 magister
1536 3070 1737 3135 Brano,
1767 3070 2137 3172 cujus-consi-
2164 3108 2208 3172 c
2240 3072 2581 3129 saecularium
2613 3076 2913 3141 deveniret,
2965 3075 3139 3145 ipsum
3167 3074 3446 3130 Castei
3492 3076 3690 3140 abbati,
3713 3072 3780 3142 qui

559 3156 648 3213 liis
672 3174 778 3214 non
797 3160 956 3214 aliter
977 3173 1137 3229 quam
1169 3160 1453 3229 praeceptis
1468 3159 1879 3231 obtemperabat
1901 3159 2135 3227 abbatis,

558 3262 667 3302 non
716 3249 1006 3310 consensit,
1038 3248 1236 3302 timens
1273 3261 1340 3302 ne
1392 3250 1533 3319 apud
1576 3264 1634 3304 se
1669 3251 1735 3305 de
1764 3250 1864 3305 hoc
1909 3249 2135 3306 forsitan

559 3337 933 3403 extolleretur,
961 3345 1053 3392 aut
1074 3354 1103 3391 a
1129 3337 1340 3392 caeteris
1372 3339 1438 3392 de
1460 3339 1837 3409 singularitate
1862 3338 2136 3407 judicare-

561 3439 650 3482 tur
675 3430 960 3500 episcOpis,
992 3438 1105 3494 aut,
1138 3429 1278 3498 quod
1310 3429 1531 3484 dubium
1558 3447 1665 3485 non
1697 3440 1833 3497 erat,
1867 3432 1918 3487 id
1962 3433 2136 3503 ipsum

559 3530 779 3589 propter
821 3522 1172 3591 asperitatem
1220 3532 1276 3578 et
1303 3524 1720 3594 inaequalitatem
1756 3538 2138 3582 consummare

561 3627 668 3666 non
694 3622 874 3682 posset
895 3613 1168 3668 itinerum.
1194 3632 1219 3667 ι

629 3702 719 3756 14.
776 3702 968 3758 Omnia
1025 3704 1282 3774 praedicta
1331 3713 1457 3760 sunt
1486 3705 1645 3760 verba
1674 3705 2139 3778 domaii’Guigonis

558 3794 760 3864 scripta
788 3795 839 3848 iu
871 3794 984 3849 Vita
1018 3795 1077 3849 S.
1103 3793 1342 3865 Hugonis
1361 3794 1842 3865 Gratianopolitani
1875 3796 2132 3867 episcopi,

556 3899 681 3954 qua:
708 3884 797 3939 hic
827 3884 1115 3939 inserenda
1142 3882 1525 3952 indicavimus,
1555 3887 1682 3956 quia
1711 3886 1762 3940 in
1792 3887 1870 3943 eis
1911 3887 2139 3957 primor-

561 3973 649 4026 dia
680 3973 1010 4029 faudationis
1045 3972 1348 4029 Carthasim
1396 3974 1759 4043 declarantur,
1789 3987 1844 4031 et
1890 3977 2137 4049 magistri

560 4060 830 4117 Bruuouis
884 4062 1205 4118 excellentia
1252 4064 1539 4120 innotescit
1591 4075 1647 4121 et
1693 4067 1745 4121 in
1799 4068 1939 4133 hoc,
1994 4067 2138 4138 quod

557 4149 735 4205 eidem
771 4158 876 4204 tam
917 4152 1263 4217 venerabilis,
1293 4163 1398 4207 tam
1448 4165 1666 4212 sanctrs
1708 4156 1989 4227 episcopus
2016 4173 2137 4213 cum

561 4251 710 4296 tanta
746 4244 1072 4307 reverentia,
1098 4259 1183 4300 sic
1210 4245 1481 4301 ferventer
1509 4257 1565 4303 et
1591 4249 1870 4303 aumiliter
1904 4250 2140 4306 adhaere-

558 4330 674 4399 bat,
699 4341 754 4389 et
783 4348 904 4389 eum
934 4332 1121 4389 eodem
1149 4350 1276 4392 vere
1304 4336 1408 4391 diei
1435 4346 1611 4408 potest
1635 4339 1829 4393 domus
1853 4348 1909 4393 et
1929 4338 2137 4394 ordinis

584 4506 745 4587 “(liii
787 4505 1058 4587 Cellacst
1085 4524 1176 4564 seu
1206 4510 1476 4587 prioratus
1508 4511 2131 4587 tn_urbts_Gr3tian_opo-

559 4573 742 4651 litans:
781 4577 1068 4651 suburbio,
1114 4595 1159 4651 a7
1181 4573 1304 4635 mox
1352 4583 1440 4635 hic
1466 4583 1709 4651 subjecto
1741 4583 1800 4636 S.
1830 4573 2129 4646 Tlteof‘ridi,

558 4644 762 4725 dequo
786 4649 967 4725 operis
996 4650 1166 4725 nostri
1196 4660 1327 4704 tout.
1357 4644 1630 4725 I_Aprili's,
1666 4668 1797 4725 pag.
1826 4652 1987 4725 ιιι-,ιη
2018 4644 2133 4707 Αιιὲ

560 4716 763 4768 notatis
806 4718 874 4792 ad
904 4716 985 4792 fit.
1018 4720 1079 4782 (Ι.
1112 4716 1809 4792 ιιιοηειειθτίουερθηόέηέ;
1843 4723 2002 4792 hujus
2040 4738 2135 4776 au-

562 4791 724 4859 gente
743 4785 892 4859 cella:
912 4786 1055 4859 illius
1073 4790 1253 4857 priore
1273 4801 1460 4859 postea
1484 4785 1652 4845 abbas
1681 4793 1769 4845 hic
1797 4785 2134 4847 memoratus

556 4851 910 4933 Cuiﬂelrpus,
952 4851 1091 4912 licet.
1120 4851 1296 4933 vitam
1342 4862 1676 4933 eremiticant
1709 4876 1801 4933 seu
1832 4862 2133 4916 solitariam

560 4922 616 4976 iu
646 4922 935 4979 Carthasia
966 4943 1088 4980 cum
1120 4928 1343 5002 “agone
1368 4939 1423 4984 et
1446 4930 1697 4984 Brunone
1724 4932 1972 4996 duxerit,
2004 4947 2134 5002 pro-

559 5003 745 5069 Qterea
778 5004 956 5069 ta_meu
983 5013 1088 5069 non
1124 5000 1322 5069 magis.
1355 5013 1517 5067 quam
1548 5001 1698 5069 prior
1736 5016 1766 5055 e
1801 5002 1943 5056 binis
1989 5000 2137 5055 hisee

560 5062 779 5118 Sanctis
807 5062 1455 5123 Carthasianus'exsliiit.
1487 5062 1585 5124 Adi
1614 5070 1846 5125 Galliam
1875 5071 2138 5126 Christia-

558 5147 684 5187 nam
713 5145 926 5188 auctam
962 5146 1093 5190 tem.
1126 5138 1195 5201 ll,
1238 5139 1343 5193 col.
1375 5139 1498 5193 766.

632 5203 1196 5279 (l6)_l’rior_etribus
1244 5209 1392 5264 hisce
1438 5209 1779 5279 pontificibus
1813 5225 1957 5265 anno
1999 5208 2137 5265 1085

558 5277 792 5329 excessit
838 5290 869 5329 e
912 5276 1081 5349 vivis,
1128 5292 1390 5349 cumque,
1428 5276 1520 5349 qui
1568 5281 1618 5335 ei
1666 5281 1842 5334 fuerat
1882 5279 2139 5335 suffectus

561 5354 866 5418 I_t9t_tt_euqae
892 5362 911 5395 ι
945 5344 1173 5418 Victoris
1199 5344 1586 5418 assumpserat,
1616 5369 1636 5401 ι
1664 5350 1974 5405 Desiderius
1996 5365 2140 5404 anno

564 5410 701 5465 £087
727 5410 891 5467 etiam
920 5416 1180 5478 obiisset,
1211 5418 1277 5471 ad
1308 5410 1545 5472 S.'Petri
1574 5410 1895 5474 cathedram
1919 5429 2141 5475 evectus

564 5483 783 5555 tandem
811 5491 894 5555 est
921 5482 1046 5555 Otto
1074 5499 1168 5555 seu
1200 5485 1348 5551 Odo,
1381 5489 1471 5555 qui
1507 5489 1705 5544 Urbani
1743 5490 1783 5543 ll
1820 5505 2015 5544 nomen
2052 5505 2142 5543 ac-

564 5551 744 5628 cepit,
773 5552 974 5628 quique
1003 5554 1061 5607 ὃ.
1102 5554 1352 5628 Brunone
1383 5551 1565 5612 Remis
1593 5560 1851 5628 magistro
1880 5575 2010 5615 usus
2039 5559 2141 5613 ali-

564 5622 781 5743 glaetltld‘o
808 5620 985 5677 fuerat
1047 5624 1125 5679 uti
1156 5624 1208 5679 in
1246 5625 1648 5684 Commentario
1677 5620 1877 5700 prmio
1900 5646 2049 5685 num.
2074 5630 2142 5687 96

724 5707 737 5740 ι
761 5707 797 5743 Io

2169 4445 2221 4506 Β

2239 3165 2418 3222 fuerat
2444 3183 2584 3223 unus
2607 3166 2672 3223 de
2704 3166 2893 3238 primis
2924 3166 3321 3233 fundaturibus,
3355 3166 3501 3222 facta
3538 3166 3782 3223 donatione

2237 3267 2295 3318 et
2324 3259 2589 3327 cessioue,
2620 3259 2859 3331 reliquit,
2885 3259 3133 3316 confecto
3160 3274 3323 3329 super
3366 3260 3471 3316 hoc
3516 3259 3566 3313 ei
3610 3257 3785 3329 publico

2239 3351 2597 3406 instrumento
2622 3350 2761 3422 (18).
2790 3350 2993 3407 Deinde
3024 3351 3348 3407 venerabilis
3368 3351 3561 3419 Pater,
3586 3350 3649 3403 ad
3672 3363 3785 3403 suru—

2237 3458 2384 3498 mum
2412 3443 2719 3515 pontificem
2744 3444 2985 3509 veniens,
3014 3446 3187 3501 eidem
3212 3459 3318 3499 non
3340 3444 3529 3515 longo,
3553 3446 3642 3499 sed
3668 3440 3786 3497 brevi

2238 3539 2481 3601 tempore
2527 3531 2811 3597 assistens,
2857 3530 3098 3587 consiliis
3137 3539 3193 3587 et
3248 3531 3465 3586 auxiliis
3503 3530 3787 3586 salutaribus

2232 3621 2357 3692 ejus
2401 3620 2568 3676 multa
2614 3636 2779 3677 onera
2829 3620 3204 3692 supportabat,
3233 3630 3289 3676 et
3317 3621 3551 3676 multum
3580 3623 3632 3676 in
3676 3618 3788 3689 regi-

2236 3711 2388 3766 mine
2433 3721 2636 3766 sancta:
2680 3711 2781 3765 Dei
2822 3711 3079 3765 Ecclesia:
3107 3710 3222 3781 ejus
3259 3710 3676 3767 sollicitudinem
3717 3723 3788 3763 sua

2238 3801 2661 3872 promptitadine
2688 3800 3022 3858 sublevabat.

2310 3891 2401 3946 17.
2462 3892 2562 3946 Diu
2606 3900 2788 3947 tamen
2823 3891 3096 3961 patienter
3124 3892 3471 3948 dissmaalare
3522 3908 3627 3948 non
3654 3889 3794 3961 potuit

2238 3983 2539 4049 tristitiam,
2562 3990 2620 4037 et
2656 3981 2897 4038 dolorem
2923 3992 3241 4053 conceptum
3272 3982 3340 4037 de
3368 3997 3597 4038 suorum
3625 3983 3797 4051 disper-

2236 4075 2391 4131 sione
2438 4074 2693 4140 ﬁliorum,
2719 4082 2773 4128 et
2810 4073 3071 4143 strepitus
3101 4081 3156 4128 et
3195 4073 3462 4127 tumultus
3494 4074 3677 4138 curiae,
3715 4071 3796 4123 im-

2240 4165 2520 4236 pedientes
2545 4163 2883 4219 dulcedinem
2911 4170 2966 4219 et
3004 4163 3261 4233 quietem,
3295 4179 3404 4233 qua
3439 4163 3554 4220 frui
3591 4172 3644 4219 et
3679 4159 3797 4231 pasci

2240 4258 2294 4312 in
2341 4272 2524 4313 eremo
2575 4263 2950 4319 consueverat,
2984 4256 3221 4326 graviter
3278 4255 3463 4311 ferens
3525 4268 3583 4310 et
3632 4254 3797 4310 diutEus

2241 4346 2385 4402 ferre
2413 4362 2518 4402 nou
2559 4346 2855 4412 sustinens,
2891 4346 3134 4416 exposita
3175 4360 3387 4402 summo
3434 4345 3682 4416 pontiﬁci
3726 4356 3798 4396 sua

2298 4518 2420 4590 (l7)
2459 4517 2650 4574 Fuisse
2684 4517 2942 4575 Sanctum
2984 4519 3050 4574 ab
3079 4519 3299 4576 Urbano
3346 4519 3391 4575 ll
3434 4534 3583 4590 papa
3632 4533 3674 4590 eg
3701 4515 3802 4590 επ.

2236 4580 2414 4645 thusia
2444 4599 2757 4650 evocatura,
2805 4605 2836 4644 e
2881 4590 3177 4659 primorum
3225 4580 3463 4658 quatuor
3514 4580 3802 4659 'Carthusria?

2235 4661 2478 4730 priorum
2526 4658 2857 4730 citrouologo
2884 4657 3042 4728 apud
3089 4657 3367 4715 Labbeum
3401 4670 3544 4714 tum.
3578 4661 3594 4713 Ι
3626 4657 3799 4712 δίιιιιοο

2238 4729 2407 4784 theca:
2432 4745 2581 4783 novre
2606 4729 2866 4783 librorum
2889 4744 3021 4784 mss.
3047 4744 3170 4799 pag.
3198 4731 3299 4785 6'58
3323 4731 3692 4784 indubitatum
3721 4732 3800 4799 est.

2236 4799 2315 4853 uti
2345 4800 2509 4853 etiam
2557 4799 2899 4864 Brunonem,
2946 4796 3234 4869 atttequam
3280 4801 3334 4855 id
3377 4801 3576 4865 fieret,
3606 4796 3806 4853 Cartha-

2240 4869 2411 4933 siam,
2442 4869 2516 4922 uti
2550 4885 2675 4923 mox
2705 4868 2797 4923 hic
2824 4870 3092 4931 subditur,
3124 4871 3331 4924 rexisse
3369 4885 3468 4924 sex
3502 4871 3691 4930 annis;
3728 4878 3795 4917 te-

2239 4954 2358 4992 rum
2396 4939 2751 5010 posteriorem
2794 4956 2861 5010 ex
2894 4939 3043 4993 hisce
3092 4955 3196 4993 non
3248 4955 3345 5009 pro
3396 4940 3707 5010 completo,
3733 4932 3805 5010 εςά

2239 5024 2339 5078 pro
2386 5002 2749 5079 i'ncomplelo'
2782 5009 3045 5063 duntaxat
3095 5002 3402 5079 habendum
3464 5002 3633 5069 esse,
3678 5002 3805 5057 facile

2240 5080 2468 5150 quisque
2495 5078 2713 5150 colliget
2739 5092 2804 5132 ex
2835 5078 3071 5150 iis,rqua:
3101 5079 3129 5150 §
3166 5078 3313 5134 XXX
3341 5080 3409 5134 de
3437 5090 3709 5149 tempore,
3724 5084 3806 5150 quo

2242 5121 2474 5202 saucius
2500 5150 2567 5203 ad
2602 5121 2878 5204 llrbauum
2902 5121 3163 5218 llapapaaiu
3199 5150 3473 5212 accessit,
3508 5121 3755 5218 disserui:

2313 5218 2424 5291 (18)
2466 5212 3230 5291 ὓθᾹίιιειτιιιιιβιιιιι-ῐιοὸνρθιο
3264 5219 3325 5291 S.
3358 5220 3683 5291 Brunonem
3724 5212 3803 5291 59'

2241 5287 2440 5357 guino,
2485 5288 2826 5344 celeberrimi
2899 5287 3151 5344 dimcesis
3215 5287 3803 5357 Claromonteusisuin

2241 5354 2493 5413 Alveruia
2528 5360 2839 5414 monasterii
2870 5358 3142 5414 Casm-Dei
3167 5360 3380 5422 abbati,
3411 5360 3511 5428 qui
3547 5366 3694 5413 recte
3716 5354 3804 5410 hie.

2282 5428 2697 5482 aetnadmodum
2748 5428 2986 5483 recitatae
3028 5430 3403 5484 commentarii
3440 5429 3638 5498 praevii
3682 5437 3806 5478 num.

2242 5442 2348 5551 g0?)
2369 5506 2422 5549 et
2446 5498 2587 5551 binis
2610 5513 2763 5551 seua.
2781 5499 3087 5551 donationis
3115 5500 3419 5551 Carthasim
3447 5500 3654 5551 littera:
3673 5494 3806 5549 fidem

2280 5497 2348 5567 05
2369 5506 2422 5549 et
2446 5498 2587 5551 binis
2610 5513 2763 5567 seqq.
2781 5499 3087 5553 donationis
3115 5500 3419 5554 Cartltusite
3442 5494 3654 5553 littera:
3673 5494 3806 5567 fidem

2244 5566 2479 5643 faciunt,
2512 5566 2750 5637 eprimis
2777 5569 3315 5643 hujus_donatoribas
3354 5585 3507 5643 unus
3551 5566 3807 5643 exstitisse

2246 5637 2463 5759 dicatur.
2492 5633 2771 5706 concesso,
2802 5633 2889 5696 adi
2915 5637 3217 5696 Comment.
3246 5640 3518 5709 praevium
3551 5653 3699 5695 nam.
3723 5633 3808 5687 515

2246 5716 2302 5759 et
2367 5723 2466 5759 utts
2491 5721 2643 5759 seua.

2246 5716 2302 5762 et
2329 5716 2466 5761 Dtnts
2491 5721 2643 5778 seqq.
