  <div class='ocr_page' id='page_1' title='image "/cluster/home/n/w/nwhite01/storage/ocr_20150623/152/hvd.32044015473804/250.png"; bbox 0 0 3860 6320; ppageno 0'>
   <div class='ocr_carea' id='block_1_1' title="bbox 128 359 1652 445">
    <p class='ocr_par' dir='ltr' id='par_1_1' title="bbox 128 363 1652 445">
     <span class='ocr_line' id='line_1_1' title="bbox 128 363 1652 445; baseline -0.002 0"><span class='ocrx_word' id='word_1_1' title='bbox 128 385 204 445; x_wconf 71' lang='grc' dir='ltr'><strong>ιεθ</strong></span> <span class='ocrx_word' id='word_1_2' title='bbox 1612 363 1652 417; x_wconf 76' lang='grc' dir='ltr'><strong>Α</strong></span> 
     </span>
    </p>
   </div>
   <div class='ocr_carea' id='block_1_2' title="bbox 1775 359 3299 445">
    <p class='ocr_par' dir='ltr' id='par_1_2' title="bbox 1775 359 3299 419">
     <span class='ocr_line' id='line_1_2' title="bbox 1775 359 3299 419; baseline 0.001 -3"><span class='ocrx_word' id='word_1_3' title='bbox 1775 369 1815 416; x_wconf 79' lang='lat' dir='ltr'><strong>t.</strong></span> <span class='ocrx_word' id='word_1_4' title='bbox 2924 360 2943 381; x_wconf 81' lang='lat'>‘</span> <span class='ocrx_word' id='word_1_5' title='bbox 3194 359 3299 419; x_wconf 72' lang='lat' dir='ltr'><strong>too</strong></span> 
     </span>
    </p>
   </div>
   <div class='ocr_carea' id='block_1_3' title="bbox 122 476 3308 559">
    <p class='ocr_par' dir='ltr' id='par_1_3' title="bbox 122 476 3308 559">
     <span class='ocr_line' id='line_1_3' title="bbox 122 476 3308 559; baseline 0.002 -22"><span class='ocrx_word' id='word_1_6' title='bbox 122 492 537 559; x_wconf 54' lang='lat' dir='ltr'><strong>desolationemum</strong></span> <span class='ocrx_word' id='word_1_7' title='bbox 576 497 789 539; x_wconf 85' lang='lat' dir='ltr'><strong>summa</strong></span> <span class='ocrx_word' id='word_1_8' title='bbox 816 480 1069 537; x_wconf 92' lang='lat' dir='ltr'><strong>instantia</strong></span> <span class='ocrx_word' id='word_1_9' title='bbox 1097 478 1481 550; x_wconf 85' lang='lat' dir='ltr'><strong>imploravitet</strong></span> <span class='ocrx_word' id='word_1_10' title='bbox 1519 479 1619 535; x_wconf 91' lang='lat' dir='ltr'><strong>im-</strong></span> <span class='ocrx_word' id='word_1_11' title='bbox 1645 483 1694 540; x_wconf 76' lang='grc' dir='ltr'><strong>Α</strong></span> <span class='ocrx_word' id='word_1_12' title='bbox 1720 476 1897 533; x_wconf 80' lang='lat' dir='ltr'><strong>sibilia</strong></span> <span class='ocrx_word' id='word_1_13' title='bbox 1925 486 1981 533; x_wconf 90' lang='lat' dir='ltr'><strong>et</strong></span> <span class='ocrx_word' id='word_1_14' title='bbox 2021 477 2250 548; x_wconf 89' lang='lat' dir='ltr'><strong>abyssus</strong></span> <span class='ocrx_word' id='word_1_15' title='bbox 2300 476 2489 545; x_wconf 89' lang='lat' dir='ltr'><strong>multa,</strong></span> <span class='ocrx_word' id='word_1_16' title='bbox 2528 493 2633 534; x_wconf 91' lang='lat' dir='ltr'><strong>non</strong></span> <span class='ocrx_word' id='word_1_17' title='bbox 2680 489 2762 535; x_wconf 90' lang='lat' dir='ltr'><strong>est</strong></span> <span class='ocrx_word' id='word_1_18' title='bbox 2811 479 2961 537; x_wconf 91' lang='lat' dir='ltr'><strong>locus</strong></span> <span class='ocrx_word' id='word_1_19' title='bbox 3004 482 3308 542; x_wconf 76' lang='lat' dir='ltr'><strong>Cartliusia:</strong></span> 
     </span>
    </p>
   </div>
   <div class='ocr_carea' id='block_1_4' title="bbox 124 569 3311 665">
    <p class='ocr_par' dir='ltr' id='par_1_4' title="bbox 124 569 3311 665">
     <span class='ocr_line' id='line_1_4' title="bbox 124 569 3311 665; baseline -0.005 -17"><span class='ocrx_word' id='word_1_20' title='bbox 124 583 298 665; x_wconf 84' lang='lat' dir='ltr'><strong>petravit</strong></span> <span class='ocrx_word' id='word_1_21' title='bbox 331 595 355 633; x_wconf 88' lang='lat' dir='ltr'><strong>a</strong></span> <span class='ocrx_word' id='word_1_22' title='bbox 380 576 522 629; x_wconf 88' lang='lat' dir='ltr'><strong>curia</strong></span> <span class='ocrx_word' id='word_1_23' title='bbox 575 575 840 643; x_wconf 87' lang='lat' dir='ltr'><strong>separari,</strong></span> <span class='ocrx_word' id='word_1_24' title='bbox 871 583 925 627; x_wconf 90' lang='lat' dir='ltr'><strong>et</strong></span> <span class='ocrx_word' id='word_1_25' title='bbox 970 572 1112 642; x_wconf 79' lang='lat' dir='ltr'><strong>quod</strong></span> <span class='ocrx_word' id='word_1_26' title='bbox 1162 582 1344 642; x_wconf 87' lang='lat' dir='ltr'><strong>posset</strong></span> <span class='ocrx_word' id='word_1_27' title='bbox 1384 572 1450 626; x_wconf 89' lang='lat' dir='ltr'><strong>ad</strong></span> <span class='ocrx_word' id='word_1_28' title='bbox 1496 585 1617 627; x_wconf 86' lang='lat' dir='ltr'><strong>ere-</strong></span> <span class='ocrx_word' id='word_1_29' title='bbox 1723 569 2331 641; x_wconf 82' lang='lat' dir='ltr'><strong>indigniorjudicandus</strong></span> <span class='ocrx_word' id='word_1_30' title='bbox 2352 585 2417 625; x_wconf 86' lang='lat' dir='ltr'><strong>ex</strong></span> <span class='ocrx_word' id='word_1_31' title='bbox 2440 575 2705 641; x_wconf 91' lang='lat' dir='ltr'><strong>eo,quod,</strong></span> <span class='ocrx_word' id='word_1_32' title='bbox 2732 582 3013 644; x_wconf 83' lang='lat' dir='ltr'><strong>postquam</strong></span> <span class='ocrx_word' id='word_1_33' title='bbox 3037 590 3127 630; x_wconf 78' lang='lat' dir='ltr'><strong>sex</strong></span> <span class='ocrx_word' id='word_1_34' title='bbox 3151 579 3311 634; x_wconf 88' lang='lat' dir='ltr'><strong>anuis</strong></span> 
     </span>
    </p>
   </div>
   <div class='ocr_carea' id='block_1_5' title="bbox 122 662 3312 739">
    <p class='ocr_par' dir='ltr' id='par_1_5' title="bbox 122 662 3312 739">
     <span class='ocr_line' id='line_1_5' title="bbox 122 662 3312 739; baseline -0.002 -5"><span class='ocrx_word' id='word_1_35' title='bbox 122 662 227 739; x_wconf 73' lang='lat' dir='ltr'><strong>[lilllll</strong></span> <span class='ocrx_word' id='word_1_36' title='bbox 269 682 315 729; x_wconf 88' lang='lat' dir='ltr'><strong>et</strong></span> <span class='ocrx_word' id='word_1_37' title='bbox 363 665 502 723; x_wconf 82' lang='lat' dir='ltr'><strong>cellae</strong></span> <span class='ocrx_word' id='word_1_38' title='bbox 561 662 676 734; x_wconf 81' lang='lat' dir='ltr'><strong>jam</strong></span> <span class='ocrx_word' id='word_1_39' title='bbox 732 673 1109 735; x_wconf 65' lang='lat' dir='ltr'><strong>praegustatam</strong></span> <span class='ocrx_word' id='word_1_40' title='bbox 1168 662 1508 719; x_wconf 77' lang='lat' dir='ltr'><strong>dulcedinem</strong></span> <span class='ocrx_word' id='word_1_41' title='bbox 1560 669 1618 717; x_wconf 88' lang='lat' dir='ltr'><strong>et</strong></span> <span class='ocrx_word' id='word_1_42' title='bbox 1723 664 1900 718; x_wconf 81' lang='lat' dir='ltr'><strong>fuerat</strong></span> <span class='ocrx_word' id='word_1_43' title='bbox 1941 662 2124 718; x_wconf 89' lang='lat' dir='ltr'><strong>divino</strong></span> <span class='ocrx_word' id='word_1_44' title='bbox 2173 663 2341 718; x_wconf 88' lang='lat' dir='ltr'><strong>cultui</strong></span> <span class='ocrx_word' id='word_1_45' title='bbox 2394 664 2696 731; x_wconf 86' lang='lat' dir='ltr'><strong>dedicatus,</strong></span> <span class='ocrx_word' id='word_1_46' title='bbox 2728 682 2758 719; x_wconf 91' lang='lat' dir='ltr'><strong>a</strong></span> <span class='ocrx_word' id='word_1_47' title='bbox 2789 668 3062 736; x_wconf 72' lang='lat' dir='ltr'><strong>pnedictis</strong></span> <span class='ocrx_word' id='word_1_48' title='bbox 3107 670 3312 727; x_wconf 82' lang='lat' dir='ltr'><strong>sanctis</strong></span> 
     </span>
    </p>
   </div>
   <div class='ocr_carea' id='block_1_6' title="bbox 122 745 3315 829">
    <p class='ocr_par' dir='ltr' id='par_1_6' title="bbox 122 745 3315 829">
     <span class='ocr_line' id='line_1_6' title="bbox 122 745 3315 829; baseline -0.002 -7"><span class='ocrx_word' id='word_1_49' title='bbox 122 767 398 828; x_wconf 78' lang='lat' dir='ltr'><strong>desideratam</strong></span> <span class='ocrx_word' id='word_1_50' title='bbox 426 756 671 825; x_wconf 86' lang='lat' dir='ltr'><strong>requiem</strong></span> <span class='ocrx_word' id='word_1_51' title='bbox 701 756 978 824; x_wconf 76' lang='lat' dir='ltr'><strong>repedare.</strong></span> <span class='ocrx_word' id='word_1_52' title='bbox 1720 755 1853 809; x_wconf 89' lang='lat' dir='ltr'><strong>viris</strong></span> <span class='ocrx_word' id='word_1_53' title='bbox 1900 754 2063 809; x_wconf 85' lang='lat' dir='ltr'><strong>fuerit</strong></span> <span class='ocrx_word' id='word_1_54' title='bbox 2090 754 2412 820; x_wconf 88' lang='lat' dir='ltr'><strong>derelictus;</strong></span> <span class='ocrx_word' id='word_1_55' title='bbox 2453 756 2546 811; x_wconf 90' lang='lat' dir='ltr'><strong>sed</strong></span> <span class='ocrx_word' id='word_1_56' title='bbox 2582 758 2760 827; x_wconf 88' lang='lat' dir='ltr'><strong>potius</strong></span> <span class='ocrx_word' id='word_1_57' title='bbox 2812 768 3031 829; x_wconf 81' lang='lat' dir='ltr'><strong>propter</strong></span> <span class='ocrx_word' id='word_1_58' title='bbox 3078 760 3184 816; x_wconf 87' lang='lat' dir='ltr'><strong>hoc</strong></span> <span class='ocrx_word' id='word_1_59' title='bbox 3230 745 3315 818; x_wconf 81' lang='lat' dir='ltr'><strong>est</strong></span> 
     </span>
    </p>
   </div>
   <div class='ocr_carea' id='block_1_7' title="bbox 168 845 3313 922">
    <p class='ocr_par' dir='ltr' id='par_1_7' title="bbox 168 845 3313 922">
     <span class='ocr_line' id='line_1_7' title="bbox 168 845 3313 922; baseline -0.003 -6"><span class='ocrx_word' id='word_1_60' title='bbox 168 862 232 917; x_wconf 76' lang='grc'><strong>18.</strong></span> <span class='ocrx_word' id='word_1_61' title='bbox 260 853 357 908; x_wconf 69' lang='lat' dir='ltr'><strong>«Et</strong></span> <span class='ocrx_word' id='word_1_62' title='bbox 397 862 512 904; x_wconf 84' lang='lat' dir='ltr'><strong>cum</strong></span> <span class='ocrx_word' id='word_1_63' title='bbox 544 860 791 902; x_wconf 85' lang='lat' dir='ltr'><strong>summus</strong></span> <span class='ocrx_word' id='word_1_64' title='bbox 837 845 1075 916; x_wconf 75' lang='lat' dir='ltr'><strong>pontifex</strong></span> <span class='ocrx_word' id='word_1_65' title='bbox 1118 845 1277 901; x_wconf 82' lang='lat' dir='ltr'><strong>vellet</strong></span> <span class='ocrx_word' id='word_1_66' title='bbox 1321 861 1445 901; x_wconf 89' lang='lat' dir='ltr'><strong>eum</strong></span> <span class='ocrx_word' id='word_1_67' title='bbox 1489 861 1621 903; x_wconf 89' lang='lat' dir='ltr'><strong>con-</strong></span> <span class='ocrx_word' id='word_1_68' title='bbox 1723 846 2026 901; x_wconf 87' lang='lat' dir='ltr'><strong>mirabilior</strong></span> <span class='ocrx_word' id='word_1_69' title='bbox 2071 854 2120 900; x_wconf 88' lang='lat' dir='ltr'><strong>et</strong></span> <span class='ocrx_word' id='word_1_70' title='bbox 2170 846 2382 917; x_wconf 79' lang='lat' dir='ltr'><strong>dignior</strong></span> <span class='ocrx_word' id='word_1_71' title='bbox 2411 850 2759 917; x_wconf 85' lang='lat' dir='ltr'><strong>reputandus,</strong></span> <span class='ocrx_word' id='word_1_72' title='bbox 2792 851 2965 920; x_wconf 91' lang='lat' dir='ltr'><strong>quasi,</strong></span> <span class='ocrx_word' id='word_1_73' title='bbox 3005 852 3097 922; x_wconf 86' lang='lat' dir='ltr'><strong>qui</strong></span> <span class='ocrx_word' id='word_1_74' title='bbox 3147 853 3313 908; x_wconf 87' lang='lat' dir='ltr'><strong>etiam</strong></span> 
     </span>
    </p>
   </div>
   <div class='ocr_carea' id='block_1_8' title="bbox 119 937 3315 1012">
    <p class='ocr_par' dir='ltr' id='par_1_8' title="bbox 119 937 3315 1012">
     <span class='ocr_line' id='line_1_8' title="bbox 119 937 3315 1012; baseline -0.003 -2"><span class='ocrx_word' id='word_1_75' title='bbox 119 958 279 1011; x_wconf 78' lang='lat' dir='ltr'><strong>fumare</strong></span> <span class='ocrx_word' id='word_1_76' title='bbox 319 946 365 999; x_wconf 91' lang='lat' dir='ltr'><strong>in</strong></span> <span class='ocrx_word' id='word_1_77' title='bbox 406 940 866 1009; x_wconf 82' lang='lat' dir='ltr'><strong>archiepiscopum</strong></span> <span class='ocrx_word' id='word_1_78' title='bbox 919 938 1278 1010; x_wconf 74' lang='lat' dir='ltr'><strong>Regiensem,</strong></span> <span class='ocrx_word' id='word_1_79' title='bbox 1336 940 1403 992; x_wconf 88' lang='lat' dir='ltr'><strong>ad</strong></span> <span class='ocrx_word' id='word_1_80' title='bbox 1458 953 1620 1009; x_wconf 88' lang='lat' dir='ltr'><strong>quam</strong></span> <span class='ocrx_word' id='word_1_81' title='bbox 1723 937 2038 1003; x_wconf 89' lang='lat' dir='ltr'><strong>derelictus,</strong></span> <span class='ocrx_word' id='word_1_82' title='bbox 2088 947 2250 993; x_wconf 72' lang='lat' dir='ltr'><strong>tanta:</strong></span> <span class='ocrx_word' id='word_1_83' title='bbox 2291 940 2509 994; x_wconf 87' lang='lat' dir='ltr'><strong>virtutis</strong></span> <span class='ocrx_word' id='word_1_84' title='bbox 2549 939 2732 1009; x_wconf 85' lang='lat' dir='ltr'><strong>fuerit,</strong></span> <span class='ocrx_word' id='word_1_85' title='bbox 2766 945 2908 1012; x_wconf 89' lang='lat' dir='ltr'><strong>quod</strong></span> <span class='ocrx_word' id='word_1_86' title='bbox 2956 960 3083 1001; x_wconf 87' lang='lat' dir='ltr'><strong>suos</strong></span> <span class='ocrx_word' id='word_1_87' title='bbox 3111 946 3315 1001; x_wconf 67' lang='lat' dir='ltr'><strong>incolas</strong></span> 
     </span>
    </p>
   </div>
   <div class='ocr_carea' id='block_1_9' title="bbox 114 1030 3311 1107">
    <p class='ocr_par' dir='ltr' id='par_1_9' title="bbox 114 1030 3311 1107">
     <span class='ocr_line' id='line_1_9' title="bbox 114 1030 3311 1107; baseline -0.005 -1"><span class='ocrx_word' id='word_1_88' title='bbox 114 1046 351 1107; x_wconf 80' lang='lat' dir='ltr'><strong>ecclesiam,</strong></span> <span class='ocrx_word' id='word_1_89' title='bbox 390 1038 497 1107; x_wconf 87' lang='lat' dir='ltr'><strong>ipso</strong></span> <span class='ocrx_word' id='word_1_90' title='bbox 544 1050 681 1103; x_wconf 86' lang='lat' dir='ltr'><strong>papa</strong></span> <span class='ocrx_word' id='word_1_91' title='bbox 710 1042 1001 1097; x_wconf 85' lang='lat' dir='ltr'><strong>annuente,</strong></span> <span class='ocrx_word' id='word_1_92' title='bbox 1031 1033 1236 1086; x_wconf 87' lang='lat' dir='ltr'><strong>electus</strong></span> <span class='ocrx_word' id='word_1_93' title='bbox 1265 1030 1439 1085; x_wconf 81' lang='lat' dir='ltr'><strong>fuerat</strong></span> <span class='ocrx_word' id='word_1_94' title='bbox 1483 1030 1617 1101; x_wconf 82' lang='lat' dir='ltr'><strong>(l9),</strong></span> <span class='ocrx_word' id='word_1_95' title='bbox 1726 1032 1987 1083; x_wconf 88' lang='lat' dir='ltr'><strong>meruerit</strong></span> <span class='ocrx_word' id='word_1_96' title='bbox 2039 1044 2103 1084; x_wconf 91' lang='lat' dir='ltr'><strong>ac</strong></span> <span class='ocrx_word' id='word_1_97' title='bbox 2155 1031 2499 1098; x_wconf 82' lang='lat' dir='ltr'><strong>praevaluerit</strong></span> <span class='ocrx_word' id='word_1_98' title='bbox 2553 1048 2830 1099; x_wconf 77' lang='lat' dir='ltr'><strong>revocare,</strong></span> <span class='ocrx_word' id='word_1_99' title='bbox 2889 1050 2989 1090; x_wconf 88' lang='lat' dir='ltr'><strong>nec</strong></span> <span class='ocrx_word' id='word_1_100' title='bbox 3047 1035 3165 1090; x_wconf 83' lang='lat' dir='ltr'><strong>sine</strong></span> <span class='ocrx_word' id='word_1_101' title='bbox 3220 1036 3311 1090; x_wconf 86' lang='lat' dir='ltr'><strong>Dei</strong></span> 
     </span>
    </p>
   </div>
   <div class='ocr_carea' id='block_1_10' title="bbox 116 1120 3315 1197">
    <p class='ocr_par' dir='ltr' id='par_1_10' title="bbox 116 1120 3315 1197">
     <span class='ocr_line' id='line_1_10' title="bbox 116 1120 3315 1197; baseline -0.004 -2"><span class='ocrx_word' id='word_1_102' title='bbox 116 1139 221 1196; x_wconf 88' lang='lat' dir='ltr'><strong>nullo</strong></span> <span class='ocrx_word' id='word_1_103' title='bbox 259 1132 395 1188; x_wconf 88' lang='lat' dir='ltr'><strong>modo</strong></span> <span class='ocrx_word' id='word_1_104' title='bbox 436 1126 737 1188; x_wconf 86' lang='lat' dir='ltr'><strong>consensit,</strong></span> <span class='ocrx_word' id='word_1_105' title='bbox 767 1125 861 1179; x_wconf 88' lang='lat' dir='ltr'><strong>sed</strong></span> <span class='ocrx_word' id='word_1_106' title='bbox 912 1124 1028 1192; x_wconf 89' lang='lat' dir='ltr'><strong>ipso</strong></span> <span class='ocrx_word' id='word_1_107' title='bbox 1054 1134 1237 1192; x_wconf 86' lang='lat' dir='ltr'><strong>spreto</strong></span> <span class='ocrx_word' id='word_1_108' title='bbox 1279 1133 1443 1191; x_wconf 89' lang='lat' dir='ltr'><strong>atque</strong></span> <span class='ocrx_word' id='word_1_109' title='bbox 1493 1137 1623 1175; x_wconf 89' lang='lat' dir='ltr'><strong>con-</strong></span> <span class='ocrx_word' id='word_1_110' title='bbox 1724 1120 2046 1187; x_wconf 80' lang='lat' dir='ltr'><strong>cultoribus,</strong></span> <span class='ocrx_word' id='word_1_111' title='bbox 2077 1137 2176 1177; x_wconf 90' lang='lat' dir='ltr'><strong>nec</strong></span> <span class='ocrx_word' id='word_1_112' title='bbox 2207 1123 2412 1192; x_wconf 85' lang='lat' dir='ltr'><strong>absque</strong></span> <span class='ocrx_word' id='word_1_113' title='bbox 2441 1124 2638 1179; x_wconf 78' lang='lat' dir='ltr'><strong>divinis</strong></span> <span class='ocrx_word' id='word_1_114' title='bbox 2679 1124 2927 1182; x_wconf 87' lang='lat' dir='ltr'><strong>laudibus</strong></span> <span class='ocrx_word' id='word_1_115' title='bbox 2962 1128 3202 1197; x_wconf 88' lang='lat' dir='ltr'><strong>potuerit</strong></span> <span class='ocrx_word' id='word_1_116' title='bbox 3229 1141 3315 1181; x_wconf 80' lang='lat' dir='ltr'><strong>re-</strong></span> 
     </span>
    </p>
   </div>
   <div class='ocr_carea' id='block_1_11' title="bbox 116 1213 1969 1296">
    <p class='ocr_par' dir='ltr' id='par_1_11' title="bbox 116 1213 1969 1296">
     <span class='ocr_line' id='line_1_11' title="bbox 116 1213 1969 1296; baseline -0.01 -16"><span class='ocrx_word' id='word_1_117' title='bbox 116 1236 287 1296; x_wconf 80' lang='lat' dir='ltr'><strong>tempto,</strong></span> <span class='ocrx_word' id='word_1_118' title='bbox 333 1216 620 1290; x_wconf 88' lang='lat' dir='ltr'><strong>apostolico</strong></span> <span class='ocrx_word' id='word_1_119' title='bbox 670 1214 993 1269; x_wconf 87' lang='lat' dir='ltr'><strong>valcfacieus</strong></span> <span class='ocrx_word' id='word_1_120' title='bbox 1021 1214 1091 1268; x_wconf 84' lang='lat' dir='ltr'><strong>ad</strong></span> <span class='ocrx_word' id='word_1_121' title='bbox 1130 1213 1398 1269; x_wconf 79' lang='lat' dir='ltr'><strong>Calabria:</strong></span> <span class='ocrx_word' id='word_1_122' title='bbox 1449 1226 1623 1281; x_wconf 84' lang='lat' dir='ltr'><strong>quan-</strong></span> <span class='ocrx_word' id='word_1_123' title='bbox 1729 1232 1969 1271; x_wconf 71' lang='lat' dir='ltr'><strong>manere.</strong></span> 
     </span>
    </p>
   </div>
   <div class='ocr_carea' id='block_1_12' title="bbox 115 1302 3310 1379">
    <p class='ocr_par' dir='ltr' id='par_1_12' title="bbox 115 1302 3310 1379">
     <span class='ocr_line' id='line_1_12' title="bbox 115 1302 3310 1379; baseline -0.001 -8"><span class='ocrx_word' id='word_1_124' title='bbox 115 1322 204 1375; x_wconf 85' lang='lat' dir='ltr'><strong>dam</strong></span> <span class='ocrx_word' id='word_1_125' title='bbox 228 1324 458 1371; x_wconf 87' lang='lat' dir='ltr'><strong>eremum,</strong></span> <span class='ocrx_word' id='word_1_126' title='bbox 506 1306 593 1361; x_wconf 89' lang='lat' dir='ltr'><strong>cui</strong></span> <span class='ocrx_word' id='word_1_127' title='bbox 642 1304 832 1359; x_wconf 88' lang='lat' dir='ltr'><strong>Turris</strong></span> <span class='ocrx_word' id='word_1_128' title='bbox 881 1320 1075 1359; x_wconf 89' lang='lat' dir='ltr'><strong>nomen</strong></span> <span class='ocrx_word' id='word_1_129' title='bbox 1129 1313 1269 1367; x_wconf 87' lang='lat' dir='ltr'><strong>erat,</strong></span> <span class='ocrx_word' id='word_1_130' title='bbox 1311 1302 1420 1357; x_wconf 88' lang='lat' dir='ltr'><strong>Deo</strong></span> <span class='ocrx_word' id='word_1_131' title='bbox 1466 1303 1622 1367; x_wconf 85' lang='lat' dir='ltr'><strong>duce,</strong></span> <span class='ocrx_word' id='word_1_132' title='bbox 1796 1307 1887 1361; x_wconf 84' lang='grc'>22.</span> <span class='ocrx_word' id='word_1_133' title='bbox 1921 1326 1940 1358; x_wconf 90' lang='grc'><em>‹</em></span> <span class='ocrx_word' id='word_1_134' title='bbox 1984 1306 2138 1363; x_wconf 90' lang='lat' dir='ltr'><strong>Sicut</strong></span> <span class='ocrx_word' id='word_1_135' title='bbox 2185 1308 2348 1361; x_wconf 77' lang='lat' dir='ltr'><strong>etiam</strong></span> <span class='ocrx_word' id='word_1_136' title='bbox 2397 1308 2592 1363; x_wconf 82' lang='lat' dir='ltr'><strong>divina:</strong></span> <span class='ocrx_word' id='word_1_137' title='bbox 2648 1309 3069 1379; x_wconf 86' lang='lat' dir='ltr'><strong>dispensationis</strong></span> <span class='ocrx_word' id='word_1_138' title='bbox 3115 1311 3310 1369; x_wconf 73' lang='lat' dir='ltr'><strong>Provi~</strong></span> 
     </span>
    </p>
   </div>
   <div class='ocr_carea' id='block_1_13' title="bbox 114 1396 3315 1479">
    <p class='ocr_par' dir='ltr' id='par_1_13' title="bbox 114 1396 3315 1479">
     <span class='ocr_line' id='line_1_13' title="bbox 114 1396 3315 1479; baseline 0.002 -23"><span class='ocrx_word' id='word_1_139' title='bbox 114 1405 326 1479; x_wconf 70' lang='lat' dir='ltr'><strong>pervenit,</strong></span> <span class='ocrx_word' id='word_1_140' title='bbox 365 1401 555 1469; x_wconf 89' lang='lat' dir='ltr'><strong>ibique,</strong></span> <span class='ocrx_word' id='word_1_141' title='bbox 601 1398 786 1454; x_wconf 88' lang='lat' dir='ltr'><strong>multis</strong></span> <span class='ocrx_word' id='word_1_142' title='bbox 816 1397 1031 1452; x_wconf 89' lang='lat' dir='ltr'><strong>clericis</strong></span> <span class='ocrx_word' id='word_1_143' title='bbox 1055 1405 1112 1451; x_wconf 91' lang='lat' dir='ltr'><strong>et</strong></span> <span class='ocrx_word' id='word_1_144' title='bbox 1154 1396 1307 1451; x_wconf 83' lang='lat' dir='ltr'><strong>laicis</strong></span> <span class='ocrx_word' id='word_1_145' title='bbox 1332 1412 1627 1466; x_wconf 74' lang='lat' dir='ltr'><strong>congrega-</strong></span> <span class='ocrx_word' id='word_1_146' title='bbox 1726 1397 1910 1454; x_wconf 88' lang='lat' dir='ltr'><strong>dentia</strong></span> <span class='ocrx_word' id='word_1_147' title='bbox 1940 1398 2233 1468; x_wconf 85' lang='lat' dir='ltr'><strong>apostolos,</strong></span> <span class='ocrx_word' id='word_1_148' title='bbox 2252 1400 2366 1468; x_wconf 87' lang='lat' dir='ltr'><strong>jam</strong></span> <span class='ocrx_word' id='word_1_149' title='bbox 2394 1399 2515 1453; x_wconf 60' lang='lat' dir='ltr'><strong>caeli</strong></span> <span class='ocrx_word' id='word_1_150' title='bbox 2535 1411 2589 1455; x_wconf 89' lang='lat' dir='ltr'><strong>et</strong></span> <span class='ocrx_word' id='word_1_151' title='bbox 2620 1408 2776 1455; x_wconf 71' lang='lat' dir='ltr'><strong>terra?</strong></span> <span class='ocrx_word' id='word_1_152' title='bbox 2797 1403 3089 1473; x_wconf 90' lang='lat' dir='ltr'><strong>principes,</strong></span> <span class='ocrx_word' id='word_1_153' title='bbox 3112 1414 3315 1463; x_wconf 63' lang='lat' dir='ltr'><strong>acterna</strong></span> 
     </span>
    </p>
   </div>
   <div class='ocr_carea' id='block_1_14' title="bbox 116 1472 3317 1563">
    <p class='ocr_par' dir='ltr' id='par_1_14' title="bbox 116 1472 3317 1563">
     <span class='ocr_line' id='line_1_14' title="bbox 116 1472 3317 1563; baseline 0 -9"><span class='ocrx_word' id='word_1_154' title='bbox 116 1472 180 1563; x_wconf 68' lang='lat' dir='ltr'><strong>iis,</strong></span> <span class='ocrx_word' id='word_1_155' title='bbox 206 1472 555 1550; x_wconf 77' lang='lat' dir='ltr'><strong>monasterium</strong></span> <span class='ocrx_word' id='word_1_156' title='bbox 601 1489 854 1551; x_wconf 89' lang='lat' dir='ltr'><strong>instituit,</strong></span> <span class='ocrx_word' id='word_1_157' title='bbox 886 1488 938 1541; x_wconf 91' lang='lat' dir='ltr'><strong>in</strong></span> <span class='ocrx_word' id='word_1_158' title='bbox 992 1502 1304 1557; x_wconf 87' lang='lat' dir='ltr'><strong>quousque</strong></span> <span class='ocrx_word' id='word_1_159' title='bbox 1343 1487 1411 1541; x_wconf 87' lang='lat' dir='ltr'><strong>ad</strong></span> <span class='ocrx_word' id='word_1_160' title='bbox 1465 1486 1625 1541; x_wconf 90' lang='lat' dir='ltr'><strong>finem</strong></span> <span class='ocrx_word' id='word_1_161' title='bbox 1729 1491 2205 1561; x_wconf 31' lang='lat' dir='ltr'><strong>praedestinatione</strong></span> <span class='ocrx_word' id='word_1_162' title='bbox 2234 1492 2580 1559; x_wconf 87' lang='lat' dir='ltr'><strong>constitutos,</strong></span> <span class='ocrx_word' id='word_1_163' title='bbox 2613 1493 2665 1546; x_wconf 90' lang='lat' dir='ltr'><strong>in</strong></span> <span class='ocrx_word' id='word_1_164' title='bbox 2707 1472 3203 1563; x_wconf 85' lang='lat' dir='ltr'><strong>passioneChristi</strong></span> <span class='ocrx_word' id='word_1_165' title='bbox 3235 1500 3317 1554; x_wconf 88' lang='lat' dir='ltr'><strong>ni-</strong></span> 
     </span>
    </p>
   </div>
   <div class='ocr_carea' id='block_1_15' title="bbox 117 1579 3316 1651">
    <p class='ocr_par' dir='ltr' id='par_1_15' title="bbox 117 1579 3316 1651">
     <span class='ocr_line' id='line_1_15' title="bbox 117 1579 3316 1651; baseline -0 -7"><span class='ocrx_word' id='word_1_166' title='bbox 117 1593 207 1645; x_wconf 80' lang='lat' dir='ltr'><strong>vita:</strong></span> <span class='ocrx_word' id='word_1_167' title='bbox 247 1600 341 1640; x_wconf 62' lang='lat' dir='ltr'><strong>suae</strong></span> <span class='ocrx_word' id='word_1_168' title='bbox 389 1583 438 1637; x_wconf 93' lang='lat' dir='ltr'><strong>in</strong></span> <span class='ocrx_word' id='word_1_169' title='bbox 495 1581 753 1636; x_wconf 54' lang='lat' dir='ltr'><strong>solitaria</strong></span> <span class='ocrx_word' id='word_1_170' title='bbox 808 1581 935 1635; x_wconf 60' lang='lat' dir='ltr'><strong>vita:</strong></span> <span class='ocrx_word' id='word_1_171' title='bbox 989 1581 1267 1650; x_wconf 87' lang='lat' dir='ltr'><strong>proposito</strong></span> <span class='ocrx_word' id='word_1_172' title='bbox 1326 1579 1628 1634; x_wconf 88' lang='lat' dir='ltr'><strong>lmmilitate</strong></span> <span class='ocrx_word' id='word_1_173' title='bbox 1731 1582 2026 1638; x_wconf 85' lang='lat' dir='ltr'><strong>hilominus</strong></span> <span class='ocrx_word' id='word_1_174' title='bbox 2051 1583 2248 1637; x_wconf 88' lang='lat' dir='ltr'><strong>cadere</strong></span> <span class='ocrx_word' id='word_1_175' title='bbox 2282 1583 2550 1651; x_wconf 89' lang='lat' dir='ltr'><strong>permisit,</strong></span> <span class='ocrx_word' id='word_1_176' title='bbox 2580 1593 2633 1637; x_wconf 91' lang='lat' dir='ltr'><strong>et</strong></span> <span class='ocrx_word' id='word_1_177' title='bbox 2668 1600 2697 1636; x_wconf 89' lang='lat' dir='ltr'><strong>a</strong></span> <span class='ocrx_word' id='word_1_178' title='bbox 2729 1586 2957 1641; x_wconf 89' lang='lat' dir='ltr'><strong>veritate</strong></span> <span class='ocrx_word' id='word_1_179' title='bbox 2995 1587 3316 1643; x_wconf 67' lang='lat' dir='ltr'><strong>Christiana:</strong></span> 
     </span>
    </p>
   </div>
   <div class='ocr_carea' id='block_1_16' title="bbox 113 1673 3317 1750">
    <p class='ocr_par' dir='ltr' id='par_1_16' title="bbox 113 1673 3317 1750">
     <span class='ocr_line' id='line_1_16' title="bbox 113 1673 3317 1750; baseline -0.001 -12"><span class='ocrx_word' id='word_1_180' title='bbox 113 1693 331 1744; x_wconf 83' lang='lat' dir='ltr'><strong>constans,</strong></span> <span class='ocrx_word' id='word_1_181' title='bbox 356 1677 613 1733; x_wconf 87' lang='lat' dir='ltr'><strong>cbaritate</strong></span> <span class='ocrx_word' id='word_1_182' title='bbox 640 1675 895 1745; x_wconf 83' lang='lat' dir='ltr'><strong>flagrans,</strong></span> <span class='ocrx_word' id='word_1_183' title='bbox 934 1674 1225 1730; x_wconf 85' lang='lat' dir='ltr'><strong>devotione</strong></span> <span class='ocrx_word' id='word_1_184' title='bbox 1257 1674 1493 1739; x_wconf 78' lang='lat' dir='ltr'><strong>fervens,</strong></span> <span class='ocrx_word' id='word_1_185' title='bbox 1523 1674 1629 1729; x_wconf 86' lang='lat' dir='ltr'><strong>Deo</strong></span> <span class='ocrx_word' id='word_1_186' title='bbox 1734 1674 1856 1729; x_wconf 81' lang='lat' dir='ltr'><strong>fidei</strong></span> <span class='ocrx_word' id='word_1_187' title='bbox 1888 1674 2132 1743; x_wconf 79' lang='lat' dir='ltr'><strong>separari</strong></span> <span class='ocrx_word' id='word_1_188' title='bbox 2164 1673 2303 1744; x_wconf 67' lang='grc'>(25),</span> <span class='ocrx_word' id='word_1_189' title='bbox 2330 1676 2401 1727; x_wconf 88' lang='lat' dir='ltr'><strong>ita</strong></span> <span class='ocrx_word' id='word_1_190' title='bbox 2427 1674 2594 1728; x_wconf 87' lang='lat' dir='ltr'><strong>etiam</strong></span> <span class='ocrx_word' id='word_1_191' title='bbox 2620 1676 2764 1745; x_wconf 89' lang='lat' dir='ltr'><strong>quod</strong></span> <span class='ocrx_word' id='word_1_192' title='bbox 2787 1678 2948 1748; x_wconf 87' lang='lat' dir='ltr'><strong>aliqui</strong></span> <span class='ocrx_word' id='word_1_193' title='bbox 2972 1693 3041 1733; x_wconf 78' lang='lat' dir='ltr'><strong>ex</strong></span> <span class='ocrx_word' id='word_1_194' title='bbox 3073 1679 3317 1750; x_wconf 82' lang='lat' dir='ltr'><strong>discipu-</strong></span> 
     </span>
    </p>
   </div>
   <div class='ocr_carea' id='block_1_17' title="bbox 116 1765 3318 1841">
    <p class='ocr_par' dir='ltr' id='par_1_17' title="bbox 116 1765 3318 1841">
     <span class='ocr_line' id='line_1_17' title="bbox 116 1765 3318 1841; baseline 0.001 -14"><span class='ocrx_word' id='word_1_195' title='bbox 116 1786 280 1841; x_wconf 83' lang='lat' dir='ltr'><strong>semper</strong></span> <span class='ocrx_word' id='word_1_196' title='bbox 319 1768 552 1832; x_wconf 75' lang='lat' dir='ltr'><strong>adluesit,</strong></span> <span class='ocrx_word' id='word_1_197' title='bbox 600 1777 656 1821; x_wconf 91' lang='lat' dir='ltr'><strong>et</strong></span> <span class='ocrx_word' id='word_1_198' title='bbox 707 1767 905 1823; x_wconf 88' lang='lat' dir='ltr'><strong>ibidem</strong></span> <span class='ocrx_word' id='word_1_199' title='bbox 962 1766 1226 1821; x_wconf 86' lang='lat' dir='ltr'><strong>itinerarii</strong></span> <span class='ocrx_word' id='word_1_200' title='bbox 1278 1765 1363 1821; x_wconf 89' lang='lat' dir='ltr'><strong>sui</strong></span> <span class='ocrx_word' id='word_1_201' title='bbox 1411 1780 1629 1820; x_wconf 86' lang='lat' dir='ltr'><strong>cursum</strong></span> <span class='ocrx_word' id='word_1_202' title='bbox 1666 1828 1706 1841; x_wconf 81' lang='lat'>__</span> <span class='ocrx_word' id='word_1_203' title='bbox 1736 1768 1824 1829; x_wconf 90' lang='lat' dir='ltr'><strong>lis,</strong></span> <span class='ocrx_word' id='word_1_204' title='bbox 1887 1767 2110 1821; x_wconf 76' lang='lat' dir='ltr'><strong>civitate</strong></span> <span class='ocrx_word' id='word_1_205' title='bbox 2161 1766 2500 1821; x_wconf 89' lang='lat' dir='ltr'><strong>sanctificata</strong></span> <span class='ocrx_word' id='word_1_206' title='bbox 2552 1766 2853 1824; x_wconf 88' lang='lat' dir='ltr'><strong>Jerusalem</strong></span> <span class='ocrx_word' id='word_1_207' title='bbox 2912 1772 3190 1837; x_wconf 85' lang='lat' dir='ltr'><strong>derelicta,</strong></span> <span class='ocrx_word' id='word_1_208' title='bbox 3249 1774 3318 1829; x_wconf 82' lang='lat' dir='ltr'><strong>ad</strong></span> 
     </span>
    </p>
   </div>
   <div class='ocr_carea' id='block_1_18' title="bbox 115 1828 3321 1932">
    <p class='ocr_par' dir='ltr' id='par_1_18' title="bbox 115 1828 3321 1932">
     <span class='ocr_line' id='line_1_18' title="bbox 115 1828 3321 1932; baseline -0 -12"><span class='ocrx_word' id='word_1_209' title='bbox 115 1828 292 1920; x_wconf 75' lang='lat' dir='ltr'><strong>feliciter</strong></span> <span class='ocrx_word' id='word_1_210' title='bbox 309 1860 691 1917; x_wconf 88' lang='lat' dir='ltr'><strong>consummavit</strong></span> <span class='ocrx_word' id='word_1_211' title='bbox 714 1860 851 1932; x_wconf 85' lang='grc'>(20).</span> <span class='ocrx_word' id='word_1_212' title='bbox 882 1860 1050 1927; x_wconf 86' lang='lat' dir='ltr'><strong>Quem</strong></span> <span class='ocrx_word' id='word_1_213' title='bbox 1082 1860 1374 1929; x_wconf 73' lang='lat' dir='ltr'><strong>gloriosum</strong></span> <span class='ocrx_word' id='word_1_214' title='bbox 1418 1859 1631 1914; x_wconf 81' lang='lat' dir='ltr'><strong>Patrem</strong></span> <span class='ocrx_word' id='word_1_215' title='bbox 1666 1828 1709 1883; x_wconf 71' lang='grc' dir='ltr'><strong>Β</strong></span> <span class='ocrx_word' id='word_1_216' title='bbox 1735 1857 1958 1911; x_wconf 82' lang='lat' dir='ltr'><strong>Castella</strong></span> <span class='ocrx_word' id='word_1_217' title='bbox 2005 1856 2314 1911; x_wconf 69' lang='lat' dir='ltr'><strong>cxtrinscca</strong></span> <span class='ocrx_word' id='word_1_218' title='bbox 2345 1856 2680 1912; x_wconf 81' lang='lat' dir='ltr'><strong>infidelitatis</strong></span> <span class='ocrx_word' id='word_1_219' title='bbox 2732 1869 2893 1915; x_wconf 84' lang='lat' dir='ltr'><strong>vento</strong></span> <span class='ocrx_word' id='word_1_220' title='bbox 2936 1862 3188 1932; x_wconf 86' lang='lat' dir='ltr'><strong>dispersi,</strong></span> <span class='ocrx_word' id='word_1_221' title='bbox 3225 1866 3321 1918; x_wconf 83' lang='lat' dir='ltr'><strong>de-</strong></span> 
     </span>
    </p>
   </div>
   <div class='ocr_carea' id='block_1_19' title="bbox 118 1948 3321 2027">
    <p class='ocr_par' dir='ltr' id='par_1_19' title="bbox 118 1948 3321 2027">
     <span class='ocr_line' id='line_1_19' title="bbox 118 1948 3321 2027; baseline 0 -16"><span class='ocrx_word' id='word_1_222' title='bbox 118 1959 315 2027; x_wconf 79' lang='lat' dir='ltr'><strong>adcptum</strong></span> <span class='ocrx_word' id='word_1_223' title='bbox 361 1953 525 2008; x_wconf 83' lang='lat' dir='ltr'><strong>fuisse</strong></span> <span class='ocrx_word' id='word_1_224' title='bbox 578 1953 861 2019; x_wconf 89' lang='lat' dir='ltr'><strong>bravinm,</strong></span> <span class='ocrx_word' id='word_1_225' title='bbox 926 1960 983 2007; x_wconf 89' lang='lat' dir='ltr'><strong>et</strong></span> <span class='ocrx_word' id='word_1_226' title='bbox 1038 1966 1294 2006; x_wconf 91' lang='lat' dir='ltr'><strong>coronam</strong></span> <span class='ocrx_word' id='word_1_227' title='bbox 1359 1949 1632 2006; x_wconf 89' lang='lat' dir='ltr'><strong>felicitatis</strong></span> <span class='ocrx_word' id='word_1_228' title='bbox 1734 1949 2064 2017; x_wconf 89' lang='lat' dir='ltr'><strong>spcrationis</strong></span> <span class='ocrx_word' id='word_1_229' title='bbox 2110 1948 2365 2003; x_wconf 86' lang='lat' dir='ltr'><strong>fluctibus</strong></span> <span class='ocrx_word' id='word_1_230' title='bbox 2416 1949 2782 2018; x_wconf 87' lang='lat' dir='ltr'><strong>vacillabant,</strong></span> <span class='ocrx_word' id='word_1_231' title='bbox 2831 1954 3049 2010; x_wconf 89' lang='lat' dir='ltr'><strong>Christo</strong></span> <span class='ocrx_word' id='word_1_232' title='bbox 3105 1972 3321 2010; x_wconf 32' lang='lat' dir='ltr'><strong>verume</strong></span> 
     </span>
    </p>
   </div>
   <div class='ocr_carea' id='block_1_20' title="bbox 112 2040 3325 2116">
    <p class='ocr_par' dir='ltr' id='par_1_20' title="bbox 112 2040 3325 2116">
     <span class='ocr_line' id='line_1_20' title="bbox 112 2040 3325 2116; baseline -0.001 -11"><span class='ocrx_word' id='word_1_233' title='bbox 112 2059 279 2105; x_wconf 65' lang='lat' dir='ltr'><strong>eterna</strong></span> <span class='ocrx_word' id='word_1_234' title='bbox 318 2046 489 2100; x_wconf 86' lang='lat' dir='ltr'><strong>divina</strong></span> <span class='ocrx_word' id='word_1_235' title='bbox 542 2044 832 2100; x_wconf 89' lang='lat' dir='ltr'><strong>clementia</strong></span> <span class='ocrx_word' id='word_1_236' title='bbox 877 2060 974 2116; x_wconf 86' lang='lat' dir='ltr'><strong>per</strong></span> <span class='ocrx_word' id='word_1_237' title='bbox 1014 2042 1270 2099; x_wconf 89' lang='lat' dir='ltr'><strong>nonnulla</strong></span> <span class='ocrx_word' id='word_1_238' title='bbox 1306 2044 1632 2099; x_wconf 89' lang='lat' dir='ltr'><strong>miraculosa</strong></span> <span class='ocrx_word' id='word_1_239' title='bbox 1741 2047 1924 2093; x_wconf 80' lang='lat' dir='ltr'><strong>tamen</strong></span> <span class='ocrx_word' id='word_1_240' title='bbox 1981 2040 2341 2109; x_wconf 81' lang='lat' dir='ltr'><strong>corporaliter</strong></span> <span class='ocrx_word' id='word_1_241' title='bbox 2394 2054 2733 2113; x_wconf 73' lang='lat' dir='ltr'><strong>resurgente,</strong></span> <span class='ocrx_word' id='word_1_242' title='bbox 2794 2057 3208 2102; x_wconf 85' lang='lat' dir='ltr'><strong>resurrexerunt</strong></span> <span class='ocrx_word' id='word_1_243' title='bbox 3268 2058 3325 2103; x_wconf 87' lang='lat' dir='ltr'><strong>et</strong></span> 
     </span>
    </p>
   </div>
   <div class='ocr_carea' id='block_1_21' title="bbox 113 2130 3323 2204">
    <p class='ocr_par' dir='ltr' id='par_1_21' title="bbox 113 2130 3323 2204">
     <span class='ocr_line' id='line_1_21' title="bbox 113 2130 3323 2204; baseline 0.001 -12"><span class='ocrx_word' id='word_1_244' title='bbox 113 2137 264 2192; x_wconf 80' lang='lat' dir='ltr'><strong>indicia</strong></span> <span class='ocrx_word' id='word_1_245' title='bbox 285 2133 585 2191; x_wconf 84' lang='lat' dir='ltr'><strong>declaravit.</strong></span> <span class='ocrx_word' id='word_1_246' title='bbox 1738 2130 1837 2201; x_wconf 88' lang='lat' dir='ltr'><strong>ipsi</strong></span> <span class='ocrx_word' id='word_1_247' title='bbox 1870 2131 2247 2201; x_wconf 89' lang='lat' dir='ltr'><strong>spiritualiter,</strong></span> <span class='ocrx_word' id='word_1_248' title='bbox 2277 2134 2676 2191; x_wconf 81' lang='lat' dir='ltr'><strong>constantiores</strong></span> <span class='ocrx_word' id='word_1_249' title='bbox 2703 2147 2757 2191; x_wconf 87' lang='lat' dir='ltr'><strong>et</strong></span> <span class='ocrx_word' id='word_1_250' title='bbox 2796 2136 3064 2194; x_wconf 83' lang='lat' dir='ltr'><strong>firmiores</strong></span> <span class='ocrx_word' id='word_1_251' title='bbox 3104 2140 3158 2194; x_wconf 93' lang='lat' dir='ltr'><strong>in</strong></span> <span class='ocrx_word' id='word_1_252' title='bbox 3195 2141 3323 2204; x_wconf 86' lang='lat' dir='ltr'><strong>ﬁde,</strong></span> 
     </span>
    </p>
   </div>
   <div class='ocr_carea' id='block_1_22' title="bbox 165 2224 3327 2301">
    <p class='ocr_par' dir='ltr' id='par_1_22' title="bbox 165 2224 3327 2301">
     <span class='ocr_line' id='line_1_22' title="bbox 165 2224 3327 2301; baseline 0.002 -18"><span class='ocrx_word' id='word_1_253' title='bbox 165 2229 230 2283; x_wconf 82' lang='lat' dir='ltr'><strong>l9.</strong></span> <span class='ocrx_word' id='word_1_254' title='bbox 261 2247 277 2278; x_wconf 70' lang='grc' dir='ltr'>ι</span> <span class='ocrx_word' id='word_1_255' title='bbox 304 2226 450 2281; x_wconf 79' lang='lat' dir='ltr'><strong>Prius</strong></span> <span class='ocrx_word' id='word_1_256' title='bbox 476 2235 657 2280; x_wconf 89' lang='lat' dir='ltr'><strong>tamen</strong></span> <span class='ocrx_word' id='word_1_257' title='bbox 685 2241 848 2295; x_wconf 64' lang='lat' dir='ltr'><strong>quam</strong></span> <span class='ocrx_word' id='word_1_258' title='bbox 890 2225 957 2283; x_wconf 87' lang='lat' dir='ltr'><strong>de</strong></span> <span class='ocrx_word' id='word_1_259' title='bbox 986 2227 1134 2283; x_wconf 86' lang='lat' dir='ltr'><strong>curia</strong></span> <span class='ocrx_word' id='word_1_260' title='bbox 1168 2228 1469 2292; x_wconf 86' lang='lat' dir='ltr'><strong>recederet,</strong></span> <span class='ocrx_word' id='word_1_261' title='bbox 1497 2226 1633 2295; x_wconf 84' lang='lat' dir='ltr'><strong>ejus,</strong></span> <span class='ocrx_word' id='word_1_262' title='bbox 1736 2234 1791 2276; x_wconf 84' lang='lat' dir='ltr'><strong>et</strong></span> <span class='ocrx_word' id='word_1_263' title='bbox 1821 2239 2006 2278; x_wconf 90' lang='lat' dir='ltr'><strong>amore</strong></span> <span class='ocrx_word' id='word_1_264' title='bbox 2050 2224 2254 2278; x_wconf 81' lang='lat' dir='ltr'><strong>Christi</strong></span> <span class='ocrx_word' id='word_1_265' title='bbox 2304 2227 2647 2295; x_wconf 87' lang='lat' dir='ltr'><strong>postmodum</strong></span> <span class='ocrx_word' id='word_1_266' title='bbox 2690 2232 3053 2297; x_wconf 88' lang='lat' dir='ltr'><strong>permansuri,</strong></span> <span class='ocrx_word' id='word_1_267' title='bbox 3101 2239 3155 2287; x_wconf 87' lang='lat' dir='ltr'><strong>et</strong></span> <span class='ocrx_word' id='word_1_268' title='bbox 3198 2234 3327 2301; x_wconf 84' lang='lat' dir='ltr'><strong>quia</strong></span> 
     </span>
    </p>
   </div>
   <div class='ocr_carea' id='block_1_23' title="bbox 113 2310 3323 2391">
    <p class='ocr_par' dir='ltr' id='par_1_23' title="bbox 113 2310 3323 2391">
     <span class='ocr_line' id='line_1_23' title="bbox 113 2310 3323 2391; baseline 0.003 -16"><span class='ocrx_word' id='word_1_269' title='bbox 113 2330 157 2375; x_wconf 85' lang='lat' dir='ltr'><strong>ut</strong></span> <span class='ocrx_word' id='word_1_270' title='bbox 178 2320 399 2384; x_wconf 85' lang='lat' dir='ltr'><strong>creditur,</strong></span> <span class='ocrx_word' id='word_1_271' title='bbox 428 2319 638 2374; x_wconf 87' lang='lat' dir='ltr'><strong>meritis</strong></span> <span class='ocrx_word' id='word_1_272' title='bbox 666 2328 721 2372; x_wconf 91' lang='lat' dir='ltr'><strong>et</strong></span> <span class='ocrx_word' id='word_1_273' title='bbox 742 2320 1019 2389; x_wconf 84' lang='lat' dir='ltr'><strong>precibus,</strong></span> <span class='ocrx_word' id='word_1_274' title='bbox 1050 2320 1231 2381; x_wconf 85' lang='lat' dir='ltr'><strong>divina</strong></span> <span class='ocrx_word' id='word_1_275' title='bbox 1262 2319 1637 2373; x_wconf 84' lang='lat' dir='ltr'><strong>misericordia</strong></span> <span class='ocrx_word' id='word_1_276' title='bbox 1731 2310 1846 2381; x_wconf 69' lang='lat' dir='ltr'><strong>jam</strong></span> <span class='ocrx_word' id='word_1_277' title='bbox 1903 2322 2245 2368; x_wconf 60' lang='lat' dir='ltr'><strong>recesserant</strong></span> <span class='ocrx_word' id='word_1_278' title='bbox 2294 2313 2363 2367; x_wconf 72' lang='lat' dir='ltr'><strong>ab</strong></span> <span class='ocrx_word' id='word_1_279' title='bbox 2418 2314 2721 2371; x_wconf 62' lang='lat' dir='ltr'><strong>Jcrllsitlclll</strong></span> <span class='ocrx_word' id='word_1_280' title='bbox 2780 2319 2970 2374; x_wconf 55' lang='lat' dir='ltr'><strong>stadiis</strong></span> <span class='ocrx_word' id='word_1_281' title='bbox 3021 2322 3323 2391; x_wconf 60' lang='lat' dir='ltr'><strong>sexaginta.</strong></span> 
     </span>
    </p>
   </div>
   <div class='ocr_carea' id='block_1_24' title="bbox 111 2404 3327 2482">
    <p class='ocr_par' dir='ltr' id='par_1_24' title="bbox 111 2404 3327 2482">
     <span class='ocr_line' id='line_1_24' title="bbox 111 2404 3327 2482; baseline -0.002 -12"><span class='ocrx_word' id='word_1_282' title='bbox 111 2431 256 2471; x_wconf 82' lang='lat' dir='ltr'><strong>omnes</strong></span> <span class='ocrx_word' id='word_1_283' title='bbox 295 2412 403 2482; x_wconf 80' lang='lat' dir='ltr'><strong>ejus</strong></span> <span class='ocrx_word' id='word_1_284' title='bbox 432 2413 611 2468; x_wconf 87' lang='lat' dir='ltr'><strong>socios</strong></span> <span class='ocrx_word' id='word_1_285' title='bbox 652 2422 705 2467; x_wconf 91' lang='lat' dir='ltr'><strong>et</strong></span> <span class='ocrx_word' id='word_1_286' title='bbox 746 2412 989 2467; x_wconf 87' lang='lat' dir='ltr'><strong>subditos</strong></span> <span class='ocrx_word' id='word_1_287' title='bbox 1040 2413 1330 2477; x_wconf 74' lang='lat' dir='ltr'><strong>revocavit,</strong></span> <span class='ocrx_word' id='word_1_288' title='bbox 1375 2412 1447 2465; x_wconf 84' lang='lat' dir='ltr'><strong>ita</strong></span> <span class='ocrx_word' id='word_1_289' title='bbox 1496 2412 1639 2481; x_wconf 81' lang='lat' dir='ltr'><strong>quod</strong></span> <span class='ocrx_word' id='word_1_290' title='bbox 1738 2404 1929 2458; x_wconf 88' lang='lat' dir='ltr'><strong>eodem</strong></span> <span class='ocrx_word' id='word_1_291' title='bbox 1979 2404 2067 2459; x_wconf 92' lang='lat' dir='ltr'><strong>die</strong></span> <span class='ocrx_word' id='word_1_292' title='bbox 2119 2405 2406 2459; x_wconf 88' lang='lat' dir='ltr'><strong>redeuntes</strong></span> <span class='ocrx_word' id='word_1_293' title='bbox 2454 2404 2672 2461; x_wconf 60' lang='lat' dir='ltr'><strong>fuerunt</strong></span> <span class='ocrx_word' id='word_1_294' title='bbox 2716 2406 2923 2464; x_wconf 81' lang='lat' dir='ltr'><strong>ChriSIi</strong></span> <span class='ocrx_word' id='word_1_295' title='bbox 2960 2410 3165 2465; x_wconf 86' lang='lat' dir='ltr'><strong>visione</strong></span> <span class='ocrx_word' id='word_1_296' title='bbox 3204 2429 3327 2467; x_wconf 84' lang='lat' dir='ltr'><strong>cum</strong></span> 
     </span>
    </p>
   </div>
   <div class='ocr_carea' id='block_1_25' title="bbox 112 2495 3330 2575">
    <p class='ocr_par' dir='ltr' id='par_1_25' title="bbox 112 2495 3330 2575">
     <span class='ocr_line' id='line_1_25' title="bbox 112 2495 3330 2575; baseline 0.002 -25"><span class='ocrx_word' id='word_1_297' title='bbox 112 2508 282 2561; x_wconf 77' lang='lat' dir='ltr'><strong>omnino</strong></span> <span class='ocrx_word' id='word_1_298' title='bbox 305 2522 483 2561; x_wconf 77' lang='lat' dir='ltr'><strong>omnes</strong></span> <span class='ocrx_word' id='word_1_299' title='bbox 511 2506 691 2560; x_wconf 74' lang='lat' dir='ltr'><strong>redire</strong></span> <span class='ocrx_word' id='word_1_300' title='bbox 723 2504 1065 2560; x_wconf 75' lang='lat' dir='ltr'><strong>Cartbusiam</strong></span> <span class='ocrx_word' id='word_1_301' title='bbox 1091 2512 1481 2559; x_wconf 71' lang='lat' dir='ltr'><strong>consenserunt</strong></span> <span class='ocrx_word' id='word_1_302' title='bbox 1503 2504 1633 2575; x_wconf 69' lang='lat'><strong>(‘21),</strong></span> <span class='ocrx_word' id='word_1_303' title='bbox 1743 2495 1863 2549; x_wconf 91' lang='lat' dir='ltr'><strong>aliis</strong></span> <span class='ocrx_word' id='word_1_304' title='bbox 1908 2495 2186 2565; x_wconf 77' lang='lat' dir='ltr'><strong>discipulis</strong></span> <span class='ocrx_word' id='word_1_305' title='bbox 2232 2498 2541 2563; x_wconf 83' lang='lat' dir='ltr'><strong>reformati;</strong></span> <span class='ocrx_word' id='word_1_306' title='bbox 2573 2499 2646 2553; x_wconf 88' lang='lat' dir='ltr'><strong>ita</strong></span> <span class='ocrx_word' id='word_1_307' title='bbox 2674 2499 2813 2554; x_wconf 85' lang='lat' dir='ltr'><strong>Deus</strong></span> <span class='ocrx_word' id='word_1_308' title='bbox 2846 2499 3148 2557; x_wconf 77' lang='lat' dir='ltr'><strong>Carthusia:</strong></span> <span class='ocrx_word' id='word_1_309' title='bbox 3181 2504 3330 2559; x_wconf 71' lang='grc' dir='ltr'>ἰηροο</span> 
     </span>
    </p>
   </div>
   <div class='ocr_carea' id='block_1_26' title="bbox 113 2586 3332 2669">
    <p class='ocr_par' dir='ltr' id='par_1_26' title="bbox 113 2586 3332 2669">
     <span class='ocr_line' id='line_1_26' title="bbox 113 2586 3332 2669; baseline 0.001 -21"><span class='ocrx_word' id='word_1_310' title='bbox 113 2597 161 2651; x_wconf 82' lang='lat' dir='ltr'><strong>Et</strong></span> <span class='ocrx_word' id='word_1_311' title='bbox 182 2598 278 2651; x_wconf 85' lang='lat' dir='ltr'><strong>ideo</strong></span> <span class='ocrx_word' id='word_1_312' title='bbox 318 2598 573 2668; x_wconf 61' lang='lat' dir='ltr'><strong>magister</strong></span> <span class='ocrx_word' id='word_1_313' title='bbox 603 2594 781 2649; x_wconf 82' lang='lat' dir='ltr'><strong>Bruno</strong></span> <span class='ocrx_word' id='word_1_314' title='bbox 807 2594 1119 2663; x_wconf 85' lang='lat' dir='ltr'><strong>impetravit</strong></span> <span class='ocrx_word' id='word_1_315' title='bbox 1151 2611 1179 2648; x_wconf 90' lang='lat' dir='ltr'><strong>a</strong></span> <span class='ocrx_word' id='word_1_316' title='bbox 1209 2608 1423 2648; x_wconf 84' lang='lat' dir='ltr'><strong>summo</strong></span> <span class='ocrx_word' id='word_1_317' title='bbox 1465 2594 1642 2663; x_wconf 70' lang='lat' dir='ltr'><strong>ponti.</strong></span> <span class='ocrx_word' id='word_1_318' title='bbox 1743 2586 1824 2642; x_wconf 91' lang='lat' dir='ltr'><strong>las</strong></span> <span class='ocrx_word' id='word_1_319' title='bbox 1852 2588 2028 2657; x_wconf 89' lang='lat' dir='ltr'><strong>primo</strong></span> <span class='ocrx_word' id='word_1_320' title='bbox 2052 2588 2257 2644; x_wconf 88' lang='lat' dir='ltr'><strong>dimisit</strong></span> <span class='ocrx_word' id='word_1_321' title='bbox 2300 2590 2576 2655; x_wconf 81' lang='lat' dir='ltr'><strong>recedere,</strong></span> <span class='ocrx_word' id='word_1_322' title='bbox 2618 2602 2678 2669; x_wconf 75' lang='lat' dir='ltr'><strong>ut</strong></span> <span class='ocrx_word' id='word_1_323' title='bbox 2701 2602 2887 2661; x_wconf 89' lang='lat' dir='ltr'><strong>postea</strong></span> <span class='ocrx_word' id='word_1_324' title='bbox 2926 2596 3210 2649; x_wconf 82' lang='lat' dir='ltr'><strong>redeuntes</strong></span> <span class='ocrx_word' id='word_1_325' title='bbox 3242 2597 3332 2651; x_wconf 64' lang='lat' dir='ltr'><strong>firo</strong></span> 
     </span>
    </p>
   </div>
   <div class='ocr_carea' id='block_1_27' title="bbox 113 2679 3332 2755">
    <p class='ocr_par' dir='ltr' id='par_1_27' title="bbox 113 2679 3332 2755">
     <span class='ocr_line' id='line_1_27' title="bbox 113 2679 3332 2755; baseline -0.001 -12"><span class='ocrx_word' id='word_1_326' title='bbox 113 2691 186 2744; x_wconf 86' lang='lat' dir='ltr'><strong>fice</strong></span> <span class='ocrx_word' id='word_1_327' title='bbox 205 2690 387 2744; x_wconf 87' lang='lat' dir='ltr'><strong>litteras</strong></span> <span class='ocrx_word' id='word_1_328' title='bbox 407 2688 471 2742; x_wconf 90' lang='lat' dir='ltr'><strong>ad</strong></span> <span class='ocrx_word' id='word_1_329' title='bbox 492 2685 863 2743; x_wconf 81' lang='lat' dir='ltr'><strong>venerabilem</strong></span> <span class='ocrx_word' id='word_1_330' title='bbox 890 2686 1065 2739; x_wconf 86' lang='lat' dir='ltr'><strong>virum</strong></span> <span class='ocrx_word' id='word_1_331' title='bbox 1088 2684 1369 2755; x_wconf 81' lang='lat' dir='ltr'><strong>Signinum</strong></span> <span class='ocrx_word' id='word_1_332' title='bbox 1391 2683 1640 2738; x_wconf 86' lang='lat' dir='ltr'><strong>abbatem</strong></span> <span class='ocrx_word' id='word_1_333' title='bbox 1745 2682 1945 2735; x_wconf 81' lang='lat' dir='ltr'><strong>lniorcs</strong></span> <span class='ocrx_word' id='word_1_334' title='bbox 1978 2679 2301 2747; x_wconf 75' lang='lat' dir='ltr'><strong>existerent,</strong></span> <span class='ocrx_word' id='word_1_335' title='bbox 2349 2690 2402 2735; x_wconf 88' lang='lat' dir='ltr'><strong>et</strong></span> <span class='ocrx_word' id='word_1_336' title='bbox 2438 2680 2490 2734; x_wconf 90' lang='lat' dir='ltr'><strong>in</strong></span> <span class='ocrx_word' id='word_1_337' title='bbox 2534 2690 2723 2736; x_wconf 83' lang='lat' dir='ltr'><strong>sancta</strong></span> <span class='ocrx_word' id='word_1_338' title='bbox 2768 2687 3173 2753; x_wconf 81' lang='lat' dir='ltr'><strong>perseverantia</strong></span> <span class='ocrx_word' id='word_1_339' title='bbox 3223 2689 3332 2742; x_wconf 83' lang='lat' dir='ltr'><strong>for-</strong></span> 
     </span>
    </p>
   </div>
   <div class='ocr_carea' id='block_1_28' title="bbox 112 2772 1937 2846">
    <p class='ocr_par' dir='ltr' id='par_1_28' title="bbox 112 2772 1937 2846">
     <span class='ocr_line' id='line_1_28' title="bbox 112 2772 1937 2846; baseline -0.004 -11"><span class='ocrx_word' id='word_1_340' title='bbox 112 2780 369 2835; x_wconf 81' lang='lat' dir='ltr'><strong>monasterii</strong></span> <span class='ocrx_word' id='word_1_341' title='bbox 423 2777 725 2839; x_wconf 72' lang='lat' dir='ltr'><strong>Casm-Dei,</strong></span> <span class='ocrx_word' id='word_1_342' title='bbox 781 2785 1050 2846; x_wconf 85' lang='lat' dir='ltr'><strong>quatenus</strong></span> <span class='ocrx_word' id='word_1_343' title='bbox 1111 2773 1286 2829; x_wconf 89' lang='lat' dir='ltr'><strong>locum</strong></span> <span class='ocrx_word' id='word_1_344' title='bbox 1345 2773 1644 2828; x_wconf 76' lang='lat' dir='ltr'><strong>Carthusia:</strong></span> <span class='ocrx_word' id='word_1_345' title='bbox 1750 2772 1937 2828; x_wconf 90' lang='lat' dir='ltr'><strong>tiores.</strong></span> 
     </span>
    </p>
   </div>
   <div class='ocr_carea' id='block_1_29' title="bbox 111 2864 3329 2941">
    <p class='ocr_par' dir='ltr' id='par_1_29' title="bbox 111 2864 3329 2941">
     <span class='ocr_line' id='line_1_29' title="bbox 111 2864 3329 2941; baseline 0 -15"><span class='ocrx_word' id='word_1_346' title='bbox 111 2873 371 2927; x_wconf 83' lang='lat' dir='ltr'><strong>derelictum</strong></span> <span class='ocrx_word' id='word_1_347' title='bbox 416 2888 513 2941; x_wconf 87' lang='lat' dir='ltr'><strong>per</strong></span> <span class='ocrx_word' id='word_1_348' title='bbox 549 2870 865 2939; x_wconf 79' lang='lat' dir='ltr'><strong>magistrum</strong></span> <span class='ocrx_word' id='word_1_349' title='bbox 899 2868 1205 2923; x_wconf 86' lang='lat' dir='ltr'><strong>Brunonem</strong></span> <span class='ocrx_word' id='word_1_350' title='bbox 1250 2867 1474 2921; x_wconf 84' lang='lat' dir='ltr'><strong>omnino</strong></span> <span class='ocrx_word' id='word_1_351' title='bbox 1505 2865 1643 2920; x_wconf 89' lang='lat' dir='ltr'><strong>infra</strong></span> <span class='ocrx_word' id='word_1_352' title='bbox 1818 2865 1908 2921; x_wconf 78' lang='grc'><strong>23.</strong></span> <span class='ocrx_word' id='word_1_353' title='bbox 1942 2885 1962 2917; x_wconf 72' lang='grc'><strong>1</strong></span> <span class='ocrx_word' id='word_1_354' title='bbox 2005 2864 2106 2932; x_wconf 86' lang='lat' dir='ltr'><strong>Qui</strong></span> <span class='ocrx_word' id='word_1_355' title='bbox 2137 2865 2279 2920; x_wconf 83' lang='lat' dir='ltr'><strong>enim</strong></span> <span class='ocrx_word' id='word_1_356' title='bbox 2314 2865 2365 2920; x_wconf 93' lang='lat' dir='ltr'><strong>in</strong></span> <span class='ocrx_word' id='word_1_357' title='bbox 2399 2865 2506 2921; x_wconf 88' lang='lat' dir='ltr'><strong>fine</strong></span> <span class='ocrx_word' id='word_1_358' title='bbox 2537 2866 2676 2922; x_wconf 72' lang='lat' dir='ltr'><strong>sexti</strong></span> <span class='ocrx_word' id='word_1_359' title='bbox 2722 2868 2848 2922; x_wconf 87' lang='lat' dir='ltr'><strong>anni</strong></span> <span class='ocrx_word' id='word_1_360' title='bbox 2884 2880 3243 2936; x_wconf 88' lang='lat' dir='ltr'><strong>recesserant,</strong></span> <span class='ocrx_word' id='word_1_361' title='bbox 3277 2872 3329 2926; x_wconf 88' lang='lat' dir='ltr'><strong>in</strong></span> 
     </span>
    </p>
   </div>
   <div class='ocr_carea' id='block_1_30' title="bbox 111 2958 3331 3037">
    <p class='ocr_par' dir='ltr' id='par_1_30' title="bbox 111 2958 3331 3037">
     <span class='ocr_line' id='line_1_30' title="bbox 111 2958 3331 3037; baseline 0 -19"><span class='ocrx_word' id='word_1_362' title='bbox 111 2968 285 3037; x_wconf 72' lang='lat' dir='ltr'><strong>triginta</strong></span> <span class='ocrx_word' id='word_1_363' title='bbox 326 2966 438 3020; x_wconf 76' lang='lat' dir='ltr'><strong>dies</strong></span> <span class='ocrx_word' id='word_1_364' title='bbox 475 2980 503 3017; x_wconf 88' lang='lat' dir='ltr'><strong>a</strong></span> <span class='ocrx_word' id='word_1_365' title='bbox 533 2962 842 3031; x_wconf 84' lang='lat' dir='ltr'><strong>receptione</strong></span> <span class='ocrx_word' id='word_1_366' title='bbox 880 2960 1150 3030; x_wconf 84' lang='lat' dir='ltr'><strong>papalium</strong></span> <span class='ocrx_word' id='word_1_367' title='bbox 1191 2958 1492 3012; x_wconf 88' lang='lat' dir='ltr'><strong>litterarum</strong></span> <span class='ocrx_word' id='word_1_368' title='bbox 1526 2958 1646 3011; x_wconf 89' lang='lat' dir='ltr'><strong>red-</strong></span> <span class='ocrx_word' id='word_1_369' title='bbox 1748 2960 1978 3029; x_wconf 85' lang='lat' dir='ltr'><strong>septimo</strong></span> <span class='ocrx_word' id='word_1_370' title='bbox 2006 2974 2150 3012; x_wconf 91' lang='lat' dir='ltr'><strong>anno</strong></span> <span class='ocrx_word' id='word_1_371' title='bbox 2177 2959 2452 3013; x_wconf 90' lang='lat' dir='ltr'><strong>redierunt</strong></span> <span class='ocrx_word' id='word_1_372' title='bbox 2477 2960 2611 3030; x_wconf 82' lang='grc'>(26),</span> <span class='ocrx_word' id='word_1_373' title='bbox 2642 2971 2699 3014; x_wconf 91' lang='lat' dir='ltr'><strong>ut</strong></span> <span class='ocrx_word' id='word_1_374' title='bbox 2727 2961 2946 3015; x_wconf 86' lang='lat' dir='ltr'><strong>daretur</strong></span> <span class='ocrx_word' id='word_1_375' title='bbox 2966 2964 3046 3016; x_wconf 86' lang='lat' dir='ltr'><strong>eis</strong></span> <span class='ocrx_word' id='word_1_376' title='bbox 3085 2963 3331 3027; x_wconf 70' lang='lat' dir='ltr'><strong>intelligi.</strong></span> 
     </span>
    </p>
   </div>
   <div class='ocr_carea' id='block_1_31' title="bbox 111 3049 3330 3124">
    <p class='ocr_par' dir='ltr' id='par_1_31' title="bbox 111 3049 3330 3124">
     <span class='ocr_line' id='line_1_31' title="bbox 111 3049 3330 3124; baseline -0 -15"><span class='ocrx_word' id='word_1_377' title='bbox 111 3058 228 3109; x_wconf 84' lang='lat' dir='ltr'><strong>deret</strong></span> <span class='ocrx_word' id='word_1_378' title='bbox 253 3067 300 3109; x_wconf 90' lang='lat' dir='ltr'><strong>et</strong></span> <span class='ocrx_word' id='word_1_379' title='bbox 338 3056 654 3110; x_wconf 83' lang='lat' dir='ltr'><strong>restitueret</strong></span> <span class='ocrx_word' id='word_1_380' title='bbox 682 3052 845 3108; x_wconf 88' lang='lat' dir='ltr'><strong>sociis</strong></span> <span class='ocrx_word' id='word_1_381' title='bbox 880 3068 945 3106; x_wconf 84' lang='lat' dir='ltr'><strong>ac</strong></span> <span class='ocrx_word' id='word_1_382' title='bbox 974 3052 1202 3106; x_wconf 87' lang='lat' dir='ltr'><strong>subditis</strong></span> <span class='ocrx_word' id='word_1_383' title='bbox 1234 3051 1474 3121; x_wconf 83' lang='lat' dir='ltr'><strong>magistri</strong></span> <span class='ocrx_word' id='word_1_384' title='bbox 1512 3049 1647 3103; x_wconf 83' lang='lat' dir='ltr'><strong>Bru-</strong></span> <span class='ocrx_word' id='word_1_385' title='bbox 1749 3053 1917 3122; x_wconf 79' lang='lat' dir='ltr'><strong>quod,</strong></span> <span class='ocrx_word' id='word_1_386' title='bbox 1941 3050 2081 3104; x_wconf 90' lang='lat' dir='ltr'><strong>sicut</strong></span> <span class='ocrx_word' id='word_1_387' title='bbox 2126 3050 2355 3120; x_wconf 89' lang='lat' dir='ltr'><strong>septima</strong></span> <span class='ocrx_word' id='word_1_388' title='bbox 2385 3050 2473 3104; x_wconf 84' lang='lat' dir='ltr'><strong>die</strong></span> <span class='ocrx_word' id='word_1_389' title='bbox 2508 3050 2768 3104; x_wconf 89' lang='lat' dir='ltr'><strong>Dominus</strong></span> <span class='ocrx_word' id='word_1_390' title='bbox 2797 3051 2852 3105; x_wconf 93' lang='lat' dir='ltr'><strong>in</strong></span> <span class='ocrx_word' id='word_1_391' title='bbox 2894 3053 3168 3108; x_wconf 78' lang='lat' dir='ltr'><strong>creatione</strong></span> <span class='ocrx_word' id='word_1_392' title='bbox 3216 3055 3330 3124; x_wconf 46' lang='lat' dir='ltr'><strong>pri.</strong></span> 
     </span>
    </p>
   </div>
   <div class='ocr_carea' id='block_1_32' title="bbox 110 3142 3330 3232">
    <p class='ocr_par' dir='ltr' id='par_1_32' title="bbox 110 3142 3330 3232">
     <span class='ocr_line' id='line_1_32' title="bbox 110 3142 3330 3232; baseline 0 -32"><span class='ocrx_word' id='word_1_393' title='bbox 110 3148 230 3201; x_wconf 87' lang='lat' dir='ltr'><strong>nonis</strong></span> <span class='ocrx_word' id='word_1_394' title='bbox 253 3163 361 3200; x_wconf 84' lang='lat' dir='ltr'><strong>eum</strong></span> <span class='ocrx_word' id='word_1_395' title='bbox 392 3145 542 3219; x_wconf 80' lang='lat' dir='ltr'><strong>omni</strong></span> <span class='ocrx_word' id='word_1_396' title='bbox 581 3144 807 3215; x_wconf 84' lang='lat' dir='ltr'><strong>pristina</strong></span> <span class='ocrx_word' id='word_1_397' title='bbox 840 3143 1107 3197; x_wconf 87' lang='lat' dir='ltr'><strong>libertate.</strong></span> <span class='ocrx_word' id='word_1_398' title='bbox 1675 3170 1721 3232; x_wconf 67' lang='grc' dir='ltr'>ο</span> <span class='ocrx_word' id='word_1_399' title='bbox 1754 3143 1924 3197; x_wconf 86' lang='lat' dir='ltr'><strong>maria</strong></span> <span class='ocrx_word' id='word_1_400' title='bbox 1970 3158 1999 3197; x_wconf 89' lang='lat' dir='ltr'><strong>a</strong></span> <span class='ocrx_word' id='word_1_401' title='bbox 2031 3142 2315 3197; x_wconf 87' lang='lat' dir='ltr'><strong>laboriosis</strong></span> <span class='ocrx_word' id='word_1_402' title='bbox 2357 3142 2613 3212; x_wconf 81' lang='lat' dir='ltr'><strong>operibus</strong></span> <span class='ocrx_word' id='word_1_403' title='bbox 2646 3142 2935 3212; x_wconf 86' lang='lat' dir='ltr'><strong>requievit,</strong></span> <span class='ocrx_word' id='word_1_404' title='bbox 2962 3153 3017 3199; x_wconf 92' lang='lat' dir='ltr'><strong>et</strong></span> <span class='ocrx_word' id='word_1_405' title='bbox 3061 3154 3181 3214; x_wconf 87' lang='lat' dir='ltr'><strong>post</strong></span> <span class='ocrx_word' id='word_1_406' title='bbox 3212 3161 3330 3214; x_wconf 42' lang='lat' dir='ltr'><strong>pass</strong></span> 
     </span>
    </p>
   </div>
   <div class='ocr_carea' id='block_1_33' title="bbox 160 3231 3336 3307">
    <p class='ocr_par' dir='ltr' id='par_1_33' title="bbox 160 3231 3336 3307">
     <span class='ocr_line' id='line_1_33' title="bbox 160 3231 3336 3307; baseline -0 -15"><span class='ocrx_word' id='word_1_407' title='bbox 160 3239 232 3292; x_wconf 75' lang='grc'><strong>20.</strong></span> <span class='ocrx_word' id='word_1_408' title='bbox 263 3259 278 3289; x_wconf 80' lang='grc' dir='ltr'>ι</span> <span class='ocrx_word' id='word_1_409' title='bbox 312 3239 373 3293; x_wconf 78' lang='lat' dir='ltr'><strong>Et</strong></span> <span class='ocrx_word' id='word_1_410' title='bbox 400 3238 516 3293; x_wconf 63' lang='lat' dir='ltr'><strong>ista:</strong></span> <span class='ocrx_word' id='word_1_411' title='bbox 548 3238 802 3292; x_wconf 86' lang='lat' dir='ltr'><strong>videntur</strong></span> <span class='ocrx_word' id='word_1_412' title='bbox 834 3238 1022 3307; x_wconf 70' lang='lat' dir='ltr'><strong>prima:</strong></span> <span class='ocrx_word' id='word_1_413' title='bbox 1050 3234 1242 3289; x_wconf 69' lang='lat' dir='ltr'><strong>litterae</strong></span> <span class='ocrx_word' id='word_1_414' title='bbox 1263 3231 1501 3304; x_wconf 88' lang='lat' dir='ltr'><strong>papales,</strong></span> <span class='ocrx_word' id='word_1_415' title='bbox 1530 3248 1648 3303; x_wconf 68' lang='lat' dir='ltr'><strong>qua:</strong></span> <span class='ocrx_word' id='word_1_416' title='bbox 1695 3231 1708 3232; x_wconf 29' lang='grc' dir='ltr'>ί</span> <span class='ocrx_word' id='word_1_417' title='bbox 1752 3234 1962 3287; x_wconf 87' lang='lat' dir='ltr'><strong>sionem</strong></span> <span class='ocrx_word' id='word_1_418' title='bbox 1992 3231 2180 3286; x_wconf 85' lang='lat' dir='ltr'><strong>eodem</strong></span> <span class='ocrx_word' id='word_1_419' title='bbox 2219 3231 2305 3286; x_wconf 83' lang='lat' dir='ltr'><strong>die</strong></span> <span class='ocrx_word' id='word_1_420' title='bbox 2335 3232 2541 3300; x_wconf 81' lang='lat' dir='ltr'><strong>quievit</strong></span> <span class='ocrx_word' id='word_1_421' title='bbox 2582 3231 2832 3287; x_wconf 86' lang='lat' dir='ltr'><strong>similiter</strong></span> <span class='ocrx_word' id='word_1_422' title='bbox 2878 3233 2929 3287; x_wconf 90' lang='lat' dir='ltr'><strong>in</strong></span> <span class='ocrx_word' id='word_1_423' title='bbox 2972 3234 3241 3303; x_wconf 86' lang='lat' dir='ltr'><strong>sepulcro,</strong></span> <span class='ocrx_word' id='word_1_424' title='bbox 3276 3246 3336 3291; x_wconf 84' lang='lat' dir='ltr'><strong>et</strong></span> 
     </span>
    </p>
   </div>
   <div class='ocr_carea' id='block_1_34' title="bbox 110 3323 3335 3399">
    <p class='ocr_par' dir='ltr' id='par_1_34' title="bbox 110 3323 3335 3399">
     <span class='ocr_line' id='line_1_34' title="bbox 110 3323 3335 3399; baseline -0 -17"><span class='ocrx_word' id='word_1_425' title='bbox 110 3328 410 3383; x_wconf 80' lang='lat' dir='ltr'><strong>inveniuntur</strong></span> <span class='ocrx_word' id='word_1_426' title='bbox 454 3330 523 3383; x_wconf 86' lang='lat' dir='ltr'><strong>de</strong></span> <span class='ocrx_word' id='word_1_427' title='bbox 553 3328 746 3383; x_wconf 87' lang='lat' dir='ltr'><strong>ordine</strong></span> <span class='ocrx_word' id='word_1_428' title='bbox 791 3326 1164 3381; x_wconf 88' lang='lat' dir='ltr'><strong>Carthusiensi</strong></span> <span class='ocrx_word' id='word_1_429' title='bbox 1207 3326 1384 3380; x_wconf 89' lang='lat' dir='ltr'><strong>facere</strong></span> <span class='ocrx_word' id='word_1_430' title='bbox 1421 3327 1649 3380; x_wconf 87' lang='lat' dir='ltr'><strong>mentio-</strong></span> <span class='ocrx_word' id='word_1_431' title='bbox 1752 3327 2017 3396; x_wconf 73' lang='lat' dir='ltr'><strong>septimus</strong></span> <span class='ocrx_word' id='word_1_432' title='bbox 2044 3339 2219 3379; x_wconf 77' lang='lat' dir='ltr'><strong>arruns</strong></span> <span class='ocrx_word' id='word_1_433' title='bbox 2246 3325 2300 3378; x_wconf 91' lang='lat' dir='ltr'><strong>in</strong></span> <span class='ocrx_word' id='word_1_434' title='bbox 2327 3323 2444 3393; x_wconf 83' lang='lat' dir='ltr'><strong>lege</strong></span> <span class='ocrx_word' id='word_1_435' title='bbox 2470 3325 2709 3395; x_wconf 76' lang='lat' dir='ltr'><strong>generali</strong></span> <span class='ocrx_word' id='word_1_436' title='bbox 2736 3324 3134 3399; x_wconf 86' lang='lat' dir='ltr'><strong>[af.,naturali]</strong></span> <span class='ocrx_word' id='word_1_437' title='bbox 3161 3327 3335 3383; x_wconf 76' lang='lat' dir='ltr'><strong>fuerat</strong></span> 
     </span>
    </p>
   </div>
   <div class='ocr_carea' id='block_1_35' title="bbox 111 3416 3335 3490">
    <p class='ocr_par' dir='ltr' id='par_1_35' title="bbox 111 3416 3335 3490">
     <span class='ocr_line' id='line_1_35' title="bbox 111 3416 3335 3490; baseline 0.001 -19"><span class='ocrx_word' id='word_1_438' title='bbox 111 3436 204 3474; x_wconf 84' lang='lat' dir='ltr'><strong>nem</strong></span> <span class='ocrx_word' id='word_1_439' title='bbox 226 3421 504 3490; x_wconf 66' lang='lat' dir='ltr'><strong>(22);qure</strong></span> <span class='ocrx_word' id='word_1_440' title='bbox 522 3421 675 3475; x_wconf 88' lang='lat' dir='ltr'><strong>circa</strong></span> <span class='ocrx_word' id='word_1_441' title='bbox 696 3417 1018 3489; x_wconf 86' lang='lat' dir='ltr'><strong>principium</strong></span> <span class='ocrx_word' id='word_1_442' title='bbox 1040 3417 1326 3472; x_wconf 89' lang='lat' dir='ltr'><strong>Cartularii</strong></span> <span class='ocrx_word' id='word_1_443' title='bbox 1350 3417 1650 3473; x_wconf 69' lang='lat' dir='ltr'><strong>Carthusiaa</strong></span> <span class='ocrx_word' id='word_1_444' title='bbox 1751 3418 1966 3474; x_wconf 90' lang='lat' dir='ltr'><strong>deditus</strong></span> <span class='ocrx_word' id='word_1_445' title='bbox 2014 3416 2243 3487; x_wconf 87' lang='lat' dir='ltr'><strong>requiei,</strong></span> <span class='ocrx_word' id='word_1_446' title='bbox 2275 3425 2331 3470; x_wconf 92' lang='lat' dir='ltr'><strong>et</strong></span> <span class='ocrx_word' id='word_1_447' title='bbox 2378 3417 2578 3484; x_wconf 88' lang='lat' dir='ltr'><strong>septies</strong></span> <span class='ocrx_word' id='word_1_448' title='bbox 2608 3417 2870 3485; x_wconf 86' lang='lat' dir='ltr'><strong>septimus</strong></span> <span class='ocrx_word' id='word_1_449' title='bbox 2911 3433 3085 3472; x_wconf 90' lang='lat' dir='ltr'><strong>annus</strong></span> <span class='ocrx_word' id='word_1_450' title='bbox 3136 3419 3335 3473; x_wconf 89' lang='lat' dir='ltr'><strong>dicitur</strong></span> 
     </span>
    </p>
   </div>
   <div class='ocr_carea' id='block_1_36' title="bbox 108 3506 3335 3579">
    <p class='ocr_par' dir='ltr' id='par_1_36' title="bbox 108 3506 3335 3579">
     <span class='ocr_line' id='line_1_36' title="bbox 108 3506 3335 3579; baseline 0.001 -17"><span class='ocrx_word' id='word_1_451' title='bbox 108 3519 205 3563; x_wconf 83' lang='lat' dir='ltr'><strong>sunt</strong></span> <span class='ocrx_word' id='word_1_452' title='bbox 223 3511 555 3579; x_wconf 77' lang='lat' dir='ltr'><strong>conscriptae.</strong></span> <span class='ocrx_word' id='word_1_453' title='bbox 589 3511 772 3565; x_wconf 80' lang='lat' dir='ltr'><strong>Abbas</strong></span> <span class='ocrx_word' id='word_1_454' title='bbox 799 3524 928 3564; x_wconf 90' lang='lat' dir='ltr'><strong>vero</strong></span> <span class='ocrx_word' id='word_1_455' title='bbox 956 3508 1236 3579; x_wconf 80' lang='lat' dir='ltr'><strong>Signinus,</strong></span> <span class='ocrx_word' id='word_1_456' title='bbox 1262 3518 1479 3579; x_wconf 89' lang='lat' dir='ltr'><strong>recepto</strong></span> <span class='ocrx_word' id='word_1_457' title='bbox 1500 3527 1651 3565; x_wconf 88' lang='lat' dir='ltr'><strong>man-</strong></span> <span class='ocrx_word' id='word_1_458' title='bbox 1747 3509 1957 3579; x_wconf 91' lang='lat' dir='ltr'><strong>jubilei,</strong></span> <span class='ocrx_word' id='word_1_459' title='bbox 1987 3509 2057 3563; x_wconf 88' lang='lat' dir='ltr'><strong>ita</strong></span> <span class='ocrx_word' id='word_1_460' title='bbox 2087 3508 2316 3576; x_wconf 88' lang='lat' dir='ltr'><strong>septimo</strong></span> <span class='ocrx_word' id='word_1_461' title='bbox 2355 3522 2497 3563; x_wconf 89' lang='lat' dir='ltr'><strong>anno</strong></span> <span class='ocrx_word' id='word_1_462' title='bbox 2535 3506 2872 3562; x_wconf 90' lang='lat' dir='ltr'><strong>habitatores</strong></span> <span class='ocrx_word' id='word_1_463' title='bbox 2913 3507 3216 3565; x_wconf 81' lang='lat' dir='ltr'><strong>Carthusiae</strong></span> <span class='ocrx_word' id='word_1_464' title='bbox 3250 3525 3335 3565; x_wconf 79' lang='lat' dir='ltr'><strong>re-</strong></span> 
     </span>
    </p>
   </div>
   <div class='ocr_carea' id='block_1_37' title="bbox 107 3598 3338 3671">
    <p class='ocr_par' dir='ltr' id='par_1_37' title="bbox 107 3598 3338 3671">
     <span class='ocr_line' id='line_1_37' title="bbox 107 3598 3338 3671; baseline 0.001 -20"><span class='ocrx_word' id='word_1_465' title='bbox 107 3598 204 3652; x_wconf 83' lang='lat' dir='ltr'><strong>dato</strong></span> <span class='ocrx_word' id='word_1_466' title='bbox 240 3601 551 3669; x_wconf 87' lang='lat' dir='ltr'><strong>apostolico,</strong></span> <span class='ocrx_word' id='word_1_467' title='bbox 608 3608 888 3671; x_wconf 78' lang='lat' dir='ltr'><strong>gratanter</strong></span> <span class='ocrx_word' id='word_1_468' title='bbox 928 3609 984 3655; x_wconf 87' lang='lat' dir='ltr'><strong>et</strong></span> <span class='ocrx_word' id='word_1_469' title='bbox 1034 3600 1279 3655; x_wconf 89' lang='lat' dir='ltr'><strong>hilariter</strong></span> <span class='ocrx_word' id='word_1_470' title='bbox 1310 3601 1565 3667; x_wconf 88' lang='lat' dir='ltr'><strong>obedivit,</strong></span> <span class='ocrx_word' id='word_1_471' title='bbox 1598 3610 1653 3655; x_wconf 92' lang='lat' dir='ltr'><strong>et</strong></span> <span class='ocrx_word' id='word_1_472' title='bbox 1755 3602 2006 3665; x_wconf 89' lang='lat' dir='ltr'><strong>deuntes,</strong></span> <span class='ocrx_word' id='word_1_473' title='bbox 2038 3600 2237 3654; x_wconf 90' lang='lat' dir='ltr'><strong>ibidem</strong></span> <span class='ocrx_word' id='word_1_474' title='bbox 2265 3616 2294 3653; x_wconf 89' lang='lat' dir='ltr'><strong>a</strong></span> <span class='ocrx_word' id='word_1_475' title='bbox 2327 3599 2593 3654; x_wconf 89' lang='lat' dir='ltr'><strong>similibus</strong></span> <span class='ocrx_word' id='word_1_476' title='bbox 2620 3608 2899 3655; x_wconf 87' lang='lat' dir='ltr'><strong>cessantes</strong></span> <span class='ocrx_word' id='word_1_477' title='bbox 2934 3601 3186 3671; x_wconf 82' lang='lat' dir='ltr'><strong>cperibus</strong></span> <span class='ocrx_word' id='word_1_478' title='bbox 3210 3617 3338 3671; x_wconf 70' lang='lat' dir='ltr'><strong>plc-</strong></span> 
     </span>
    </p>
   </div>
   <div class='ocr_carea' id='block_1_38' title="bbox 108 3691 3334 3762">
    <p class='ocr_par' dir='ltr' id='par_1_38' title="bbox 108 3691 3334 3762">
     <span class='ocr_line' id='line_1_38' title="bbox 108 3691 3334 3762; baseline 0.002 -20"><span class='ocrx_word' id='word_1_479' title='bbox 108 3692 323 3762; x_wconf 81' lang='lat' dir='ltr'><strong>magistro</strong></span> <span class='ocrx_word' id='word_1_480' title='bbox 368 3692 662 3748; x_wconf 89' lang='lat' dir='ltr'><strong>Landnino</strong></span> <span class='ocrx_word' id='word_1_481' title='bbox 705 3708 770 3747; x_wconf 88' lang='lat' dir='ltr'><strong>ac</strong></span> <span class='ocrx_word' id='word_1_482' title='bbox 797 3693 912 3747; x_wconf 88' lang='lat' dir='ltr'><strong>suis</strong></span> <span class='ocrx_word' id='word_1_483' title='bbox 939 3692 1111 3747; x_wconf 88' lang='lat' dir='ltr'><strong>sociis.</strong></span> <span class='ocrx_word' id='word_1_484' title='bbox 1144 3691 1316 3746; x_wconf 90' lang='lat' dir='ltr'><strong>locum</strong></span> <span class='ocrx_word' id='word_1_485' title='bbox 1352 3691 1653 3747; x_wconf 67' lang='lat' dir='ltr'><strong>Carthasim</strong></span> <span class='ocrx_word' id='word_1_486' title='bbox 1754 3703 2021 3759; x_wconf 82' lang='lat' dir='ltr'><strong>calorum,</strong></span> <span class='ocrx_word' id='word_1_487' title='bbox 2053 3691 2319 3762; x_wconf 87' lang='lat' dir='ltr'><strong>spirituali</strong></span> <span class='ocrx_word' id='word_1_488' title='bbox 2372 3691 2848 3762; x_wconf 80' lang='lat' dir='ltr'><strong>contemplationis</strong></span> <span class='ocrx_word' id='word_1_489' title='bbox 2873 3695 3061 3762; x_wconf 87' lang='lat' dir='ltr'><strong>requie</strong></span> <span class='ocrx_word' id='word_1_490' title='bbox 3106 3697 3334 3748; x_wconf 82' lang='lat' dir='ltr'><strong>recreati</strong></span> 
     </span>
    </p>
   </div>
   <div class='ocr_carea' id='block_1_39' title="bbox 105 3781 3339 3856">
    <p class='ocr_par' dir='ltr' id='par_1_39' title="bbox 105 3781 3339 3856">
     <span class='ocr_line' id='line_1_39' title="bbox 105 3781 3339 3856; baseline 0.001 -22"><span class='ocrx_word' id='word_1_491' title='bbox 105 3782 241 3839; x_wconf 85' lang='lat' dir='ltr'><strong>libere</strong></span> <span class='ocrx_word' id='word_1_492' title='bbox 273 3794 325 3840; x_wconf 87' lang='lat' dir='ltr'><strong>et</strong></span> <span class='ocrx_word' id='word_1_493' title='bbox 346 3789 588 3841; x_wconf 87' lang='lat' dir='ltr'><strong>liberum</strong></span> <span class='ocrx_word' id='word_1_494' title='bbox 618 3785 852 3840; x_wconf 89' lang='lat' dir='ltr'><strong>reddidit</strong></span> <span class='ocrx_word' id='word_1_495' title='bbox 879 3800 978 3856; x_wconf 89' lang='lat' dir='ltr'><strong>per</strong></span> <span class='ocrx_word' id='word_1_496' title='bbox 1006 3781 1275 3853; x_wconf 87' lang='lat' dir='ltr'><strong>publicum</strong></span> <span class='ocrx_word' id='word_1_497' title='bbox 1318 3784 1650 3839; x_wconf 89' lang='lat' dir='ltr'><strong>instrumen-</strong></span> <span class='ocrx_word' id='word_1_498' title='bbox 1755 3796 1810 3839; x_wconf 93' lang='lat' dir='ltr'><strong>et</strong></span> <span class='ocrx_word' id='word_1_499' title='bbox 1848 3785 1900 3838; x_wconf 91' lang='lat' dir='ltr'><strong>iu</strong></span> <span class='ocrx_word' id='word_1_500' title='bbox 1944 3783 2194 3854; x_wconf 89' lang='lat' dir='ltr'><strong>sepulcro</strong></span> <span class='ocrx_word' id='word_1_501' title='bbox 2222 3782 2456 3847; x_wconf 83' lang='lat' dir='ltr'><strong>Christi,</strong></span> <span class='ocrx_word' id='word_1_502' title='bbox 2505 3782 2556 3837; x_wconf 93' lang='lat' dir='ltr'><strong>id</strong></span> <span class='ocrx_word' id='word_1_503' title='bbox 2610 3792 2696 3837; x_wconf 90' lang='lat' dir='ltr'><strong>est</strong></span> <span class='ocrx_word' id='word_1_504' title='bbox 2730 3782 2783 3836; x_wconf 93' lang='lat' dir='ltr'><strong>in</strong></span> <span class='ocrx_word' id='word_1_505' title='bbox 2815 3783 3055 3838; x_wconf 86' lang='lat' dir='ltr'><strong>claustro</strong></span> <span class='ocrx_word' id='word_1_506' title='bbox 3088 3794 3143 3837; x_wconf 93' lang='lat' dir='ltr'><strong>et</strong></span> <span class='ocrx_word' id='word_1_507' title='bbox 3186 3785 3339 3838; x_wconf 77' lang='lat' dir='ltr'><strong>cellis</strong></span> 
     </span>
    </p>
   </div>
   <div class='ocr_carea' id='block_1_40' title="bbox 106 3872 3339 3945">
    <p class='ocr_par' dir='ltr' id='par_1_40' title="bbox 106 3872 3339 3945">
     <span class='ocr_line' id='line_1_40' title="bbox 106 3872 3339 3945; baseline 0.001 -20"><span class='ocrx_word' id='word_1_508' title='bbox 106 3878 210 3937; x_wconf 86' lang='lat' dir='ltr'><strong>tum,</strong></span> <span class='ocrx_word' id='word_1_509' title='bbox 232 3878 362 3945; x_wconf 88' lang='lat' dir='ltr'><strong>quod</strong></span> <span class='ocrx_word' id='word_1_510' title='bbox 394 3876 544 3930; x_wconf 83' lang='lat' dir='ltr'><strong>circa</strong></span> <span class='ocrx_word' id='word_1_511' title='bbox 589 3874 913 3945; x_wconf 85' lang='lat' dir='ltr'><strong>principium</strong></span> <span class='ocrx_word' id='word_1_512' title='bbox 934 3872 1225 3928; x_wconf 87' lang='lat' dir='ltr'><strong>Cartularii</strong></span> <span class='ocrx_word' id='word_1_513' title='bbox 1252 3872 1550 3928; x_wconf 59' lang='lat' dir='ltr'><strong>Carthusite</strong></span> <span class='ocrx_word' id='word_1_514' title='bbox 1572 3882 1655 3929; x_wconf 89' lang='lat' dir='ltr'><strong>est</strong></span> <span class='ocrx_word' id='word_1_515' title='bbox 1755 3874 2061 3929; x_wconf 87' lang='lat' dir='ltr'><strong>absconditi</strong></span> <span class='ocrx_word' id='word_1_516' title='bbox 2097 3874 2464 3942; x_wconf 85' lang='lat' dir='ltr'><strong>quiescentes,</strong></span> <span class='ocrx_word' id='word_1_517' title='bbox 2498 3873 2711 3926; x_wconf 87' lang='lat' dir='ltr'><strong>tandem</strong></span> <span class='ocrx_word' id='word_1_518' title='bbox 2747 3873 2815 3927; x_wconf 89' lang='lat' dir='ltr'><strong>ad</strong></span> <span class='ocrx_word' id='word_1_519' title='bbox 2844 3874 3131 3942; x_wconf 88' lang='lat' dir='ltr'><strong>septimum</strong></span> <span class='ocrx_word' id='word_1_520' title='bbox 3162 3882 3339 3944; x_wconf 77' lang='lat' dir='ltr'><strong>septe~</strong></span> 
     </span>
    </p>
   </div>
   <div class='ocr_carea' id='block_1_41' title="bbox 104 3963 3339 4038">
    <p class='ocr_par' dir='ltr' id='par_1_41' title="bbox 104 3963 3339 4038">
     <span class='ocr_line' id='line_1_41' title="bbox 104 3963 3339 4038; baseline 0.001 -22"><span class='ocrx_word' id='word_1_521' title='bbox 104 3966 448 4038; x_wconf 82' lang='lat' dir='ltr'><strong>transcriptum</strong></span> <span class='ocrx_word' id='word_1_522' title='bbox 484 3968 627 4036; x_wconf 78' lang='grc'>(25).</span> <span class='ocrx_word' id='word_1_523' title='bbox 679 3965 996 4021; x_wconf 79' lang='lat' dir='ltr'><strong>Praedictum</strong></span> <span class='ocrx_word' id='word_1_524' title='bbox 1035 3974 1214 4020; x_wconf 89' lang='lat' dir='ltr'><strong>autem</strong></span> <span class='ocrx_word' id='word_1_525' title='bbox 1245 3964 1468 4019; x_wconf 89' lang='lat' dir='ltr'><strong>fratrem</strong></span> <span class='ocrx_word' id='word_1_526' title='bbox 1507 3963 1653 4018; x_wconf 85' lang='lat' dir='ltr'><strong>Lan-</strong></span> <span class='ocrx_word' id='word_1_527' title='bbox 1757 3967 1971 4021; x_wconf 71' lang='lat' dir='ltr'><strong>narium</strong></span> <span class='ocrx_word' id='word_1_528' title='bbox 1988 3966 2202 4036; x_wconf 88' lang='lat' dir='ltr'><strong>jubilei,</strong></span> <span class='ocrx_word' id='word_1_529' title='bbox 2237 3965 2449 4020; x_wconf 83' lang='lat' dir='ltr'><strong>laudem</strong></span> <span class='ocrx_word' id='word_1_530' title='bbox 2478 3974 2532 4019; x_wconf 91' lang='lat' dir='ltr'><strong>et</strong></span> <span class='ocrx_word' id='word_1_531' title='bbox 2563 3966 2805 4036; x_wconf 90' lang='lat' dir='ltr'><strong>requiem</strong></span> <span class='ocrx_word' id='word_1_532' title='bbox 2832 3974 3088 4021; x_wconf 72' lang='lat' dir='ltr'><strong>aeternam</strong></span> <span class='ocrx_word' id='word_1_533' title='bbox 3122 3975 3339 4021; x_wconf 66' lang='lat' dir='ltr'><strong>aeterna</strong></span> 
     </span>
    </p>
   </div>
   <div class='ocr_carea' id='block_1_42' title="bbox 103 4052 3339 4127">
    <p class='ocr_par' dir='ltr' id='par_1_42' title="bbox 103 4052 3339 4127">
     <span class='ocr_line' id='line_1_42' title="bbox 103 4052 3339 4127; baseline 0.002 -22"><span class='ocrx_word' id='word_1_534' title='bbox 103 4052 290 4111; x_wconf 85' lang='lat' dir='ltr'><strong>dninum</strong></span> <span class='ocrx_word' id='word_1_535' title='bbox 332 4058 604 4127; x_wconf 70' lang='lat' dir='ltr'><strong>magister</strong></span> <span class='ocrx_word' id='word_1_536' title='bbox 632 4058 813 4111; x_wconf 88' lang='lat' dir='ltr'><strong>Bruno</strong></span> <span class='ocrx_word' id='word_1_537' title='bbox 856 4056 1089 4126; x_wconf 87' lang='lat' dir='ltr'><strong>priorem</strong></span> <span class='ocrx_word' id='word_1_538' title='bbox 1133 4056 1483 4109; x_wconf 88' lang='lat' dir='ltr'><strong>ordinaverat</strong></span> <span class='ocrx_word' id='word_1_539' title='bbox 1522 4055 1656 4110; x_wconf 85' lang='lat' dir='ltr'><strong>Car—</strong></span> <span class='ocrx_word' id='word_1_540' title='bbox 1757 4055 1941 4126; x_wconf 76' lang='lat' dir='ltr'><strong>gloria:</strong></span> <span class='ocrx_word' id='word_1_541' title='bbox 1970 4055 2325 4126; x_wconf 82' lang='lat' dir='ltr'><strong>dcsignantis,</strong></span> <span class='ocrx_word' id='word_1_542' title='bbox 2377 4055 2477 4125; x_wconf 86' lang='lat' dir='ltr'><strong>ipsi</strong></span> <span class='ocrx_word' id='word_1_543' title='bbox 2534 4065 2659 4111; x_wconf 88' lang='lat' dir='ltr'><strong>tunc</strong></span> <span class='ocrx_word' id='word_1_544' title='bbox 2703 4070 2929 4111; x_wconf 88' lang='lat' dir='ltr'><strong>numero</strong></span> <span class='ocrx_word' id='word_1_545' title='bbox 2975 4066 3181 4127; x_wconf 88' lang='lat' dir='ltr'><strong>septem</strong></span> <span class='ocrx_word' id='word_1_546' title='bbox 3221 4056 3339 4111; x_wconf 55' lang='lat' dir='ltr'><strong>lih-</strong></span> 
     </span>
    </p>
   </div>
   <div class='ocr_carea' id='block_1_43' title="bbox 103 4147 2293 4221">
    <p class='ocr_par' dir='ltr' id='par_1_43' title="bbox 103 4147 2293 4221">
     <span class='ocr_line' id='line_1_43' title="bbox 103 4147 2293 4221; baseline 0.001 -24"><span class='ocrx_word' id='word_1_547' title='bbox 103 4147 277 4214; x_wconf 70' lang='lat' dir='ltr'><strong>thusire,</strong></span> <span class='ocrx_word' id='word_1_548' title='bbox 323 4159 625 4221; x_wconf 80' lang='lat' dir='ltr'><strong>antequam</strong></span> <span class='ocrx_word' id='word_1_549' title='bbox 677 4150 743 4203; x_wconf 90' lang='lat' dir='ltr'><strong>ad</strong></span> <span class='ocrx_word' id='word_1_550' title='bbox 800 4158 981 4220; x_wconf 86' lang='lat' dir='ltr'><strong>partes</strong></span> <span class='ocrx_word' id='word_1_551' title='bbox 1033 4147 1296 4203; x_wconf 74' lang='lat' dir='ltr'><strong>Calabria:</strong></span> <span class='ocrx_word' id='word_1_552' title='bbox 1348 4156 1653 4203; x_wconf 88' lang='lat' dir='ltr'><strong>transmea-</strong></span> <span class='ocrx_word' id='word_1_553' title='bbox 1758 4149 1895 4204; x_wconf 89' lang='lat' dir='ltr'><strong>citer</strong></span> <span class='ocrx_word' id='word_1_554' title='bbox 1922 4148 2293 4218; x_wconf 88' lang='lat' dir='ltr'><strong>pervenirent.</strong></span> 
     </span>
    </p>
   </div>
   <div class='ocr_carea' id='block_1_44' title="bbox 104 4238 3339 4310">
    <p class='ocr_par' dir='ltr' id='par_1_44' title="bbox 104 4238 3339 4310">
     <span class='ocr_line' id='line_1_44' title="bbox 104 4238 3339 4310; baseline 0.001 -20"><span class='ocrx_word' id='word_1_555' title='bbox 104 4246 166 4290; x_wconf 83' lang='lat' dir='ltr'><strong>ret</strong></span> <span class='ocrx_word' id='word_1_556' title='bbox 185 4238 305 4309; x_wconf 69' lang='lat'><strong>{24).</strong></span> <span class='ocrx_word' id='word_1_557' title='bbox 1827 4241 1917 4295; x_wconf 71' lang='lat' dir='ltr'><strong>2L</strong></span> <span class='ocrx_word' id='word_1_558' title='bbox 1976 4260 1994 4291; x_wconf 75' lang='grc' dir='ltr'>ι</span> <span class='ocrx_word' id='word_1_559' title='bbox 2034 4241 2215 4295; x_wconf 85' lang='lat' dir='ltr'><strong>Bruno</strong></span> <span class='ocrx_word' id='word_1_560' title='bbox 2267 4241 2453 4310; x_wconf 85' lang='lat' dir='ltr'><strong>igitur,</strong></span> <span class='ocrx_word' id='word_1_561' title='bbox 2502 4239 2584 4293; x_wconf 82' lang='lat' dir='ltr'><strong>vir</strong></span> <span class='ocrx_word' id='word_1_562' title='bbox 2611 4239 2985 4293; x_wconf 86' lang='lat' dir='ltr'><strong>sanctissimus</strong></span> <span class='ocrx_word' id='word_1_563' title='bbox 3032 4249 3086 4292; x_wconf 91' lang='lat' dir='ltr'><strong>ct</strong></span> <span class='ocrx_word' id='word_1_564' title='bbox 3121 4240 3339 4308; x_wconf 69' lang='lat' dir='ltr'><strong>gemina</strong></span> 
     </span>
    </p>
   </div>
   <div class='ocr_carea' id='block_1_45' title="bbox 154 4328 3337 4405">
    <p class='ocr_par' dir='ltr' id='par_1_45' title="bbox 154 4328 3337 4405">
     <span class='ocr_line' id='line_1_45' title="bbox 154 4328 3337 4405; baseline -0.004 -6"><span class='ocrx_word' id='word_1_565' title='bbox 154 4328 228 4384; x_wconf 64' lang='grc' dir='ltr'><strong>ἳί·</strong></span> <span class='ocrx_word' id='word_1_566' title='bbox 254 4350 272 4384; x_wconf 72' lang='grc' dir='ltr'>ί</span> <span class='ocrx_word' id='word_1_567' title='bbox 305 4332 441 4399; x_wconf 69' lang='lat' dir='ltr'><strong>Quia</strong></span> <span class='ocrx_word' id='word_1_568' title='bbox 473 4332 649 4403; x_wconf 72' lang='lat' dir='ltr'><strong>igitur.</strong></span> <span class='ocrx_word' id='word_1_569' title='bbox 671 4328 873 4399; x_wconf 65' lang='lat' dir='ltr'><strong>indicia</strong></span> <span class='ocrx_word' id='word_1_570' title='bbox 920 4330 1015 4386; x_wconf 79' lang='lat' dir='ltr'><strong>Dei</strong></span> <span class='ocrx_word' id='word_1_571' title='bbox 1064 4339 1189 4386; x_wconf 79' lang='lat' dir='ltr'><strong>sunt</strong></span> <span class='ocrx_word' id='word_1_572' title='bbox 1238 4330 1657 4401; x_wconf 81' lang='lat' dir='ltr'><strong>iucomprehen-</strong></span> <span class='ocrx_word' id='word_1_573' title='bbox 1758 4337 1983 4392; x_wconf 89' lang='lat' dir='ltr'><strong>scientia</strong></span> <span class='ocrx_word' id='word_1_574' title='bbox 2014 4335 2292 4405; x_wconf 65' lang='lat' dir='ltr'><strong>prwditus,</strong></span> <span class='ocrx_word' id='word_1_575' title='bbox 2325 4343 2433 4387; x_wconf 85' lang='lat' dir='ltr'><strong>tam</strong></span> <span class='ocrx_word' id='word_1_576' title='bbox 2460 4333 2639 4388; x_wconf 88' lang='lat' dir='ltr'><strong>divina</strong></span> <span class='ocrx_word' id='word_1_577' title='bbox 2662 4331 2870 4387; x_wconf 86' lang='lat' dir='ltr'><strong>scilicet</strong></span> <span class='ocrx_word' id='word_1_578' title='bbox 2893 4347 3055 4402; x_wconf 90' lang='lat' dir='ltr'><strong>quam</strong></span> <span class='ocrx_word' id='word_1_579' title='bbox 3079 4331 3337 4396; x_wconf 86' lang='lat' dir='ltr'><strong>humana,</strong></span> 
     </span>
    </p>
   </div>
   <div class='ocr_carea' id='block_1_46' title="bbox 157 4460 3335 4572">
    <p class='ocr_par' dir='ltr' id='par_1_46' title="bbox 157 4460 3335 4572">
     <span class='ocr_line' id='line_1_46' title="bbox 157 4460 3335 4572; baseline 0.002 -53"><span class='ocrx_word' id='word_1_580' title='bbox 157 4463 250 4572; x_wconf 51' lang='lat'><strong>£392</strong></span> <span class='ocrx_word' id='word_1_581' title='bbox 284 4465 365 4572; x_wconf 70' lang='lat' dir='ltr'><strong>Ad</strong></span> <span class='ocrx_word' id='word_1_582' title='bbox 394 4467 765 4572; x_wconf 64' lang='lat' dir='ltr'><strong>Bhegienser&#39;n</strong></span> <span class='ocrx_word' id='word_1_583' title='bbox 814 4467 869 4572; x_wconf 66' lang='lat' dir='ltr'><strong>in</strong></span> <span class='ocrx_word' id='word_1_584' title='bbox 916 4466 1164 4572; x_wconf 68' lang='lat' dir='ltr'><strong>Calabria</strong></span> <span class='ocrx_word' id='word_1_585' title='bbox 1212 4466 1654 4572; x_wconf 59' lang='lat' dir='ltr'><strong>&#39;arcbiepiscopa-</strong></span> <span class='ocrx_word' id='word_1_586' title='bbox 1684 4512 1733 4572; x_wconf 67' lang='grc' dir='ltr'>υ</span> <span class='ocrx_word' id='word_1_587' title='bbox 1761 4473 1926 4572; x_wconf 71' lang='lat' dir='ltr'><strong>viumﬂ</strong></span> <span class='ocrx_word' id='word_1_588' title='bbox 1952 4472 2109 4553; x_wconf 43' lang='lat' dir='ltr'><strong>intuli.</strong></span> <span class='ocrx_word' id='word_1_589' title='bbox 2154 4487 2299 4572; x_wconf 52' lang='grc' dir='ltr'><strong>[Ἤρη.</strong></span> <span class='ocrx_word' id='word_1_590' title='bbox 2315 4468 2767 4572; x_wconf 53' lang='grc' dir='ltr'><strong>ἕι2ε)..ς2ειξιθι·ιιξιιι</strong></span> <span class='ocrx_word' id='word_1_591' title='bbox 2791 4460 2921 4552; x_wconf 72' lang='lat' dir='ltr'><strong>quid</strong></span> <span class='ocrx_word' id='word_1_592' title='bbox 2961 4470 3026 4572; x_wconf 58' lang='lat' dir='ltr'><strong>dle</strong></span> <span class='ocrx_word' id='word_1_593' title='bbox 3065 4478 3335 4540; x_wconf 89' lang='lat' dir='ltr'><strong>tempore:</strong></span> 
     </span>
     <span class='ocr_line' id='line_1_47' title="bbox 218 4551 3335 4572; baseline 0.002 -6"><span class='ocrx_word' id='word_1_594' title='bbox 218 4570 223 4572; x_wconf 17' lang='grc' dir='ltr'><strong>Α</strong></span> <span class='ocrx_word' id='word_1_595' title='bbox 253 4552 348 4572; x_wconf 65' lang='grc' dir='ltr'><strong>..ηρ</strong></span> <span class='ocrx_word' id='word_1_596' title='bbox 376 4554 438 4572; x_wconf 62' lang='grc' dir='ltr'><strong>..ρ</strong></span> <span class='ocrx_word' id='word_1_597' title='bbox 468 4554 572 4572; x_wconf 59' lang='grc' dir='ltr'>..ηρ</span> <span class='ocrx_word' id='word_1_598' title='bbox 601 4553 664 4572; x_wconf 74' lang='grc' dir='ltr'><strong>ο..</strong></span> <span class='ocrx_word' id='word_1_599' title='bbox 689 4553 721 4572; x_wconf 64' lang='grc' dir='ltr'><strong><em>ο</em></strong></span> <span class='ocrx_word' id='word_1_600' title='bbox 745 4552 807 4572; x_wconf 66' lang='grc' dir='ltr'><strong>..η</strong></span> <span class='ocrx_word' id='word_1_601' title='bbox 836 4553 894 4572; x_wconf 59' lang='grc' dir='ltr'><strong>..α</strong></span> <span class='ocrx_word' id='word_1_602' title='bbox 923 4552 1015 4572; x_wconf 60' lang='grc' dir='ltr'><strong>ρο..</strong></span> <span class='ocrx_word' id='word_1_603' title='bbox 1050 4551 1142 4572; x_wconf 65' lang='grc' dir='ltr'><strong>..ηε</strong></span> <span class='ocrx_word' id='word_1_604' title='bbox 1174 4552 1203 4572; x_wconf 90' lang='grc'><strong>..</strong></span> <span class='ocrx_word' id='word_1_605' title='bbox 1231 4552 1255 4572; x_wconf 60' lang='grc' dir='ltr'><strong>ι.</strong></span> <span class='ocrx_word' id='word_1_606' title='bbox 1288 4553 1348 4572; x_wconf 61' lang='grc' dir='ltr'><strong>...ι</strong></span> <span class='ocrx_word' id='word_1_607' title='bbox 1509 4553 1654 4572; x_wconf 72' lang='grc' dir='ltr'>..ηηη</span> <span class='ocrx_word' id='word_1_608' title='bbox 1761 4560 1865 4572; x_wconf 69' lang='grc' dir='ltr'><strong>-..η</strong></span> <span class='ocrx_word' id='word_1_609' title='bbox 1932 4551 2133 4572; x_wconf 45' lang='lat' dir='ltr'><strong>nam...</strong></span> <span class='ocrx_word' id='word_1_610' title='bbox 2226 4556 2271 4572; x_wconf 87' lang='lat'><strong>.,.</strong></span> <span class='ocrx_word' id='word_1_611' title='bbox 2357 4556 2456 4572; x_wconf 77' lang='lat'><strong>....,.</strong></span> <span class='ocrx_word' id='word_1_612' title='bbox 2488 4558 2499 4572; x_wconf 93' lang='lat'><strong>.</strong></span> <span class='ocrx_word' id='word_1_613' title='bbox 2532 4552 2701 4572; x_wconf 58' lang='grc' dir='ltr'><strong>Μαι...</strong></span> <span class='ocrx_word' id='word_1_614' title='bbox 2771 4556 2975 4572; x_wconf 53' lang='lat' dir='ltr'><strong>una&quot;...</strong></span> <span class='ocrx_word' id='word_1_615' title='bbox 3000 4557 3079 4572; x_wconf 65' lang='grc' dir='ltr'><strong>...ρ</strong></span> <span class='ocrx_word' id='word_1_616' title='bbox 3147 4557 3177 4572; x_wconf 72' lang='grc' dir='ltr'><em>ι.</em></span> <span class='ocrx_word' id='word_1_617' title='bbox 3222 4558 3335 4572; x_wconf 68' lang='grc' dir='ltr'><strong>ηη...</strong></span> 
     </span>
    </p>
   </div>
   <div class='ocr_carea' id='block_1_47' title="bbox 103 4535 3341 4614">
    <p class='ocr_par' dir='ltr' id='par_1_47' title="bbox 103 4535 3341 4614">
     <span class='ocr_line' id='line_1_48' title="bbox 103 4535 3341 4614; baseline 0.002 -27"><span class='ocrx_word' id='word_1_618' title='bbox 103 4535 442 4614; x_wconf 41' lang='lat' dir='ltr'><strong>tumnSanctus</strong></span> <span class='ocrx_word' id='word_1_619' title='bbox 468 4535 664 4614; x_wconf 74' lang='lat' dir='ltr'><strong>noster</strong></span> <span class='ocrx_word' id='word_1_620' title='bbox 689 4539 897 4614; x_wconf 84' lang='lat' dir='ltr'><strong>electus</strong></span> <span class='ocrx_word' id='word_1_621' title='bbox 923 4552 1015 4590; x_wconf 90' lang='lat' dir='ltr'><strong>seu</strong></span> <span class='ocrx_word' id='word_1_622' title='bbox 1050 4535 1351 4614; x_wconf 75' lang='lat' dir='ltr'><strong>postulatus</strong></span> <span class='ocrx_word' id='word_1_623' title='bbox 1380 4535 1480 4590; x_wconf 86' lang='lat' dir='ltr'><strong>fuit</strong></span> <span class='ocrx_word' id='word_1_624' title='bbox 1508 4535 1654 4592; x_wconf 87' lang='lat' dir='ltr'><strong>anno</strong></span> <span class='ocrx_word' id='word_1_625' title='bbox 1686 4535 1733 4572; x_wconf 86' lang='grc' dir='ltr'><em>υ</em></span> <span class='ocrx_word' id='word_1_626' title='bbox 1758 4560 1867 4614; x_wconf 89' lang='lat' dir='ltr'><strong>quo</strong></span> <span class='ocrx_word' id='word_1_627' title='bbox 1896 4542 2138 4614; x_wconf 83' lang='lat' dir='ltr'><strong>ﬂoruerit</strong></span> <span class='ocrx_word' id='word_1_628' title='bbox 2184 4543 2273 4614; x_wconf 83' lang='lat' dir='ltr'><strong>hic</strong></span> <span class='ocrx_word' id='word_1_629' title='bbox 2315 4542 2500 4614; x_wconf 83' lang='lat' dir='ltr'><strong>Sancti</strong></span> <span class='ocrx_word' id='word_1_630' title='bbox 2532 4540 2702 4614; x_wconf 81' lang='lat' dir='ltr'><strong>nostri</strong></span> <span class='ocrx_word' id='word_1_631' title='bbox 2751 4535 3111 4614; x_wconf 77' lang='lat' dir='ltr'><strong>biographus,</strong></span> <span class='ocrx_word' id='word_1_632' title='bbox 3146 4535 3190 4614; x_wconf 58' lang='lat' dir='ltr'><strong>e&#39;</strong></span> <span class='ocrx_word' id='word_1_633' title='bbox 3221 4558 3341 4614; x_wconf 30' lang='lat' dir='ltr'><strong>ears</strong></span> 
     </span>
    </p>
   </div>
   <div class='ocr_carea' id='block_1_48' title="bbox 105 4603 3340 4680">
    <p class='ocr_par' dir='ltr' id='par_1_48' title="bbox 105 4603 3340 4680">
     <span class='ocr_line' id='line_1_49' title="bbox 105 4603 3340 4680; baseline 0.002 -23"><span class='ocrx_word' id='word_1_634' title='bbox 105 4603 239 4680; x_wconf 68' lang='lat' dir='ltr'><strong>W90,</strong></span> <span class='ocrx_word' id='word_1_635' title='bbox 264 4609 337 4659; x_wconf 90' lang='lat' dir='ltr'><strong>uti</strong></span> <span class='ocrx_word' id='word_1_636' title='bbox 373 4610 652 4680; x_wconf 50' lang='lat' dir='ltr'><strong>probant,</strong></span> <span class='ocrx_word' id='word_1_637' title='bbox 682 4623 802 4676; x_wconf 76' lang='lat' dir='ltr'><strong>qure</strong></span> <span class='ocrx_word' id='word_1_638' title='bbox 833 4609 935 4661; x_wconf 86' lang='lat' dir='ltr'><strong>huc</strong></span> <span class='ocrx_word' id='word_1_639' title='bbox 959 4603 1258 4676; x_wconf 81' lang='lat' dir='ltr'><strong>spectantia</strong></span> <span class='ocrx_word' id='word_1_640' title='bbox 1294 4608 1346 4660; x_wconf 88' lang='lat' dir='ltr'><strong>in</strong></span> <span class='ocrx_word' id='word_1_641' title='bbox 1380 4622 1655 4661; x_wconf 76' lang='lat' dir='ltr'><strong>commeu-</strong></span> <span class='ocrx_word' id='word_1_642' title='bbox 1762 4603 1959 4668; x_wconf 68' lang='lat' dir='ltr'><strong>titlario</strong></span> <span class='ocrx_word' id='word_1_643' title='bbox 1987 4611 2384 4672; x_wconf 87' lang='lat' dir='ltr'><strong>Carthusiensi,</strong></span> <span class='ocrx_word' id='word_1_644' title='bbox 2410 4611 2565 4680; x_wconf 85' lang='lat' dir='ltr'><strong>cujus</strong></span> <span class='ocrx_word' id='word_1_645' title='bbox 2594 4611 2679 4663; x_wconf 89' lang='lat' dir='ltr'><strong>hic</strong></span> <span class='ocrx_word' id='word_1_646' title='bbox 2703 4603 2979 4673; x_wconf 69' lang='lat' dir='ltr'><strong>meminit,</strong></span> <span class='ocrx_word' id='word_1_647' title='bbox 3012 4603 3340 4667; x_wconf 73' lang='lat' dir='ltr'><strong>concluden-</strong></span> 
     </span>
    </p>
   </div>
   <div class='ocr_carea' id='block_1_49' title="bbox 104 4676 3341 4751">
    <p class='ocr_par' dir='ltr' id='par_1_49' title="bbox 104 4676 3341 4751">
     <span class='ocr_line' id='line_1_50' title="bbox 104 4676 3341 4751; baseline 0.002 -22"><span class='ocrx_word' id='word_1_648' title='bbox 104 4676 214 4751; x_wconf 54' lang='lat' dir='ltr'><strong>tario</strong></span> <span class='ocrx_word' id='word_1_649' title='bbox 243 4676 385 4751; x_wconf 68' lang='lat' dir='ltr'><strong>num.</strong></span> <span class='ocrx_word' id='word_1_650' title='bbox 419 4678 533 4732; x_wconf 73' lang='grc'><strong>532</strong></span> <span class='ocrx_word' id='word_1_651' title='bbox 563 4688 621 4751; x_wconf 62' lang='lat' dir='ltr'><strong>et</strong></span> <span class='ocrx_word' id='word_1_652' title='bbox 649 4695 762 4747; x_wconf 82' lang='lat' dir='ltr'><strong>seq.</strong></span> <span class='ocrx_word' id='word_1_653' title='bbox 795 4680 1013 4731; x_wconf 82' lang='lat' dir='ltr'><strong>adduxi.</strong></span> <span class='ocrx_word' id='word_1_654' title='bbox 1208 4747 1238 4751; x_wconf 42' lang='grc' dir='ltr'>η</span> <span class='ocrx_word' id='word_1_655' title='bbox 1435 4747 1467 4751; x_wconf 89' lang='lat'>__</span> <span class='ocrx_word' id='word_1_656' title='bbox 1758 4685 1884 4737; x_wconf 89' lang='lat' dir='ltr'><strong>dum</strong></span> <span class='ocrx_word' id='word_1_657' title='bbox 1919 4693 2175 4750; x_wconf 81' lang='lat' dir='ltr'><strong>appareat</strong></span> <span class='ocrx_word' id='word_1_658' title='bbox 2196 4722 2207 4743; x_wconf 85' lang='lat'><strong>,</strong></span> <span class='ocrx_word' id='word_1_659' title='bbox 2242 4682 2443 4734; x_wconf 86' lang='lat' dir='ltr'><strong>videsis</strong></span> <span class='ocrx_word' id='word_1_660' title='bbox 2472 4676 2849 4735; x_wconf 76' lang='lat' dir='ltr'><strong>commentarii</strong></span> <span class='ocrx_word' id='word_1_661' title='bbox 2878 4680 3064 4751; x_wconf 69' lang='lat' dir='ltr'><strong>pra&#39;vii</strong></span> <span class='ocrx_word' id='word_1_662' title='bbox 3096 4698 3245 4736; x_wconf 90' lang='lat' dir='ltr'><strong>num.</strong></span> <span class='ocrx_word' id='word_1_663' title='bbox 3274 4682 3341 4734; x_wconf 77' lang='grc'>12</span> 
     </span>
    </p>
   </div>
   <div class='ocr_carea' id='block_1_50' title="bbox 156 4745 2349 4821">
    <p class='ocr_par' dir='ltr' id='par_1_50' title="bbox 156 4745 2349 4821">
     <span class='ocr_line' id='line_1_51' title="bbox 156 4745 2349 4821; baseline 0.001 -22"><span class='ocrx_word' id='word_1_664' title='bbox 156 4745 251 4821; x_wconf 57' lang='lat'><strong>[20)</strong></span> <span class='ocrx_word' id='word_1_665' title='bbox 287 4749 442 4821; x_wconf 83' lang='lat' dir='ltr'><strong>Anno</strong></span> <span class='ocrx_word' id='word_1_666' title='bbox 470 4745 739 4821; x_wconf 64' lang='lat' dir='ltr'><strong>scilicet,</strong></span> <span class='ocrx_word' id='word_1_667' title='bbox 763 4747 1239 4821; x_wconf 14' lang='lat' dir='ltr'><strong>utcomme‘nta_rii</strong></span> <span class='ocrx_word' id='word_1_668' title='bbox 1285 4747 1467 4821; x_wconf 70' lang='lat' dir='ltr'><strong>przevii</strong></span> <span class='ocrx_word' id='word_1_669' title='bbox 1504 4763 1651 4801; x_wconf 84' lang='lat' dir='ltr'><strong>utrm.</strong></span> <span class='ocrx_word' id='word_1_670' title='bbox 1759 4762 1815 4807; x_wconf 72' lang='lat' dir='ltr'><strong>et</strong></span> <span class='ocrx_word' id='word_1_671' title='bbox 1846 4745 2001 4820; x_wconf 52' lang='lat' dir='ltr'><strong>seqq.&quot;</strong></span> <span class='ocrx_word' id='word_1_672' title='bbox 2029 4752 2349 4821; x_wconf 82' lang='lat' dir='ltr'><strong>expositum.</strong></span> 
     </span>
    </p>
   </div>
   <div class='ocr_carea' id='block_1_51' title="bbox 105 4811 3338 4893">
    <p class='ocr_par' dir='ltr' id='par_1_51' title="bbox 105 4811 3338 4893">
     <span class='ocr_line' id='line_1_52' title="bbox 105 4811 3338 4893; baseline 0.003 -30"><span class='ocrx_word' id='word_1_673' title='bbox 105 4811 388 4893; x_wconf 48' lang='lat' dir='ltr'><strong>729alocui,</strong></span> <span class='ocrx_word' id='word_1_674' title='bbox 423 4820 561 4893; x_wconf 73' lang='grc'><strong>1101</strong></span> <span class='ocrx_word' id='word_1_675' title='bbox 590 4835 759 4893; x_wconf 26' lang='lat' dir='ltr'><strong>,‘cum</strong></span> <span class='ocrx_word' id='word_1_676' title='bbox 792 4819 891 4893; x_wconf 79' lang='lat' dir='ltr'><strong>sibi</strong></span> <span class='ocrx_word' id='word_1_677' title='bbox 913 4817 1025 4893; x_wconf 75' lang='lat' dir='ltr'><strong>jam</strong></span> <span class='ocrx_word' id='word_1_678' title='bbox 1074 4818 1124 4893; x_wconf 80' lang='lat' dir='ltr'><strong>in</strong></span> <span class='ocrx_word' id='word_1_679' title='bbox 1158 4811 1444 4893; x_wconf 73' lang='lat' dir='ltr'><strong>Turritana</strong></span> <span class='ocrx_word' id='word_1_680' title='bbox 1473 4833 1657 4893; x_wconf 70' lang='lat' dir='ltr'><strong>ereruo</strong></span> <span class='ocrx_word' id='word_1_681' title='bbox 1835 4811 2328 4893; x_wconf 52' lang='lat' dir='ltr'><strong>(Qi&#39;fLan&#39;duinum</strong></span> <span class='ocrx_word' id='word_1_682' title='bbox 2375 4821 2432 4893; x_wconf 82' lang='lat' dir='ltr'><strong>S.</strong></span> <span class='ocrx_word' id='word_1_683' title='bbox 2484 4820 2694 4879; x_wconf 86' lang='lat' dir='ltr'><strong>Bruno.</strong></span> <span class='ocrx_word' id='word_1_684' title='bbox 2751 4838 2856 4876; x_wconf 90' lang='lat' dir='ltr'><strong>non</strong></span> <span class='ocrx_word' id='word_1_685' title='bbox 2910 4830 3038 4876; x_wconf 89' lang='lat' dir='ltr'><strong>tunc</strong></span> <span class='ocrx_word' id='word_1_686' title='bbox 3067 4822 3338 4893; x_wconf 81' lang='lat' dir='ltr'><strong>primum,</strong></span> 
     </span>
    </p>
   </div>
   <div class='ocr_carea' id='block_1_52' title="bbox 105 4887 3341 4962">
    <p class='ocr_par' dir='ltr' id='par_1_52' title="bbox 105 4887 3341 4962">
     <span class='ocr_line' id='line_1_53' title="bbox 105 4887 3341 4962; baseline 0.002 -24"><span class='ocrx_word' id='word_1_687' title='bbox 105 4888 287 4951; x_wconf 65' lang='lat' dir='ltr'><strong>triginta</strong></span> <span class='ocrx_word' id='word_1_688' title='bbox 318 4892 551 4962; x_wconf 81' lang='lat' dir='ltr'><strong>circiter</strong></span> <span class='ocrx_word' id='word_1_689' title='bbox 584 4889 876 4962; x_wconf 51' lang='lat' dir='ltr'><strong>discipulos</strong></span> <span class='ocrx_word' id='word_1_690' title='bbox 904 4888 1273 4962; x_wconf 78' lang='lat' dir='ltr'><strong>adjnnxisset,</strong></span> <span class='ocrx_word' id='word_1_691' title='bbox 1305 4888 1378 4940; x_wconf 91' lang='lat' dir='ltr'><strong>uti</strong></span> <span class='ocrx_word' id='word_1_692' title='bbox 1411 4904 1443 4962; x_wconf 80' lang='lat' dir='ltr'><strong>e</strong></span> <span class='ocrx_word' id='word_1_693' title='bbox 1472 4887 1659 4962; x_wconf 78' lang='lat' dir='ltr'><strong>&#39;l‘urri-</strong></span> <span class='ocrx_word' id='word_1_694' title='bbox 1759 4887 1882 4951; x_wconf 82' lang='lat' dir='ltr'><strong>cum</strong></span> <span class='ocrx_word' id='word_1_695' title='bbox 1909 4894 2049 4962; x_wconf 86' lang='lat' dir='ltr'><strong>apud</strong></span> <span class='ocrx_word' id='word_1_696' title='bbox 2081 4890 2526 4962; x_wconf 72' lang='lat' dir='ltr'><strong>pontificetnjam</strong></span> <span class='ocrx_word' id='word_1_697' title='bbox 2556 4894 2852 4957; x_wconf 82' lang='lat' dir='ltr'><strong>existeret,</strong></span> <span class='ocrx_word' id='word_1_698' title='bbox 2883 4893 2959 4946; x_wconf 92' lang='lat' dir='ltr'><strong>uti</strong></span> <span class='ocrx_word' id='word_1_699' title='bbox 2992 4887 3083 4947; x_wconf 72' lang='lat' dir='ltr'><strong>hic</strong></span> <span class='ocrx_word' id='word_1_700' title='bbox 3112 4892 3341 4948; x_wconf 85' lang='lat' dir='ltr'><strong>indicari</strong></span> 
     </span>
    </p>
   </div>
   <div class='ocr_carea' id='block_1_53' title="bbox 106 4958 3342 5033">
    <p class='ocr_par' dir='ltr' id='par_1_53' title="bbox 106 4958 3342 5033">
     <span class='ocr_line' id='line_1_54' title="bbox 106 4958 3342 5033; baseline 0.004 -29"><span class='ocrx_word' id='word_1_701' title='bbox 106 4965 338 5031; x_wconf 59' lang='lat' dir='ltr'><strong>tanorum,</strong></span> <span class='ocrx_word' id='word_1_702' title='bbox 367 4963 460 5033; x_wconf 84' lang='lat' dir='ltr'><strong>qui</strong></span> <span class='ocrx_word' id='word_1_703' title='bbox 494 4960 781 5013; x_wconf 87' lang='lat' dir='ltr'><strong>Landuiuo</strong></span> <span class='ocrx_word' id='word_1_704' title='bbox 808 4969 927 5033; x_wconf 84' lang='lat' dir='ltr'><strong>post</strong></span> <span class='ocrx_word' id='word_1_705' title='bbox 955 4959 1139 5011; x_wconf 78' lang='lat' dir='ltr'><strong>Sancti</strong></span> <span class='ocrx_word' id='word_1_706' title='bbox 1167 4958 1371 5033; x_wconf 79' lang='lat' dir='ltr'><strong>obitum</strong></span> <span class='ocrx_word' id='word_1_707' title='bbox 1397 4958 1655 5033; x_wconf 82' lang='lat' dir='ltr'><strong>obedien-</strong></span> <span class='ocrx_word' id='word_1_708' title='bbox 1761 4958 1995 5026; x_wconf 79' lang='lat' dir='ltr'><strong>videtur,</strong></span> <span class='ocrx_word' id='word_1_709' title='bbox 2031 4958 2123 5015; x_wconf 81' lang='lat' dir='ltr'><strong>sed</strong></span> <span class='ocrx_word' id='word_1_710' title='bbox 2152 4979 2273 5015; x_wconf 91' lang='lat' dir='ltr'><strong>cum</strong></span> <span class='ocrx_word' id='word_1_711' title='bbox 2304 4978 2333 5015; x_wconf 91' lang='lat' dir='ltr'><strong>e</strong></span> <span class='ocrx_word' id='word_1_712' title='bbox 2366 4959 2651 5016; x_wconf 87' lang='lat' dir='ltr'><strong>Cartlmsia</strong></span> <span class='ocrx_word' id='word_1_713' title='bbox 2701 4963 2908 5028; x_wconf 88' lang='lat' dir='ltr'><strong>abiret,</strong></span> <span class='ocrx_word' id='word_1_714' title='bbox 2943 4964 3179 5033; x_wconf 88' lang='lat' dir='ltr'><strong>priorem</strong></span> <span class='ocrx_word' id='word_1_715' title='bbox 3210 4980 3342 5018; x_wconf 82' lang='lat' dir='ltr'><strong>con-</strong></span> 
     </span>
    </p>
   </div>
   <div class='ocr_carea' id='block_1_54' title="bbox 106 5028 3341 5103">
    <p class='ocr_par' dir='ltr' id='par_1_54' title="bbox 106 5028 3341 5103">
     <span class='ocr_line' id='line_1_55' title="bbox 106 5028 3341 5103; baseline 0.003 -28"><span class='ocrx_word' id='word_1_716' title='bbox 106 5028 207 5078; x_wconf 82' lang='lat' dir='ltr'><strong>tiam</strong></span> <span class='ocrx_word' id='word_1_717' title='bbox 250 5032 655 5103; x_wconf 78' lang='lat' dir='ltr'><strong>promiserunt,</strong></span> <span class='ocrx_word' id='word_1_718' title='bbox 708 5028 1400 5103; x_wconf 58' lang='lat' dir='ltr'><strong>utortachqrunrcatalogo,</strong></span> <span class='ocrx_word' id='word_1_719' title='bbox 1430 5030 1481 5080; x_wconf 91' lang='lat' dir='ltr'><strong>in</strong></span> <span class='ocrx_word' id='word_1_720' title='bbox 1512 5044 1659 5103; x_wconf 80' lang='lat' dir='ltr'><strong>com-</strong></span> <span class='ocrx_word' id='word_1_721' title='bbox 1760 5035 1968 5096; x_wconf 87' lang='lat' dir='ltr'><strong>stituit,</strong></span> <span class='ocrx_word' id='word_1_722' title='bbox 2000 5034 2073 5085; x_wconf 92' lang='lat' dir='ltr'><strong>uti</strong></span> <span class='ocrx_word' id='word_1_723' title='bbox 2104 5032 2278 5103; x_wconf 83' lang='lat' dir='ltr'><strong>liquet</strong></span> <span class='ocrx_word' id='word_1_724' title='bbox 2301 5048 2331 5085; x_wconf 91' lang='lat' dir='ltr'><strong>e</strong></span> <span class='ocrx_word' id='word_1_725' title='bbox 2362 5033 2606 5087; x_wconf 89' lang='lat' dir='ltr'><strong>recitatis</strong></span> <span class='ocrx_word' id='word_1_726' title='bbox 2636 5033 2690 5087; x_wconf 91' lang='lat' dir='ltr'><strong>in</strong></span> <span class='ocrx_word' id='word_1_727' title='bbox 2714 5028 3111 5089; x_wconf 80' lang='lat' dir='ltr'><strong>commentario</strong></span> <span class='ocrx_word' id='word_1_728' title='bbox 3141 5036 3341 5103; x_wconf 73' lang='lat' dir='ltr'><strong>przevio</strong></span> 
     </span>
    </p>
   </div>
   <div class='ocr_carea' id='block_1_55' title="bbox 107 5096 3342 5171">
    <p class='ocr_par' dir='ltr' id='par_1_55' title="bbox 107 5096 3342 5171">
     <span class='ocr_line' id='line_1_56' title="bbox 107 5096 3342 5171; baseline 0.002 -22"><span class='ocrx_word' id='word_1_729' title='bbox 107 5100 389 5171; x_wconf 53' lang='lat' dir='ltr'><strong>[ternarium</strong></span> <span class='ocrx_word' id='word_1_730' title='bbox 441 5100 714 5171; x_wconf 50' lang='lat' dir='ltr'><strong>praevium</strong></span> <span class='ocrx_word' id='word_1_731' title='bbox 744 5116 892 5155; x_wconf 86' lang='lat' dir='ltr'><strong>num.</strong></span> <span class='ocrx_word' id='word_1_732' title='bbox 944 5098 1050 5151; x_wconf 78' lang='grc'>622</span> <span class='ocrx_word' id='word_1_733' title='bbox 1097 5098 1277 5163; x_wconf 88' lang='lat' dir='ltr'><strong>illato,</strong></span> <span class='ocrx_word' id='word_1_734' title='bbox 1312 5096 1399 5153; x_wconf 82' lang='lat' dir='ltr'><strong>fas</strong></span> <span class='ocrx_word' id='word_1_735' title='bbox 1426 5108 1512 5154; x_wconf 85' lang='lat' dir='ltr'><strong>est</strong></span> <span class='ocrx_word' id='word_1_736' title='bbox 1552 5099 1662 5153; x_wconf 86' lang='lat' dir='ltr'><strong>col-</strong></span> <span class='ocrx_word' id='word_1_737' title='bbox 1762 5121 1912 5158; x_wconf 92' lang='lat' dir='ltr'><strong>num.</strong></span> <span class='ocrx_word' id='word_1_738' title='bbox 1961 5104 2066 5159; x_wconf 74' lang='lat'><strong>5&#39;29</strong></span> <span class='ocrx_word' id='word_1_739' title='bbox 2118 5096 2340 5163; x_wconf 82' lang='lat' dir='ltr'><strong>liiteris,</strong></span> <span class='ocrx_word' id='word_1_740' title='bbox 2393 5102 2587 5169; x_wconf 73' lang='lat' dir='ltr'><strong>quibus</strong></span> <span class='ocrx_word' id='word_1_741' title='bbox 2650 5103 2995 5158; x_wconf 81' lang='lat' dir='ltr'><strong>Carthusiam</strong></span> <span class='ocrx_word' id='word_1_742' title='bbox 3062 5096 3342 5157; x_wconf 75' lang='lat' dir='ltr'><strong>Landuino</strong></span> 
     </span>
    </p>
   </div>
   <div class='ocr_carea' id='block_1_56' title="bbox 107 5162 3338 5245">
    <p class='ocr_par' dir='ltr' id='par_1_56' title="bbox 107 5162 3338 5245">
     <span class='ocr_line' id='line_1_57' title="bbox 107 5162 3338 5245; baseline -0.002 -12"><span class='ocrx_word' id='word_1_743' title='bbox 107 5162 259 5245; x_wconf 53' lang='lat' dir='ltr'><strong>“VT?-</strong></span> <span class='ocrx_word' id='word_1_744' title='bbox 295 5238 338 5245; x_wconf 53' lang='grc' dir='ltr'>η</span> <span class='ocrx_word' id='word_1_745' title='bbox 441 5162 459 5171; x_wconf 73' lang='grc'><em>’</em></span> <span class='ocrx_word' id='word_1_746' title='bbox 624 5240 657 5245; x_wconf 91' lang='lat'><em>_</em></span> <span class='ocrx_word' id='word_1_747' title='bbox 849 5241 859 5245; x_wconf 26' lang='grc' dir='ltr'><strong>Α</strong></span> <span class='ocrx_word' id='word_1_748' title='bbox 930 5240 964 5245; x_wconf 87' lang='lat'><strong>__</strong></span> <span class='ocrx_word' id='word_1_749' title='bbox 1034 5240 1046 5245; x_wconf 90' lang='lat'><em>_</em></span> <span class='ocrx_word' id='word_1_750' title='bbox 1127 5240 1159 5245; x_wconf 90' lang='lat'>__</span> <span class='ocrx_word' id='word_1_751' title='bbox 1193 5239 1225 5245; x_wconf 84' lang='lat'><strong><em>_</em></strong></span> <span class='ocrx_word' id='word_1_752' title='bbox 1266 5162 1270 5163; x_wconf 17' lang='grc' dir='ltr'>ί</span> <span class='ocrx_word' id='word_1_753' title='bbox 1499 5238 1511 5245; x_wconf 27' lang='grc' dir='ltr'>μ</span> <span class='ocrx_word' id='word_1_754' title='bbox 1763 5174 1994 5242; x_wconf 84' lang='lat' dir='ltr'><strong>aliisque</strong></span> <span class='ocrx_word' id='word_1_755' title='bbox 2018 5173 2203 5229; x_wconf 84' lang='lat' dir='ltr'><strong>Sancti</strong></span> <span class='ocrx_word' id='word_1_756' title='bbox 2228 5162 2508 5242; x_wconf 80' lang='lat' dir='ltr'><strong>disCipulis</strong></span> <span class='ocrx_word' id='word_1_757' title='bbox 2532 5174 2821 5245; x_wconf 71' lang='lat' dir='ltr'><strong>Siguiuus,</strong></span> <span class='ocrx_word' id='word_1_758' title='bbox 2845 5173 3120 5229; x_wconf 73' lang='lat' dir='ltr'><strong>Cassa-Dei</strong></span> <span class='ocrx_word' id='word_1_759' title='bbox 3146 5172 3338 5239; x_wconf 87' lang='lat' dir='ltr'><strong>abbas,</strong></span> 
     </span>
    </p>
   </div>
   <div class='ocr_carea' id='block_1_57' title="bbox 161 5238 2024 5309">
    <p class='ocr_par' dir='ltr' id='par_1_57' title="bbox 161 5238 2024 5309">
     <span class='ocr_line' id='line_1_58' title="bbox 161 5238 2024 5309; baseline 0.002 -21"><span class='ocrx_word' id='word_1_760' title='bbox 161 5239 255 5301; x_wconf 61' lang='lat' dir='ltr'><strong>fit»</strong></span> <span class='ocrx_word' id='word_1_761' title='bbox 295 5238 365 5296; x_wconf 83' lang='lat' dir='ltr'><strong>Ut</strong></span> <span class='ocrx_word' id='word_1_762' title='bbox 390 5256 597 5295; x_wconf 87' lang='lat' dir='ltr'><strong>omnes</strong></span> <span class='ocrx_word' id='word_1_763' title='bbox 624 5240 895 5295; x_wconf 84' lang='lat' dir='ltr'><strong>Brunonis</strong></span> <span class='ocrx_word' id='word_1_764' title='bbox 914 5240 1159 5309; x_wconf 89' lang='lat' dir='ltr'><strong>discipuli</strong></span> <span class='ocrx_word' id='word_1_765' title='bbox 1191 5239 1416 5293; x_wconf 78' lang='lat' dir='ltr'><strong>Romam</strong></span> <span class='ocrx_word' id='word_1_766' title='bbox 1446 5238 1511 5291; x_wconf 90' lang='lat' dir='ltr'><strong>ad</strong></span> <span class='ocrx_word' id='word_1_767' title='bbox 1537 5253 1659 5293; x_wconf 91' lang='lat' dir='ltr'><strong>eum</strong></span> <span class='ocrx_word' id='word_1_768' title='bbox 1764 5238 2024 5300; x_wconf 65' lang='lat' dir='ltr'><strong>restituit.</strong></span> 
     </span>
    </p>
   </div>
   <div class='ocr_carea' id='block_1_58' title="bbox 106 5310 3342 5438">
    <p class='ocr_par' dir='ltr' id='par_1_58' title="bbox 106 5310 3342 5438">
     <span class='ocr_line' id='line_1_59' title="bbox 106 5310 3342 5438; baseline 0.003 -83"><span class='ocrx_word' id='word_1_769' title='bbox 106 5314 452 5373; x_wconf 79' lang='lat' dir='ltr'><strong>convenerint,</strong></span> <span class='ocrx_word' id='word_1_770' title='bbox 490 5312 762 5387; x_wconf 83' lang='lat' dir='ltr'><strong>miraculo</strong></span> <span class='ocrx_word' id='word_1_771' title='bbox 793 5312 990 5366; x_wconf 87' lang='lat' dir='ltr'><strong>factum</strong></span> <span class='ocrx_word' id='word_1_772' title='bbox 1014 5352 1027 5374; x_wconf 91' lang='lat'><strong>,</strong></span> <span class='ocrx_word' id='word_1_773' title='bbox 1061 5313 1285 5365; x_wconf 86' lang='lat' dir='ltr'><strong>inrmere</strong></span> <span class='ocrx_word' id='word_1_774' title='bbox 1317 5310 1403 5363; x_wconf 88' lang='lat' dir='ltr'><strong>hic</strong></span> <span class='ocrx_word' id='word_1_775' title='bbox 1448 5310 1662 5363; x_wconf 90' lang='lat' dir='ltr'><strong>videtur</strong></span> <span class='ocrx_word' id='word_1_776' title='bbox 1834 5315 1948 5438; x_wconf 39' lang='lat'><strong>$25)</strong></span> <span class='ocrx_word' id='word_1_777' title='bbox 1989 5316 2190 5370; x_wconf 85' lang='lat' dir='ltr'><strong>Omnes</strong></span> <span class='ocrx_word' id='word_1_778' title='bbox 2214 5313 2487 5382; x_wconf 89' lang='lat' dir='ltr'><strong>apostolos</strong></span> <span class='ocrx_word' id='word_1_779' title='bbox 2537 5314 2590 5367; x_wconf 91' lang='lat' dir='ltr'><strong>in</strong></span> <span class='ocrx_word' id='word_1_780' title='bbox 2632 5312 2835 5368; x_wconf 90' lang='lat' dir='ltr'><strong>Christi</strong></span> <span class='ocrx_word' id='word_1_781' title='bbox 2882 5311 3144 5369; x_wconf 90' lang='lat' dir='ltr'><strong>Passione</strong></span> <span class='ocrx_word' id='word_1_782' title='bbox 3172 5328 3202 5366; x_wconf 86' lang='lat' dir='ltr'><strong>a</strong></span> <span class='ocrx_word' id='word_1_783' title='bbox 3236 5310 3342 5365; x_wconf 82' lang='lat' dir='ltr'><strong>fide</strong></span> 
     </span>
     <span class='ocr_line' id='line_1_60' title="bbox 109 5378 3342 5438; baseline 0.002 -13"><span class='ocrx_word' id='word_1_784' title='bbox 109 5387 259 5431; x_wconf 82' lang='lat' dir='ltr'><strong>noster</strong></span> <span class='ocrx_word' id='word_1_785' title='bbox 283 5381 659 5438; x_wconf 80' lang='lat' dir='ltr'><strong>hiotzranbus:</strong></span> <span class='ocrx_word' id='word_1_786' title='bbox 698 5396 799 5438; x_wconf 81' lang='lat' dir='ltr'><strong>uua</strong></span> <span class='ocrx_word' id='word_1_787' title='bbox 826 5382 891 5436; x_wconf 90' lang='lat' dir='ltr'><strong>de</strong></span> <span class='ocrx_word' id='word_1_788' title='bbox 927 5397 984 5436; x_wconf 90' lang='lat' dir='ltr'><strong>re</strong></span> <span class='ocrx_word' id='word_1_789' title='bbox 1005 5421 1019 5438; x_wconf 89' lang='lat'><strong>.</strong></span> <span class='ocrx_word' id='word_1_790' title='bbox 1048 5381 1177 5438; x_wconf 78' lang='lat' dir='ltr'><strong>quid</strong></span> <span class='ocrx_word' id='word_1_791' title='bbox 1214 5380 1478 5438; x_wconf 86' lang='lat' dir='ltr'><strong>sentiam.</strong></span> <span class='ocrx_word' id='word_1_792' title='bbox 1504 5378 1662 5434; x_wconf 83' lang='lat' dir='ltr'><strong>Com-</strong></span> <span class='ocrx_word' id='word_1_793' title='bbox 1765 5384 1828 5438; x_wconf 88' lang='lat' dir='ltr'><strong>de</strong></span> <span class='ocrx_word' id='word_1_794' title='bbox 1857 5400 2059 5438; x_wconf 84' lang='lat' dir='ltr'><strong>ecrsse.</strong></span> <span class='ocrx_word' id='word_1_795' title='bbox 2108 5383 2206 5438; x_wconf 87' lang='lat' dir='ltr'><strong>soli</strong></span> <span class='ocrx_word' id='word_1_796' title='bbox 2257 5384 2574 5438; x_wconf 83' lang='lat' dir='ltr'><strong>beterodoxi</strong></span> <span class='ocrx_word' id='word_1_797' title='bbox 2605 5394 2882 5438; x_wconf 88' lang='lat' dir='ltr'><strong>asserunt:</strong></span> <span class='ocrx_word' id='word_1_798' title='bbox 2914 5398 3084 5438; x_wconf 87' lang='lat' dir='ltr'><strong>uuare</strong></span> <span class='ocrx_word' id='word_1_799' title='bbox 3130 5397 3159 5434; x_wconf 91' lang='lat' dir='ltr'><strong>a</strong></span> <span class='ocrx_word' id='word_1_800' title='bbox 3212 5395 3342 5434; x_wconf 86' lang='lat' dir='ltr'><strong>vero</strong></span> 
     </span>
    </p>
   </div>
   <div class='ocr_carea' id='block_1_59' title="bbox 109 5378 3343 5454">
    <p class='ocr_par' dir='ltr' id='par_1_59' title="bbox 109 5378 3343 5454">
     <span class='ocr_line' id='line_1_61' title="bbox 109 5378 3343 5454; baseline 0.002 -29"><span class='ocrx_word' id='word_1_801' title='bbox 109 5387 259 5431; x_wconf 82' lang='lat' dir='ltr'><strong>noster</strong></span> <span class='ocrx_word' id='word_1_802' title='bbox 283 5381 659 5454; x_wconf 75' lang='lat' dir='ltr'><strong>hingrapbus;</strong></span> <span class='ocrx_word' id='word_1_803' title='bbox 698 5381 891 5454; x_wconf 45' lang='grc' dir='ltr'><strong>[εὐρέε</strong></span> <span class='ocrx_word' id='word_1_804' title='bbox 927 5381 1177 5454; x_wconf 42' lang='grc' dir='ltr'><strong>γβνᾳυίά</strong></span> <span class='ocrx_word' id='word_1_805' title='bbox 1214 5380 1478 5446; x_wconf 87' lang='lat' dir='ltr'><strong>sentiam,</strong></span> <span class='ocrx_word' id='word_1_806' title='bbox 1504 5378 1662 5434; x_wconf 83' lang='lat' dir='ltr'><strong>Com-</strong></span> <span class='ocrx_word' id='word_1_807' title='bbox 1765 5378 2059 5447; x_wconf 81' lang='lat' dir='ltr'><strong>defecisse,</strong></span> <span class='ocrx_word' id='word_1_808' title='bbox 2108 5383 2206 5439; x_wconf 87' lang='lat' dir='ltr'><strong>soli</strong></span> <span class='ocrx_word' id='word_1_809' title='bbox 2250 5378 2574 5439; x_wconf 37' lang='lat' dir='ltr'><strong>’beterodoxi</strong></span> <span class='ocrx_word' id='word_1_810' title='bbox 2605 5394 2882 5446; x_wconf 87' lang='lat' dir='ltr'><strong>asserunt;</strong></span> <span class='ocrx_word' id='word_1_811' title='bbox 2914 5398 3084 5454; x_wconf 86' lang='lat' dir='ltr'><strong>quare</strong></span> <span class='ocrx_word' id='word_1_812' title='bbox 3130 5397 3159 5434; x_wconf 91' lang='lat' dir='ltr'><strong>a</strong></span> <span class='ocrx_word' id='word_1_813' title='bbox 3212 5395 3343 5434; x_wconf 87' lang='lat' dir='ltr'><strong>vero</strong></span> 
     </span>
    </p>
   </div>
   <div class='ocr_carea' id='block_1_60' title="bbox 110 5448 2479 5523">
    <p class='ocr_par' dir='ltr' id='par_1_60' title="bbox 110 5448 2479 5523">
     <span class='ocr_line' id='line_1_62' title="bbox 110 5448 2479 5523; baseline 0.003 -22"><span class='ocrx_word' id='word_1_814' title='bbox 110 5452 326 5523; x_wconf 64' lang='lat' dir='ltr'><strong>mentarij</strong></span> <span class='ocrx_word' id='word_1_815' title='bbox 359 5448 552 5523; x_wconf 56' lang='lat' dir='ltr'><strong>praevii</strong></span> <span class='ocrx_word' id='word_1_816' title='bbox 586 5448 738 5523; x_wconf 65' lang='lat' dir='ltr'><strong>num.</strong></span> <span class='ocrx_word' id='word_1_817' title='bbox 768 5448 871 5523; x_wconf 78' lang='grc'><strong>527</strong></span> <span class='ocrx_word' id='word_1_818' title='bbox 904 5448 1081 5506; x_wconf 77' lang='lat' dir='ltr'><strong>ediin</strong></span> <span class='ocrx_word' id='word_1_819' title='bbox 1410 5519 1441 5523; x_wconf 20' lang='grc' dir='ltr'><strong>ΑΔ</strong></span> <span class='ocrx_word' id='word_1_820' title='bbox 1628 5520 1658 5523; x_wconf 25' lang='grc' dir='ltr'><em>Α</em></span> <span class='ocrx_word' id='word_1_821' title='bbox 1766 5455 1856 5511; x_wconf 91' lang='lat' dir='ltr'><strong>hic</strong></span> <span class='ocrx_word' id='word_1_822' title='bbox 1882 5458 2100 5509; x_wconf 88' lang='lat' dir='ltr'><strong>aberrat</strong></span> <span class='ocrx_word' id='word_1_823' title='bbox 2131 5455 2479 5523; x_wconf 78' lang='lat' dir='ltr'><strong>biqgrapbus.</strong></span> 
     </span>
    </p>
   </div>
   <div class='ocr_carea' id='block_1_61' title="bbox 163 5514 3343 5595">
    <p class='ocr_par' dir='ltr' id='par_1_61' title="bbox 163 5514 3343 5595">
     <span class='ocr_line' id='line_1_63' title="bbox 163 5514 3343 5595; baseline 0 -24"><span class='ocrx_word' id='word_1_824' title='bbox 163 5514 630 5595; x_wconf 67' lang='lat' dir='ltr'><strong>(2‘2)_l’ontiticias</strong></span> <span class='ocrx_word' id='word_1_825' title='bbox 675 5521 794 5595; x_wconf 78' lang='lat' dir='ltr'><strong>illas</strong></span> <span class='ocrx_word' id='word_1_826' title='bbox 826 5521 1035 5595; x_wconf 83' lang='lat' dir='ltr'><strong>litteras</strong></span> <span class='ocrx_word' id='word_1_827' title='bbox 1062 5519 1444 5576; x_wconf 88' lang='lat' dir='ltr'><strong>commentarii</strong></span> <span class='ocrx_word' id='word_1_828' title='bbox 1476 5520 1663 5595; x_wconf 74' lang='lat' dir='ltr'><strong>praevii</strong></span> <span class='ocrx_word' id='word_1_829' title='bbox 1844 5526 1956 5595; x_wconf 85' lang='grc'>(26)</span> <span class='ocrx_word' id='word_1_830' title='bbox 1999 5514 2379 5593; x_wconf 73' lang='lat' dir='ltr'><strong>Liquet&#39;liinc,</strong></span> <span class='ocrx_word' id='word_1_831' title='bbox 2412 5525 2572 5577; x_wconf 89' lang='lat' dir='ltr'><strong>etiam</strong></span> <span class='ocrx_word' id='word_1_832' title='bbox 2603 5522 2899 5595; x_wconf 60' lang='lat' dir='ltr'><strong>secundum</strong></span> <span class='ocrx_word' id='word_1_833' title='bbox 2950 5524 3091 5577; x_wconf 86' lang='lat' dir='ltr'><strong>hunc</strong></span> <span class='ocrx_word' id='word_1_834' title='bbox 3121 5515 3343 5585; x_wconf 61' lang='grc' dir='ltr'><strong>ἰήσεται</strong></span> 
     </span>
    </p>
   </div>
   <div class='ocr_carea' id='block_1_62' title="bbox 113 5588 3345 5665">
    <p class='ocr_par' dir='ltr' id='par_1_62' title="bbox 113 5588 3345 5665">
     <span class='ocr_line' id='line_1_64' title="bbox 113 5588 3345 5665; baseline 0 -27"><span class='ocrx_word' id='word_1_835' title='bbox 113 5599 233 5665; x_wconf 65' lang='lat' dir='ltr'><strong>nutu.</strong></span> <span class='ocrx_word' id='word_1_836' title='bbox 262 5588 357 5665; x_wconf 63' lang='lat'><strong>528</strong></span> <span class='ocrx_word' id='word_1_837' title='bbox 388 5593 646 5665; x_wconf 74' lang='lat' dir='ltr'><strong>integras</strong></span> <span class='ocrx_word' id='word_1_838' title='bbox 675 5591 824 5665; x_wconf 82' lang='lat' dir='ltr'><strong>dedi;</strong></span> <span class='ocrx_word' id='word_1_839' title='bbox 856 5599 912 5665; x_wconf 70' lang='lat' dir='ltr'><strong>in</strong></span> <span class='ocrx_word' id='word_1_840' title='bbox 948 5592 1012 5645; x_wconf 87' lang='lat' dir='ltr'><strong>iis</strong></span> <span class='ocrx_word' id='word_1_841' title='bbox 1044 5602 1260 5657; x_wconf 88' lang='lat' dir='ltr'><strong>autem,</strong></span> <span class='ocrx_word' id='word_1_842' title='bbox 1307 5607 1411 5644; x_wconf 86' lang='lat' dir='ltr'><strong>non</strong></span> <span class='ocrx_word' id='word_1_843' title='bbox 1457 5588 1666 5665; x_wconf 73' lang='lat' dir='ltr'><strong>ordinis</strong></span> <span class='ocrx_word' id='word_1_844' title='bbox 1769 5588 2203 5665; x_wconf 50' lang='lat' dir='ltr'><strong>phum&#39;nostrum</strong></span> <span class='ocrx_word' id='word_1_845' title='bbox 2234 5610 2406 5665; x_wconf 69' lang='lat' dir='ltr'><strong>annos</strong></span> <span class='ocrx_word' id='word_1_846' title='bbox 2430 5610 2519 5647; x_wconf 82' lang='lat' dir='ltr'><strong>sex</strong></span> <span class='ocrx_word' id='word_1_847' title='bbox 2539 5595 2733 5661; x_wconf 88' lang='lat' dir='ltr'><strong>quibus</strong></span> <span class='ocrx_word' id='word_1_848' title='bbox 2760 5592 2815 5643; x_wconf 83' lang='lat' dir='ltr'><strong>S.</strong></span> <span class='ocrx_word' id='word_1_849' title='bbox 2835 5590 3345 5665; x_wconf 71' lang='lat' dir='ltr'><strong>Bruuo,antctp_ram</strong></span> 
     </span>
    </p>
   </div>
   <div class='ocr_carea' id='block_1_63' title="bbox 111 5656 3343 5731">
    <p class='ocr_par' dir='ltr' id='par_1_63' title="bbox 111 5656 3343 5731">
     <span class='ocr_line' id='line_1_65' title="bbox 111 5656 3343 5731; baseline 0.002 -24"><span class='ocrx_word' id='word_1_850' title='bbox 111 5656 639 5731; x_wconf 41' lang='lat' dir='ltr'><strong>Cartlrusiensisfsed</strong></span> <span class='ocrx_word' id='word_1_851' title='bbox 665 5661 811 5716; x_wconf 73' lang='lat' dir='ltr'><strong>cellae</strong></span> <span class='ocrx_word' id='word_1_852' title='bbox 837 5660 1096 5715; x_wconf 80' lang='lat' dir='ltr'><strong>duntaxat</strong></span> <span class='ocrx_word' id='word_1_853' title='bbox 1143 5656 1251 5716; x_wconf 84' lang='lat' dir='ltr'><strong>seu</strong></span> <span class='ocrx_word' id='word_1_854' title='bbox 1273 5662 1605 5725; x_wconf 88' lang='lat' dir='ltr'><strong>monasterii,</strong></span> <span class='ocrx_word' id='word_1_855' title='bbox 1634 5677 1665 5715; x_wconf 88' lang='lat' dir='ltr'><strong>a</strong></span> <span class='ocrx_word' id='word_1_856' title='bbox 1768 5656 1838 5719; x_wconf 71' lang='lat' dir='ltr'><strong>ab</strong></span> <span class='ocrx_word' id='word_1_857' title='bbox 1866 5664 2083 5720; x_wconf 87' lang='lat' dir='ltr'><strong>Urbano</strong></span> <span class='ocrx_word' id='word_1_858' title='bbox 2115 5663 2155 5716; x_wconf 93' lang='lat' dir='ltr'><strong>ll</strong></span> <span class='ocrx_word' id='word_1_859' title='bbox 2188 5679 2320 5731; x_wconf 88' lang='lat' dir='ltr'><strong>papa</strong></span> <span class='ocrx_word' id='word_1_860' title='bbox 2365 5656 2589 5716; x_wconf 81' lang='lat' dir='ltr'><strong>Romam</strong></span> <span class='ocrx_word' id='word_1_861' title='bbox 2621 5669 2962 5731; x_wconf 81' lang='lat' dir='ltr'><strong>evocarcttn‘,</strong></span> <span class='ocrx_word' id='word_1_862' title='bbox 2994 5659 3343 5718; x_wconf 68' lang='lat' dir='ltr'><strong>Carthasim&quot;</strong></span> 
     </span>
    </p>
   </div>
   <div class='ocr_carea' id='block_1_64' title="bbox 113 5723 2818 5803">
    <p class='ocr_par' dir='ltr' id='par_1_64' title="bbox 113 5723 2818 5803">
     <span class='ocr_line' id='line_1_66' title="bbox 113 5723 2818 5803; baseline 0.001 -23"><span class='ocrx_word' id='word_1_863' title='bbox 113 5723 328 5803; x_wconf 69' lang='lat' dir='ltr'><strong>anone</strong></span> <span class='ocrx_word' id='word_1_864' title='bbox 351 5733 698 5794; x_wconf 84' lang='lat' dir='ltr'><strong>constructi,</strong></span> <span class='ocrx_word' id='word_1_865' title='bbox 726 5734 927 5785; x_wconf 88' lang='lat' dir='ltr'><strong>mentio</strong></span> <span class='ocrx_word' id='word_1_866' title='bbox 954 5734 1027 5785; x_wconf 87' lang='lat' dir='ltr'><strong>tit.</strong></span> <span class='ocrx_word' id='word_1_867' title='bbox 1394 5801 1403 5803; x_wconf 79' lang='lat'><strong><em>_</em></strong></span> <span class='ocrx_word' id='word_1_868' title='bbox 1594 5723 1602 5725; x_wconf 33' lang='lat'>_</span> <span class='ocrx_word' id='word_1_869' title='bbox 1770 5738 1928 5801; x_wconf 73' lang='lat' dir='ltr'><strong>rexit,</strong></span> <span class='ocrx_word' id='word_1_870' title='bbox 1963 5723 2317 5803; x_wconf 81' lang='lat' dir='ltr'><strong>incomplctos</strong></span> <span class='ocrx_word' id='word_1_871' title='bbox 2339 5733 2599 5786; x_wconf 80' lang='lat' dir='ltr'><strong>duntaxat</strong></span> <span class='ocrx_word' id='word_1_872' title='bbox 2634 5730 2818 5783; x_wconf 88' lang='lat' dir='ltr'><strong>fuisse.</strong></span> 
     </span>
    </p>
   </div>
   <div class='ocr_carea' id='block_1_65' title="bbox 168 5798 1667 5873">
    <p class='ocr_par' dir='ltr' id='par_1_65' title="bbox 168 5798 1667 5873">
     <span class='ocr_line' id='line_1_67' title="bbox 168 5798 1667 5873; baseline 0.003 -21"><span class='ocrx_word' id='word_1_873' title='bbox 168 5798 268 5871; x_wconf 75' lang='grc'>(23)</span> <span class='ocrx_word' id='word_1_874' title='bbox 301 5802 740 5858; x_wconf 82' lang='lat' dir='ltr'><strong>instrumentum</strong></span> <span class='ocrx_word' id='word_1_875' title='bbox 774 5803 914 5855; x_wconf 88' lang='lat' dir='ltr'><strong>istud</strong></span> <span class='ocrx_word' id='word_1_876' title='bbox 960 5804 1012 5856; x_wconf 90' lang='lat' dir='ltr'><strong>in</strong></span> <span class='ocrx_word' id='word_1_877' title='bbox 1053 5801 1500 5861; x_wconf 80' lang='lat' dir='ltr'><strong>commentarium</strong></span> <span class='ocrx_word' id='word_1_878' title='bbox 1531 5815 1667 5873; x_wconf 77' lang='lat' dir='ltr'><strong>pra:-</strong></span> 
     </span>
    </p>
   </div>
   <div class='ocr_carea' id='block_1_66' title="bbox 528 5889 3012 5958">
    <p class='ocr_par' dir='ltr' id='par_1_66' title="bbox 528 5889 3012 5958">
     <span class='ocr_line' id='line_1_68' title="bbox 528 5889 3012 5958; baseline -0.003 -4"><span class='ocrx_word' id='word_1_879' title='bbox 528 5896 811 5954; x_wconf 69' lang='lat' dir='ltr'><strong>PA‘ruOL.</strong></span> <span class='ocrx_word' id='word_1_880' title='bbox 856 5893 1027 5958; x_wconf 87' lang='lat' dir='ltr'><strong>CLII.</strong></span> <span class='ocrx_word' id='word_1_881' title='bbox 2935 5889 3012 5947; x_wconf 69' lang='lat' dir='ltr'><strong>t‘i</strong></span> 
     </span>
    </p>
   </div>
  </div>
