  <div class='ocr_page' id='page_1' title='image "/cluster/home/n/w/nwhite01/storage/ocr_20150623/152/hvd.32044015473804/252.png"; bbox 0 0 3846 6316; ppageno 0'>
   <div class='ocr_carea' id='block_1_1' title="bbox 131 379 219 436">
    <p class='ocr_par' dir='ltr' id='par_1_1' title="bbox 131 379 219 436">
     <span class='ocr_line' id='line_1_1' title="bbox 131 379 219 436; baseline -0.023 0"><span class='ocrx_word' id='word_1_1' title='bbox 131 379 219 436; x_wconf 71' lang='grc'><strong>495</strong></span> 
     </span>
    </p>
   </div>
   <div class='ocr_carea' id='block_1_2' title="bbox 1646 379 1837 435">
    <p class='ocr_par' dir='ltr' id='par_1_2' title="bbox 1646 379 1837 435">
     <span class='ocr_line' id='line_1_2' title="bbox 1646 379 1837 435; baseline 0.005 -1"><span class='ocrx_word' id='word_1_2' title='bbox 1646 379 1837 435; x_wconf 70' lang='lat' dir='ltr'><strong>ACTA.</strong></span> 
     </span>
    </p>
   </div>
   <div class='ocr_carea' id='block_1_3' title="bbox 3254 380 3360 443">
    <p class='ocr_par' dir='ltr' id='par_1_3' title="bbox 3254 380 3360 443">
     <span class='ocr_line' id='line_1_3' title="bbox 3254 380 3360 443; baseline -0.019 0"><span class='ocrx_word' id='word_1_3' title='bbox 3254 380 3360 443; x_wconf 60' lang='lat' dir='ltr'><strong>MM</strong></span> 
     </span>
    </p>
   </div>
   <div class='ocr_carea' id='block_1_4' title="bbox 128 491 3361 564">
    <p class='ocr_par' dir='ltr' id='par_1_4' title="bbox 128 491 3361 564">
     <span class='ocr_line' id='line_1_4' title="bbox 128 491 3361 564; baseline 0.003 -16"><span class='ocrx_word' id='word_1_4' title='bbox 128 507 301 548; x_wconf 79' lang='lat' dir='ltr'><strong>annum</strong></span> <span class='ocrx_word' id='word_1_5' title='bbox 327 491 525 547; x_wconf 84' lang='lat' dir='ltr'><strong>salutis</strong></span> <span class='ocrx_word' id='word_1_6' title='bbox 552 499 746 547; x_wconf 81' lang='lat' dir='ltr'><strong>nostrae</strong></span> <span class='ocrx_word' id='word_1_7' title='bbox 764 492 1155 561; x_wconf 72' lang='lat' dir='ltr'><strong>octogesimum</strong></span> <span class='ocrx_word' id='word_1_8' title='bbox 1186 491 1482 547; x_wconf 89' lang='lat' dir='ltr'><strong>secundum</strong></span> <span class='ocrx_word' id='word_1_9' title='bbox 1513 506 1677 561; x_wconf 84' lang='lat' dir='ltr'><strong>supra</strong></span> <span class='ocrx_word' id='word_1_10' title='bbox 1704 496 1757 554; x_wconf 78' lang='grc' dir='ltr'><strong>Α</strong></span> <span class='ocrx_word' id='word_1_11' title='bbox 1782 493 1990 550; x_wconf 89' lang='lat' dir='ltr'><strong>Christi</strong></span> <span class='ocrx_word' id='word_1_12' title='bbox 2022 494 2091 549; x_wconf 88' lang='lat' dir='ltr'><strong>ab</strong></span> <span class='ocrx_word' id='word_1_13' title='bbox 2121 508 2215 559; x_wconf 90' lang='lat' dir='ltr'><strong>eo,</strong></span> <span class='ocrx_word' id='word_1_14' title='bbox 2243 494 2337 563; x_wconf 85' lang='lat' dir='ltr'><strong>qui</strong></span> <span class='ocrx_word' id='word_1_15' title='bbox 2365 494 2591 564; x_wconf 85' lang='lat' dir='ltr'><strong>perdere</strong></span> <span class='ocrx_word' id='word_1_16' title='bbox 2620 506 2814 550; x_wconf 88' lang='lat' dir='ltr'><strong>cuncta</strong></span> <span class='ocrx_word' id='word_1_17' title='bbox 2853 496 3091 564; x_wconf 85' lang='lat' dir='ltr'><strong>festinat,</strong></span> <span class='ocrx_word' id='word_1_18' title='bbox 3121 498 3361 558; x_wconf 80' lang='lat' dir='ltr'><strong>iudehite</strong></span> 
     </span>
    </p>
   </div>
   <div class='ocr_carea' id='block_1_5' title="bbox 130 582 1675 647">
    <p class='ocr_par' dir='ltr' id='par_1_5' title="bbox 130 582 1675 647">
     <span class='ocr_line' id='line_1_5' title="bbox 130 582 1675 647; baseline -0.003 -6"><span class='ocrx_word' id='word_1_19' title='bbox 130 583 491 647; x_wconf 88' lang='lat' dir='ltr'><strong>millesimum,</strong></span> <span class='ocrx_word' id='word_1_20' title='bbox 540 598 665 638; x_wconf 90' lang='lat' dir='ltr'><strong>cum</strong></span> <span class='ocrx_word' id='word_1_21' title='bbox 714 585 770 637; x_wconf 90' lang='lat' dir='ltr'><strong>in</strong></span> <span class='ocrx_word' id='word_1_22' title='bbox 831 582 1125 638; x_wconf 87' lang='lat' dir='ltr'><strong>Parisiensi</strong></span> <span class='ocrx_word' id='word_1_23' title='bbox 1170 583 1390 638; x_wconf 92' lang='lat' dir='ltr'><strong>civitate</strong></span> <span class='ocrx_word' id='word_1_24' title='bbox 1434 582 1675 637; x_wconf 84' lang='lat' dir='ltr'><strong>solemne</strong></span> 
     </span>
    </p>
   </div>
   <div class='ocr_carea' id='block_1_6' title="bbox 127 673 1675 737">
    <p class='ocr_par' dir='ltr' id='par_1_6' title="bbox 127 673 1675 737">
     <span class='ocr_line' id='line_1_6' title="bbox 127 673 1675 737; baseline -0.001 -8"><span class='ocrx_word' id='word_1_25' title='bbox 127 676 320 730; x_wconf 78' lang='lat' dir='ltr'><strong>ﬂoreret</strong></span> <span class='ocrx_word' id='word_1_26' title='bbox 360 674 612 728; x_wconf 85' lang='lat' dir='ltr'><strong>studium</strong></span> <span class='ocrx_word' id='word_1_27' title='bbox 632 715 647 737; x_wconf 97' lang='lat'><strong>,</strong></span> <span class='ocrx_word' id='word_1_28' title='bbox 675 675 959 729; x_wconf 87' lang='lat' dir='ltr'><strong>abundans</strong></span> <span class='ocrx_word' id='word_1_29' title='bbox 992 683 1106 729; x_wconf 91' lang='lat' dir='ltr'><strong>tum</strong></span> <span class='ocrx_word' id='word_1_30' title='bbox 1146 673 1489 729; x_wconf 78' lang='lat' dir='ltr'><strong>multitudine</strong></span> <span class='ocrx_word' id='word_1_31' title='bbox 1516 674 1675 728; x_wconf 89' lang='lat' dir='ltr'><strong>scho-</strong></span> 
     </span>
    </p>
   </div>
   <div class='ocr_carea' id='block_1_7' title="bbox 129 765 1680 837">
    <p class='ocr_par' dir='ltr' id='par_1_7' title="bbox 129 765 1680 837">
     <span class='ocr_line' id='line_1_7' title="bbox 129 765 1680 837; baseline -0.003 -13"><span class='ocrx_word' id='word_1_32' title='bbox 129 770 296 824; x_wconf 78' lang='lat' dir='ltr'><strong>larium</strong></span> <span class='ocrx_word' id='word_1_33' title='bbox 340 777 398 823; x_wconf 90' lang='lat' dir='ltr'><strong>et</strong></span> <span class='ocrx_word' id='word_1_34' title='bbox 446 782 715 837; x_wconf 84' lang='lat' dir='ltr'><strong>perquam</strong></span> <span class='ocrx_word' id='word_1_35' title='bbox 761 767 978 835; x_wconf 88' lang='lat' dir='ltr'><strong>copiosa</strong></span> <span class='ocrx_word' id='word_1_36' title='bbox 1010 774 1226 821; x_wconf 78' lang='lat' dir='ltr'><strong>caterva</strong></span> <span class='ocrx_word' id='word_1_37' title='bbox 1272 765 1553 819; x_wconf 90' lang='lat' dir='ltr'><strong>doctorum</strong></span> <span class='ocrx_word' id='word_1_38' title='bbox 1597 779 1680 819; x_wconf 88' lang='lat' dir='ltr'><strong>so-</strong></span> 
     </span>
    </p>
   </div>
   <div class='ocr_carea' id='block_1_8' title="bbox 128 853 1679 926">
    <p class='ocr_par' dir='ltr' id='par_1_8' title="bbox 128 853 1679 926">
     <span class='ocr_line' id='line_1_8' title="bbox 128 853 1679 926; baseline -0.005 -13"><span class='ocrx_word' id='word_1_39' title='bbox 128 859 356 913; x_wconf 86' lang='lat' dir='ltr'><strong>lemnium</strong></span> <span class='ocrx_word' id='word_1_40' title='bbox 390 858 447 911; x_wconf 92' lang='lat' dir='ltr'><strong>in</strong></span> <span class='ocrx_word' id='word_1_41' title='bbox 494 856 645 911; x_wconf 91' lang='lat' dir='ltr'><strong>omni</strong></span> <span class='ocrx_word' id='word_1_42' title='bbox 686 856 1056 912; x_wconf 87' lang='lat' dir='ltr'><strong>doctrinarum</strong></span> <span class='ocrx_word' id='word_1_43' title='bbox 1101 868 1332 926; x_wconf 80' lang='lat' dir='ltr'><strong>genere,</strong></span> <span class='ocrx_word' id='word_1_44' title='bbox 1369 853 1472 908; x_wconf 87' lang='lat' dir='ltr'><strong>tale</strong></span> <span class='ocrx_word' id='word_1_45' title='bbox 1520 854 1574 906; x_wconf 94' lang='lat' dir='ltr'><strong>in</strong></span> <span class='ocrx_word' id='word_1_46' title='bbox 1614 867 1679 907; x_wconf 92' lang='lat' dir='ltr'><strong>ea</strong></span> 
     </span>
    </p>
   </div>
   <div class='ocr_carea' id='block_1_9' title="bbox 128 944 1675 1019">
    <p class='ocr_par' dir='ltr' id='par_1_9' title="bbox 128 944 1675 1019">
     <span class='ocr_line' id='line_1_9' title="bbox 128 944 1675 1019; baseline -0.005 -15"><span class='ocrx_word' id='word_1_47' title='bbox 128 950 324 1019; x_wconf 79' lang='lat' dir='ltr'><strong>contigit</strong></span> <span class='ocrx_word' id='word_1_48' title='bbox 360 950 700 1003; x_wconf 86' lang='lat' dir='ltr'><strong>horrendum</strong></span> <span class='ocrx_word' id='word_1_49' title='bbox 747 957 802 1003; x_wconf 92' lang='lat' dir='ltr'><strong>et</strong></span> <span class='ocrx_word' id='word_1_50' title='bbox 845 948 1259 1004; x_wconf 84' lang='lat' dir='ltr'><strong>memorandum</strong></span> <span class='ocrx_word' id='word_1_51' title='bbox 1289 944 1675 1014; x_wconf 85' lang='lat' dir='ltr'><strong>spectaculum.</strong></span> 
     </span>
    </p>
   </div>
   <div class='ocr_carea' id='block_1_10' title="bbox 127 1036 1682 1105">
    <p class='ocr_par' dir='ltr' id='par_1_10' title="bbox 127 1036 1682 1105">
     <span class='ocr_line' id='line_1_10' title="bbox 127 1036 1682 1105; baseline -0.003 -13"><span class='ocrx_word' id='word_1_52' title='bbox 127 1039 328 1105; x_wconf 83' lang='lat' dir='ltr'><strong>Quidam</strong></span> <span class='ocrx_word' id='word_1_53' title='bbox 359 1039 515 1093; x_wconf 86' lang='lat' dir='ltr'><strong>enim</strong></span> <span class='ocrx_word' id='word_1_54' title='bbox 542 1038 800 1093; x_wconf 87' lang='lat' dir='ltr'><strong>solemnis</strong></span> <span class='ocrx_word' id='word_1_55' title='bbox 837 1039 1045 1102; x_wconf 89' lang='lat' dir='ltr'><strong>doctor,</strong></span> <span class='ocrx_word' id='word_1_56' title='bbox 1080 1038 1220 1091; x_wconf 89' lang='lat' dir='ltr'><strong>inter</strong></span> <span class='ocrx_word' id='word_1_57' title='bbox 1244 1046 1469 1091; x_wconf 76' lang='lat' dir='ltr'><strong>caeteros</strong></span> <span class='ocrx_word' id='word_1_58' title='bbox 1495 1036 1682 1091; x_wconf 89' lang='lat' dir='ltr'><strong>docto-</strong></span> 
     </span>
    </p>
   </div>
   <div class='ocr_carea' id='block_1_11' title="bbox 128 1126 1681 1200">
    <p class='ocr_par' dir='ltr' id='par_1_11' title="bbox 128 1126 1681 1200">
     <span class='ocr_line' id='line_1_11' title="bbox 128 1126 1681 1200; baseline -0.004 -15"><span class='ocrx_word' id='word_1_59' title='bbox 128 1146 199 1185; x_wconf 86' lang='lat' dir='ltr'><strong>res</strong></span> <span class='ocrx_word' id='word_1_60' title='bbox 217 1131 556 1200; x_wconf 71' lang='lat' dir='ltr'><strong>pmcipuus,</strong></span> <span class='ocrx_word' id='word_1_61' title='bbox 584 1130 813 1185; x_wconf 83' lang='lat' dir='ltr'><strong>scientia</strong></span> <span class='ocrx_word' id='word_1_62' title='bbox 857 1139 913 1184; x_wconf 88' lang='lat' dir='ltr'><strong>et</strong></span> <span class='ocrx_word' id='word_1_63' title='bbox 958 1130 1202 1184; x_wconf 90' lang='lat' dir='ltr'><strong>moribus</strong></span> <span class='ocrx_word' id='word_1_64' title='bbox 1232 1126 1559 1182; x_wconf 80' lang='lat' dir='ltr'><strong>excellenter</strong></span> <span class='ocrx_word' id='word_1_65' title='bbox 1592 1141 1681 1179; x_wconf 89' lang='lat' dir='ltr'><strong>or-</strong></span> 
     </span>
    </p>
   </div>
   <div class='ocr_carea' id='block_1_12' title="bbox 126 1218 1681 1291">
    <p class='ocr_par' dir='ltr' id='par_1_12' title="bbox 126 1218 1681 1291">
     <span class='ocr_line' id='line_1_12' title="bbox 126 1218 1681 1291; baseline -0.003 -17"><span class='ocrx_word' id='word_1_66' title='bbox 126 1232 264 1275; x_wconf 82' lang='lat' dir='ltr'><strong>natus</strong></span> <span class='ocrx_word' id='word_1_67' title='bbox 281 1264 296 1287; x_wconf 88' lang='lat'><strong>,</strong></span> <span class='ocrx_word' id='word_1_68' title='bbox 322 1237 389 1275; x_wconf 89' lang='lat' dir='ltr'><strong>ac</strong></span> <span class='ocrx_word' id='word_1_69' title='bbox 414 1237 533 1291; x_wconf 69' lang='lat' dir='ltr'><strong>prae</strong></span> <span class='ocrx_word' id='word_1_70' title='bbox 557 1221 772 1276; x_wconf 61' lang='lat' dir='ltr'><strong>caeteris</strong></span> <span class='ocrx_word' id='word_1_71' title='bbox 793 1221 1093 1276; x_wconf 85' lang='lat' dir='ltr'><strong>honoratus</strong></span> <span class='ocrx_word' id='word_1_72' title='bbox 1110 1262 1125 1287; x_wconf 91' lang='lat'><strong>,</strong></span> <span class='ocrx_word' id='word_1_73' title='bbox 1155 1220 1306 1290; x_wconf 82' lang='lat' dir='ltr'><strong>gravi</strong></span> <span class='ocrx_word' id='word_1_74' title='bbox 1338 1220 1568 1289; x_wconf 90' lang='lat' dir='ltr'><strong>quadam</strong></span> <span class='ocrx_word' id='word_1_75' title='bbox 1601 1218 1681 1271; x_wconf 93' lang='lat' dir='ltr'><strong>in-</strong></span> 
     </span>
    </p>
   </div>
   <div class='ocr_carea' id='block_1_13' title="bbox 128 1307 1682 1379">
    <p class='ocr_par' dir='ltr' id='par_1_13' title="bbox 128 1307 1682 1379">
     <span class='ocr_line' id='line_1_13' title="bbox 128 1307 1682 1379; baseline -0.003 -14"><span class='ocrx_word' id='word_1_76' title='bbox 128 1312 355 1365; x_wconf 76' lang='lat' dir='ltr'><strong>ﬁrmitate</strong></span> <span class='ocrx_word' id='word_1_77' title='bbox 398 1320 743 1379; x_wconf 64' lang='lat' dir='ltr'><strong>praeventus,</strong></span> <span class='ocrx_word' id='word_1_78' title='bbox 800 1310 944 1366; x_wconf 90' lang='lat' dir='ltr'><strong>lecto</strong></span> <span class='ocrx_word' id='word_1_79' title='bbox 991 1308 1357 1373; x_wconf 86' lang='lat' dir='ltr'><strong>decumbens,</strong></span> <span class='ocrx_word' id='word_1_80' title='bbox 1404 1307 1529 1361; x_wconf 67' lang='lat' dir='ltr'><strong>vita:</strong></span> <span class='ocrx_word' id='word_1_81' title='bbox 1573 1320 1682 1360; x_wconf 77' lang='lat' dir='ltr'><strong>sua:</strong></span> 
     </span>
    </p>
   </div>
   <div class='ocr_carea' id='block_1_14' title="bbox 127 1398 1682 1457">
    <p class='ocr_par' dir='ltr' id='par_1_14' title="bbox 127 1398 1682 1457">
     <span class='ocr_line' id='line_1_14' title="bbox 127 1398 1682 1457; baseline -0.006 0"><span class='ocrx_word' id='word_1_82' title='bbox 127 1404 243 1457; x_wconf 87' lang='lat' dir='ltr'><strong>diem</strong></span> <span class='ocrx_word' id='word_1_83' title='bbox 269 1403 465 1457; x_wconf 85' lang='lat' dir='ltr'><strong>clausit</strong></span> <span class='ocrx_word' id='word_1_84' title='bbox 488 1412 816 1457; x_wconf 81' lang='lat' dir='ltr'><strong>extremum.</strong></span> <span class='ocrx_word' id='word_1_85' title='bbox 847 1401 944 1457; x_wconf 89' lang='lat' dir='ltr'><strong>Cui</strong></span> <span class='ocrx_word' id='word_1_86' title='bbox 974 1416 1096 1456; x_wconf 90' lang='lat' dir='ltr'><strong>cum</strong></span> <span class='ocrx_word' id='word_1_87' title='bbox 1124 1400 1393 1454; x_wconf 88' lang='lat' dir='ltr'><strong>solemnes</strong></span> <span class='ocrx_word' id='word_1_88' title='bbox 1423 1398 1490 1451; x_wconf 92' lang='lat' dir='ltr'><strong>de</strong></span> <span class='ocrx_word' id='word_1_89' title='bbox 1531 1410 1682 1449; x_wconf 88' lang='lat' dir='ltr'><strong>more</strong></span> 
     </span>
    </p>
   </div>
   <div class='ocr_carea' id='block_1_15' title="bbox 126 1484 1684 1559">
    <p class='ocr_par' dir='ltr' id='par_1_15' title="bbox 126 1484 1684 1559">
     <span class='ocr_line' id='line_1_15' title="bbox 126 1484 1684 1559; baseline -0.004 -16"><span class='ocrx_word' id='word_1_90' title='bbox 126 1501 421 1559; x_wconf 83' lang='lat' dir='ltr'><strong>pararentur</strong></span> <span class='ocrx_word' id='word_1_91' title='bbox 443 1491 750 1559; x_wconf 68' lang='lat' dir='ltr'><strong>exsequiae,</strong></span> <span class='ocrx_word' id='word_1_92' title='bbox 776 1490 842 1543; x_wconf 89' lang='lat' dir='ltr'><strong>ad</strong></span> <span class='ocrx_word' id='word_1_93' title='bbox 874 1505 997 1543; x_wconf 91' lang='lat' dir='ltr'><strong>eum</strong></span> <span class='ocrx_word' id='word_1_94' title='bbox 1030 1486 1403 1542; x_wconf 86' lang='lat' dir='ltr'><strong>honorandum</strong></span> <span class='ocrx_word' id='word_1_95' title='bbox 1434 1484 1684 1539; x_wconf 85' lang='lat' dir='ltr'><strong>convenit</strong></span> 
     </span>
    </p>
   </div>
   <div class='ocr_carea' id='block_1_16' title="bbox 129 1572 1683 1648">
    <p class='ocr_par' dir='ltr' id='par_1_16' title="bbox 129 1572 1683 1648">
     <span class='ocr_line' id='line_1_16' title="bbox 129 1572 1683 1648; baseline -0.003 -17"><span class='ocrx_word' id='word_1_96' title='bbox 129 1579 522 1648; x_wconf 81' lang='lat' dir='ltr'><strong>magistrorum,</strong></span> <span class='ocrx_word' id='word_1_97' title='bbox 572 1578 934 1641; x_wconf 90' lang='lat' dir='ltr'><strong>studentium,</strong></span> <span class='ocrx_word' id='word_1_98' title='bbox 981 1585 1037 1631; x_wconf 89' lang='lat' dir='ltr'><strong>et</strong></span> <span class='ocrx_word' id='word_1_99' title='bbox 1084 1575 1440 1643; x_wconf 89' lang='lat' dir='ltr'><strong>quorumdam</strong></span> <span class='ocrx_word' id='word_1_100' title='bbox 1483 1572 1683 1627; x_wconf 88' lang='lat' dir='ltr'><strong>civium</strong></span> 
     </span>
    </p>
   </div>
   <div class='ocr_carea' id='block_1_17' title="bbox 131 1661 1682 1740">
    <p class='ocr_par' dir='ltr' id='par_1_17' title="bbox 131 1661 1682 1740">
     <span class='ocr_line' id='line_1_17' title="bbox 131 1661 1682 1740; baseline -0.004 -18"><span class='ocrx_word' id='word_1_101' title='bbox 131 1672 384 1723; x_wconf 82' lang='lat' dir='ltr'><strong>multitudo</strong></span> <span class='ocrx_word' id='word_1_102' title='bbox 438 1670 688 1740; x_wconf 86' lang='lat' dir='ltr'><strong>copiosa.</strong></span> <span class='ocrx_word' id='word_1_103' title='bbox 735 1668 943 1735; x_wconf 84' lang='lat' dir='ltr'><strong>Quibus</strong></span> <span class='ocrx_word' id='word_1_104' title='bbox 990 1664 1379 1721; x_wconf 84' lang='lat' dir='ltr'><strong>comitantibus</strong></span> <span class='ocrx_word' id='word_1_105' title='bbox 1421 1671 1478 1717; x_wconf 88' lang='lat' dir='ltr'><strong>et</strong></span> <span class='ocrx_word' id='word_1_106' title='bbox 1522 1661 1682 1716; x_wconf 82' lang='lat' dir='ltr'><strong>funus</strong></span> 
     </span>
    </p>
   </div>
   <div class='ocr_carea' id='block_1_18' title="bbox 131 1753 1681 1828">
    <p class='ocr_par' dir='ltr' id='par_1_18' title="bbox 131 1753 1681 1828">
     <span class='ocr_line' id='line_1_18' title="bbox 131 1753 1681 1828; baseline -0.005 -16"><span class='ocrx_word' id='word_1_107' title='bbox 131 1759 594 1828; x_wconf 81' lang='lat' dir='ltr'><strong>prosequentibus,</strong></span> <span class='ocrx_word' id='word_1_108' title='bbox 637 1756 875 1817; x_wconf 82' lang='lat' dir='ltr'><strong>defuncti</strong></span> <span class='ocrx_word' id='word_1_109' title='bbox 920 1771 1119 1825; x_wconf 85' lang='lat' dir='ltr'><strong>corpus</strong></span> <span class='ocrx_word' id='word_1_110' title='bbox 1167 1755 1237 1809; x_wconf 88' lang='lat' dir='ltr'><strong>ad</strong></span> <span class='ocrx_word' id='word_1_111' title='bbox 1281 1753 1593 1817; x_wconf 90' lang='lat' dir='ltr'><strong>ecclesiam,</strong></span> <span class='ocrx_word' id='word_1_112' title='bbox 1628 1753 1681 1806; x_wconf 90' lang='lat' dir='ltr'><strong>in</strong></span> 
     </span>
    </p>
   </div>
   <div class='ocr_carea' id='block_1_19' title="bbox 1783 582 3361 658">
    <p class='ocr_par' dir='ltr' id='par_1_19' title="bbox 1783 582 3361 658">
     <span class='ocr_line' id='line_1_19' title="bbox 1783 582 3361 658; baseline 0.004 -18"><span class='ocrx_word' id='word_1_113' title='bbox 1783 593 2098 651; x_wconf 86' lang='lat' dir='ltr'><strong>accusatus,</strong></span> <span class='ocrx_word' id='word_1_114' title='bbox 2127 593 2182 638; x_wconf 92' lang='lat' dir='ltr'><strong>et</strong></span> <span class='ocrx_word' id='word_1_115' title='bbox 2214 584 2336 639; x_wconf 89' lang='lat' dir='ltr'><strong>inde</strong></span> <span class='ocrx_word' id='word_1_116' title='bbox 2373 582 2520 652; x_wconf 88' lang='lat' dir='ltr'><strong>justo</strong></span> <span class='ocrx_word' id='word_1_117' title='bbox 2552 584 2645 640; x_wconf 91' lang='lat' dir='ltr'><strong>Dei</strong></span> <span class='ocrx_word' id='word_1_118' title='bbox 2673 586 2881 655; x_wconf 90' lang='lat' dir='ltr'><strong>judicio</strong></span> <span class='ocrx_word' id='word_1_119' title='bbox 2913 588 2979 642; x_wconf 89' lang='lat' dir='ltr'><strong>ab</strong></span> <span class='ocrx_word' id='word_1_120' title='bbox 3014 588 3132 658; x_wconf 88' lang='lat' dir='ltr'><strong>ejus</strong></span> <span class='ocrx_word' id='word_1_121' title='bbox 3156 590 3361 647; x_wconf 83' lang='lat' dir='ltr'><strong>calum-</strong></span> 
     </span>
    </p>
   </div>
   <div class='ocr_carea' id='block_1_20' title="bbox 1781 674 3361 749">
    <p class='ocr_par' dir='ltr' id='par_1_20' title="bbox 1781 674 3361 749">
     <span class='ocr_line' id='line_1_20' title="bbox 1781 674 3361 749; baseline 0.005 -19"><span class='ocrx_word' id='word_1_122' title='bbox 1781 677 1932 730; x_wconf 89' lang='lat' dir='ltr'><strong>niosa</strong></span> <span class='ocrx_word' id='word_1_123' title='bbox 1985 674 2331 729; x_wconf 87' lang='lat' dir='ltr'><strong>accusatione</strong></span> <span class='ocrx_word' id='word_1_124' title='bbox 2377 674 2669 741; x_wconf 90' lang='lat' dir='ltr'><strong>liberatus,</strong></span> <span class='ocrx_word' id='word_1_125' title='bbox 2716 678 2925 733; x_wconf 91' lang='lat' dir='ltr'><strong>cunctis</strong></span> <span class='ocrx_word' id='word_1_126' title='bbox 2963 679 3165 749; x_wconf 89' lang='lat' dir='ltr'><strong>placuit</strong></span> <span class='ocrx_word' id='word_1_127' title='bbox 3192 686 3265 737; x_wconf 87' lang='lat' dir='ltr'><strong>&#39;et</strong></span> <span class='ocrx_word' id='word_1_128' title='bbox 3303 683 3361 738; x_wconf 87' lang='lat' dir='ltr'><strong>in</strong></span> 
     </span>
    </p>
   </div>
   <div class='ocr_carea' id='block_1_21' title="bbox 1780 765 3324 838">
    <p class='ocr_par' dir='ltr' id='par_1_21' title="bbox 1780 765 3324 838">
     <span class='ocr_line' id='line_1_21' title="bbox 1780 765 3324 838; baseline 0.003 -16"><span class='ocrx_word' id='word_1_129' title='bbox 1780 773 2095 835; x_wconf 87' lang='lat' dir='ltr'><strong>sequentem</strong></span> <span class='ocrx_word' id='word_1_130' title='bbox 2123 765 2344 818; x_wconf 88' lang='lat' dir='ltr'><strong>tertium</strong></span> <span class='ocrx_word' id='word_1_131' title='bbox 2372 766 2516 820; x_wconf 88' lang='lat' dir='ltr'><strong>diem</strong></span> <span class='ocrx_word' id='word_1_132' title='bbox 2544 766 2661 836; x_wconf 86' lang='lat' dir='ltr'><strong>ejus</strong></span> <span class='ocrx_word' id='word_1_133' title='bbox 2696 768 3028 836; x_wconf 89' lang='lat' dir='ltr'><strong>sepulturam</strong></span> <span class='ocrx_word' id='word_1_134' title='bbox 3058 767 3324 838; x_wconf 88' lang='lat' dir='ltr'><strong>proferre.</strong></span> 
     </span>
    </p>
   </div>
   <div class='ocr_carea' id='block_1_22' title="bbox 1851 852 3361 922">
    <p class='ocr_par' dir='ltr' id='par_1_22' title="bbox 1851 852 3361 922">
     <span class='ocr_line' id='line_1_22' title="bbox 1851 852 3361 922; baseline 0.005 -15"><span class='ocrx_word' id='word_1_135' title='bbox 1851 853 1906 907; x_wconf 88' lang='lat'><strong>6.</strong></span> <span class='ocrx_word' id='word_1_136' title='bbox 1949 852 2133 908; x_wconf 90' lang='lat' dir='ltr'><strong>Tertia</strong></span> <span class='ocrx_word' id='word_1_137' title='bbox 2180 853 2363 922; x_wconf 88' lang='lat' dir='ltr'><strong>itaque</strong></span> <span class='ocrx_word' id='word_1_138' title='bbox 2392 854 2481 909; x_wconf 92' lang='lat' dir='ltr'><strong>die</strong></span> <span class='ocrx_word' id='word_1_139' title='bbox 2524 854 2701 911; x_wconf 87' lang='lat' dir='ltr'><strong>factus</strong></span> <span class='ocrx_word' id='word_1_140' title='bbox 2728 865 2812 911; x_wconf 90' lang='lat' dir='ltr'><strong>est</strong></span> <span class='ocrx_word' id='word_1_141' title='bbox 2842 871 3134 913; x_wconf 89' lang='lat' dir='ltr'><strong>concursus</strong></span> <span class='ocrx_word' id='word_1_142' title='bbox 3161 860 3361 915; x_wconf 88' lang='lat' dir='ltr'><strong>nimius</strong></span> 
     </span>
    </p>
   </div>
   <div class='ocr_carea' id='block_1_23' title="bbox 1780 944 3361 1017">
    <p class='ocr_par' dir='ltr' id='par_1_23' title="bbox 1780 944 3361 1017">
     <span class='ocr_line' id='line_1_23' title="bbox 1780 944 3361 1017; baseline 0.004 -19"><span class='ocrx_word' id='word_1_143' title='bbox 1780 946 2022 999; x_wconf 87' lang='lat' dir='ltr'><strong>virorum</strong></span> <span class='ocrx_word' id='word_1_144' title='bbox 2068 953 2125 999; x_wconf 89' lang='lat' dir='ltr'><strong>et</strong></span> <span class='ocrx_word' id='word_1_145' title='bbox 2160 944 2476 1011; x_wconf 87' lang='lat' dir='ltr'><strong>mulierum,</strong></span> <span class='ocrx_word' id='word_1_146' title='bbox 2528 946 2604 1000; x_wconf 91' lang='lat' dir='ltr'><strong>ita</strong></span> <span class='ocrx_word' id='word_1_147' title='bbox 2644 955 2703 1002; x_wconf 90' lang='lat' dir='ltr'><strong>ut</strong></span> <span class='ocrx_word' id='word_1_148' title='bbox 2745 962 2883 1017; x_wconf 90' lang='lat' dir='ltr'><strong>pene</strong></span> <span class='ocrx_word' id='word_1_149' title='bbox 2919 957 3029 1003; x_wconf 89' lang='lat' dir='ltr'><strong>tota</strong></span> <span class='ocrx_word' id='word_1_150' title='bbox 3072 948 3263 1005; x_wconf 88' lang='lat' dir='ltr'><strong>civitas</strong></span> <span class='ocrx_word' id='word_1_151' title='bbox 3291 951 3361 1004; x_wconf 90' lang='lat' dir='ltr'><strong>ad</strong></span> 
     </span>
    </p>
   </div>
   <div class='ocr_carea' id='block_1_24' title="bbox 1784 1036 3358 1110">
    <p class='ocr_par' dir='ltr' id='par_1_24' title="bbox 1784 1036 3358 1110">
     <span class='ocr_line' id='line_1_24' title="bbox 1784 1036 3358 1110; baseline 0.007 -21"><span class='ocrx_word' id='word_1_152' title='bbox 1784 1045 1891 1090; x_wconf 90' lang='lat' dir='ltr'><strong>tam</strong></span> <span class='ocrx_word' id='word_1_153' title='bbox 1926 1036 2234 1090; x_wconf 88' lang='lat' dir='ltr'><strong>mirandum</strong></span> <span class='ocrx_word' id='word_1_154' title='bbox 2277 1036 2373 1091; x_wconf 91' lang='lat' dir='ltr'><strong>Dei</strong></span> <span class='ocrx_word' id='word_1_155' title='bbox 2396 1037 2662 1107; x_wconf 89' lang='lat' dir='ltr'><strong>judicium</strong></span> <span class='ocrx_word' id='word_1_156' title='bbox 2691 1044 3091 1110; x_wconf 78' lang='lat' dir='ltr'><strong>agnoscendum</strong></span> <span class='ocrx_word' id='word_1_157' title='bbox 3119 1042 3358 1099; x_wconf 85' lang='lat' dir='ltr'><strong>conﬂue-</strong></span> 
     </span>
    </p>
   </div>
   <div class='ocr_carea' id='block_1_25' title="bbox 1782 1112 3361 1201">
    <p class='ocr_par' dir='ltr' id='par_1_25' title="bbox 1782 1112 3361 1201">
     <span class='ocr_line' id='line_1_25' title="bbox 1782 1112 3361 1201; baseline 0.005 -20"><span class='ocrx_word' id='word_1_158' title='bbox 1782 1136 1886 1183; x_wconf 90' lang='lat' dir='ltr'><strong>ret.</strong></span> <span class='ocrx_word' id='word_1_159' title='bbox 1911 1128 1978 1181; x_wconf 89' lang='lat' dir='ltr'><strong>Et</strong></span> <span class='ocrx_word' id='word_1_160' title='bbox 2004 1142 2162 1191; x_wconf 89' lang='lat' dir='ltr'><strong>ecce,</strong></span> <span class='ocrx_word' id='word_1_161' title='bbox 2194 1143 2316 1181; x_wconf 92' lang='lat' dir='ltr'><strong>cum</strong></span> <span class='ocrx_word' id='word_1_162' title='bbox 2369 1112 2552 1198; x_wconf 80' lang='lat' dir='ltr'><strong>priore</strong></span> <span class='ocrx_word' id='word_1_163' title='bbox 2592 1145 2745 1185; x_wconf 90' lang='lat' dir='ltr'><strong>more</strong></span> <span class='ocrx_word' id='word_1_164' title='bbox 2771 1134 3049 1201; x_wconf 63' lang='lat' dir='ltr'><strong>exsequiae</strong></span> <span class='ocrx_word' id='word_1_165' title='bbox 3076 1135 3361 1189; x_wconf 85' lang='lat' dir='ltr'><strong>continua-</strong></span> 
     </span>
    </p>
   </div>
   <div class='ocr_carea' id='block_1_26' title="bbox 1782 1216 3360 1290">
    <p class='ocr_par' dir='ltr' id='par_1_26' title="bbox 1782 1216 3360 1290">
     <span class='ocr_line' id='line_1_26' title="bbox 1782 1216 3360 1290; baseline 0.006 -19"><span class='ocrx_word' id='word_1_166' title='bbox 1782 1226 1972 1271; x_wconf 88' lang='lat' dir='ltr'><strong>rentur</strong></span> <span class='ocrx_word' id='word_1_167' title='bbox 2016 1224 2070 1272; x_wconf 91' lang='lat' dir='ltr'><strong>et</strong></span> <span class='ocrx_word' id='word_1_168' title='bbox 2104 1216 2323 1285; x_wconf 77' lang='lat' dir='ltr'><strong>fierent,</strong></span> <span class='ocrx_word' id='word_1_169' title='bbox 2370 1219 2610 1273; x_wconf 78' lang='lat' dir='ltr'><strong>surrexit</strong></span> <span class='ocrx_word' id='word_1_170' title='bbox 2648 1220 2758 1290; x_wconf 88' lang='lat' dir='ltr'><strong>jam</strong></span> <span class='ocrx_word' id='word_1_171' title='bbox 2804 1225 2963 1278; x_wconf 88' lang='lat' dir='ltr'><strong>tertio</strong></span> <span class='ocrx_word' id='word_1_172' title='bbox 2996 1224 3134 1279; x_wconf 87' lang='lat' dir='ltr'><strong>idem</strong></span> <span class='ocrx_word' id='word_1_173' title='bbox 3163 1223 3360 1280; x_wconf 83' lang='lat' dir='ltr'><strong>defun-</strong></span> 
     </span>
    </p>
   </div>
   <div class='ocr_carea' id='block_1_27' title="bbox 1782 1309 3350 1384">
    <p class='ocr_par' dir='ltr' id='par_1_27' title="bbox 1782 1309 3350 1384">
     <span class='ocr_line' id='line_1_27' title="bbox 1782 1309 3350 1384; baseline 0.004 -20"><span class='ocrx_word' id='word_1_174' title='bbox 1782 1317 1930 1375; x_wconf 89' lang='lat' dir='ltr'><strong>ctus,</strong></span> <span class='ocrx_word' id='word_1_175' title='bbox 1960 1317 2017 1364; x_wconf 86' lang='lat' dir='ltr'><strong>et</strong></span> <span class='ocrx_word' id='word_1_176' title='bbox 2043 1324 2172 1363; x_wconf 89' lang='lat' dir='ltr'><strong>voce</strong></span> <span class='ocrx_word' id='word_1_177' title='bbox 2194 1309 2398 1377; x_wconf 92' lang='lat' dir='ltr'><strong>valida,</strong></span> <span class='ocrx_word' id='word_1_178' title='bbox 2428 1313 2641 1365; x_wconf 89' lang='lat' dir='ltr'><strong>cunctis</strong></span> <span class='ocrx_word' id='word_1_179' title='bbox 2669 1313 2990 1367; x_wconf 84' lang='lat' dir='ltr'><strong>mortalibus</strong></span> <span class='ocrx_word' id='word_1_180' title='bbox 3029 1315 3350 1384; x_wconf 89' lang='lat' dir='ltr'><strong>metuenda,</strong></span> 
     </span>
    </p>
   </div>
   <div class='ocr_carea' id='block_1_28' title="bbox 1783 1399 3358 1474">
    <p class='ocr_par' dir='ltr' id='par_1_28' title="bbox 1783 1399 3358 1474">
     <span class='ocr_line' id='line_1_28' title="bbox 1783 1399 3358 1474; baseline 0.004 -17"><span class='ocrx_word' id='word_1_181' title='bbox 1783 1401 1921 1457; x_wconf 80' lang='lat' dir='ltr'><strong>dixit</strong></span> <span class='ocrx_word' id='word_1_182' title='bbox 1972 1418 1986 1454; x_wconf 91' lang='lat'><strong>:</strong></span> <span class='ocrx_word' id='word_1_183' title='bbox 2037 1399 2205 1456; x_wconf 79' lang='lat' dir='ltr'><strong>Jusro</strong></span> <span class='ocrx_word' id='word_1_184' title='bbox 2251 1400 2351 1455; x_wconf 77' lang='lat' dir='ltr'><strong>DEI</strong></span> <span class='ocrx_word' id='word_1_185' title='bbox 2386 1417 2592 1457; x_wconf 78' lang='lat' dir='ltr'><strong>JUDICIO</strong></span> <span class='ocrx_word' id='word_1_186' title='bbox 2627 1417 3011 1460; x_wconf 70' lang='lat' dir='ltr'><strong>connaunuus</strong></span> <span class='ocrx_word' id='word_1_187' title='bbox 3050 1421 3174 1462; x_wconf 74' lang='lat' dir='ltr'><strong>sunt.</strong></span> <span class='ocrx_word' id='word_1_188' title='bbox 3227 1408 3358 1474; x_wconf 70' lang='lat' dir='ltr'><strong>Quae</strong></span> 
     </span>
    </p>
   </div>
   <div class='ocr_carea' id='block_1_29' title="bbox 1785 1493 3360 1562">
    <p class='ocr_par' dir='ltr' id='par_1_29' title="bbox 1785 1493 3360 1562">
     <span class='ocr_line' id='line_1_29' title="bbox 1785 1493 3360 1562; baseline 0.005 -16"><span class='ocrx_word' id='word_1_189' title='bbox 1785 1507 1889 1547; x_wconf 86' lang='lat' dir='ltr'><strong>vox</strong></span> <span class='ocrx_word' id='word_1_190' title='bbox 1911 1535 1925 1560; x_wconf 92' lang='lat'><strong>,</strong></span> <span class='ocrx_word' id='word_1_191' title='bbox 1962 1502 2071 1546; x_wconf 90' lang='lat' dir='ltr'><strong>tam</strong></span> <span class='ocrx_word' id='word_1_192' title='bbox 2119 1493 2388 1562; x_wconf 90' lang='lat' dir='ltr'><strong>stupenda</strong></span> <span class='ocrx_word' id='word_1_193' title='bbox 2419 1502 2475 1547; x_wconf 89' lang='lat' dir='ltr'><strong>et</strong></span> <span class='ocrx_word' id='word_1_194' title='bbox 2504 1494 2803 1561; x_wconf 90' lang='lat' dir='ltr'><strong>horrenda,</strong></span> <span class='ocrx_word' id='word_1_195' title='bbox 2834 1504 2888 1551; x_wconf 91' lang='lat' dir='ltr'><strong>et</strong></span> <span class='ocrx_word' id='word_1_196' title='bbox 2918 1512 2947 1550; x_wconf 92' lang='lat' dir='ltr'><strong>a</strong></span> <span class='ocrx_word' id='word_1_197' title='bbox 2974 1498 3172 1553; x_wconf 59' lang='lat' dir='ltr'><strong>saeculo</strong></span> <span class='ocrx_word' id='word_1_198' title='bbox 3202 1499 3360 1553; x_wconf 85' lang='lat' dir='ltr'><strong>inau-</strong></span> 
     </span>
    </p>
   </div>
   <div class='ocr_carea' id='block_1_30' title="bbox 1785 1585 3359 1657">
    <p class='ocr_par' dir='ltr' id='par_1_30' title="bbox 1785 1585 3359 1657">
     <span class='ocr_line' id='line_1_30' title="bbox 1785 1585 3359 1657; baseline 0.004 -18"><span class='ocrx_word' id='word_1_199' title='bbox 1785 1585 1926 1649; x_wconf 88' lang='lat' dir='ltr'><strong>dita,</strong></span> <span class='ocrx_word' id='word_1_200' title='bbox 1967 1600 2191 1651; x_wconf 91' lang='lat' dir='ltr'><strong>omnes,</strong></span> <span class='ocrx_word' id='word_1_201' title='bbox 2218 1587 2311 1655; x_wconf 91' lang='lat' dir='ltr'><strong>qui</strong></span> <span class='ocrx_word' id='word_1_202' title='bbox 2356 1585 2635 1651; x_wconf 88' lang='lat' dir='ltr'><strong>astabant,</strong></span> <span class='ocrx_word' id='word_1_203' title='bbox 2671 1602 2807 1657; x_wconf 91' lang='lat' dir='ltr'><strong>pene</strong></span> <span class='ocrx_word' id='word_1_204' title='bbox 2857 1590 3133 1645; x_wconf 87' lang='lat' dir='ltr'><strong>exanimes</strong></span> <span class='ocrx_word' id='word_1_205' title='bbox 3176 1591 3359 1646; x_wconf 88' lang='lat' dir='ltr'><strong>reddi-</strong></span> 
     </span>
    </p>
   </div>
   <div class='ocr_carea' id='block_1_31' title="bbox 1783 1675 3356 1750">
    <p class='ocr_par' dir='ltr' id='par_1_31' title="bbox 1783 1675 3356 1750">
     <span class='ocr_line' id='line_1_31' title="bbox 1783 1675 3356 1750; baseline 0.007 -21"><span class='ocrx_word' id='word_1_206' title='bbox 1783 1675 1883 1730; x_wconf 88' lang='lat' dir='ltr'><strong>dit.</strong></span> <span class='ocrx_word' id='word_1_207' title='bbox 1913 1677 2014 1743; x_wconf 88' lang='lat' dir='ltr'><strong>Qui</strong></span> <span class='ocrx_word' id='word_1_208' title='bbox 2047 1686 2227 1732; x_wconf 89' lang='lat' dir='ltr'><strong>tamen</strong></span> <span class='ocrx_word' id='word_1_209' title='bbox 2258 1693 2481 1746; x_wconf 90' lang='lat' dir='ltr'><strong>omnes,</strong></span> <span class='ocrx_word' id='word_1_210' title='bbox 2510 1694 2632 1734; x_wconf 90' lang='lat' dir='ltr'><strong>eum</strong></span> <span class='ocrx_word' id='word_1_211' title='bbox 2672 1689 2928 1750; x_wconf 90' lang='lat' dir='ltr'><strong>tanquam</strong></span> <span class='ocrx_word' id='word_1_212' title='bbox 2960 1698 2988 1735; x_wconf 90' lang='lat' dir='ltr'><strong>a</strong></span> <span class='ocrx_word' id='word_1_213' title='bbox 3018 1683 3243 1739; x_wconf 91' lang='lat' dir='ltr'><strong>Domino</strong></span> <span class='ocrx_word' id='word_1_214' title='bbox 3271 1700 3356 1740; x_wconf 87' lang='lat' dir='ltr'><strong>re.-</strong></span> 
     </span>
    </p>
   </div>
   <div class='ocr_carea' id='block_1_32' title="bbox 1786 1765 3358 1839">
    <p class='ocr_par' dir='ltr' id='par_1_32' title="bbox 1786 1765 3358 1839">
     <span class='ocr_line' id='line_1_32' title="bbox 1786 1765 3358 1839; baseline 0.006 -21"><span class='ocrx_word' id='word_1_215' title='bbox 1786 1766 2100 1833; x_wconf 83' lang='lat' dir='ltr'><strong>probatum,</strong></span> <span class='ocrx_word' id='word_1_216' title='bbox 2135 1774 2188 1819; x_wconf 91' lang='lat' dir='ltr'><strong>et</strong></span> <span class='ocrx_word' id='word_1_217' title='bbox 2215 1765 2498 1836; x_wconf 88' lang='lat' dir='ltr'><strong>ejusjusto</strong></span> <span class='ocrx_word' id='word_1_218' title='bbox 2520 1766 2727 1835; x_wconf 88' lang='lat' dir='ltr'><strong>judicio</strong></span> <span class='ocrx_word' id='word_1_219' title='bbox 2756 1769 2837 1839; x_wconf 90' lang='lat' dir='ltr'><strong>(ut</strong></span> <span class='ocrx_word' id='word_1_220' title='bbox 2880 1771 2994 1839; x_wconf 90' lang='lat' dir='ltr'><strong>ipse</strong></span> <span class='ocrx_word' id='word_1_221' title='bbox 3041 1773 3182 1827; x_wconf 88' lang='lat' dir='ltr'><strong>idem</strong></span> <span class='ocrx_word' id='word_1_222' title='bbox 3219 1782 3358 1829; x_wconf 85' lang='lat' dir='ltr'><strong>atte-</strong></span> 
     </span>
    </p>
   </div>
   <div class='ocr_carea' id='block_1_33' title="bbox 130 1824 3354 1934">
    <p class='ocr_par' dir='ltr' id='par_1_33' title="bbox 130 1824 3354 1934">
     <span class='ocr_line' id='line_1_33' title="bbox 130 1824 3354 1934; baseline -0 -15"><span class='ocrx_word' id='word_1_223' title='bbox 130 1865 215 1919; x_wconf 71' lang='grc'><strong>(1³³</strong></span> <span class='ocrx_word' id='word_1_224' title='bbox 244 1849 537 1919; x_wconf 69' lang='lat' dir='ltr'><strong>sepulturae</strong></span> <span class='ocrx_word' id='word_1_225' title='bbox 569 1848 801 1901; x_wconf 64' lang='grc' dir='ltr'><strong>ἀθηάυιη</strong></span> <span class='ocrx_word' id='word_1_226' title='bbox 833 1856 985 1911; x_wconf 63' lang='grc' dir='ltr'><strong>δι’δι’</strong></span> <span class='ocrx_word' id='word_1_227' title='bbox 1016 1846 1250 1901; x_wconf 58' lang='lat' dir='ltr'><strong>delum!“</strong></span> <span class='ocrx_word' id='word_1_228' title='bbox 1295 1856 1398 1899; x_wconf 68' lang='grc' dir='ltr'><strong>θεί-</strong></span> <span class='ocrx_word' id='word_1_229' title='bbox 1442 1847 1683 1934; x_wconf 64' lang='lat' dir='ltr'><strong>Cumque</strong></span> <span class='ocrx_word' id='word_1_230' title='bbox 1714 1824 1759 1883; x_wconf 67' lang='grc' dir='ltr'><strong>Β</strong></span> <span class='ocrx_word' id='word_1_231' title='bbox 1784 1864 1959 1910; x_wconf 91' lang='lat' dir='ltr'><strong>status</strong></span> <span class='ocrx_word' id='word_1_232' title='bbox 1988 1855 2130 1924; x_wconf 88' lang='lat' dir='ltr'><strong>erat)</strong></span> <span class='ocrx_word' id='word_1_233' title='bbox 2171 1824 2610 1923; x_wconf 65' lang='lat' dir='ltr'><strong>condemnatum,</strong></span> <span class='ocrx_word' id='word_1_234' title='bbox 2634 1824 2777 1913; x_wconf 74' lang='lat' dir='ltr'><strong>omni</strong></span> <span class='ocrx_word' id='word_1_235' title='bbox 2800 1824 3054 1918; x_wconf 67' lang='lat' dir='ltr'><strong>Ecclesia:</strong></span> <span class='ocrx_word' id='word_1_236' title='bbox 3080 1862 3354 1934; x_wconf 67' lang='lat' dir='ltr'><strong>suffragio,</strong></span> 
     </span>
    </p>
   </div>
   <div class='ocr_carea' id='block_1_34' title="bbox 132 1933 1679 2007">
    <p class='ocr_par' dir='ltr' id='par_1_34' title="bbox 132 1933 1679 2007">
     <span class='ocr_line' id='line_1_34' title="bbox 132 1933 1679 2007; baseline -0.006 -11"><span class='ocrx_word' id='word_1_237' title='bbox 132 1942 188 1996; x_wconf 79' lang='lat' dir='ltr'><strong>ab</strong></span> <span class='ocrx_word' id='word_1_238' title='bbox 208 1942 439 1996; x_wconf 82' lang='lat' dir='ltr'><strong>invitatis</strong></span> <span class='ocrx_word' id='word_1_239' title='bbox 468 1938 886 2003; x_wconf 83' lang='lat' dir='ltr'><strong>ecclesiasticis,</strong></span> <span class='ocrx_word' id='word_1_240' title='bbox 913 1938 1006 2007; x_wconf 87' lang='lat' dir='ltr'><strong>qui</strong></span> <span class='ocrx_word' id='word_1_241' title='bbox 1048 1948 1174 1991; x_wconf 91' lang='lat' dir='ltr'><strong>tunc</strong></span> <span class='ocrx_word' id='word_1_242' title='bbox 1201 1936 1456 2001; x_wconf 88' lang='lat' dir='ltr'><strong>aderant,</strong></span> <span class='ocrx_word' id='word_1_243' title='bbox 1485 1933 1679 1989; x_wconf 89' lang='lat' dir='ltr'><strong>defun-</strong></span> 
     </span>
    </p>
   </div>
   <div class='ocr_carea' id='block_1_35' title="bbox 131 2028 1680 2093">
    <p class='ocr_par' dir='ltr' id='par_1_35' title="bbox 131 2028 1680 2093">
     <span class='ocr_line' id='line_1_35' title="bbox 131 2028 1680 2093; baseline -0.004 -8"><span class='ocrx_word' id='word_1_244' title='bbox 131 2043 312 2087; x_wconf 71' lang='lat' dir='ltr'><strong>ctorum</strong></span> <span class='ocrx_word' id='word_1_245' title='bbox 336 2032 567 2087; x_wconf 84' lang='lat' dir='ltr'><strong>solitum</strong></span> <span class='ocrx_word' id='word_1_246' title='bbox 594 2031 977 2085; x_wconf 88' lang='lat' dir='ltr'><strong>decantaretur</strong></span> <span class='ocrx_word' id='word_1_247' title='bbox 1007 2028 1250 2084; x_wconf 85' lang='lat' dir='ltr'><strong>Ollicium</strong></span> <span class='ocrx_word' id='word_1_248' title='bbox 1270 2070 1285 2093; x_wconf 92' lang='lat'><strong>,</strong></span> <span class='ocrx_word' id='word_1_249' title='bbox 1310 2043 1433 2083; x_wconf 92' lang='lat' dir='ltr'><strong>cum</strong></span> <span class='ocrx_word' id='word_1_250' title='bbox 1460 2035 1680 2081; x_wconf 89' lang='lat' dir='ltr'><strong>ventum</strong></span> 
     </span>
    </p>
   </div>
   <div class='ocr_carea' id='block_1_36' title="bbox 134 2117 1683 2189">
    <p class='ocr_par' dir='ltr' id='par_1_36' title="bbox 134 2117 1683 2189">
     <span class='ocr_line' id='line_1_36' title="bbox 134 2117 1683 2189; baseline -0.005 -12"><span class='ocrx_word' id='word_1_251' title='bbox 134 2133 197 2177; x_wconf 86' lang='lat' dir='ltr'><strong>est</strong></span> <span class='ocrx_word' id='word_1_252' title='bbox 236 2125 298 2178; x_wconf 88' lang='lat' dir='ltr'><strong>ad</strong></span> <span class='ocrx_word' id='word_1_253' title='bbox 337 2138 460 2177; x_wconf 90' lang='lat' dir='ltr'><strong>eam</strong></span> <span class='ocrx_word' id='word_1_254' title='bbox 525 2122 854 2185; x_wconf 86' lang='lat' dir='ltr'><strong>lectionem,</strong></span> <span class='ocrx_word' id='word_1_255' title='bbox 906 2135 1027 2189; x_wconf 72' lang='lat' dir='ltr'><strong>qua:</strong></span> <span class='ocrx_word' id='word_1_256' title='bbox 1072 2120 1309 2189; x_wconf 86' lang='lat' dir='ltr'><strong>incipit:</strong></span> <span class='ocrx_word' id='word_1_257' title='bbox 1346 2135 1363 2168; x_wconf 76' lang='grc' dir='ltr'>ι</span> <span class='ocrx_word' id='word_1_258' title='bbox 1399 2117 1683 2186; x_wconf 79' lang='lat' dir='ltr'><strong>ReSponde</strong></span> 
     </span>
    </p>
   </div>
   <div class='ocr_carea' id='block_1_37' title="bbox 133 2208 1683 2282">
    <p class='ocr_par' dir='ltr' id='par_1_37' title="bbox 133 2208 1683 2282">
     <span class='ocr_line' id='line_1_37' title="bbox 133 2208 1683 2282; baseline -0.004 -14"><span class='ocrx_word' id='word_1_259' title='bbox 133 2217 260 2275; x_wconf 86' lang='lat' dir='ltr'><strong>mihi,</strong></span> <span class='ocrx_word' id='word_1_260' title='bbox 283 2234 303 2267; x_wconf 76' lang='grc' dir='ltr'><strong><em>ι</em></strong></span> <span class='ocrx_word' id='word_1_261' title='bbox 341 2214 624 2280; x_wconf 76' lang='lat' dir='ltr'><strong>surrexit,</strong></span> <span class='ocrx_word' id='word_1_262' title='bbox 652 2215 741 2282; x_wconf 90' lang='lat' dir='ltr'><strong>qui</strong></span> <span class='ocrx_word' id='word_1_263' title='bbox 766 2221 884 2267; x_wconf 91' lang='lat' dir='ltr'><strong>erat</strong></span> <span class='ocrx_word' id='word_1_264' title='bbox 911 2221 1178 2273; x_wconf 88' lang='lat' dir='ltr'><strong>mortuus,</strong></span> <span class='ocrx_word' id='word_1_265' title='bbox 1207 2219 1261 2265; x_wconf 87' lang='lat' dir='ltr'><strong>et</strong></span> <span class='ocrx_word' id='word_1_266' title='bbox 1285 2218 1466 2263; x_wconf 85' lang='lat' dir='ltr'><strong>erecto</strong></span> <span class='ocrx_word' id='word_1_267' title='bbox 1494 2208 1683 2278; x_wconf 86' lang='lat' dir='ltr'><strong>paulu-</strong></span> 
     </span>
    </p>
   </div>
   <div class='ocr_carea' id='block_1_38' title="bbox 134 2299 1681 2375">
    <p class='ocr_par' dir='ltr' id='par_1_38' title="bbox 134 2299 1681 2375">
     <span class='ocr_line' id='line_1_38' title="bbox 134 2299 1681 2375; baseline -0.003 -17"><span class='ocrx_word' id='word_1_268' title='bbox 134 2305 218 2359; x_wconf 86' lang='lat' dir='ltr'><strong>lum</strong></span> <span class='ocrx_word' id='word_1_269' title='bbox 244 2307 445 2375; x_wconf 82' lang='lat' dir='ltr'><strong>capite,</strong></span> <span class='ocrx_word' id='word_1_270' title='bbox 507 2305 709 2359; x_wconf 89' lang='lat' dir='ltr'><strong>resedit</strong></span> <span class='ocrx_word' id='word_1_271' title='bbox 743 2305 795 2358; x_wconf 90' lang='lat' dir='ltr'><strong>in</strong></span> <span class='ocrx_word' id='word_1_272' title='bbox 826 2304 1031 2358; x_wconf 79' lang='lat' dir='ltr'><strong>feretro</strong></span> <span class='ocrx_word' id='word_1_273' title='bbox 1052 2342 1066 2366; x_wconf 93' lang='lat'><strong>,</strong></span> <span class='ocrx_word' id='word_1_274' title='bbox 1097 2302 1414 2370; x_wconf 88' lang='lat' dir='ltr'><strong>cunctisque</strong></span> <span class='ocrx_word' id='word_1_275' title='bbox 1453 2299 1681 2353; x_wconf 88' lang='lat' dir='ltr'><strong>videnti-</strong></span> 
     </span>
    </p>
   </div>
   <div class='ocr_carea' id='block_1_39' title="bbox 135 2390 1679 2465">
    <p class='ocr_par' dir='ltr' id='par_1_39' title="bbox 135 2390 1679 2465">
     <span class='ocr_line' id='line_1_39' title="bbox 135 2390 1679 2465; baseline -0.006 -10"><span class='ocrx_word' id='word_1_276' title='bbox 135 2400 214 2455; x_wconf 81' lang='lat' dir='ltr'><strong>hns</strong></span> <span class='ocrx_word' id='word_1_277' title='bbox 236 2408 285 2451; x_wconf 88' lang='lat' dir='ltr'><strong>et</strong></span> <span class='ocrx_word' id='word_1_278' title='bbox 306 2397 661 2452; x_wconf 86' lang='lat' dir='ltr'><strong>audientibus</strong></span> <span class='ocrx_word' id='word_1_279' title='bbox 680 2436 694 2460; x_wconf 95' lang='lat'><strong>,</strong></span> <span class='ocrx_word' id='word_1_280' title='bbox 719 2411 782 2450; x_wconf 89' lang='lat' dir='ltr'><strong>ac</strong></span> <span class='ocrx_word' id='word_1_281' title='bbox 810 2411 920 2465; x_wconf 63' lang='lat' dir='ltr'><strong>prae</strong></span> <span class='ocrx_word' id='word_1_282' title='bbox 947 2395 1185 2449; x_wconf 92' lang='lat' dir='ltr'><strong>novitate</strong></span> <span class='ocrx_word' id='word_1_283' title='bbox 1214 2394 1290 2447; x_wconf 89' lang='lat' dir='ltr'><strong>rei</strong></span> <span class='ocrx_word' id='word_1_284' title='bbox 1319 2390 1679 2461; x_wconf 86' lang='lat' dir='ltr'><strong>stupentibus,</strong></span> 
     </span>
    </p>
   </div>
   <div class='ocr_carea' id='block_1_40' title="bbox 135 2481 1676 2553">
    <p class='ocr_par' dir='ltr' id='par_1_40' title="bbox 135 2481 1676 2553">
     <span class='ocr_line' id='line_1_40' title="bbox 135 2481 1676 2553; baseline -0.003 -15"><span class='ocrx_word' id='word_1_285' title='bbox 135 2486 244 2552; x_wconf 85' lang='lat' dir='ltr'><strong>alta,</strong></span> <span class='ocrx_word' id='word_1_286' title='bbox 274 2485 397 2541; x_wconf 90' lang='lat' dir='ltr'><strong>licet</strong></span> <span class='ocrx_word' id='word_1_287' title='bbox 436 2488 753 2549; x_wconf 81' lang='lat' dir='ltr'><strong>horrenda,</strong></span> <span class='ocrx_word' id='word_1_288' title='bbox 788 2500 921 2539; x_wconf 91' lang='lat' dir='ltr'><strong>voce</strong></span> <span class='ocrx_word' id='word_1_289' title='bbox 953 2484 1193 2541; x_wconf 90' lang='lat' dir='ltr'><strong>clamare</strong></span> <span class='ocrx_word' id='word_1_290' title='bbox 1243 2482 1410 2553; x_wconf 77' lang='lat' dir='ltr'><strong>cu-pit</strong></span> <span class='ocrx_word' id='word_1_291' title='bbox 1455 2490 1509 2536; x_wconf 89' lang='lat' dir='ltr'><strong>et</strong></span> <span class='ocrx_word' id='word_1_292' title='bbox 1556 2481 1633 2535; x_wconf 88' lang='lat' dir='ltr'><strong>ait</strong></span> <span class='ocrx_word' id='word_1_293' title='bbox 1664 2499 1676 2533; x_wconf 93' lang='lat'><strong>:</strong></span> 
     </span>
    </p>
   </div>
   <div class='ocr_carea' id='block_1_41' title="bbox 132 2573 1149 2632">
    <p class='ocr_par' dir='ltr' id='par_1_41' title="bbox 132 2573 1149 2632">
     <span class='ocr_line' id='line_1_41' title="bbox 132 2573 1149 2632; baseline -0.001 -4"><span class='ocrx_word' id='word_1_294' title='bbox 132 2573 266 2632; x_wconf 79' lang='lat' dir='ltr'><strong>Jusro</strong></span> <span class='ocrx_word' id='word_1_295' title='bbox 301 2578 392 2632; x_wconf 80' lang='lat' dir='ltr'><strong>DEI</strong></span> <span class='ocrx_word' id='word_1_296' title='bbox 432 2590 651 2632; x_wconf 80' lang='lat' dir='ltr'><strong>JUDICIO</strong></span> <span class='ocrx_word' id='word_1_297' title='bbox 691 2590 989 2630; x_wconf 62' lang='lat' dir='ltr'><strong>accusares</strong></span> <span class='ocrx_word' id='word_1_298' title='bbox 1026 2590 1149 2629; x_wconf 82' lang='lat' dir='ltr'><strong>sun.</strong></span> 
     </span>
    </p>
   </div>
   <div class='ocr_carea' id='block_1_42' title="bbox 185 2657 1681 2732">
    <p class='ocr_par' dir='ltr' id='par_1_42' title="bbox 185 2657 1681 2732">
     <span class='ocr_line' id='line_1_42' title="bbox 185 2657 1681 2732; baseline -0.005 -14"><span class='ocrx_word' id='word_1_299' title='bbox 185 2665 229 2719; x_wconf 83' lang='lat'><strong>5.</strong></span> <span class='ocrx_word' id='word_1_300' title='bbox 264 2664 377 2732; x_wconf 86' lang='lat' dir='ltr'><strong>Quo</strong></span> <span class='ocrx_word' id='word_1_301' title='bbox 402 2666 594 2729; x_wconf 90' lang='lat' dir='ltr'><strong>dicto,</strong></span> <span class='ocrx_word' id='word_1_302' title='bbox 628 2664 822 2718; x_wconf 90' lang='lat' dir='ltr'><strong>iterum</strong></span> <span class='ocrx_word' id='word_1_303' title='bbox 850 2663 1119 2717; x_wconf 89' lang='lat' dir='ltr'><strong>recubuit.</strong></span> <span class='ocrx_word' id='word_1_304' title='bbox 1150 2660 1231 2715; x_wconf 91' lang='lat' dir='ltr'><strong>llli</strong></span> <span class='ocrx_word' id='word_1_305' title='bbox 1262 2675 1412 2725; x_wconf 88' lang='lat' dir='ltr'><strong>vero,</strong></span> <span class='ocrx_word' id='word_1_306' title='bbox 1450 2657 1540 2726; x_wconf 90' lang='lat' dir='ltr'><strong>qui</strong></span> <span class='ocrx_word' id='word_1_307' title='bbox 1568 2657 1681 2711; x_wconf 78' lang='lat' dir='ltr'><strong>inec</strong></span> 
     </span>
    </p>
   </div>
   <div class='ocr_carea' id='block_1_43' title="bbox 134 2748 1681 2821">
    <p class='ocr_par' dir='ltr' id='par_1_43' title="bbox 134 2748 1681 2821">
     <span class='ocr_line' id='line_1_43' title="bbox 134 2748 1681 2821; baseline -0.005 -13"><span class='ocrx_word' id='word_1_308' title='bbox 134 2759 375 2814; x_wconf 76' lang='lat' dir='ltr'><strong>audierant</strong></span> <span class='ocrx_word' id='word_1_309' title='bbox 404 2767 467 2812; x_wconf 89' lang='lat' dir='ltr'><strong>et</strong></span> <span class='ocrx_word' id='word_1_310' title='bbox 498 2757 773 2821; x_wconf 86' lang='lat' dir='ltr'><strong>viderant,</strong></span> <span class='ocrx_word' id='word_1_311' title='bbox 823 2769 927 2809; x_wconf 91' lang='lat' dir='ltr'><strong>non</strong></span> <span class='ocrx_word' id='word_1_312' title='bbox 961 2755 1230 2809; x_wconf 88' lang='lat' dir='ltr'><strong>modicum</strong></span> <span class='ocrx_word' id='word_1_313' title='bbox 1280 2767 1380 2805; x_wconf 89' lang='lat' dir='ltr'><strong>nec</strong></span> <span class='ocrx_word' id='word_1_314' title='bbox 1411 2748 1681 2804; x_wconf 89' lang='lat' dir='ltr'><strong>iunnerito</strong></span> 
     </span>
    </p>
   </div>
   <div class='ocr_carea' id='block_1_44' title="bbox 136 2840 1682 2915">
    <p class='ocr_par' dir='ltr' id='par_1_44' title="bbox 136 2840 1682 2915">
     <span class='ocr_line' id='line_1_44' title="bbox 136 2840 1682 2915; baseline -0.011 -9"><span class='ocrx_word' id='word_1_315' title='bbox 136 2851 305 2915; x_wconf 81' lang='lat' dir='ltr'><strong>territi,</strong></span> <span class='ocrx_word' id='word_1_316' title='bbox 335 2852 704 2904; x_wconf 86' lang='lat' dir='ltr'><strong>decreverunt</strong></span> <span class='ocrx_word' id='word_1_317' title='bbox 730 2844 973 2900; x_wconf 88' lang='lat' dir='ltr'><strong>consulte</strong></span> <span class='ocrx_word' id='word_1_318' title='bbox 997 2844 1214 2913; x_wconf 85' lang='lat' dir='ltr'><strong>quidem</strong></span> <span class='ocrx_word' id='word_1_319' title='bbox 1238 2852 1291 2896; x_wconf 93' lang='lat' dir='ltr'><strong>et</strong></span> <span class='ocrx_word' id='word_1_320' title='bbox 1318 2840 1566 2912; x_wconf 84' lang='lat' dir='ltr'><strong>provide,</strong></span> <span class='ocrx_word' id='word_1_321' title='bbox 1598 2851 1682 2891; x_wconf 84' lang='lat' dir='ltr'><strong>se-</strong></span> 
     </span>
    </p>
   </div>
   <div class='ocr_carea' id='block_1_45' title="bbox 135 2933 1678 3012">
    <p class='ocr_par' dir='ltr' id='par_1_45' title="bbox 135 2933 1678 3012">
     <span class='ocr_line' id='line_1_45' title="bbox 135 2933 1678 3012; baseline -0.005 -18"><span class='ocrx_word' id='word_1_322' title='bbox 135 2942 364 3012; x_wconf 86' lang='lat' dir='ltr'><strong>pulturam</strong></span> <span class='ocrx_word' id='word_1_323' title='bbox 390 2939 518 3008; x_wconf 88' lang='lat' dir='ltr'><strong>ejus</strong></span> <span class='ocrx_word' id='word_1_324' title='bbox 547 2939 601 2992; x_wconf 86' lang='lat' dir='ltr'><strong>in</strong></span> <span class='ocrx_word' id='word_1_325' title='bbox 632 2937 930 2991; x_wconf 90' lang='lat' dir='ltr'><strong>crastinum</strong></span> <span class='ocrx_word' id='word_1_326' title='bbox 957 2934 1339 3000; x_wconf 74' lang='lat' dir='ltr'><strong>differendam,</strong></span> <span class='ocrx_word' id='word_1_327' title='bbox 1372 2933 1446 2988; x_wconf 92' lang='lat' dir='ltr'><strong>rei</strong></span> <span class='ocrx_word' id='word_1_328' title='bbox 1476 2936 1678 2991; x_wconf 83' lang='lat' dir='ltr'><strong>exitum</strong></span> 
     </span>
    </p>
   </div>
   <div class='ocr_carea' id='block_1_46' title="bbox 137 3028 1680 3102">
    <p class='ocr_par' dir='ltr' id='par_1_46' title="bbox 137 3028 1680 3102">
     <span class='ocr_line' id='line_1_46' title="bbox 137 3028 1680 3102; baseline -0.003 -15"><span class='ocrx_word' id='word_1_329' title='bbox 137 3034 499 3102; x_wconf 70' lang='lat' dir='ltr'><strong>praestolantes.</strong></span> <span class='ocrx_word' id='word_1_330' title='bbox 567 3030 663 3084; x_wconf 91' lang='lat' dir='ltr'><strong>Die</strong></span> <span class='ocrx_word' id='word_1_331' title='bbox 719 3029 902 3097; x_wconf 87' lang='lat' dir='ltr'><strong>itaque</strong></span> <span class='ocrx_word' id='word_1_332' title='bbox 958 3028 1204 3098; x_wconf 87' lang='lat' dir='ltr'><strong>sequenti</strong></span> <span class='ocrx_word' id='word_1_333' title='bbox 1280 3043 1400 3082; x_wconf 91' lang='lat' dir='ltr'><strong>cum</strong></span> <span class='ocrx_word' id='word_1_334' title='bbox 1474 3038 1680 3083; x_wconf 89' lang='lat' dir='ltr'><strong>tantum</strong></span> 
     </span>
    </p>
   </div>
   <div class='ocr_carea' id='block_1_47' title="bbox 1783 1946 3357 2024">
    <p class='ocr_par' dir='ltr' id='par_1_47' title="bbox 1783 1946 3357 2024">
     <span class='ocr_line' id='line_1_47' title="bbox 1783 1946 3357 2024; baseline 0.007 -25"><span class='ocrx_word' id='word_1_335' title='bbox 1783 1960 1995 2000; x_wconf 90' lang='lat' dir='ltr'><strong>necnon</strong></span> <span class='ocrx_word' id='word_1_336' title='bbox 2042 1955 2098 2002; x_wconf 89' lang='lat' dir='ltr'><strong>et</strong></span> <span class='ocrx_word' id='word_1_337' title='bbox 2147 1946 2525 2003; x_wconf 85' lang='lat' dir='ltr'><strong>ecclesiastica</strong></span> <span class='ocrx_word' id='word_1_338' title='bbox 2573 1950 2848 2018; x_wconf 84' lang='lat' dir='ltr'><strong>sepultura</strong></span> <span class='ocrx_word' id='word_1_339' title='bbox 2897 1954 3172 2023; x_wconf 84' lang='lat' dir='ltr'><strong>indignum</strong></span> <span class='ocrx_word' id='word_1_340' title='bbox 3212 1956 3357 2024; x_wconf 85' lang='lat' dir='ltr'><strong>judi-</strong></span> 
     </span>
    </p>
   </div>
   <div class='ocr_carea' id='block_1_48' title="bbox 1782 2035 3357 2113">
    <p class='ocr_par' dir='ltr' id='par_1_48' title="bbox 1782 2035 3357 2113">
     <span class='ocr_line' id='line_1_48' title="bbox 1782 2035 3357 2113; baseline 0.006 -24"><span class='ocrx_word' id='word_1_341' title='bbox 1782 2043 1999 2100; x_wconf 89' lang='lat' dir='ltr'><strong>cantes,</strong></span> <span class='ocrx_word' id='word_1_342' title='bbox 2028 2035 2081 2088; x_wconf 91' lang='lat' dir='ltr'><strong>in</strong></span> <span class='ocrx_word' id='word_1_343' title='bbox 2112 2035 2455 2104; x_wconf 88' lang='lat' dir='ltr'><strong>sterquilinio</strong></span> <span class='ocrx_word' id='word_1_344' title='bbox 2498 2038 2716 2106; x_wconf 86' lang='lat' dir='ltr'><strong>sepeliri</strong></span> <span class='ocrx_word' id='word_1_345' title='bbox 2760 2038 3009 2095; x_wconf 86' lang='lat' dir='ltr'><strong>fecerunt</strong></span> <span class='ocrx_word' id='word_1_346' title='bbox 3030 2042 3165 2113; x_wconf 75' lang='lat'><strong>(57).</strong></span> <span class='ocrx_word' id='word_1_347' title='bbox 3202 2043 3357 2099; x_wconf 82' lang='lat' dir='ltr'><strong>Unde</strong></span> 
     </span>
    </p>
   </div>
   <div class='ocr_carea' id='block_1_49' title="bbox 1782 2122 3355 2204">
    <p class='ocr_par' dir='ltr' id='par_1_49' title="bbox 1782 2122 3355 2204">
     <span class='ocr_line' id='line_1_49' title="bbox 1782 2122 3355 2204; baseline 0.006 -25"><span class='ocrx_word' id='word_1_348' title='bbox 1782 2141 1905 2180; x_wconf 90' lang='lat' dir='ltr'><strong>cum</strong></span> <span class='ocrx_word' id='word_1_349' title='bbox 1939 2129 1990 2179; x_wconf 92' lang='lat' dir='ltr'><strong>in</strong></span> <span class='ocrx_word' id='word_1_350' title='bbox 2021 2126 2313 2181; x_wconf 85' lang='lat' dir='ltr'><strong>Parisiensi</strong></span> <span class='ocrx_word' id='word_1_351' title='bbox 2338 2136 2391 2182; x_wconf 90' lang='lat' dir='ltr'><strong>et</strong></span> <span class='ocrx_word' id='word_1_352' title='bbox 2428 2130 2642 2183; x_wconf 65' lang='lat' dir='ltr'><strong>caeteris</strong></span> <span class='ocrx_word' id='word_1_353' title='bbox 2666 2130 2862 2187; x_wconf 90' lang='lat' dir='ltr'><strong>vicinis</strong></span> <span class='ocrx_word' id='word_1_354' title='bbox 2887 2122 3134 2189; x_wconf 89' lang='lat' dir='ltr'><strong>ecclesiis</strong></span> <span class='ocrx_word' id='word_1_355' title='bbox 3161 2144 3355 2204; x_wconf 90' lang='lat' dir='ltr'><strong>quarta</strong></span> 
     </span>
    </p>
   </div>
   <div class='ocr_carea' id='block_1_50' title="bbox 1781 2214 3357 2293">
    <p class='ocr_par' dir='ltr' id='par_1_50' title="bbox 1781 2214 3357 2293">
     <span class='ocr_line' id='line_1_50' title="bbox 1781 2214 3357 2293; baseline 0.006 -25"><span class='ocrx_word' id='word_1_356' title='bbox 1781 2214 1942 2269; x_wconf 87' lang='lat' dir='ltr'><strong>lectio</strong></span> <span class='ocrx_word' id='word_1_357' title='bbox 1992 2215 2045 2268; x_wconf 91' lang='lat' dir='ltr'><strong>in</strong></span> <span class='ocrx_word' id='word_1_358' title='bbox 2090 2216 2317 2284; x_wconf 81' lang='lat' dir='ltr'><strong>agendis</strong></span> <span class='ocrx_word' id='word_1_359' title='bbox 2357 2216 2520 2285; x_wconf 91' lang='lat' dir='ltr'><strong>justis</strong></span> <span class='ocrx_word' id='word_1_360' title='bbox 2567 2216 2942 2275; x_wconf 73' lang='lat' dir='ltr'><strong>defunctorum</strong></span> <span class='ocrx_word' id='word_1_361' title='bbox 2986 2222 3212 2293; x_wconf 87' lang='lat' dir='ltr'><strong>incipiat</strong></span> <span class='ocrx_word' id='word_1_362' title='bbox 3256 2238 3357 2293; x_wconf 87' lang='lat' dir='ltr'><strong>per</strong></span> 
     </span>
    </p>
   </div>
   <div class='ocr_carea' id='block_1_51' title="bbox 1781 2304 3359 2373">
    <p class='ocr_par' dir='ltr' id='par_1_51' title="bbox 1781 2304 3359 2373">
     <span class='ocr_line' id='line_1_51' title="bbox 1781 2304 3359 2373; baseline 0.008 -18"><span class='ocrx_word' id='word_1_363' title='bbox 1781 2312 2013 2373; x_wconf 88' lang='lat' dir='ltr'><strong>quantas</strong></span> <span class='ocrx_word' id='word_1_364' title='bbox 2046 2305 2216 2360; x_wconf 90' lang='lat' dir='ltr'><strong>habeo</strong></span> <span class='ocrx_word' id='word_1_365' title='bbox 2255 2304 2607 2373; x_wconf 92' lang='lat' dir='ltr'><strong>iniquitates,</strong></span> <span class='ocrx_word' id='word_1_366' title='bbox 2657 2307 2873 2364; x_wconf 90' lang='lat' dir='ltr'><strong>omissis</strong></span> <span class='ocrx_word' id='word_1_367' title='bbox 2904 2312 3090 2367; x_wconf 82' lang='lat' dir='ltr'><strong>verbis</strong></span> <span class='ocrx_word' id='word_1_368' title='bbox 3138 2327 3234 2367; x_wconf 88' lang='lat' dir='ltr'><strong>seu</strong></span> <span class='ocrx_word' id='word_1_369' title='bbox 3277 2313 3359 2367; x_wconf 90' lang='lat' dir='ltr'><strong>di-</strong></span> 
     </span>
    </p>
   </div>
   <div class='ocr_carea' id='block_1_52' title="bbox 1782 2395 3356 2469">
    <p class='ocr_par' dir='ltr' id='par_1_52' title="bbox 1782 2395 3356 2469">
     <span class='ocr_line' id='line_1_52' title="bbox 1782 2395 3356 2469; baseline 0.005 -19"><span class='ocrx_word' id='word_1_370' title='bbox 1782 2395 2048 2450; x_wconf 89' lang='lat' dir='ltr'><strong>ctionibus</strong></span> <span class='ocrx_word' id='word_1_371' title='bbox 2094 2395 2201 2451; x_wconf 91' lang='lat' dir='ltr'><strong>illis</strong></span> <span class='ocrx_word' id='word_1_372' title='bbox 2235 2396 2549 2465; x_wconf 87' lang='lat' dir='ltr'><strong>prioribus:</strong></span> <span class='ocrx_word' id='word_1_373' title='bbox 2584 2398 2869 2468; x_wconf 70' lang='lat' dir='ltr'><strong>Responde</strong></span> <span class='ocrx_word' id='word_1_374' title='bbox 2912 2402 3075 2469; x_wconf 90' lang='lat' dir='ltr'><strong>mihi,</strong></span> <span class='ocrx_word' id='word_1_375' title='bbox 3123 2403 3297 2459; x_wconf 81' lang='lat' dir='ltr'><strong>fertur</strong></span> <span class='ocrx_word' id='word_1_376' title='bbox 3324 2420 3356 2458; x_wconf 89' lang='lat' dir='ltr'><strong>a</strong></span> 
     </span>
    </p>
   </div>
   <div class='ocr_carea' id='block_1_53' title="bbox 1782 2486 3356 2555">
    <p class='ocr_par' dir='ltr' id='par_1_53' title="bbox 1782 2486 3356 2555">
     <span class='ocr_line' id='line_1_53' title="bbox 1782 2486 3356 2555; baseline 0.006 -17"><span class='ocrx_word' id='word_1_377' title='bbox 1782 2486 2081 2548; x_wconf 89' lang='lat' dir='ltr'><strong>nonnullis,</strong></span> <span class='ocrx_word' id='word_1_378' title='bbox 2113 2486 2255 2555; x_wconf 90' lang='lat' dir='ltr'><strong>quod</strong></span> <span class='ocrx_word' id='word_1_379' title='bbox 2298 2487 2440 2541; x_wconf 89' lang='lat' dir='ltr'><strong>dicta</strong></span> <span class='ocrx_word' id='word_1_380' title='bbox 2494 2488 2659 2543; x_wconf 86' lang='lat' dir='ltr'><strong>verba</strong></span> <span class='ocrx_word' id='word_1_381' title='bbox 2687 2489 2912 2545; x_wconf 84' lang='lat' dir='ltr'><strong>fuerunt</strong></span> <span class='ocrx_word' id='word_1_382' title='bbox 2956 2508 3019 2547; x_wconf 88' lang='lat' dir='ltr'><strong>ex</strong></span> <span class='ocrx_word' id='word_1_383' title='bbox 3072 2502 3200 2548; x_wconf 92' lang='lat' dir='ltr'><strong>tunc</strong></span> <span class='ocrx_word' id='word_1_384' title='bbox 3230 2495 3356 2548; x_wconf 89' lang='lat' dir='ltr'><strong>inde</strong></span> 
     </span>
    </p>
   </div>
   <div class='ocr_carea' id='block_1_54' title="bbox 1782 2576 3353 2653">
    <p class='ocr_par' dir='ltr' id='par_1_54' title="bbox 1782 2576 3353 2653">
     <span class='ocr_line' id='line_1_54' title="bbox 1782 2576 3353 2653; baseline 0.006 -24"><span class='ocrx_word' id='word_1_385' title='bbox 1782 2576 1961 2630; x_wconf 86' lang='lat' dir='ltr'><strong>deleta</strong></span> <span class='ocrx_word' id='word_1_386' title='bbox 1992 2578 2062 2631; x_wconf 91' lang='lat' dir='ltr'><strong>ob</strong></span> <span class='ocrx_word' id='word_1_387' title='bbox 2093 2586 2409 2645; x_wconf 88' lang='lat' dir='ltr'><strong>perpetuam</strong></span> <span class='ocrx_word' id='word_1_388' title='bbox 2435 2585 2492 2631; x_wconf 90' lang='lat' dir='ltr'><strong>et</strong></span> <span class='ocrx_word' id='word_1_389' title='bbox 2522 2577 2864 2635; x_wconf 88' lang='lat' dir='ltr'><strong>indelebilem</strong></span> <span class='ocrx_word' id='word_1_390' title='bbox 2901 2588 3009 2636; x_wconf 88' lang='lat' dir='ltr'><strong>tam</strong></span> <span class='ocrx_word' id='word_1_391' title='bbox 3054 2584 3353 2653; x_wconf 87' lang='lat' dir='ltr'><strong>expavendi</strong></span> 
     </span>
    </p>
   </div>
   <div class='ocr_carea' id='block_1_55' title="bbox 1776 2666 2485 2737">
    <p class='ocr_par' dir='ltr' id='par_1_55' title="bbox 1776 2666 2485 2737">
     <span class='ocr_line' id='line_1_55' title="bbox 1776 2666 2485 2737; baseline 0.001 -18"><span class='ocrx_word' id='word_1_392' title='bbox 1776 2666 1971 2736; x_wconf 89' lang='lat' dir='ltr'><strong>judicii</strong></span> <span class='ocrx_word' id='word_1_393' title='bbox 2002 2667 2321 2722; x_wconf 86' lang='lat' dir='ltr'><strong>memoriam</strong></span> <span class='ocrx_word' id='word_1_394' title='bbox 2349 2666 2485 2737; x_wconf 79' lang='grc'>(58).</span> 
     </span>
    </p>
   </div>
   <div class='ocr_carea' id='block_1_56' title="bbox 1852 2757 3348 2834">
    <p class='ocr_par' dir='ltr' id='par_1_56' title="bbox 1852 2757 3348 2834">
     <span class='ocr_line' id='line_1_56' title="bbox 1852 2757 3348 2834; baseline 0.005 -23"><span class='ocrx_word' id='word_1_395' title='bbox 1852 2757 1903 2811; x_wconf 89' lang='lat'><strong>7.</strong></span> <span class='ocrx_word' id='word_1_396' title='bbox 1944 2759 2145 2814; x_wconf 84' lang='lat' dir='ltr'><strong>Aderat</strong></span> <span class='ocrx_word' id='word_1_397' title='bbox 2173 2769 2352 2815; x_wconf 88' lang='lat' dir='ltr'><strong>autem</strong></span> <span class='ocrx_word' id='word_1_398' title='bbox 2383 2770 2509 2815; x_wconf 91' lang='lat' dir='ltr'><strong>tunc</strong></span> <span class='ocrx_word' id='word_1_399' title='bbox 2538 2761 2665 2816; x_wconf 88' lang='lat' dir='ltr'><strong>huic</strong></span> <span class='ocrx_word' id='word_1_400' title='bbox 2696 2770 2802 2817; x_wconf 88' lang='lat' dir='ltr'><strong>tam</strong></span> <span class='ocrx_word' id='word_1_401' title='bbox 2833 2761 3105 2819; x_wconf 88' lang='lat' dir='ltr'><strong>horrendo</strong></span> <span class='ocrx_word' id='word_1_402' title='bbox 3137 2773 3348 2834; x_wconf 83' lang='lat' dir='ltr'><strong>specta-</strong></span> 
     </span>
    </p>
   </div>
   <div class='ocr_carea' id='block_1_57' title="bbox 1782 2842 3352 2918">
    <p class='ocr_par' dir='ltr' id='par_1_57' title="bbox 1782 2842 3352 2918">
     <span class='ocr_line' id='line_1_57' title="bbox 1782 2842 3352 2918; baseline 0.004 -15"><span class='ocrx_word' id='word_1_403' title='bbox 1782 2848 1903 2904; x_wconf 90' lang='lat' dir='ltr'><strong>culo</strong></span> <span class='ocrx_word' id='word_1_404' title='bbox 1930 2849 2073 2905; x_wconf 91' lang='lat' dir='ltr'><strong>inter</strong></span> <span class='ocrx_word' id='word_1_405' title='bbox 2099 2842 2329 2905; x_wconf 71' lang='lat' dir='ltr'><strong>caeteros</strong></span> <span class='ocrx_word' id='word_1_406' title='bbox 2358 2851 2610 2907; x_wconf 91' lang='lat' dir='ltr'><strong>doctores</strong></span> <span class='ocrx_word' id='word_1_407' title='bbox 2638 2852 2831 2908; x_wconf 88' lang='lat' dir='ltr'><strong>beatus</strong></span> <span class='ocrx_word' id='word_1_408' title='bbox 2873 2853 3056 2909; x_wconf 88' lang='lat' dir='ltr'><strong>Bruno</strong></span> <span class='ocrx_word' id='word_1_409' title='bbox 3076 2892 3090 2918; x_wconf 96' lang='lat'><strong>,</strong></span> <span class='ocrx_word' id='word_1_410' title='bbox 3127 2855 3352 2909; x_wconf 83' lang='lat' dir='ltr'><strong>natione</strong></span> 
     </span>
    </p>
   </div>
   <div class='ocr_carea' id='block_1_58' title="bbox 1782 2938 3352 3017">
    <p class='ocr_par' dir='ltr' id='par_1_58' title="bbox 1782 2938 3352 3017">
     <span class='ocr_line' id='line_1_58' title="bbox 1782 2938 3352 3017; baseline 0.005 -24"><span class='ocrx_word' id='word_1_411' title='bbox 1782 2938 2110 2997; x_wconf 87' lang='lat' dir='ltr'><strong>Teutonicus</strong></span> <span class='ocrx_word' id='word_1_412' title='bbox 2153 2957 2221 2996; x_wconf 88' lang='lat' dir='ltr'><strong>ex</strong></span> <span class='ocrx_word' id='word_1_413' title='bbox 2259 2942 2478 2997; x_wconf 85' lang='lat' dir='ltr'><strong>civitate</strong></span> <span class='ocrx_word' id='word_1_414' title='bbox 2525 2943 2725 3015; x_wconf 78' lang='lat' dir='ltr'><strong>insigni</strong></span> <span class='ocrx_word' id='word_1_415' title='bbox 2767 2953 2824 2999; x_wconf 90' lang='lat' dir='ltr'><strong>et</strong></span> <span class='ocrx_word' id='word_1_416' title='bbox 2867 2946 3013 3015; x_wconf 88' lang='lat' dir='ltr'><strong>regia</strong></span> <span class='ocrx_word' id='word_1_417' title='bbox 3056 2946 3352 3017; x_wconf 81' lang='lat' dir='ltr'><strong>Agrippina</strong></span> 
     </span>
    </p>
   </div>
   <div class='ocr_carea' id='block_1_59' title="bbox 1781 3028 3355 3106">
    <p class='ocr_par' dir='ltr' id='par_1_59' title="bbox 1781 3028 3355 3106">
     <span class='ocr_line' id='line_1_59' title="bbox 1781 3028 3355 3106; baseline 0.005 -23"><span class='ocrx_word' id='word_1_418' title='bbox 1781 3028 1999 3085; x_wconf 90' lang='lat' dir='ltr'><strong>Colonia</strong></span> <span class='ocrx_word' id='word_1_419' title='bbox 2018 3072 2033 3097; x_wconf 92' lang='lat'><strong>,</strong></span> <span class='ocrx_word' id='word_1_420' title='bbox 2064 3032 2130 3087; x_wconf 93' lang='lat' dir='ltr'><strong>de</strong></span> <span class='ocrx_word' id='word_1_421' title='bbox 2159 3033 2504 3101; x_wconf 91' lang='lat' dir='ltr'><strong>parentibus,</strong></span> <span class='ocrx_word' id='word_1_422' title='bbox 2540 3049 2646 3087; x_wconf 93' lang='lat' dir='ltr'><strong>non</strong></span> <span class='ocrx_word' id='word_1_423' title='bbox 2692 3043 2798 3089; x_wconf 90' lang='lat' dir='ltr'><strong>tam</strong></span> <span class='ocrx_word' id='word_1_424' title='bbox 2828 3050 3027 3106; x_wconf 87' lang='lat' dir='ltr'><strong>genere</strong></span> <span class='ocrx_word' id='word_1_425' title='bbox 3053 3052 3215 3105; x_wconf 87' lang='lat' dir='ltr'><strong>quam</strong></span> <span class='ocrx_word' id='word_1_426' title='bbox 3245 3038 3355 3091; x_wconf 85' lang='lat' dir='ltr'><strong>vir-</strong></span> 
     </span>
    </p>
   </div>
   <div class='ocr_carea' id='block_1_60' title="bbox 136 3118 3351 3216">
    <p class='ocr_par' dir='ltr' id='par_1_60' title="bbox 136 3118 3351 3216">
     <span class='ocr_line' id='line_1_60' title="bbox 136 3118 3351 3216; baseline -0.001 -37"><span class='ocrx_word' id='word_1_427' title='bbox 136 3126 473 3195; x_wconf 84' lang='lat' dir='ltr'><strong>spectaculum</strong></span> <span class='ocrx_word' id='word_1_428' title='bbox 491 3124 605 3194; x_wconf 86' lang='lat' dir='ltr'><strong>jam</strong></span> <span class='ocrx_word' id='word_1_429' title='bbox 630 3119 891 3174; x_wconf 86' lang='lat' dir='ltr'><strong>fuissetin</strong></span> <span class='ocrx_word' id='word_1_430' title='bbox 919 3129 1065 3174; x_wconf 89' lang='lat' dir='ltr'><strong>tanta</strong></span> <span class='ocrx_word' id='word_1_431' title='bbox 1087 3118 1306 3173; x_wconf 88' lang='lat' dir='ltr'><strong>civitate</strong></span> <span class='ocrx_word' id='word_1_432' title='bbox 1323 3118 1676 3189; x_wconf 81' lang='lat' dir='ltr'><strong>divulgatum,</strong></span> <span class='ocrx_word' id='word_1_433' title='bbox 1708 3159 1749 3216; x_wconf 65' lang='grc' dir='ltr'>Ο</span> <span class='ocrx_word' id='word_1_434' title='bbox 1786 3130 1899 3177; x_wconf 88' lang='lat' dir='ltr'><strong>tute</strong></span> <span class='ocrx_word' id='word_1_435' title='bbox 1929 3123 2093 3178; x_wconf 88' lang='lat' dir='ltr'><strong>claris</strong></span> <span class='ocrx_word' id='word_1_436' title='bbox 2122 3132 2177 3176; x_wconf 84' lang='lat' dir='ltr'><strong>et</strong></span> <span class='ocrx_word' id='word_1_437' title='bbox 2209 3123 2476 3179; x_wconf 89' lang='lat' dir='ltr'><strong>nobilibus</strong></span> <span class='ocrx_word' id='word_1_438' title='bbox 2505 3137 2657 3179; x_wconf 91' lang='lat' dir='ltr'><strong>ortus</strong></span> <span class='ocrx_word' id='word_1_439' title='bbox 2689 3126 2835 3198; x_wconf 77' lang='lat'><strong>(59),</strong></span> <span class='ocrx_word' id='word_1_440' title='bbox 2861 3126 3147 3183; x_wconf 84' lang='lat' dir='ltr'><strong>Remensis</strong></span> <span class='ocrx_word' id='word_1_441' title='bbox 3174 3129 3351 3185; x_wconf 69' lang='lat' dir='ltr'><strong>eccle-</strong></span> 
     </span>
    </p>
   </div>
   <div class='ocr_carea' id='block_1_61' title="bbox 136 3209 1681 3279">
    <p class='ocr_par' dir='ltr' id='par_1_61' title="bbox 136 3209 1681 3279">
     <span class='ocr_line' id='line_1_61' title="bbox 136 3209 1681 3279; baseline -0.003 -10"><span class='ocrx_word' id='word_1_442' title='bbox 136 3221 187 3272; x_wconf 82' lang='lat' dir='ltr'><strong>ad</strong></span> <span class='ocrx_word' id='word_1_443' title='bbox 210 3221 394 3275; x_wconf 86' lang='lat' dir='ltr'><strong>dictam</strong></span> <span class='ocrx_word' id='word_1_444' title='bbox 436 3216 730 3272; x_wconf 84' lang='lat' dir='ltr'><strong>ecclesiam</strong></span> <span class='ocrx_word' id='word_1_445' title='bbox 772 3211 1027 3269; x_wconf 86' lang='lat' dir='ltr'><strong>convenit</strong></span> <span class='ocrx_word' id='word_1_446' title='bbox 1067 3209 1304 3264; x_wconf 84' lang='lat' dir='ltr'><strong>maxima</strong></span> <span class='ocrx_word' id='word_1_447' title='bbox 1334 3218 1389 3264; x_wconf 92' lang='lat' dir='ltr'><strong>et</strong></span> <span class='ocrx_word' id='word_1_448' title='bbox 1417 3210 1569 3279; x_wconf 88' lang='lat' dir='ltr'><strong>quasi</strong></span> <span class='ocrx_word' id='word_1_449' title='bbox 1601 3210 1681 3264; x_wconf 87' lang='lat' dir='ltr'><strong>in-</strong></span> 
     </span>
    </p>
   </div>
   <div class='ocr_carea' id='block_1_62' title="bbox 138 3300 1681 3376">
    <p class='ocr_par' dir='ltr' id='par_1_62' title="bbox 138 3300 1681 3376">
     <span class='ocr_line' id='line_1_62' title="bbox 138 3300 1681 3376; baseline -0.008 -11"><span class='ocrx_word' id='word_1_450' title='bbox 138 3310 462 3369; x_wconf 79' lang='lat' dir='ltr'><strong>numerabilis</strong></span> <span class='ocrx_word' id='word_1_451' title='bbox 503 3315 788 3376; x_wconf 88' lang='lat' dir='ltr'><strong>utriusque</strong></span> <span class='ocrx_word' id='word_1_452' title='bbox 830 3302 1010 3374; x_wconf 89' lang='lat' dir='ltr'><strong>populi</strong></span> <span class='ocrx_word' id='word_1_453' title='bbox 1046 3301 1352 3355; x_wconf 88' lang='lat' dir='ltr'><strong>multitudo.</strong></span> <span class='ocrx_word' id='word_1_454' title='bbox 1405 3300 1503 3356; x_wconf 88' lang='lat' dir='ltr'><strong>Ubi</strong></span> <span class='ocrx_word' id='word_1_455' title='bbox 1536 3301 1681 3354; x_wconf 89' lang='lat' dir='ltr'><strong>rein-</strong></span> 
     </span>
    </p>
   </div>
   <div class='ocr_carea' id='block_1_63' title="bbox 138 3394 1678 3473">
    <p class='ocr_par' dir='ltr' id='par_1_63' title="bbox 138 3394 1678 3473">
     <span class='ocr_line' id='line_1_63' title="bbox 138 3394 1678 3473; baseline -0.008 -15"><span class='ocrx_word' id='word_1_456' title='bbox 138 3405 277 3473; x_wconf 87' lang='lat' dir='ltr'><strong>ceptis</strong></span> <span class='ocrx_word' id='word_1_457' title='bbox 316 3414 371 3461; x_wconf 91' lang='lat' dir='ltr'><strong>et</strong></span> <span class='ocrx_word' id='word_1_458' title='bbox 417 3401 548 3458; x_wconf 89' lang='lat' dir='ltr'><strong>inde</strong></span> <span class='ocrx_word' id='word_1_459' title='bbox 591 3397 921 3456; x_wconf 87' lang='lat' dir='ltr'><strong>continuatis</strong></span> <span class='ocrx_word' id='word_1_460' title='bbox 950 3394 1258 3464; x_wconf 86' lang='lat' dir='ltr'><strong>exsequiis,</strong></span> <span class='ocrx_word' id='word_1_461' title='bbox 1286 3394 1412 3448; x_wconf 92' lang='lat' dir='ltr'><strong>dum</strong></span> <span class='ocrx_word' id='word_1_462' title='bbox 1456 3401 1678 3447; x_wconf 90' lang='lat' dir='ltr'><strong>ventum</strong></span> 
     </span>
    </p>
   </div>
   <div class='ocr_carea' id='block_1_64' title="bbox 139 3483 1677 3568">
    <p class='ocr_par' dir='ltr' id='par_1_64' title="bbox 139 3483 1677 3568">
     <span class='ocr_line' id='line_1_64' title="bbox 139 3483 1677 3568; baseline -0.007 -20"><span class='ocrx_word' id='word_1_463' title='bbox 139 3506 202 3550; x_wconf 84' lang='lat' dir='ltr'><strong>est</strong></span> <span class='ocrx_word' id='word_1_464' title='bbox 226 3497 285 3551; x_wconf 91' lang='lat' dir='ltr'><strong>ad</strong></span> <span class='ocrx_word' id='word_1_465' title='bbox 325 3495 571 3568; x_wconf 82' lang='lat' dir='ltr'><strong>ejusdem</strong></span> <span class='ocrx_word' id='word_1_466' title='bbox 615 3489 866 3547; x_wconf 89' lang='lat' dir='ltr'><strong>lectionis</strong></span> <span class='ocrx_word' id='word_1_467' title='bbox 914 3487 1155 3551; x_wconf 89' lang='lat' dir='ltr'><strong>initium,</strong></span> <span class='ocrx_word' id='word_1_468' title='bbox 1188 3484 1328 3539; x_wconf 89' lang='lat' dir='ltr'><strong>idem</strong></span> <span class='ocrx_word' id='word_1_469' title='bbox 1359 3483 1677 3550; x_wconf 88' lang='lat' dir='ltr'><strong>defunctus,</strong></span> 
     </span>
    </p>
   </div>
   <div class='ocr_carea' id='block_1_65' title="bbox 140 3574 1677 3654">
    <p class='ocr_par' dir='ltr' id='par_1_65' title="bbox 140 3574 1677 3654">
     <span class='ocr_line' id='line_1_65' title="bbox 140 3574 1677 3654; baseline -0.007 -16"><span class='ocrx_word' id='word_1_470' title='bbox 140 3598 181 3638; x_wconf 85' lang='lat' dir='ltr'><strong>ut</strong></span> <span class='ocrx_word' id='word_1_471' title='bbox 202 3587 383 3654; x_wconf 88' lang='lat' dir='ltr'><strong>pridie,</strong></span> <span class='ocrx_word' id='word_1_472' title='bbox 417 3586 487 3640; x_wconf 89' lang='lat' dir='ltr'><strong>de</strong></span> <span class='ocrx_word' id='word_1_473' title='bbox 529 3582 734 3647; x_wconf 91' lang='lat' dir='ltr'><strong>loculo,</strong></span> <span class='ocrx_word' id='word_1_474' title='bbox 760 3581 813 3633; x_wconf 90' lang='lat' dir='ltr'><strong>in</strong></span> <span class='ocrx_word' id='word_1_475' title='bbox 843 3594 947 3648; x_wconf 89' lang='lat' dir='ltr'><strong>quo</strong></span> <span class='ocrx_word' id='word_1_476' title='bbox 978 3586 1223 3631; x_wconf 90' lang='lat' dir='ltr'><strong>mortuus</strong></span> <span class='ocrx_word' id='word_1_477' title='bbox 1242 3574 1493 3643; x_wconf 90' lang='lat' dir='ltr'><strong>jacebat,</strong></span> <span class='ocrx_word' id='word_1_478' title='bbox 1528 3574 1677 3629; x_wconf 76' lang='lat' dir='ltr'><strong>exsi-</strong></span> 
     </span>
    </p>
   </div>
   <div class='ocr_carea' id='block_1_66' title="bbox 141 3668 1679 3737">
    <p class='ocr_par' dir='ltr' id='par_1_66' title="bbox 141 3668 1679 3737">
     <span class='ocr_line' id='line_1_66' title="bbox 141 3668 1679 3737; baseline -0.005 -9"><span class='ocrx_word' id='word_1_479' title='bbox 141 3678 271 3737; x_wconf 72' lang='lat' dir='ltr'><strong>licus.</strong></span> <span class='ocrx_word' id='word_1_480' title='bbox 306 3679 487 3733; x_wconf 82' lang='lat' dir='ltr'><strong>dixit:</strong></span> <span class='ocrx_word' id='word_1_481' title='bbox 537 3674 701 3731; x_wconf 74' lang='lat' dir='ltr'><strong>Jusro</strong></span> <span class='ocrx_word' id='word_1_482' title='bbox 740 3674 836 3727; x_wconf 81' lang='lat' dir='ltr'><strong>DEI</strong></span> <span class='ocrx_word' id='word_1_483' title='bbox 890 3687 1095 3726; x_wconf 76' lang='lat' dir='ltr'><strong>wmcro</strong></span> <span class='ocrx_word' id='word_1_484' title='bbox 1130 3684 1416 3724; x_wconf 78' lang='lat' dir='ltr'><strong>JUDICATUS</strong></span> <span class='ocrx_word' id='word_1_485' title='bbox 1455 3685 1577 3723; x_wconf 79' lang='lat' dir='ltr'><strong>sun.</strong></span> <span class='ocrx_word' id='word_1_486' title='bbox 1613 3668 1679 3722; x_wconf 88' lang='lat' dir='ltr'><strong>Et</strong></span> 
     </span>
    </p>
   </div>
   <div class='ocr_carea' id='block_1_67' title="bbox 142 3761 1677 3831">
    <p class='ocr_par' dir='ltr' id='par_1_67' title="bbox 142 3761 1677 3831">
     <span class='ocr_line' id='line_1_67' title="bbox 142 3761 1677 3831; baseline -0.002 -12"><span class='ocrx_word' id='word_1_487' title='bbox 142 3768 221 3822; x_wconf 71' lang='lat' dir='ltr'><strong>loc</strong></span> <span class='ocrx_word' id='word_1_488' title='bbox 249 3771 412 3831; x_wconf 84' lang='lat' dir='ltr'><strong>dicto,</strong></span> <span class='ocrx_word' id='word_1_489' title='bbox 467 3768 607 3822; x_wconf 89' lang='lat' dir='ltr'><strong>intra</strong></span> <span class='ocrx_word' id='word_1_490' title='bbox 652 3764 912 3820; x_wconf 80' lang='lat' dir='ltr'><strong>feretrum</strong></span> <span class='ocrx_word' id='word_1_491' title='bbox 960 3764 1151 3818; x_wconf 90' lang='lat' dir='ltr'><strong>iterum</strong></span> <span class='ocrx_word' id='word_1_492' title='bbox 1186 3776 1245 3816; x_wconf 93' lang='lat' dir='ltr'><strong>se</strong></span> <span class='ocrx_word' id='word_1_493' title='bbox 1274 3761 1507 3830; x_wconf 89' lang='lat' dir='ltr'><strong>recepit;</strong></span> <span class='ocrx_word' id='word_1_494' title='bbox 1537 3761 1677 3816; x_wconf 87' lang='lat' dir='ltr'><strong>unde</strong></span> 
     </span>
    </p>
   </div>
   <div class='ocr_carea' id='block_1_68' title="bbox 137 3852 1675 3921">
    <p class='ocr_par' dir='ltr' id='par_1_68' title="bbox 137 3852 1675 3921">
     <span class='ocr_line' id='line_1_68' title="bbox 137 3852 1675 3921; baseline -0.003 -11"><span class='ocrx_word' id='word_1_495' title='bbox 137 3860 279 3913; x_wconf 83' lang='lat' dir='ltr'><strong>crevit</strong></span> <span class='ocrx_word' id='word_1_496' title='bbox 316 3860 465 3914; x_wconf 84' lang='lat' dir='ltr'><strong>inter</strong></span> <span class='ocrx_word' id='word_1_497' title='bbox 513 3866 753 3911; x_wconf 87' lang='lat' dir='ltr'><strong>astantes</strong></span> <span class='ocrx_word' id='word_1_498' title='bbox 802 3853 1092 3908; x_wconf 85' lang='lat' dir='ltr'><strong>admiratio</strong></span> <span class='ocrx_word' id='word_1_499' title='bbox 1148 3868 1252 3906; x_wconf 90' lang='lat' dir='ltr'><strong>non</strong></span> <span class='ocrx_word' id='word_1_500' title='bbox 1304 3867 1487 3921; x_wconf 89' lang='lat' dir='ltr'><strong>parva.</strong></span> <span class='ocrx_word' id='word_1_501' title='bbox 1541 3852 1675 3919; x_wconf 87' lang='lat' dir='ltr'><strong>Quia</strong></span> 
     </span>
    </p>
   </div>
   <div class='ocr_carea' id='block_1_69' title="bbox 141 3942 1677 4011">
    <p class='ocr_par' dir='ltr' id='par_1_69' title="bbox 141 3942 1677 4011">
     <span class='ocr_line' id='line_1_69' title="bbox 141 3942 1677 4011; baseline -0.002 -11"><span class='ocrx_word' id='word_1_502' title='bbox 141 3958 285 4003; x_wconf 80' lang='lat' dir='ltr'><strong>tamen</strong></span> <span class='ocrx_word' id='word_1_503' title='bbox 311 3965 375 4004; x_wconf 84' lang='lat' dir='ltr'><strong>ex</strong></span> <span class='ocrx_word' id='word_1_504' title='bbox 411 3951 514 4003; x_wconf 90' lang='lat' dir='ltr'><strong>hoc</strong></span> <span class='ocrx_word' id='word_1_505' title='bbox 545 3947 782 4001; x_wconf 86' lang='lat' dir='ltr'><strong>nondum</strong></span> <span class='ocrx_word' id='word_1_506' title='bbox 811 3943 1031 3998; x_wconf 86' lang='lat' dir='ltr'><strong>fuerant.</strong></span> <span class='ocrx_word' id='word_1_507' title='bbox 1055 3944 1120 3996; x_wconf 88' lang='lat' dir='ltr'><strong>de</strong></span> <span class='ocrx_word' id='word_1_508' title='bbox 1150 3942 1264 4010; x_wconf 85' lang='lat' dir='ltr'><strong>ejus</strong></span> <span class='ocrx_word' id='word_1_509' title='bbox 1298 3943 1677 4011; x_wconf 85' lang='lat' dir='ltr'><strong>reprobatione</strong></span> 
     </span>
    </p>
   </div>
   <div class='ocr_carea' id='block_1_70' title="bbox 139 4033 1674 4108">
    <p class='ocr_par' dir='ltr' id='par_1_70' title="bbox 139 4033 1674 4108">
     <span class='ocr_line' id='line_1_70' title="bbox 139 4033 1674 4108; baseline -0.001 -16"><span class='ocrx_word' id='word_1_510' title='bbox 139 4040 275 4105; x_wconf 82' lang='lat' dir='ltr'><strong>certi;</strong></span> <span class='ocrx_word' id='word_1_511' title='bbox 318 4057 443 4095; x_wconf 90' lang='lat' dir='ltr'><strong>cum</strong></span> <span class='ocrx_word' id='word_1_512' title='bbox 490 4038 655 4092; x_wconf 87' lang='lat' dir='ltr'><strong>verba</strong></span> <span class='ocrx_word' id='word_1_513' title='bbox 704 4036 789 4090; x_wconf 89' lang='lat' dir='ltr'><strong>illa</strong></span> <span class='ocrx_word' id='word_1_514' title='bbox 822 4044 1111 4089; x_wconf 89' lang='lat' dir='ltr'><strong>accusatus</strong></span> <span class='ocrx_word' id='word_1_515' title='bbox 1160 4048 1279 4088; x_wconf 87' lang='lat' dir='ltr'><strong>sunt</strong></span> <span class='ocrx_word' id='word_1_516' title='bbox 1312 4042 1364 4088; x_wconf 86' lang='lat' dir='ltr'><strong>et</strong></span> <span class='ocrx_word' id='word_1_517' title='bbox 1402 4033 1674 4108; x_wconf 86' lang='lat' dir='ltr'><strong>judicatus</strong></span> 
     </span>
    </p>
   </div>
   <div class='ocr_carea' id='block_1_71' title="bbox 140 4125 1671 4201">
    <p class='ocr_par' dir='ltr' id='par_1_71' title="bbox 140 4125 1671 4201">
     <span class='ocr_line' id='line_1_71' title="bbox 140 4125 1671 4201; baseline 0 -21"><span class='ocrx_word' id='word_1_518' title='bbox 140 4142 261 4197; x_wconf 85' lang='lat' dir='ltr'><strong>sum,</strong></span> <span class='ocrx_word' id='word_1_519' title='bbox 285 4139 504 4201; x_wconf 84' lang='lat' dir='ltr'><strong>possent</strong></span> <span class='ocrx_word' id='word_1_520' title='bbox 529 4129 691 4182; x_wconf 88' lang='lat' dir='ltr'><strong>etiam</strong></span> <span class='ocrx_word' id='word_1_521' title='bbox 721 4128 773 4180; x_wconf 91' lang='lat' dir='ltr'><strong>in</strong></span> <span class='ocrx_word' id='word_1_522' title='bbox 800 4127 995 4181; x_wconf 89' lang='lat' dir='ltr'><strong>bonam</strong></span> <span class='ocrx_word' id='word_1_523' title='bbox 1033 4133 1241 4194; x_wconf 91' lang='lat' dir='ltr'><strong>partem</strong></span> <span class='ocrx_word' id='word_1_524' title='bbox 1288 4125 1634 4194; x_wconf 89' lang='lat' dir='ltr'><strong>interpretari</strong></span> <span class='ocrx_word' id='word_1_525' title='bbox 1656 4167 1671 4191; x_wconf 95' lang='lat'><strong>,</strong></span> 
     </span>
    </p>
   </div>
   <div class='ocr_carea' id='block_1_72' title="bbox 142 4216 1662 4289">
    <p class='ocr_par' dir='ltr' id='par_1_72' title="bbox 142 4216 1662 4289">
     <span class='ocr_line' id='line_1_72' title="bbox 142 4216 1662 4289; baseline 0 -19"><span class='ocrx_word' id='word_1_526' title='bbox 142 4226 355 4289; x_wconf 82' lang='lat' dir='ltr'><strong>tanquam</strong></span> <span class='ocrx_word' id='word_1_527' title='bbox 402 4222 515 4289; x_wconf 90' lang='lat' dir='ltr'><strong>ipse</strong></span> <span class='ocrx_word' id='word_1_528' title='bbox 559 4218 731 4288; x_wconf 89' lang='lat' dir='ltr'><strong>primo</strong></span> <span class='ocrx_word' id='word_1_529' title='bbox 774 4216 970 4287; x_wconf 88' lang='lat' dir='ltr'><strong>injuste</strong></span> <span class='ocrx_word' id='word_1_530' title='bbox 1014 4216 1205 4272; x_wconf 83' lang='lat' dir='ltr'><strong>fuisset</strong></span> <span class='ocrx_word' id='word_1_531' title='bbox 1249 4225 1375 4272; x_wconf 89' lang='lat' dir='ltr'><strong>ante</strong></span> <span class='ocrx_word' id='word_1_532' title='bbox 1423 4216 1662 4272; x_wconf 89' lang='lat' dir='ltr'><strong>tribunal</strong></span> 
     </span>
    </p>
   </div>
   <div class='ocr_carea' id='block_1_73' title="bbox 142 4348 1672 4417">
    <p class='ocr_par' dir='ltr' id='par_1_73' title="bbox 142 4348 1672 4417">
     <span class='ocr_line' id='line_1_73' title="bbox 142 4348 1672 4417; baseline 0.005 -19"><span class='ocrx_word' id='word_1_533' title='bbox 142 4348 250 4402; x_wconf 78' lang='lat'><strong>“06</strong></span> <span class='ocrx_word' id='word_1_534' title='bbox 295 4352 472 4405; x_wconf 82' lang='lat' dir='ltr'><strong>vivere</strong></span> <span class='ocrx_word' id='word_1_535' title='bbox 522 4349 720 4412; x_wconf 78' lang='lat' dir='ltr'><strong>desiit,</strong></span> <span class='ocrx_word' id='word_1_536' title='bbox 777 4349 855 4403; x_wconf 92' lang='lat' dir='ltr'><strong>uti</strong></span> <span class='ocrx_word' id='word_1_537' title='bbox 905 4349 971 4402; x_wconf 89' lang='lat' dir='ltr'><strong>ad</strong></span> <span class='ocrx_word' id='word_1_538' title='bbox 1037 4357 1325 4417; x_wconf 88' lang='lat' dir='ltr'><strong>utrumque</strong></span> <span class='ocrx_word' id='word_1_539' title='bbox 1375 4349 1517 4404; x_wconf 88' lang='lat' dir='ltr'><strong>hunc</strong></span> <span class='ocrx_word' id='word_1_540' title='bbox 1578 4364 1672 4404; x_wconf 87' lang='lat' dir='ltr'><strong>an-</strong></span> 
     </span>
    </p>
   </div>
   <div class='ocr_carea' id='block_1_74' title="bbox 143 4417 1671 4492">
    <p class='ocr_par' dir='ltr' id='par_1_74' title="bbox 143 4417 1671 4492">
     <span class='ocr_line' id='line_1_74' title="bbox 143 4417 1671 4492; baseline 0.002 -19"><span class='ocrx_word' id='word_1_541' title='bbox 143 4432 240 4473; x_wconf 83' lang='lat' dir='ltr'><strong>num</strong></span> <span class='ocrx_word' id='word_1_542' title='bbox 287 4421 484 4492; x_wconf 87' lang='lat' dir='ltr'><strong>Pagins</strong></span> <span class='ocrx_word' id='word_1_543' title='bbox 556 4421 611 4475; x_wconf 91' lang='lat' dir='ltr'><strong>in</strong></span> <span class='ocrx_word' id='word_1_544' title='bbox 676 4418 894 4475; x_wconf 87' lang='lat' dir='ltr'><strong>Criticis</strong></span> <span class='ocrx_word' id='word_1_545' title='bbox 958 4417 1155 4487; x_wconf 85' lang='lat' dir='ltr'><strong>aliique</strong></span> <span class='ocrx_word' id='word_1_546' title='bbox 1228 4419 1521 4489; x_wconf 89' lang='lat' dir='ltr'><strong>scriptores</strong></span> <span class='ocrx_word' id='word_1_547' title='bbox 1572 4421 1671 4476; x_wconf 92' lang='lat' dir='ltr'><strong>do-</strong></span> 
     </span>
    </p>
   </div>
   <div class='ocr_carea' id='block_1_75' title="bbox 142 4499 741 4543">
    <p class='ocr_par' dir='ltr' id='par_1_75' title="bbox 142 4499 741 4543">
     <span class='ocr_line' id='line_1_75' title="bbox 142 4499 741 4543; baseline -0.005 -5"><span class='ocrx_word' id='word_1_548' title='bbox 142 4499 256 4543; x_wconf 86' lang='lat' dir='ltr'><strong>cent.</strong></span> <span class='ocrx_word' id='word_1_549' title='bbox 738 4528 741 4535; x_wconf 89' lang='grc'><em>.</em></span> 
     </span>
    </p>
   </div>
   <div class='ocr_carea' id='block_1_76' title="bbox 185 4547 1670 4628">
    <p class='ocr_par' dir='ltr' id='par_1_76' title="bbox 185 4547 1670 4628">
     <span class='ocr_line' id='line_1_76' title="bbox 185 4547 1670 4628; baseline 0.003 -18"><span class='ocrx_word' id='word_1_550' title='bbox 185 4556 278 4628; x_wconf 72' lang='lat'><strong>(37)</strong></span> <span class='ocrx_word' id='word_1_551' title='bbox 301 4559 435 4627; x_wconf 91' lang='lat' dir='ltr'><strong>Quid</strong></span> <span class='ocrx_word' id='word_1_552' title='bbox 467 4560 532 4613; x_wconf 90' lang='lat' dir='ltr'><strong>de</strong></span> <span class='ocrx_word' id='word_1_553' title='bbox 562 4566 672 4612; x_wconf 91' lang='lat' dir='ltr'><strong>tota</strong></span> <span class='ocrx_word' id='word_1_554' title='bbox 729 4557 814 4611; x_wconf 84' lang='lat' dir='ltr'><strong>illa</strong></span> <span class='ocrx_word' id='word_1_555' title='bbox 870 4556 1108 4612; x_wconf 88' lang='lat' dir='ltr'><strong>lttctuosa</strong></span> <span class='ocrx_word' id='word_1_556' title='bbox 1154 4558 1391 4613; x_wconf 86' lang='lat' dir='ltr'><strong>damnati</strong></span> <span class='ocrx_word' id='word_1_557' title='bbox 1437 4547 1670 4615; x_wconf 73' lang='lat' dir='ltr'><strong>Historia</strong></span> 
     </span>
    </p>
   </div>
   <div class='ocr_carea' id='block_1_77' title="bbox 143 4628 1669 4696">
    <p class='ocr_par' dir='ltr' id='par_1_77' title="bbox 143 4628 1669 4696">
     <span class='ocr_line' id='line_1_77' title="bbox 143 4628 1669 4696; baseline 0.005 -19"><span class='ocrx_word' id='word_1_558' title='bbox 143 4630 440 4696; x_wconf 74' lang='lat' dir='ltr'><strong>sentiendum</strong></span> <span class='ocrx_word' id='word_1_559' title='bbox 473 4630 564 4693; x_wconf 90' lang='lat' dir='ltr'><strong>sit,</strong></span> <span class='ocrx_word' id='word_1_560' title='bbox 612 4628 863 4696; x_wconf 80' lang='lat' dir='ltr'><strong>colligere</strong></span> <span class='ocrx_word' id='word_1_561' title='bbox 895 4638 1068 4696; x_wconf 83' lang='lat' dir='ltr'><strong>potest</strong></span> <span class='ocrx_word' id='word_1_562' title='bbox 1115 4629 1385 4684; x_wconf 89' lang='lat' dir='ltr'><strong>studiosus</strong></span> <span class='ocrx_word' id='word_1_563' title='bbox 1406 4628 1578 4683; x_wconf 90' lang='lat' dir='ltr'><strong>lector</strong></span> <span class='ocrx_word' id='word_1_564' title='bbox 1604 4646 1669 4685; x_wconf 87' lang='lat' dir='ltr'><strong>ex</strong></span> 
     </span>
    </p>
   </div>
   <div class='ocr_carea' id='block_1_78' title="bbox 144 4694 1669 4767">
    <p class='ocr_par' dir='ltr' id='par_1_78' title="bbox 144 4694 1669 4767">
     <span class='ocr_line' id='line_1_78' title="bbox 144 4694 1669 4767; baseline 0.005 -20"><span class='ocrx_word' id='word_1_565' title='bbox 144 4694 212 4757; x_wconf 86' lang='lat' dir='ltr'><strong>iis,</strong></span> <span class='ocrx_word' id='word_1_566' title='bbox 233 4714 338 4767; x_wconf 64' lang='lat' dir='ltr'><strong>quas</strong></span> <span class='ocrx_word' id='word_1_567' title='bbox 368 4700 418 4753; x_wconf 89' lang='lat' dir='ltr'><strong>in</strong></span> <span class='ocrx_word' id='word_1_568' title='bbox 447 4694 836 4754; x_wconf 68' lang='lat' dir='ltr'><strong>commentario</strong></span> <span class='ocrx_word' id='word_1_569' title='bbox 864 4694 1063 4765; x_wconf 70' lang='lat' dir='ltr'><strong>praevio</strong></span> <span class='ocrx_word' id='word_1_570' title='bbox 1107 4698 1133 4767; x_wconf 87' lang='lat'>§</span> <span class='ocrx_word' id='word_1_571' title='bbox 1192 4698 1256 4751; x_wconf 78' lang='grc'><strong>10</strong></span> <span class='ocrx_word' id='word_1_572' title='bbox 1306 4708 1362 4753; x_wconf 90' lang='lat' dir='ltr'><strong>et</strong></span> <span class='ocrx_word' id='word_1_573' title='bbox 1410 4700 1669 4754; x_wconf 89' lang='lat' dir='ltr'><strong>tredecim</strong></span> 
     </span>
    </p>
   </div>
   <div class='ocr_carea' id='block_1_79' title="bbox 145 4767 1673 4840">
    <p class='ocr_par' dir='ltr' id='par_1_79' title="bbox 145 4767 1673 4840">
     <span class='ocr_line' id='line_1_79' title="bbox 145 4767 1673 4840; baseline 0.003 -21"><span class='ocrx_word' id='word_1_574' title='bbox 145 4768 454 4840; x_wconf 55' lang='lat' dir='ltr'><strong>sequentibus</strong></span> <span class='ocrx_word' id='word_1_575' title='bbox 480 4768 606 4840; x_wconf 74' lang='lat' dir='ltr'><strong>fuse</strong></span> <span class='ocrx_word' id='word_1_576' title='bbox 631 4769 687 4840; x_wconf 86' lang='lat' dir='ltr'><strong>iu</strong></span> <span class='ocrx_word' id='word_1_577' title='bbox 719 4782 829 4821; x_wconf 89' lang='lat' dir='ltr'><strong>rem</strong></span> <span class='ocrx_word' id='word_1_578' title='bbox 856 4767 997 4840; x_wconf 81' lang='lat' dir='ltr'><strong>illam</strong></span> <span class='ocrx_word' id='word_1_579' title='bbox 1025 4767 1293 4840; x_wconf 80' lang='lat' dir='ltr'><strong>disputata</strong></span> <span class='ocrx_word' id='word_1_580' title='bbox 1339 4778 1481 4840; x_wconf 89' lang='lat' dir='ltr'><strong>sunt.</strong></span> <span class='ocrx_word' id='word_1_581' title='bbox 1515 4768 1673 4824; x_wconf 85' lang='lat' dir='ltr'><strong>Notet</strong></span> 
     </span>
    </p>
   </div>
   <div class='ocr_carea' id='block_1_80' title="bbox 148 4836 1671 4909">
    <p class='ocr_par' dir='ltr' id='par_1_80' title="bbox 148 4836 1671 4909">
     <span class='ocr_line' id='line_1_80' title="bbox 148 4836 1671 4909; baseline 0.005 -24"><span class='ocrx_word' id='word_1_582' title='bbox 148 4836 327 4909; x_wconf 58' lang='lat' dir='ltr'><strong>interim</strong></span> <span class='ocrx_word' id='word_1_583' title='bbox 357 4837 642 4909; x_wconf 90' lang='lat' dir='ltr'><strong>imprimis,</strong></span> <span class='ocrx_word' id='word_1_584' title='bbox 677 4836 930 4909; x_wconf 81' lang='lat' dir='ltr'><strong>horrendi</strong></span> <span class='ocrx_word' id='word_1_585' title='bbox 982 4836 1204 4905; x_wconf 81' lang='lat' dir='ltr'><strong>prodigii</strong></span> <span class='ocrx_word' id='word_1_586' title='bbox 1233 4839 1614 4909; x_wconf 84' lang='lat' dir='ltr'><strong>narrationem,</strong></span> <span class='ocrx_word' id='word_1_587' title='bbox 1643 4855 1671 4892; x_wconf 86' lang='lat' dir='ltr'><strong>a</strong></span> 
     </span>
    </p>
   </div>
   <div class='ocr_carea' id='block_1_81' title="bbox 147 4900 1673 4977">
    <p class='ocr_par' dir='ltr' id='par_1_81' title="bbox 147 4900 1673 4977">
     <span class='ocr_line' id='line_1_81' title="bbox 147 4900 1673 4977; baseline 0.004 -21"><span class='ocrx_word' id='word_1_588' title='bbox 147 4900 346 4961; x_wconf 84' lang='lat' dir='ltr'><strong>Puteano</strong></span> <span class='ocrx_word' id='word_1_589' title='bbox 394 4900 485 4963; x_wconf 78' lang='lat' dir='ltr'><strong>hic</strong></span> <span class='ocrx_word' id='word_1_590' title='bbox 538 4900 926 4976; x_wconf 85' lang='lat' dir='ltr'><strong>suppeditatam</strong></span> <span class='ocrx_word' id='word_1_591' title='bbox 956 4900 995 4971; x_wconf 69' lang='grc'><strong>,“</strong></span> <span class='ocrx_word' id='word_1_592' title='bbox 1025 4920 1055 4959; x_wconf 89' lang='lat' dir='ltr'><strong>a</strong></span> <span class='ocrx_word' id='word_1_593' title='bbox 1102 4900 1416 4977; x_wconf 71' lang='lat' dir='ltr'><strong>narratione</strong></span> <span class='ocrx_word' id='word_1_594' title='bbox 1445 4947 1459 4970; x_wconf 95' lang='lat'><strong>,</strong></span> <span class='ocrx_word' id='word_1_595' title='bbox 1513 4900 1673 4977; x_wconf 83' lang='lat' dir='ltr'><strong>quam</strong></span> 
     </span>
    </p>
   </div>
   <div class='ocr_carea' id='block_1_82' title="bbox 146 4976 1675 5047">
    <p class='ocr_par' dir='ltr' id='par_1_82' title="bbox 146 4976 1675 5047">
     <span class='ocr_line' id='line_1_82' title="bbox 146 4976 1675 5047; baseline 0.003 -20"><span class='ocrx_word' id='word_1_596' title='bbox 146 4976 420 5047; x_wconf 62' lang='lat' dir='ltr'><strong>goncinnata</strong></span> <span class='ocrx_word' id='word_1_597' title='bbox 470 4979 539 5032; x_wconf 91' lang='lat' dir='ltr'><strong>ab</strong></span> <span class='ocrx_word' id='word_1_598' title='bbox 583 4978 887 5046; x_wconf 89' lang='lat' dir='ltr'><strong>antiquiore</strong></span> <span class='ocrx_word' id='word_1_599' title='bbox 939 4976 1114 5031; x_wconf 87' lang='lat' dir='ltr'><strong>sancti</strong></span> <span class='ocrx_word' id='word_1_600' title='bbox 1158 4978 1327 5047; x_wconf 89' lang='lat' dir='ltr'><strong>nostri</strong></span> <span class='ocrx_word' id='word_1_601' title='bbox 1380 4977 1675 5047; x_wconf 90' lang='lat' dir='ltr'><strong>biographo</strong></span> 
     </span>
    </p>
   </div>
   <div class='ocr_carea' id='block_1_83' title="bbox 148 5037 1673 5115">
    <p class='ocr_par' dir='ltr' id='par_1_83' title="bbox 148 5037 1673 5115">
     <span class='ocr_line' id='line_1_83' title="bbox 148 5037 1673 5115; baseline 0.007 -24"><span class='ocrx_word' id='word_1_602' title='bbox 148 5037 242 5096; x_wconf 68' lang='lat' dir='ltr'><strong>Vita</strong></span> <span class='ocrx_word' id='word_1_603' title='bbox 267 5048 633 5115; x_wconf 91' lang='lat' dir='ltr'><strong>complectitur</strong></span> <span class='ocrx_word' id='word_1_604' title='bbox 652 5087 665 5111; x_wconf 92' lang='lat'><strong>,</strong></span> <span class='ocrx_word' id='word_1_605' title='bbox 714 5037 825 5099; x_wconf 68' lang='lat' dir='ltr'><strong>non</strong></span> <span class='ocrx_word' id='word_1_606' title='bbox 857 5061 1044 5115; x_wconf 89' lang='lat' dir='ltr'><strong>parum</strong></span> <span class='ocrx_word' id='word_1_607' title='bbox 1096 5047 1150 5099; x_wconf 91' lang='lat' dir='ltr'><strong>in</strong></span> <span class='ocrx_word' id='word_1_608' title='bbox 1178 5046 1445 5114; x_wconf 90' lang='lat' dir='ltr'><strong>adjunctis</strong></span> <span class='ocrx_word' id='word_1_609' title='bbox 1471 5037 1673 5102; x_wconf 73' lang='lat' dir='ltr'><strong>discre-</strong></span> 
     </span>
    </p>
   </div>
   <div class='ocr_carea' id='block_1_84' title="bbox 147 5114 1673 5186">
    <p class='ocr_par' dir='ltr' id='par_1_84' title="bbox 147 5114 1673 5186">
     <span class='ocr_line' id='line_1_84' title="bbox 147 5114 1673 5186; baseline 0.004 -23"><span class='ocrx_word' id='word_1_610' title='bbox 147 5124 267 5175; x_wconf 82' lang='lat' dir='ltr'><strong>pare.</strong></span> <span class='ocrx_word' id='word_1_611' title='bbox 314 5114 677 5186; x_wconf 62' lang='lat' dir='ltr'><strong>Pricterqnam</strong></span> <span class='ocrx_word' id='word_1_612' title='bbox 730 5114 892 5177; x_wconf 85' lang='lat' dir='ltr'><strong>enim,</strong></span> <span class='ocrx_word' id='word_1_613' title='bbox 930 5114 1233 5186; x_wconf 79' lang='lat' dir='ltr'><strong>quodth</strong></span> <span class='ocrx_word' id='word_1_614' title='bbox 1283 5115 1571 5183; x_wconf 65' lang='lat' dir='ltr'><strong>sepulturae</strong></span> <span class='ocrx_word' id='word_1_615' title='bbox 1622 5117 1673 5170; x_wconf 92' lang='lat' dir='ltr'><strong>in</strong></span> 
     </span>
    </p>
   </div>
   <div class='ocr_carea' id='block_1_85' title="bbox 149 5184 1676 5256">
    <p class='ocr_par' dir='ltr' id='par_1_85' title="bbox 149 5184 1676 5256">
     <span class='ocr_line' id='line_1_85' title="bbox 149 5184 1676 5256; baseline 0.005 -23"><span class='ocrx_word' id='word_1_616' title='bbox 149 5186 443 5256; x_wconf 64' lang='lat' dir='ltr'><strong>sterquilinio</strong></span> <span class='ocrx_word' id='word_1_617' title='bbox 475 5184 579 5241; x_wconf 79' lang='lat' dir='ltr'><strong>non</strong></span> <span class='ocrx_word' id='word_1_618' title='bbox 608 5186 932 5256; x_wconf 78' lang='lat' dir='ltr'><strong>meminerit,</strong></span> <span class='ocrx_word' id='word_1_619' title='bbox 954 5184 1276 5256; x_wconf 6' lang='lat' dir='ltr'><strong>prodigium,</strong></span> <span class='ocrx_word' id='word_1_620' title='bbox 1315 5200 1419 5239; x_wconf 95' lang='lat' dir='ltr'><strong>non</strong></span> <span class='ocrx_word' id='word_1_621' title='bbox 1465 5187 1676 5255; x_wconf 90' lang='lat' dir='ltr'><strong>publice</strong></span> 
     </span>
    </p>
   </div>
   <div class='ocr_carea' id='block_1_86' title="bbox 151 5254 1677 5324">
    <p class='ocr_par' dir='ltr' id='par_1_86' title="bbox 151 5254 1677 5324">
     <span class='ocr_line' id='line_1_86' title="bbox 151 5254 1677 5324; baseline 0.005 -20"><span class='ocrx_word' id='word_1_622' title='bbox 151 5254 190 5324; x_wconf 69' lang='lat' dir='ltr'><strong>tn</strong></span> <span class='ocrx_word' id='word_1_623' title='bbox 211 5254 434 5319; x_wconf 88' lang='lat' dir='ltr'><strong>ecclesia,</strong></span> <span class='ocrx_word' id='word_1_624' title='bbox 463 5258 540 5309; x_wconf 91' lang='lat' dir='ltr'><strong>uti</strong></span> <span class='ocrx_word' id='word_1_625' title='bbox 591 5257 678 5310; x_wconf 91' lang='lat' dir='ltr'><strong>hic</strong></span> <span class='ocrx_word' id='word_1_626' title='bbox 704 5254 976 5309; x_wconf 88' lang='lat' dir='ltr'><strong>Puteanus</strong></span> <span class='ocrx_word' id='word_1_627' title='bbox 1004 5255 1100 5319; x_wconf 89' lang='lat' dir='ltr'><strong>ait,</strong></span> <span class='ocrx_word' id='word_1_628' title='bbox 1125 5256 1221 5309; x_wconf 92' lang='lat' dir='ltr'><strong>sed</strong></span> <span class='ocrx_word' id='word_1_629' title='bbox 1267 5255 1409 5309; x_wconf 89' lang='lat' dir='ltr'><strong>intra</strong></span> <span class='ocrx_word' id='word_1_630' title='bbox 1440 5254 1677 5324; x_wconf 82' lang='lat' dir='ltr'><strong>privatos</strong></span> 
     </span>
    </p>
   </div>
   <div class='ocr_carea' id='block_1_87' title="bbox 152 5319 1677 5394">
    <p class='ocr_par' dir='ltr' id='par_1_87' title="bbox 152 5319 1677 5394">
     <span class='ocr_line' id='line_1_87' title="bbox 152 5319 1677 5394; baseline 0.006 -21"><span class='ocrx_word' id='word_1_631' title='bbox 152 5319 305 5394; x_wconf 86' lang='lat' dir='ltr'><strong>domus</strong></span> <span class='ocrx_word' id='word_1_632' title='bbox 326 5327 559 5380; x_wconf 86' lang='lat' dir='ltr'><strong>defuncti</strong></span> <span class='ocrx_word' id='word_1_633' title='bbox 595 5326 846 5394; x_wconf 87' lang='lat' dir='ltr'><strong>parietes,</strong></span> <span class='ocrx_word' id='word_1_634' title='bbox 906 5339 1027 5378; x_wconf 90' lang='lat' dir='ltr'><strong>cum</strong></span> <span class='ocrx_word' id='word_1_635' title='bbox 1084 5340 1278 5394; x_wconf 88' lang='lat' dir='ltr'><strong>corpus</strong></span> <span class='ocrx_word' id='word_1_636' title='bbox 1324 5319 1460 5394; x_wconf 68' lang='lat' dir='ltr'><strong>ejus,</strong></span> <span class='ocrx_word' id='word_1_637' title='bbox 1523 5335 1677 5382; x_wconf 81' lang='lat' dir='ltr'><strong>terra:</strong></span> 
     </span>
    </p>
   </div>
   <div class='ocr_carea' id='block_1_88' title="bbox 153 5391 1679 5466">
    <p class='ocr_par' dir='ltr' id='par_1_88' title="bbox 153 5391 1679 5466">
     <span class='ocr_line' id='line_1_88' title="bbox 153 5391 1679 5466; baseline 0.001 -17"><span class='ocrx_word' id='word_1_638' title='bbox 153 5391 492 5466; x_wconf 62' lang='lat' dir='ltr'><strong>&quot;laudandum,</strong></span> <span class='ocrx_word' id='word_1_639' title='bbox 520 5391 608 5466; x_wconf 79' lang='lat' dir='ltr'><strong>ad</strong></span> <span class='ocrx_word' id='word_1_640' title='bbox 629 5396 914 5466; x_wconf 74' lang='lat' dir='ltr'><strong>ecclesiam</strong></span> <span class='ocrx_word' id='word_1_641' title='bbox 945 5391 1293 5449; x_wconf 89' lang='lat' dir='ltr'><strong>deferendum</strong></span> <span class='ocrx_word' id='word_1_642' title='bbox 1322 5391 1471 5466; x_wconf 67' lang='lat' dir='ltr'><strong>cisset</strong></span> <span class='ocrx_word' id='word_1_643' title='bbox 1489 5435 1503 5457; x_wconf 90' lang='lat'><strong>,</strong></span> <span class='ocrx_word' id='word_1_644' title='bbox 1553 5411 1679 5451; x_wconf 86' lang='lat' dir='ltr'><strong>eve-</strong></span> 
     </span>
    </p>
   </div>
   <div class='ocr_carea' id='block_1_89' title="bbox 156 5464 1674 5530">
    <p class='ocr_par' dir='ltr' id='par_1_89' title="bbox 156 5464 1674 5530">
     <span class='ocr_line' id='line_1_89' title="bbox 156 5464 1674 5530; baseline 0.009 -24"><span class='ocrx_word' id='word_1_645' title='bbox 156 5464 269 5513; x_wconf 84' lang='lat' dir='ltr'><strong>uisse</strong></span> <span class='ocrx_word' id='word_1_646' title='bbox 291 5464 466 5530; x_wconf 87' lang='lat' dir='ltr'><strong>refert,</strong></span> <span class='ocrx_word' id='word_1_647' title='bbox 515 5465 643 5520; x_wconf 91' lang='lat' dir='ltr'><strong>licet</strong></span> <span class='ocrx_word' id='word_1_648' title='bbox 670 5465 927 5529; x_wconf 91' lang='lat' dir='ltr'><strong>interim,</strong></span> <span class='ocrx_word' id='word_1_649' title='bbox 982 5478 1089 5518; x_wconf 93' lang='lat' dir='ltr'><strong>non</strong></span> <span class='ocrx_word' id='word_1_650' title='bbox 1140 5479 1298 5519; x_wconf 88' lang='lat' dir='ltr'><strong>secus</strong></span> <span class='ocrx_word' id='word_1_651' title='bbox 1353 5479 1417 5519; x_wconf 91' lang='lat' dir='ltr'><strong>ac</strong></span> <span class='ocrx_word' id='word_1_652' title='bbox 1446 5464 1674 5521; x_wconf 87' lang='lat' dir='ltr'><strong>Puteani</strong></span> 
     </span>
    </p>
   </div>
   <div class='ocr_carea' id='block_1_90' title="bbox 157 5532 1679 5605">
    <p class='ocr_par' dir='ltr' id='par_1_90' title="bbox 157 5532 1679 5605">
     <span class='ocr_line' id='line_1_90' title="bbox 157 5532 1679 5605; baseline 0.01 -29"><span class='ocrx_word' id='word_1_653' title='bbox 157 5534 352 5590; x_wconf 82' lang='lat' dir='ltr'><strong>narratio</strong></span> <span class='ocrx_word' id='word_1_654' title='bbox 381 5578 395 5599; x_wconf 93' lang='lat'><strong>,</strong></span> <span class='ocrx_word' id='word_1_655' title='bbox 446 5551 558 5591; x_wconf 91' lang='lat' dir='ltr'><strong>rem</strong></span> <span class='ocrx_word' id='word_1_656' title='bbox 605 5550 788 5590; x_wconf 89' lang='lat' dir='ltr'><strong>coram</strong></span> <span class='ocrx_word' id='word_1_657' title='bbox 846 5532 1053 5605; x_wconf 82' lang='lat' dir='ltr'><strong>ingenti</strong></span> <span class='ocrx_word' id='word_1_658' title='bbox 1102 5534 1286 5603; x_wconf 90' lang='lat' dir='ltr'><strong>populi</strong></span> <span class='ocrx_word' id='word_1_659' title='bbox 1336 5535 1679 5591; x_wconf 89' lang='lat' dir='ltr'><strong>multitudine</strong></span> 
     </span>
    </p>
   </div>
   <div class='ocr_carea' id='block_1_91' title="bbox 156 5607 851 5675">
    <p class='ocr_par' dir='ltr' id='par_1_91' title="bbox 156 5607 851 5675">
     <span class='ocr_line' id='line_1_91' title="bbox 156 5607 851 5675; baseline -0.006 -13"><span class='ocrx_word' id='word_1_660' title='bbox 156 5608 321 5675; x_wconf 53' lang='lat' dir='ltr'><strong>mgni</strong></span> <span class='ocrx_word' id='word_1_661' title='bbox 344 5608 611 5675; x_wconf 61' lang='lat' dir='ltr'><strong>meritoria:</strong></span> <span class='ocrx_word' id='word_1_662' title='bbox 640 5607 851 5675; x_wconf 91' lang='lat' dir='ltr'><strong>prodat.</strong></span> 
     </span>
    </p>
   </div>
   <div class='ocr_carea' id='block_1_92' title="bbox 183 5669 1680 5742">
    <p class='ocr_par' dir='ltr' id='par_1_92' title="bbox 183 5669 1680 5742">
     <span class='ocr_line' id='line_1_92' title="bbox 183 5669 1680 5742; baseline -0.003 -9"><span class='ocrx_word' id='word_1_663' title='bbox 183 5669 305 5742; x_wconf 65' lang='lat'><strong>,{38)</strong></span> <span class='ocrx_word' id='word_1_664' title='bbox 338 5674 620 5729; x_wconf 83' lang='lat' dir='ltr'><strong>Fuerintne</strong></span> <span class='ocrx_word' id='word_1_665' title='bbox 640 5669 705 5731; x_wconf 62' lang='grc' dir='ltr'><strong>Β.</strong></span> <span class='ocrx_word' id='word_1_666' title='bbox 753 5673 1020 5731; x_wconf 86' lang='lat' dir='ltr'><strong>Brunonis</strong></span> <span class='ocrx_word' id='word_1_667' title='bbox 1063 5682 1220 5729; x_wconf 68' lang='lat' dir='ltr'><strong>aetate</strong></span> <span class='ocrx_word' id='word_1_668' title='bbox 1266 5673 1387 5728; x_wconf 65' lang='lat' dir='ltr'><strong>ulla:</strong></span> <span class='ocrx_word' id='word_1_669' title='bbox 1428 5674 1481 5731; x_wconf 89' lang='lat' dir='ltr'><strong>in</strong></span> <span class='ocrx_word' id='word_1_670' title='bbox 1527 5675 1680 5730; x_wconf 88' lang='lat' dir='ltr'><strong>Pari-</strong></span> 
     </span>
    </p>
   </div>
   <div class='ocr_carea' id='block_1_93' title="bbox 160 5742 1678 5809">
    <p class='ocr_par' dir='ltr' id='par_1_93' title="bbox 160 5742 1678 5809">
     <span class='ocr_line' id='line_1_93' title="bbox 160 5742 1678 5809; baseline 0.005 -16"><span class='ocrx_word' id='word_1_671' title='bbox 160 5742 883 5805; x_wconf 72' lang='lat' dir='ltr'><strong>musidet‘unctorumOﬂicio</strong></span> <span class='ocrx_word' id='word_1_672' title='bbox 927 5743 1211 5809; x_wconf 76' lang='lat' dir='ltr'><strong>Lectiones</strong></span> <span class='ocrx_word' id='word_1_673' title='bbox 1263 5747 1543 5805; x_wconf 70' lang='lat' dir='ltr'><strong>recitatae.</strong></span> <span class='ocrx_word' id='word_1_674' title='bbox 1599 5756 1678 5803; x_wconf 89' lang='lat' dir='ltr'><strong>est</strong></span> 
     </span>
    </p>
   </div>
   <div class='ocr_carea' id='block_1_94' title="bbox 1781 3215 3349 3282">
    <p class='ocr_par' dir='ltr' id='par_1_94' title="bbox 1781 3215 3349 3282">
     <span class='ocr_line' id='line_1_94' title="bbox 1781 3215 3349 3282; baseline 0.003 -12"><span class='ocrx_word' id='word_1_675' title='bbox 1781 3216 1876 3271; x_wconf 71' lang='lat' dir='ltr'><strong>sia:</strong></span> <span class='ocrx_word' id='word_1_676' title='bbox 1903 3216 2196 3270; x_wconf 88' lang='lat' dir='ltr'><strong>canonicus</strong></span> <span class='ocrx_word' id='word_1_677' title='bbox 2217 3255 2232 3282; x_wconf 98' lang='lat'><strong>,</strong></span> <span class='ocrx_word' id='word_1_678' title='bbox 2270 3215 2460 3271; x_wconf 91' lang='lat' dir='ltr'><strong>doctor</strong></span> <span class='ocrx_word' id='word_1_679' title='bbox 2488 3224 2545 3271; x_wconf 89' lang='lat' dir='ltr'><strong>et</strong></span> <span class='ocrx_word' id='word_1_680' title='bbox 2581 3217 2909 3274; x_wconf 89' lang='lat' dir='ltr'><strong>scholarium</strong></span> <span class='ocrx_word' id='word_1_681' title='bbox 2958 3219 3349 3281; x_wconf 87' lang='lat' dir='ltr'><strong>Parisiensium</strong></span> 
     </span>
    </p>
   </div>
   <div class='ocr_carea' id='block_1_95' title="bbox 1781 3305 3352 3383">
    <p class='ocr_par' dir='ltr' id='par_1_95' title="bbox 1781 3305 3352 3383">
     <span class='ocr_line' id='line_1_95' title="bbox 1781 3305 3352 3383; baseline 0.004 -24"><span class='ocrx_word' id='word_1_682' title='bbox 1781 3308 2043 3378; x_wconf 85' lang='lat' dir='ltr'><strong>magister</strong></span> <span class='ocrx_word' id='word_1_683' title='bbox 2087 3306 2220 3383; x_wconf 3' lang='lat'><strong>(40),.</strong></span> <span class='ocrx_word' id='word_1_684' title='bbox 2271 3305 2473 3361; x_wconf 88' lang='lat' dir='ltr'><strong>Doctor</strong></span> <span class='ocrx_word' id='word_1_685' title='bbox 2519 3308 2704 3377; x_wconf 90' lang='lat' dir='ltr'><strong>utique</strong></span> <span class='ocrx_word' id='word_1_686' title='bbox 2733 3312 2786 3364; x_wconf 89' lang='lat' dir='ltr'><strong>in</strong></span> <span class='ocrx_word' id='word_1_687' title='bbox 2837 3310 3035 3364; x_wconf 87' lang='lat' dir='ltr'><strong>divinis</strong></span> <span class='ocrx_word' id='word_1_688' title='bbox 3081 3311 3352 3381; x_wconf 74' lang='lat' dir='ltr'><strong>prtrcipue</strong></span> 
     </span>
    </p>
   </div>
   <div class='ocr_carea' id='block_1_96' title="bbox 1781 3395 3350 3470">
    <p class='ocr_par' dir='ltr' id='par_1_96' title="bbox 1781 3395 3350 3470">
     <span class='ocr_line' id='line_1_96' title="bbox 1781 3395 3350 3470; baseline 0.004 -21"><span class='ocrx_word' id='word_1_689' title='bbox 1781 3395 1977 3452; x_wconf 90' lang='lat' dir='ltr'><strong>litteris</strong></span> <span class='ocrx_word' id='word_1_690' title='bbox 1999 3437 2013 3461; x_wconf 93' lang='lat'><strong>,</strong></span> <span class='ocrx_word' id='word_1_691' title='bbox 2044 3405 2099 3451; x_wconf 91' lang='lat' dir='ltr'><strong>ut</strong></span> <span class='ocrx_word' id='word_1_692' title='bbox 2128 3396 2243 3464; x_wconf 88' lang='lat' dir='ltr'><strong>ejus</strong></span> <span class='ocrx_word' id='word_1_693' title='bbox 2264 3396 2466 3466; x_wconf 88' lang='lat' dir='ltr'><strong>scripta</strong></span> <span class='ocrx_word' id='word_1_694' title='bbox 2497 3407 2760 3451; x_wconf 88' lang='lat' dir='ltr'><strong>testantur</strong></span> <span class='ocrx_word' id='word_1_695' title='bbox 2783 3398 2920 3470; x_wconf 78' lang='grc'><strong>(41),</strong></span> <span class='ocrx_word' id='word_1_696' title='bbox 2948 3400 3350 3455; x_wconf 82' lang='lat' dir='ltr'><strong>eruditissimus</strong></span> 
     </span>
    </p>
   </div>
   <div class='ocr_carea' id='block_1_97' title="bbox 1783 3489 3347 3560">
    <p class='ocr_par' dir='ltr' id='par_1_97' title="bbox 1783 3489 3347 3560">
     <span class='ocr_line' id='line_1_97' title="bbox 1783 3489 3347 3560; baseline 0.001 -15"><span class='ocrx_word' id='word_1_697' title='bbox 1783 3500 1837 3545; x_wconf 85' lang='lat' dir='ltr'><strong>et</strong></span> <span class='ocrx_word' id='word_1_698' title='bbox 1864 3505 1975 3560; x_wconf 81' lang='lat' dir='ltr'><strong>prae</strong></span> <span class='ocrx_word' id='word_1_699' title='bbox 2001 3490 2214 3545; x_wconf 73' lang='lat' dir='ltr'><strong>caneris</strong></span> <span class='ocrx_word' id='word_1_700' title='bbox 2242 3489 2557 3544; x_wconf 90' lang='lat' dir='ltr'><strong>honoratus.</strong></span> <span class='ocrx_word' id='word_1_701' title='bbox 2592 3489 2691 3557; x_wconf 90' lang='lat' dir='ltr'><strong>Qui</strong></span> <span class='ocrx_word' id='word_1_702' title='bbox 2721 3505 2789 3545; x_wconf 87' lang='lat' dir='ltr'><strong>ex</strong></span> <span class='ocrx_word' id='word_1_703' title='bbox 2821 3492 2906 3546; x_wconf 87' lang='lat' dir='ltr'><strong>his</strong></span> <span class='ocrx_word' id='word_1_704' title='bbox 2938 3501 3044 3546; x_wconf 93' lang='lat' dir='ltr'><strong>tam</strong></span> <span class='ocrx_word' id='word_1_705' title='bbox 3094 3492 3347 3556; x_wconf 81' lang='lat' dir='ltr'><strong>insolitis,</strong></span> 
     </span>
    </p>
   </div>
   <div class='ocr_carea' id='block_1_98' title="bbox 1786 3578 3351 3644">
    <p class='ocr_par' dir='ltr' id='par_1_98' title="bbox 1786 3578 3351 3644">
     <span class='ocr_line' id='line_1_98' title="bbox 1786 3578 3351 3644; baseline 0.001 -11"><span class='ocrx_word' id='word_1_706' title='bbox 1786 3588 1895 3633; x_wconf 91' lang='lat' dir='ltr'><strong>tam</strong></span> <span class='ocrx_word' id='word_1_707' title='bbox 1941 3578 2326 3644; x_wconf 84' lang='lat' dir='ltr'><strong>liorrihilibus,</strong></span> <span class='ocrx_word' id='word_1_708' title='bbox 2375 3588 2430 3633; x_wconf 91' lang='lat' dir='ltr'><strong>et</strong></span> <span class='ocrx_word' id='word_1_709' title='bbox 2474 3580 2634 3635; x_wconf 87' lang='lat' dir='ltr'><strong>toties</strong></span> <span class='ocrx_word' id='word_1_710' title='bbox 2681 3580 2891 3636; x_wconf 88' lang='lat' dir='ltr'><strong>iteratis</strong></span> <span class='ocrx_word' id='word_1_711' title='bbox 2938 3582 3162 3636; x_wconf 87' lang='lat' dir='ltr'><strong>vocibus</strong></span> <span class='ocrx_word' id='word_1_712' title='bbox 3211 3581 3351 3635; x_wconf 58' lang='lat' dir='ltr'><strong>salu-</strong></span> 
     </span>
    </p>
   </div>
   <div class='ocr_carea' id='block_1_99' title="bbox 1738 3670 3352 3738">
    <p class='ocr_par' dir='ltr' id='par_1_99' title="bbox 1738 3670 3352 3738">
     <span class='ocr_line' id='line_1_99' title="bbox 1738 3670 3352 3738; baseline 0.001 -15"><span class='ocrx_word' id='word_1_713' title='bbox 1738 3680 1739 3683; x_wconf 79' lang='lat'>‘</span> <span class='ocrx_word' id='word_1_714' title='bbox 1780 3670 1954 3723; x_wconf 88' lang='lat' dir='ltr'><strong>briter</strong></span> <span class='ocrx_word' id='word_1_715' title='bbox 1980 3670 2232 3735; x_wconf 89' lang='lat' dir='ltr'><strong>territus,</strong></span> <span class='ocrx_word' id='word_1_716' title='bbox 2267 3677 2319 3722; x_wconf 90' lang='lat' dir='ltr'><strong>et</strong></span> <span class='ocrx_word' id='word_1_717' title='bbox 2350 3671 2504 3738; x_wconf 89' lang='lat' dir='ltr'><strong>quasi</strong></span> <span class='ocrx_word' id='word_1_718' title='bbox 2537 3678 2951 3737; x_wconf 89' lang='lat' dir='ltr'><strong>consternatus,</strong></span> <span class='ocrx_word' id='word_1_719' title='bbox 2982 3672 3191 3727; x_wconf 88' lang='lat' dir='ltr'><strong>vocatis</strong></span> <span class='ocrx_word' id='word_1_720' title='bbox 3220 3688 3352 3726; x_wconf 87' lang='lat' dir='ltr'><strong>non-</strong></span> 
     </span>
    </p>
   </div>
   <div class='ocr_carea' id='block_1_100' title="bbox 1778 3761 3351 3834">
    <p class='ocr_par' dir='ltr' id='par_1_100' title="bbox 1778 3761 3351 3834">
     <span class='ocr_line' id='line_1_100' title="bbox 1778 3761 3351 3834; baseline 0.001 -17"><span class='ocrx_word' id='word_1_721' title='bbox 1778 3763 1937 3817; x_wconf 59' lang='lat' dir='ltr'><strong>nullia</strong></span> <span class='ocrx_word' id='word_1_722' title='bbox 1965 3778 2031 3817; x_wconf 90' lang='lat' dir='ltr'><strong>ex</strong></span> <span class='ocrx_word' id='word_1_723' title='bbox 2054 3763 2157 3817; x_wconf 92' lang='lat' dir='ltr'><strong>sibi</strong></span> <span class='ocrx_word' id='word_1_724' title='bbox 2194 3763 2364 3833; x_wconf 86' lang='lat' dir='ltr'><strong>magis</strong></span> <span class='ocrx_word' id='word_1_725' title='bbox 2399 3761 2755 3819; x_wconf 89' lang='lat' dir='ltr'><strong>familiaribus</strong></span> <span class='ocrx_word' id='word_1_726' title='bbox 2800 3766 2962 3819; x_wconf 89' lang='lat' dir='ltr'><strong>sociis</strong></span> <span class='ocrx_word' id='word_1_727' title='bbox 2992 3771 3047 3819; x_wconf 91' lang='lat' dir='ltr'><strong>ct</strong></span> <span class='ocrx_word' id='word_1_728' title='bbox 3072 3764 3351 3834; x_wconf 88' lang='lat' dir='ltr'><strong>discipulis</strong></span> 
     </span>
    </p>
   </div>
   <div class='ocr_carea' id='block_1_101' title="bbox 1779 3853 3348 3926">
    <p class='ocr_par' dir='ltr' id='par_1_101' title="bbox 1779 3853 3348 3926">
     <span class='ocr_line' id='line_1_101' title="bbox 1779 3853 3348 3926; baseline 0.004 -23"><span class='ocrx_word' id='word_1_729' title='bbox 1779 3855 1940 3925; x_wconf 88' lang='lat' dir='ltr'><strong>(inter</strong></span> <span class='ocrx_word' id='word_1_730' title='bbox 1966 3869 2101 3923; x_wconf 83' lang='lat' dir='ltr'><strong>quos</strong></span> <span class='ocrx_word' id='word_1_731' title='bbox 2128 3864 2283 3909; x_wconf 90' lang='lat' dir='ltr'><strong>erant</strong></span> <span class='ocrx_word' id='word_1_732' title='bbox 2314 3853 2574 3923; x_wconf 81' lang='lat' dir='ltr'><strong>magister</strong></span> <span class='ocrx_word' id='word_1_733' title='bbox 2596 3853 2937 3921; x_wconf 88' lang='lat' dir='ltr'><strong>Landuinus,</strong></span> <span class='ocrx_word' id='word_1_734' title='bbox 2966 3855 3057 3925; x_wconf 92' lang='lat' dir='ltr'><strong>qui</strong></span> <span class='ocrx_word' id='word_1_735' title='bbox 3082 3863 3203 3926; x_wconf 90' lang='lat' dir='ltr'><strong>post</strong></span> <span class='ocrx_word' id='word_1_736' title='bbox 3225 3870 3348 3910; x_wconf 89' lang='lat' dir='ltr'><strong>eum</strong></span> 
     </span>
    </p>
   </div>
   <div class='ocr_carea' id='block_1_102' title="bbox 1774 3941 3351 4015">
    <p class='ocr_par' dir='ltr' id='par_1_102' title="bbox 1774 3941 3351 4015">
     <span class='ocr_line' id='line_1_102' title="bbox 1774 3941 3351 4015; baseline -0.001 -16"><span class='ocrx_word' id='word_1_737' title='bbox 1774 3946 1985 4014; x_wconf 90' lang='lat' dir='ltr'><strong>primus</strong></span> <span class='ocrx_word' id='word_1_738' title='bbox 2012 3946 2163 4015; x_wconf 87' lang='lat' dir='ltr'><strong>prior</strong></span> <span class='ocrx_word' id='word_1_739' title='bbox 2205 3944 2509 3999; x_wconf 73' lang='lat' dir='ltr'><strong>Carthusiae</strong></span> <span class='ocrx_word' id='word_1_740' title='bbox 2541 3941 2683 4008; x_wconf 82' lang='lat' dir='ltr'><strong>fuit,</strong></span> <span class='ocrx_word' id='word_1_741' title='bbox 2718 3945 2824 4000; x_wconf 91' lang='lat' dir='ltr'><strong>duo</strong></span> <span class='ocrx_word' id='word_1_742' title='bbox 2865 3944 3162 4015; x_wconf 85' lang='lat' dir='ltr'><strong>Stephani,</strong></span> <span class='ocrx_word' id='word_1_743' title='bbox 3214 3961 3351 3999; x_wconf 85' lang='lat' dir='ltr'><strong>unus</strong></span> 
     </span>
    </p>
   </div>
   <div class='ocr_carea' id='block_1_103' title="bbox 1776 4034 3348 4107">
    <p class='ocr_par' dir='ltr' id='par_1_103' title="bbox 1776 4034 3348 4107">
     <span class='ocr_line' id='line_1_103' title="bbox 1776 4034 3348 4107; baseline -0.002 -18"><span class='ocrx_word' id='word_1_744' title='bbox 1776 4036 2083 4107; x_wconf 85' lang='lat' dir='ltr'><strong>Burgensis,</strong></span> <span class='ocrx_word' id='word_1_745' title='bbox 2113 4034 2249 4089; x_wconf 91' lang='lat' dir='ltr'><strong>alter</strong></span> <span class='ocrx_word' id='word_1_746' title='bbox 2278 4034 2509 4100; x_wconf 91' lang='lat' dir='ltr'><strong>Diensis,</strong></span> <span class='ocrx_word' id='word_1_747' title='bbox 2536 4035 2696 4089; x_wconf 88' lang='lat' dir='ltr'><strong>ambo</strong></span> <span class='ocrx_word' id='word_1_748' title='bbox 2720 4034 2971 4090; x_wconf 91' lang='lat' dir='ltr'><strong>canonici</strong></span> <span class='ocrx_word' id='word_1_749' title='bbox 3011 4035 3181 4090; x_wconf 90' lang='lat' dir='ltr'><strong>sancti</strong></span> <span class='ocrx_word' id='word_1_750' title='bbox 3228 4034 3348 4088; x_wconf 77' lang='lat' dir='ltr'><strong>Rufi</strong></span> 
     </span>
    </p>
   </div>
   <div class='ocr_carea' id='block_1_104' title="bbox 1776 4125 3351 4197">
    <p class='ocr_par' dir='ltr' id='par_1_104' title="bbox 1776 4125 3351 4197">
     <span class='ocr_line' id='line_1_104' title="bbox 1776 4125 3351 4197; baseline -0.001 -16"><span class='ocrx_word' id='word_1_751' title='bbox 1776 4142 1935 4181; x_wconf 88' lang='lat' dir='ltr'><strong>secus</strong></span> <span class='ocrx_word' id='word_1_752' title='bbox 1968 4126 2271 4182; x_wconf 80' lang='lat' dir='ltr'><strong>Valentiam</strong></span> <span class='ocrx_word' id='word_1_753' title='bbox 2316 4126 2697 4197; x_wconf 85' lang='lat' dir='ltr'><strong>Allobrogum,</strong></span> <span class='ocrx_word' id='word_1_754' title='bbox 2724 4125 2877 4196; x_wconf 84' lang='lat' dir='ltr'><strong>Hugo</strong></span> <span class='ocrx_word' id='word_1_755' title='bbox 2912 4125 3262 4196; x_wconf 89' lang='lat' dir='ltr'><strong>Capellanus,</strong></span> <span class='ocrx_word' id='word_1_756' title='bbox 3296 4136 3351 4195; x_wconf 80' lang='lat' dir='ltr'><strong>et</strong></span> 
     </span>
    </p>
   </div>
   <div class='ocr_carea' id='block_1_105' title="bbox 1779 4215 3348 4289">
    <p class='ocr_par' dir='ltr' id='par_1_105' title="bbox 1779 4215 3348 4289">
     <span class='ocr_line' id='line_1_105' title="bbox 1779 4215 3348 4289; baseline -0.004 -15"><span class='ocrx_word' id='word_1_757' title='bbox 1779 4220 1885 4274; x_wconf 92' lang='lat' dir='ltr'><strong>duo</strong></span> <span class='ocrx_word' id='word_1_758' title='bbox 1914 4218 2037 4273; x_wconf 88' lang='lat' dir='ltr'><strong>laici</strong></span> <span class='ocrx_word' id='word_1_759' title='bbox 2068 4218 2336 4289; x_wconf 85' lang='lat' dir='ltr'><strong>(Andreas</strong></span> <span class='ocrx_word' id='word_1_760' title='bbox 2381 4217 2589 4273; x_wconf 85' lang='lat' dir='ltr'><strong>scilicet</strong></span> <span class='ocrx_word' id='word_1_761' title='bbox 2628 4227 2684 4275; x_wconf 90' lang='lat' dir='ltr'><strong>et</strong></span> <span class='ocrx_word' id='word_1_762' title='bbox 2726 4218 3017 4288; x_wconf 86' lang='lat' dir='ltr'><strong>Guarinus)</strong></span> <span class='ocrx_word' id='word_1_763' title='bbox 3068 4217 3145 4271; x_wconf 91' lang='lat' dir='ltr'><strong>ait</strong></span> <span class='ocrx_word' id='word_1_764' title='bbox 3191 4215 3348 4285; x_wconf 70' lang='lat'><strong>(42):</strong></span> 
     </span>
    </p>
   </div>
   <div class='ocr_carea' id='block_1_106' title="bbox 1774 4348 3347 4415">
    <p class='ocr_par' dir='ltr' id='par_1_106' title="bbox 1774 4348 3347 4415">
     <span class='ocr_line' id='line_1_106' title="bbox 1774 4348 3347 4415; baseline -0.003 -10"><span class='ocrx_word' id='word_1_765' title='bbox 1774 4350 1994 4405; x_wconf 89' lang='lat' dir='ltr'><strong>dubium</strong></span> <span class='ocrx_word' id='word_1_766' title='bbox 2020 4386 2035 4415; x_wconf 88' lang='lat'><strong>,</strong></span> <span class='ocrx_word' id='word_1_767' title='bbox 2085 4350 2161 4404; x_wconf 91' lang='lat' dir='ltr'><strong>uti</strong></span> <span class='ocrx_word' id='word_1_768' title='bbox 2213 4349 2377 4404; x_wconf 90' lang='lat' dir='ltr'><strong>etiam</strong></span> <span class='ocrx_word' id='word_1_769' title='bbox 2425 4366 2515 4415; x_wconf 88' lang='lat' dir='ltr'><strong>an,</strong></span> <span class='ocrx_word' id='word_1_770' title='bbox 2553 4350 2599 4404; x_wconf 92' lang='lat' dir='ltr'><strong>si</strong></span> <span class='ocrx_word' id='word_1_771' title='bbox 2657 4364 2788 4404; x_wconf 86' lang='lat' dir='ltr'><strong>vere</strong></span> <span class='ocrx_word' id='word_1_772' title='bbox 2821 4350 3060 4404; x_wconf 86' lang='lat' dir='ltr'><strong>recitatae</strong></span> <span class='ocrx_word' id='word_1_773' title='bbox 3094 4348 3299 4402; x_wconf 88' lang='lat' dir='ltr'><strong>fuerint</strong></span> <span class='ocrx_word' id='word_1_774' title='bbox 3333 4388 3347 4409; x_wconf 91' lang='lat'><strong>,</strong></span> 
     </span>
    </p>
   </div>
   <div class='ocr_carea' id='block_1_107' title="bbox 1775 4419 3347 4488">
    <p class='ocr_par' dir='ltr' id='par_1_107' title="bbox 1775 4419 3347 4488">
     <span class='ocr_line' id='line_1_107' title="bbox 1775 4419 3347 4488; baseline -0.001 -16"><span class='ocrx_word' id='word_1_775' title='bbox 1775 4437 1879 4473; x_wconf 89' lang='lat' dir='ltr'><strong>una</strong></span> <span class='ocrx_word' id='word_1_776' title='bbox 1912 4437 1979 4475; x_wconf 84' lang='lat' dir='ltr'><strong>ex</strong></span> <span class='ocrx_word' id='word_1_777' title='bbox 2015 4421 2162 4475; x_wconf 86' lang='lat' dir='ltr'><strong>hisce</strong></span> <span class='ocrx_word' id='word_1_778' title='bbox 2210 4434 2241 4474; x_wconf 90' lang='lat' dir='ltr'><strong>a</strong></span> <span class='ocrx_word' id='word_1_779' title='bbox 2296 4420 2518 4478; x_wconf 71' lang='lat' dir='ltr'><strong>vocibus</strong></span> <span class='ocrx_word' id='word_1_780' title='bbox 2565 4419 2837 4488; x_wconf 79' lang='lat' dir='ltr'><strong>Responde</strong></span> <span class='ocrx_word' id='word_1_781' title='bbox 2870 4420 2996 4472; x_wconf 82' lang='lat' dir='ltr'><strong>mihi</strong></span> <span class='ocrx_word' id='word_1_782' title='bbox 3043 4419 3347 4488; x_wconf 67' lang='lat' dir='ltr'><strong>incueperit.</strong></span> 
     </span>
    </p>
   </div>
   <div class='ocr_carea' id='block_1_108' title="bbox 1706 4489 3026 4559">
    <p class='ocr_par' dir='ltr' id='par_1_108' title="bbox 1706 4489 3026 4559">
     <span class='ocr_line' id='line_1_108' title="bbox 1706 4489 3026 4559; baseline -0.005 -12"><span class='ocrx_word' id='word_1_783' title='bbox 1706 4494 1749 4548; x_wconf 92' lang='lat' dir='ltr'><strong>D</strong></span> <span class='ocrx_word' id='word_1_784' title='bbox 1774 4489 1873 4544; x_wconf 86' lang='lat' dir='ltr'><strong>Adi</strong></span> <span class='ocrx_word' id='word_1_785' title='bbox 1903 4489 2282 4544; x_wconf 88' lang='lat' dir='ltr'><strong>commentarii</strong></span> <span class='ocrx_word' id='word_1_786' title='bbox 2314 4491 2497 4559; x_wconf 80' lang='lat' dir='ltr'><strong>praevii</strong></span> <span class='ocrx_word' id='word_1_787' title='bbox 2527 4504 2676 4544; x_wconf 93' lang='lat' dir='ltr'><strong>num.</strong></span> <span class='ocrx_word' id='word_1_788' title='bbox 2699 4489 2803 4545; x_wconf 70' lang='lat'><strong>228</strong></span> <span class='ocrx_word' id='word_1_789' title='bbox 2826 4500 2881 4543; x_wconf 90' lang='lat' dir='ltr'><strong>et</strong></span> <span class='ocrx_word' id='word_1_790' title='bbox 2909 4504 3026 4558; x_wconf 87' lang='lat' dir='ltr'><strong>seq.</strong></span> 
     </span>
    </p>
   </div>
   <div class='ocr_carea' id='block_1_109' title="bbox 1842 4574 3349 4662">
    <p class='ocr_par' dir='ltr' id='par_1_109' title="bbox 1842 4574 3349 4662">
     <span class='ocr_line' id='line_1_109' title="bbox 1842 4574 3349 4662; baseline 0.001 -29"><span class='ocrx_word' id='word_1_791' title='bbox 1842 4580 1954 4651; x_wconf 80' lang='lat'><strong>(59)</strong></span> <span class='ocrx_word' id='word_1_792' title='bbox 1994 4580 2247 4662; x_wconf 76' lang='lat' dir='ltr'><strong>Sanctum</strong></span> <span class='ocrx_word' id='word_1_793' title='bbox 2288 4578 2453 4635; x_wconf 89' lang='lat' dir='ltr'><strong>nobili</strong></span> <span class='ocrx_word' id='word_1_794' title='bbox 2510 4595 2708 4651; x_wconf 88' lang='lat' dir='ltr'><strong>genere</strong></span> <span class='ocrx_word' id='word_1_795' title='bbox 2757 4579 2995 4662; x_wconf 59' lang='lat' dir='ltr'><strong>Qeloniae</strong></span> <span class='ocrx_word' id='word_1_796' title='bbox 3041 4574 3349 4655; x_wconf 68' lang='lat' dir='ltr'><strong>Agrippina:</strong></span> 
     </span>
    </p>
   </div>
   <div class='ocr_carea' id='block_1_110' title="bbox 1774 4659 2907 4715">
    <p class='ocr_par' dir='ltr' id='par_1_110' title="bbox 1774 4659 2907 4715">
     <span class='ocr_line' id='line_1_110' title="bbox 1774 4659 2907 4715; baseline -0.001 -10"><span class='ocrx_word' id='word_1_797' title='bbox 1774 4665 1957 4705; x_wconf 86' lang='lat' dir='ltr'><strong>natum</strong></span> <span class='ocrx_word' id='word_1_798' title='bbox 1987 4665 2127 4715; x_wconf 88' lang='lat' dir='ltr'><strong>esse,</strong></span> <span class='ocrx_word' id='word_1_799' title='bbox 2158 4659 2298 4705; x_wconf 80' lang='lat' dir='ltr'><strong>inter</strong></span> <span class='ocrx_word' id='word_1_800' title='bbox 2326 4666 2514 4705; x_wconf 87' lang='lat' dir='ltr'><strong>omnes</strong></span> <span class='ocrx_word' id='word_1_801' title='bbox 2546 4659 2816 4705; x_wconf 85' lang='lat' dir='ltr'><strong>convenit.</strong></span> <span class='ocrx_word' id='word_1_802' title='bbox 2904 4662 2907 4663; x_wconf 69' lang='lat'><strong><em>&#39;</em></strong></span> 
     </span>
    </p>
   </div>
   <div class='ocr_carea' id='block_1_111' title="bbox 1846 4740 3346 4814">
    <p class='ocr_par' dir='ltr' id='par_1_111' title="bbox 1846 4740 3346 4814">
     <span class='ocr_line' id='line_1_111' title="bbox 1846 4740 3346 4814; baseline -0.001 -18"><span class='ocrx_word' id='word_1_803' title='bbox 1846 4742 1957 4814; x_wconf 69' lang='lat'><strong>(40)</strong></span> <span class='ocrx_word' id='word_1_804' title='bbox 1996 4741 2309 4814; x_wconf 84' lang='lat' dir='ltr'><strong>Brunonem</strong></span> <span class='ocrx_word' id='word_1_805' title='bbox 2351 4741 2657 4814; x_wconf 86' lang='lat' dir='ltr'><strong>scholarum</strong></span> <span class='ocrx_word' id='word_1_806' title='bbox 2705 4756 2798 4795; x_wconf 91' lang='lat' dir='ltr'><strong>seu</strong></span> <span class='ocrx_word' id='word_1_807' title='bbox 2829 4783 2843 4806; x_wconf 93' lang='lat'><strong>,</strong></span> <span class='ocrx_word' id='word_1_808' title='bbox 2894 4740 3346 4814; x_wconf 88' lang='lat' dir='ltr'><strong>quemadmodum</strong></span> 
     </span>
    </p>
   </div>
   <div class='ocr_carea' id='block_1_112' title="bbox 1776 4812 3347 4876">
    <p class='ocr_par' dir='ltr' id='par_1_112' title="bbox 1776 4812 3347 4876">
     <span class='ocr_line' id='line_1_112' title="bbox 1776 4812 3347 4876; baseline 0 -10"><span class='ocrx_word' id='word_1_809' title='bbox 1776 4812 1863 4867; x_wconf 86' lang='lat' dir='ltr'><strong>hic</strong></span> <span class='ocrx_word' id='word_1_810' title='bbox 1890 4812 2144 4867; x_wconf 87' lang='lat' dir='ltr'><strong>seribitur</strong></span> <span class='ocrx_word' id='word_1_811' title='bbox 2172 4851 2187 4876; x_wconf 94' lang='lat'><strong>,</strong></span> <span class='ocrx_word' id='word_1_812' title='bbox 2238 4812 2562 4867; x_wconf 90' lang='lat' dir='ltr'><strong>scholarium</strong></span> <span class='ocrx_word' id='word_1_813' title='bbox 2588 4851 2603 4876; x_wconf 95' lang='lat'><strong>,</strong></span> <span class='ocrx_word' id='word_1_814' title='bbox 2646 4827 2747 4866; x_wconf 94' lang='lat' dir='ltr'><strong>non</strong></span> <span class='ocrx_word' id='word_1_815' title='bbox 2790 4813 3172 4868; x_wconf 86' lang='lat' dir='ltr'><strong>Parisiensium</strong></span> <span class='ocrx_word' id='word_1_816' title='bbox 3204 4852 3217 4875; x_wconf 96' lang='lat'><strong>,</strong></span> <span class='ocrx_word' id='word_1_817' title='bbox 3252 4814 3347 4866; x_wconf 92' lang='lat' dir='ltr'><strong>sed</strong></span> 
     </span>
    </p>
   </div>
   <div class='ocr_carea' id='block_1_113' title="bbox 1774 4881 3343 4952">
    <p class='ocr_par' dir='ltr' id='par_1_113' title="bbox 1774 4881 3343 4952">
     <span class='ocr_line' id='line_1_113' title="bbox 1774 4881 3343 4952; baseline 0 -16"><span class='ocrx_word' id='word_1_818' title='bbox 1774 4882 2123 4938; x_wconf 83' lang='lat' dir='ltr'><strong>Remensium</strong></span> <span class='ocrx_word' id='word_1_819' title='bbox 2173 4883 2491 4952; x_wconf 82' lang='lat' dir='ltr'><strong>magistrum</strong></span> <span class='ocrx_word' id='word_1_820' title='bbox 2538 4883 2834 4948; x_wconf 85' lang='lat' dir='ltr'><strong>exstitisse,</strong></span> <span class='ocrx_word' id='word_1_821' title='bbox 2879 4883 2936 4937; x_wconf 89' lang='lat' dir='ltr'><strong>in</strong></span> <span class='ocrx_word' id='word_1_822' title='bbox 2985 4882 3101 4949; x_wconf 91' lang='lat' dir='ltr'><strong>ejus</strong></span> <span class='ocrx_word' id='word_1_823' title='bbox 3130 4881 3343 4952; x_wconf 79' lang='lat' dir='ltr'><strong>elogio,</strong></span> 
     </span>
    </p>
   </div>
   <div class='ocr_carea' id='block_1_114' title="bbox 1775 4952 3345 5020">
    <p class='ocr_par' dir='ltr' id='par_1_114' title="bbox 1775 4952 3345 5020">
     <span class='ocr_line' id='line_1_114' title="bbox 1775 4952 3345 5020; baseline -0.003 -13"><span class='ocrx_word' id='word_1_824' title='bbox 1775 4952 2145 5020; x_wconf 89' lang='lat' dir='ltr'><strong>commentarii</strong></span> <span class='ocrx_word' id='word_1_825' title='bbox 2196 4952 2379 5020; x_wconf 64' lang='lat' dir='ltr'><strong>praevii</strong></span> <span class='ocrx_word' id='word_1_826' title='bbox 2431 4967 2577 5006; x_wconf 91' lang='lat' dir='ltr'><strong>num.</strong></span> <span class='ocrx_word' id='word_1_827' title='bbox 2637 4952 2667 5007; x_wconf 89' lang='lat'><strong>7</strong></span> <span class='ocrx_word' id='word_1_828' title='bbox 2706 4953 2873 5018; x_wconf 89' lang='lat' dir='ltr'><strong>dato,</strong></span> <span class='ocrx_word' id='word_1_829' title='bbox 2923 4953 3124 5008; x_wconf 90' lang='lat' dir='ltr'><strong>diserte</strong></span> <span class='ocrx_word' id='word_1_830' title='bbox 3176 4954 3345 5006; x_wconf 85' lang='lat' dir='ltr'><strong>tradi-</strong></span> 
     </span>
    </p>
   </div>
   <div class='ocr_carea' id='block_1_115' title="bbox 1777 5019 3345 5089">
    <p class='ocr_par' dir='ltr' id='par_1_115' title="bbox 1777 5019 3345 5089">
     <span class='ocr_line' id='line_1_115' title="bbox 1777 5019 3345 5089; baseline -0.001 -14"><span class='ocrx_word' id='word_1_831' title='bbox 1777 5032 1884 5076; x_wconf 93' lang='lat' dir='ltr'><strong>tur.</strong></span> <span class='ocrx_word' id='word_1_832' title='bbox 1939 5019 2121 5089; x_wconf 82' lang='lat' dir='ltr'><strong>Neqne</strong></span> <span class='ocrx_word' id='word_1_833' title='bbox 2162 5019 2292 5076; x_wconf 83' lang='lat' dir='ltr'><strong>vero</strong></span> <span class='ocrx_word' id='word_1_834' title='bbox 2347 5030 2605 5087; x_wconf 87' lang='lat' dir='ltr'><strong>sanctus,</strong></span> <span class='ocrx_word' id='word_1_835' title='bbox 2654 5023 2777 5079; x_wconf 90' lang='lat' dir='ltr'><strong>dato</strong></span> <span class='ocrx_word' id='word_1_836' title='bbox 2832 5023 3034 5086; x_wconf 89' lang='lat' dir='ltr'><strong>etiam,</strong></span> <span class='ocrx_word' id='word_1_837' title='bbox 3073 5038 3195 5077; x_wconf 90' lang='lat' dir='ltr'><strong>eum</strong></span> <span class='ocrx_word' id='word_1_838' title='bbox 3263 5021 3345 5074; x_wconf 90' lang='lat' dir='ltr'><strong>fe-</strong></span> 
     </span>
    </p>
   </div>
   <div class='ocr_carea' id='block_1_116' title="bbox 1776 5090 3345 5161">
    <p class='ocr_par' dir='ltr' id='par_1_116' title="bbox 1776 5090 3345 5161">
     <span class='ocr_line' id='line_1_116' title="bbox 1776 5090 3345 5161; baseline -0.001 -16"><span class='ocrx_word' id='word_1_839' title='bbox 1776 5093 1872 5146; x_wconf 87' lang='lat' dir='ltr'><strong>rali</strong></span> <span class='ocrx_word' id='word_1_840' title='bbox 1927 5090 2163 5161; x_wconf 84' lang='lat' dir='ltr'><strong>damnati</strong></span> <span class='ocrx_word' id='word_1_841' title='bbox 2210 5092 2454 5161; x_wconf 83' lang='lat' dir='ltr'><strong>prodigio</strong></span> <span class='ocrx_word' id='word_1_842' title='bbox 2525 5091 2748 5146; x_wconf 89' lang='lat' dir='ltr'><strong>Parisiis</strong></span> <span class='ocrx_word' id='word_1_843' title='bbox 2798 5094 3077 5157; x_wconf 90' lang='lat' dir='ltr'><strong>astitisse,</strong></span> <span class='ocrx_word' id='word_1_844' title='bbox 3132 5092 3345 5161; x_wconf 84' lang='lat' dir='ltr'><strong>litteras</strong></span> 
     </span>
    </p>
   </div>
   <div class='ocr_carea' id='block_1_117' title="bbox 1776 5160 3343 5230">
    <p class='ocr_par' dir='ltr' id='par_1_117' title="bbox 1776 5160 3343 5230">
     <span class='ocr_line' id='line_1_117' title="bbox 1776 5160 3343 5230; baseline -0.002 -15"><span class='ocrx_word' id='word_1_845' title='bbox 1776 5176 2013 5230; x_wconf 89' lang='lat' dir='ltr'><strong>unquam</strong></span> <span class='ocrx_word' id='word_1_846' title='bbox 2084 5160 2157 5215; x_wconf 90' lang='lat' dir='ltr'><strong>ibi</strong></span> <span class='ocrx_word' id='word_1_847' title='bbox 2212 5160 2429 5227; x_wconf 82' lang='lat' dir='ltr'><strong>docuit,</strong></span> <span class='ocrx_word' id='word_1_848' title='bbox 2492 5161 2574 5216; x_wconf 88' lang='lat' dir='ltr'><strong>uti</strong></span> <span class='ocrx_word' id='word_1_849' title='bbox 2640 5163 2975 5226; x_wconf 88' lang='lat' dir='ltr'><strong>ostendunt,</strong></span> <span class='ocrx_word' id='word_1_850' title='bbox 3047 5175 3168 5230; x_wconf 70' lang='lat' dir='ltr'><strong>qua:</strong></span> <span class='ocrx_word' id='word_1_851' title='bbox 3237 5160 3343 5220; x_wconf 84' lang='lat' dir='ltr'><strong>huc</strong></span> 
     </span>
    </p>
   </div>
   <div class='ocr_carea' id='block_1_118' title="bbox 1776 5230 3347 5303">
    <p class='ocr_par' dir='ltr' id='par_1_118' title="bbox 1776 5230 3347 5303">
     <span class='ocr_line' id='line_1_118' title="bbox 1776 5230 3347 5303; baseline -0.003 -19"><span class='ocrx_word' id='word_1_852' title='bbox 1776 5231 2031 5286; x_wconf 83' lang='lat' dir='ltr'><strong>facientia</strong></span> <span class='ocrx_word' id='word_1_853' title='bbox 2075 5240 2369 5287; x_wconf 89' lang='lat' dir='ltr'><strong>comment.</strong></span> <span class='ocrx_word' id='word_1_854' title='bbox 2442 5230 2627 5302; x_wconf 74' lang='lat' dir='ltr'><strong>praevii</strong></span> <span class='ocrx_word' id='word_1_855' title='bbox 2690 5230 2718 5303; x_wconf 84' lang='lat'>§</span> <span class='ocrx_word' id='word_1_856' title='bbox 2791 5231 2824 5288; x_wconf 91' lang='lat'><strong>8</strong></span> <span class='ocrx_word' id='word_1_857' title='bbox 2880 5231 3077 5289; x_wconf 85' lang='lat' dir='ltr'><strong>adduxi</strong></span> <span class='ocrx_word' id='word_1_858' title='bbox 3128 5230 3185 5285; x_wconf 88' lang='lat' dir='ltr'><strong>in</strong></span> <span class='ocrx_word' id='word_1_859' title='bbox 3233 5243 3347 5282; x_wconf 85' lang='lat' dir='ltr'><strong>tne-</strong></span> 
     </span>
    </p>
   </div>
   <div class='ocr_carea' id='block_1_119' title="bbox 1778 5303 1946 5356">
    <p class='ocr_par' dir='ltr' id='par_1_119' title="bbox 1778 5303 1946 5356">
     <span class='ocr_line' id='line_1_119' title="bbox 1778 5303 1946 5356; baseline 0 0"><span class='ocrx_word' id='word_1_860' title='bbox 1778 5303 1946 5356; x_wconf 89' lang='lat' dir='ltr'><strong>dium.</strong></span> 
     </span>
    </p>
   </div>
   <div class='ocr_carea' id='block_1_120' title="bbox 1848 5393 3346 5467">
    <p class='ocr_par' dir='ltr' id='par_1_120' title="bbox 1848 5393 3346 5467">
     <span class='ocr_line' id='line_1_120' title="bbox 1848 5393 3346 5467; baseline -0.002 -20"><span class='ocrx_word' id='word_1_861' title='bbox 1848 5394 1959 5464; x_wconf 75' lang='grc'><strong>(41)</strong></span> <span class='ocrx_word' id='word_1_862' title='bbox 1998 5393 2054 5467; x_wconf 86' lang='lat' dir='ltr'><strong>lu</strong></span> <span class='ocrx_word' id='word_1_863' title='bbox 2089 5394 2278 5467; x_wconf 79' lang='lat' dir='ltr'><strong>primis</strong></span> <span class='ocrx_word' id='word_1_864' title='bbox 2305 5393 2511 5467; x_wconf 82' lang='lat' dir='ltr'><strong>scilicet</strong></span> <span class='ocrx_word' id='word_1_865' title='bbox 2562 5394 2669 5448; x_wconf 92' lang='lat' dir='ltr'><strong>duo</strong></span> <span class='ocrx_word' id='word_1_866' title='bbox 2692 5393 3346 5467; x_wconf 66' lang='lat' dir='ltr'><strong>commentarii,_quoruni</strong></span> 
     </span>
    </p>
   </div>
   <div class='ocr_carea' id='block_1_121' title="bbox 1780 5460 3343 5534">
    <p class='ocr_par' dir='ltr' id='par_1_121' title="bbox 1780 5460 3343 5534">
     <span class='ocr_line' id='line_1_121' title="bbox 1780 5460 3343 5534; baseline -0.003 -17"><span class='ocrx_word' id='word_1_867' title='bbox 1780 5460 2008 5518; x_wconf 84' lang='lat' dir='ltr'><strong>alterum</strong></span> <span class='ocrx_word' id='word_1_868' title='bbox 2044 5460 2107 5518; x_wconf 56' lang='lat' dir='ltr'><strong>in&#39;</strong></span> <span class='ocrx_word' id='word_1_869' title='bbox 2132 5464 2368 5534; x_wconf 85' lang='lat' dir='ltr'><strong>pSalmos</strong></span> <span class='ocrx_word' id='word_1_870' title='bbox 2396 5504 2411 5526; x_wconf 88' lang='lat'><strong>,</strong></span> <span class='ocrx_word' id='word_1_871' title='bbox 2466 5465 2692 5534; x_wconf 89' lang='lat' dir='ltr'><strong>alterum</strong></span> <span class='ocrx_word' id='word_1_872' title='bbox 2745 5464 2823 5534; x_wconf 8' lang='lat' dir='ltr'><strong>in)</strong></span> <span class='ocrx_word' id='word_1_873' title='bbox 2854 5477 3041 5534; x_wconf 90' lang='lat' dir='ltr'><strong>omnes</strong></span> <span class='ocrx_word' id='word_1_874' title='bbox 3096 5460 3159 5517; x_wconf 60' lang='lat' dir='ltr'><strong>ST</strong></span> <span class='ocrx_word' id='word_1_875' title='bbox 3195 5460 3343 5534; x_wconf 80' lang='lat' dir='ltr'><strong>Pauli</strong></span> 
     </span>
    </p>
   </div>
   <div class='ocr_carea' id='block_1_122' title="bbox 1779 5531 3344 5616">
    <p class='ocr_par' dir='ltr' id='par_1_122' title="bbox 1779 5531 3344 5616">
     <span class='ocr_line' id='line_1_122' title="bbox 1779 5531 3344 5616; baseline -0.002 -30"><span class='ocrx_word' id='word_1_876' title='bbox 1779 5534 2020 5616; x_wconf 55' lang='lat' dir='ltr'><strong>apostoli</strong></span> <span class='ocrx_word' id='word_1_877' title='bbox 2057 5531 2323 5616; x_wconf 53' lang='lat' dir='ltr'><strong>Epistolas</strong></span> <span class='ocrx_word' id='word_1_878' title='bbox 2372 5533 2733 5589; x_wconf 84' lang='lat' dir='ltr'><strong>concinnavit.</strong></span> <span class='ocrx_word' id='word_1_879' title='bbox 2800 5532 2904 5588; x_wconf 80' lang='lat' dir='ltr'><strong>Adi</strong></span> <span class='ocrx_word' id='word_1_880' title='bbox 2971 5531 3344 5588; x_wconf 89' lang='lat' dir='ltr'><strong>commentarii</strong></span> 
     </span>
    </p>
   </div>
   <div class='ocr_carea' id='block_1_123' title="bbox 1779 5604 3345 5745">
    <p class='ocr_par' dir='ltr' id='par_1_123' title="bbox 1779 5604 3345 5745">
     <span class='ocr_line' id='line_1_123' title="bbox 1779 5604 3345 5745; baseline -0.005 -14"><span class='ocrx_word' id='word_1_881' title='bbox 1779 5604 2382 5745; x_wconf 28' lang='lat' dir='ltr'><strong>pliﬁgjée‘ﬁanduino,</strong></span> <span class='ocrx_word' id='word_1_882' title='bbox 2406 5664 2650 5745; x_wconf 82' lang='lat' dir='ltr'><strong>aliisque,</strong></span> <span class='ocrx_word' id='word_1_883' title='bbox 2674 5687 2810 5745; x_wconf 80' lang='lat' dir='ltr'><strong>quos</strong></span> <span class='ocrx_word' id='word_1_884' title='bbox 2835 5680 3053 5729; x_wconf 90' lang='lat' dir='ltr'><strong>sanctus</strong></span> <span class='ocrx_word' id='word_1_885' title='bbox 3079 5671 3345 5745; x_wconf 90' lang='lat' dir='ltr'><strong>allocutus</strong></span> 
     </span>
    </p>
   </div>
   <div class='ocr_carea' id='block_1_124' title="bbox 1782 5742 3352 5807">
    <p class='ocr_par' dir='ltr' id='par_1_124' title="bbox 1782 5742 3352 5807">
     <span class='ocr_line' id='line_1_124' title="bbox 1782 5742 3352 5807; baseline -0.003 -8"><span class='ocrx_word' id='word_1_886' title='bbox 1782 5742 1869 5799; x_wconf 85' lang='lat' dir='ltr'><strong>hic</strong></span> <span class='ocrx_word' id='word_1_887' title='bbox 1901 5742 2263 5807; x_wconf 84' lang='lat' dir='ltr'><strong>memoratur,</strong></span> <span class='ocrx_word' id='word_1_888' title='bbox 2297 5744 2375 5797; x_wconf 87' lang='lat' dir='ltr'><strong>uti</strong></span> <span class='ocrx_word' id='word_1_889' title='bbox 2412 5742 2574 5799; x_wconf 84' lang='lat' dir='ltr'><strong>etiam</strong></span> <span class='ocrx_word' id='word_1_890' title='bbox 2618 5744 2684 5798; x_wconf 90' lang='lat' dir='ltr'><strong>de</strong></span> <span class='ocrx_word' id='word_1_891' title='bbox 2734 5742 2792 5799; x_wconf 83' lang='lat' dir='ltr'><strong>S.</strong></span> <span class='ocrx_word' id='word_1_892' title='bbox 2846 5745 2965 5803; x_wconf 74' lang='lat' dir='ltr'><strong>Rufi</strong></span> <span class='ocrx_word' id='word_1_893' title='bbox 3025 5742 3352 5801; x_wconf 85' lang='lat' dir='ltr'><strong>monasterio</strong></span> 
     </span>
    </p>
   </div>
  </div>
