3846 6316
535 355 640 411 495

1260 358 1335 412 -S.
1378 356 1726 414 llﬂUNO-NIS
1775 352 2420 412 CAR'I‘HUSIANORUM
2480 350 2969 408 INSTITUTORIS
3676 348 3759 404 896

535 473 889 542 Frequenter,
921 485 1041 528 eum
1069 471 1382 542 Apostolum
1417 473 1742 542 legeremus,
1777 470 2102 534 audivimus,
2136 471 2182 530 Α
2213 477 2320 520 tam
2345 469 2626 537 perplexa,
2665 480 2771 522 tam
2804 467 2970 522 ardua
2997 506 3012 530 ,
3039 477 3094 520 ct
3119 472 3230 520 tam
3265 466 3446 536 gravi,
3479 479 3546 520 ne
3574 465 3624 518 in
3653 466 3761 520 viri-

537 579 680 618 nunc
705 577 833 616 vero
859 562 1023 617 etiam
1047 562 1419 630 experimento
1450 551 1754 624 didicimus,
1781 559 1978 622 fratres
2009 558 2111 612 mei

538 657 592 711 in
637 657 855 711 Christo
903 655 1236 710 dilectissimi
1286 663 1339 708 et
1387 651 1904 714 desiderantissimi,
1951 663 2112 720 quam

2217 557 2314 612 bus
2342 559 2575 627 propriis
2618 559 2910 613 (-onlidisse
2939 557 3242 622 videamur,
3275 571 3578 626 quaeramus
3609 558 3765 611 consi-

2217 648 2368 703 lium.
2400 649 2513 704 Non
2555 665 2582 704 a
2615 649 2846 715 Judaeis,
2879 650 2970 720 qui
3010 649 3062 702 i'n
3093 649 3208 703 sola
3247 648 3384 720 legis
3417 648 3767 706 observatione

537 743 1101 813 incomprehensibilia
1131 743 1242 799 sint
1264 742 1466 813 judicia
1505 742 1598 798 Dei
1635 749 1685 796 et
1717 740 2115 812 investigabiles
2211 741 2498 812 justiflcari
2531 757 2590 796 se
2633 743 2881 796 credunt.
2932 741 3046 795 Non
3075 757 3106 796 a
3135 740 3342 796 Graieis
3369 748 3424 794 et
3447 739 3672 808 antiquis
3693 757 3770 797 eo-

531 851 636 890 vne
668 851 803 904 ejus.

606 928 658 982 8.
701 928 852 982 Hunc
882 925 1024 982 enim
1053 925 1397 990 defunctum,
1429 926 1554 979 dum
1586 925 1762 978 adhuc
1791 924 2032 988 viveret,
2062 931 2117 977 et

535 1023 768 1078 vidimus
790 1030 843 1078 et
870 1022 1256 1094 cognovimus,
1289 1021 1466 1074 virum
1511 1021 1700 1090 utique
1745 1019 1978 1074 humana
2026 1033 2116 1072 sa-

536 1115 737 1184 pientia
768 1115 1012 1179 doctum,
1046 1114 1338 1168 virtutibus
1363 1113 1428 1182 (si
1459 1123 1639 1168 tamen
1667 1127 1811 1166 vera:
1836 1112 1888 1166 in
1924 1111 2118 1166 talibus

541 1206 765 1260 virtutes
809 1206 939 1274 sint)
986 1221 1048 1260 ac
1095 1205 1340 1259 moribus
1389 1213 1678 1270 ornatum,
1723 1213 1776 1257 et
1823 1203 2117 1258 secundum

539 1296 862 1350 exteriorem
911 1296 1232 1366 sapientiam
1278 1305 1524 1359 castum,
1577 1295 1930 1364 prudentem,
1969 1293 2120 1365 pudi-

539 1401 661 1440 cum
683 1425 700 1452 ,
731 1385 913 1441 domui
948 1400 1059 1441 suae
1099 1386 1238 1441 bene
1269 1385 1644 1457 praepositum,
1693 1394 1747 1439 et
1777 1385 1845 1439 ab
1871 1383 2120 1439 omnibus

531 1475 899 1543 honoratum,
960 1492 1025 1533 ac
1073 1493 1272 1548 magno
1313 1477 1367 1532 in
1417 1479 1592 1546 pretio
1645 1477 1920 1541 habitum,
1976 1491 2120 1530 nunc

535 1580 670 1621 vero
697 1583 762 1621 ex
789 1582 884 1622 ore
913 1565 1030 1636 ejus
1059 1568 1364 1621 audivimus
1387 1607 1404 1632 ,
1439 1565 1589 1636 justo
1636 1567 1730 1622 Dei
1773 1567 1977 1636 judicio
2002 1580 2122 1619 esse

537 1657 975 1711 condemnatum.
1013 1655 1168 1711 Justo
1216 1657 1466 1726 quidem,
1517 1657 1772 1727 quoniam
1798 1656 1978 1725 justus
2023 1657 2122 1710 Do-

529 1747 718 1802 minus
750 1756 804 1802 et
842 1747 1083 1816 justitias
1127 1747 1354 1812 dilexit,
1391 1747 1544 1817 cujus
1591 1758 1876 1817 propterea
1917 1747 2118 1818 judicia

2217 847 2334 886 rum
2365 831 2729 901 philosophis,
2760 831 2850 901 qui
2885 832 2936 885 in
2981 847 3078 886 sua
3109 831 3312 885 virtute
3353 832 3641 886 confidunt.
3671 831 3768 887 Non

2218 939 2247 977 a
2276 924 2489 978 caneris
2519 923 2700 978 saeculi
2753 923 2912 992 hujus
2956 923 3420 993 conquisitoribus
3448 930 3505 976 et
3544 923 3772 992 sapienti-

2219 1015 2349 1076 bus,
2391 1013 2479 1082 qui
2511 1013 2761 1083 ignorant
2812 1028 2932 1082 quae
2971 1012 3064 1067 Dei
3095 1021 3252 1074 sunt;
3307 1011 3400 1066 sed
3428 1012 3604 1082 potius
3635 1013 3774 1067 abiis

2219 1105 2309 1173 qui
2347 1106 2536 1158 timent
2587 1104 2912 1169 Dominum,
2961 1105 3050 1175 qui
3095 1103 3378 1159 ambulant
3428 1104 3482 1158 in
3526 1103 3622 1159 viis
3657 1105 3769 1174 ejus.

2219 1193 2578 1249 Consulamus
2602 1193 2766 1265 igitur
2793 1193 2968 1264 primo
2991 1193 3312 1248 advocatum
3340 1201 3583 1248 nostrum
3599 1231 3614 1257 ,
3639 1209 3774 1263 quem

2221 1285 2482 1339 habemus
2531 1284 2670 1354 apud
2719 1275 2970 1350 Patrem,
3011 1284 3194 1340 Jesum
3238 1285 3513 1341 Christum
3559 1285 3775 1355 justum,

2221 1377 2314 1445 qui
2363 1384 2449 1430 est
2497 1377 2848 1447 propitiatios
2867 1395 2964 1449 pro
3017 1380 3261 1449 peccatis
3306 1379 3540 1444 nostris,
3571 1390 3642 1440 et,
3669 1379 3778 1448 quid

2222 1465 2736 1531 dicat,andiamus.
2796 1469 3097 1536 Quoniam,
3146 1470 3353 1540 inquit,
3402 1469 3673 1540 impletum
3713 1479 3779 1523 est

2227 1571 2458 1630 tempus,
2489 1571 2542 1615 et
2571 1565 3026 1635 appropinquavit
3058 1581 3281 1635 regnum
3307 1565 3436 1630 Dei,
3469 1566 3778 1635 pmnitemini

2223 1659 2276 1702 et
2312 1651 2518 1706 credite
2569 1649 2866 1722 Erangelio
2910 1655 3056 1726 (M),
3107 1655 3235 1725 quia
3283 1654 3388 1710 nisi
3435 1655 3780 1726 pmuitentiatn

2223 1745 2477 1814 egeritis,
2530 1761 2721 1802 omnes
2765 1749 2925 1803 simul
2976 1751 3224 1820 peribitis
3264 1751 3400 1823 (45).
3429 1751 3781 1806 Audiamuset

537 1853 644 1892 non
677 1851 902 1908 possunt
948 1853 1068 1894 esse
1115 1839 1215 1892 nisi
1241 1837 1384 1906 justa
1409 1879 1424 1904 ,
1456 1839 1582 1894 licet
1610 1839 1927 1908 plerumque
1960 1848 2014 1894 et
2060 1848 2120 1894 ut
2153 1809 2196 1865 Β
2225 1833 2442 1888 Domini
2491 1851 2878 1904 prwcursorem
2914 1839 3216 1908 Joannem,
3260 1841 3328 1896 de
3357 1809 3486 1912 'quu
3537 1841 3778 1908 scriptum

535 1927 829 1998 plurimum
874 1929 1086 1986 occulta
1119 1930 1227 1984 sint
1259 1947 1274 1984 :
1303 1929 1486 1995 Iusto,
1529 1930 1726 2000 inquit,
1778 1931 1870 1986 Dei
1915 1930 2122 1999 judicio

537 2021 930 2078 condemnatus
973 2037 1112 2078 sum.
1164 2022 1282 2078 Vox
1322 2021 1568 2094 profecto
1617 2023 1872 2079 terribilis
1915 2031 1972 2079 et
2013 2037 2125 2078 me-

539 2113 774 2180 tuenda;
813 2128 966 2184 quas,
996 2129 1029 2168 ο
1059 2113 1264 2168 utinam
1287 2153 1302 2181 ,
1330 2123 1550 2169 sonaret
1578 2114 1780 2185 jugiter
1815 2114 1868 2168 in
1902 2115 2125 2171 auribus

539 2204 774 2272 nostris,
805 2213 858 2259 et
887 2204 1072 2260 cordis
1102 2205 1293 2259 intima
1325 2215 1666 2274 penetraret,
1695 2214 1755 2258 ut
1785 2219 1907 2260 cum
1928 2245 1943 2271 ,
1971 2202 2125 2272 cujus

535 2296 798 2364 judicium
827 2295 1063 2366 ell'ugere
1101 2312 1206 2350 non
1237 2311 1558 2366 possumus,
1593 2295 1945 2358 timeremus,
1978 2304 2033 2349 et
2058 2295 2125 2350 ti-

540 2391 740 2445 mendo
785 2390 1097 2460 fugeremus
1126 2405 1157 2444 a
1204 2399 1432 2444 ventura
1476 2389 1595 2456 ira,
1643 2398 1697 2444 et
1738 2389 1963 2454 salutis,
1995 2389 2124 2443 dum

540 2492 752 2551 tempus
779 2489 896 2547 est,
929 2495 1295 2550 quaereremus
1337 2490 1635 2550 opportuna
1686 2482 1891 2536 media!
1937 2479 2126 2536 Consi-

541 2573 826 2637 deremns,
864 2588 1081 2642 quaeso,
1133 2571 1334 2628 fratres
1385 2572 1530 2639 mei,
1577 2573 1706 2644 quid
1757 2573 1846 2628 isti
1895 2575 2123 2629 nuncin

541 2663 756 2719 inferno
799 2664 1022 2735 prodest
1054 2672 1204 2718 tanto
1243 2663 1430 2718 labore
1459 2663 1682 2733 quaesita
1714 2663 1942 2718 scientia
1962 2706 1975 2729 ,
2001 2680 2124 2718 cum

542 2757 797 2810 continua
825 2765 880 2812 et
902 2765 1160 2827 perpetua
1191 2755 1400 2812 laboret
1427 2756 1672 2812 czecitate
1704 2764 1759 2811 et
1789 2757 2126 2827 ignorantia?

541 2847 682 2914 Quid
712 2847 942 2912 divitim,
975 2862 1095 2903 cum
1133 2864 1230 2903 nec
1259 2857 1464 2919 guttam
1507 2863 1660 2918 aquae
1690 2850 1756 2903 ad
1794 2849 2124 2921 refrigeran-

541 2936 668 2989 dam
695 2936 930 3007 linguam
961 2937 1161 2993 habere
1193 2937 1370 2992 valeat
1391 2937 1536 3008 (45)?
1556 2937 1694 3005 Quid
1717 2938 1970 3002 honores,
1998 2941 2126 3008 quid

541 3029 783 3084 deliciae?
830 3046 953 3087 cum
1003 3039 1083 3087 tot
1132 3047 1276 3088 nunc
1322 3041 1546 3104 cogatur
1595 3034 1778 3089 subire
1825 3043 2120 3100 tormenta,

543 3133 673 3193 quot
700 3123 752 3177 in
795 3123 996 3179 mundo
1030 3125 1219 3179 habuit
1248 3125 1666 3182 oblectamenta.

616 3213 668 3268 9.
711 3213 957 3271 Vidimus
981 3230 1182 3285 corpus
1209 3214 1326 3285 ejus
1353 3233 1495 3273 nunc
1526 3217 1645 3272 sine
1676 3219 1880 3274 honore
1909 3221 2125 3290 sepeliri

543 3304 598 3358 in
643 3306 1018 3376 sterquilinio,
1051 3307 1388 3378 cogitemus,
1436 3308 1675 3364 animam
1705 3310 1821 3380 ejus
1865 3309 2126 3380 sepultam

542 3408 664 3449 esse
700 3395 753 3450 in
782 3395 998 3451 inferno
1017 3437 1032 3461 ,
1069 3399 1288 3452 azternis
1316 3398 1584 3454 incendiis
1611 3414 1732 3454 cum
1761 3399 1944 3469 impiis
1971 3410 2127 3454 mter-

547 3487 750 3542 naliter
797 3489 1184 3554 cruciandam;
1215 3491 1306 3544 ubi
1352 3490 1552 3545 vermis
1576 3505 1762 3546 eorum
1793 3508 1897 3547 non
1926 3494 2124 3547 morie-

547 3588 660 3640 tur,
692 3585 746 3632 et
774 3579 912 3648 ignis
944 3594 1050 3634 non
1084 3581 1494 3650 exstinguetur;
1523 3581 1613 3635 ubi
1653 3581 1817 3637 ardor
1847 3582 2127 3651 incompa-

546 3668 767 3734 rabilis,
814 3669 979 3725 feetor
1042 3671 1434 3738 intolerabilis,
1490 3671 1642 3727 dolor
1689 3672 2122 3728 interminabilis.

549 3761 651 3816 Ubi
678 3771 923 3832 quaerent
949 3762 1199 3819 homines
1235 3774 1462 3820 mortem
1485 3805 1500 3830 ,
1537 3780 1637 3821 nec
1669 3765 1962 3822 invenient.
1993 3765 2125 3820 Nam

548 3863 676 3906 tunc
701 3868 849 3908 mors
895 3852 1217 3912 immortalis
1247 3855 1381 3921 erit,
1415 3872 1534 3926 quae
1583 3857 1838 3927 depascet
1865 3873 1991 3924 eos,
2019 3873 2126 3912 non

546 3952 607 3996 ut
637 3931 958 4009 moriantur,
986 3945 1078 3999 sed
1113 3952 1170 3999 ut
1207 3947 1276 4001 ad
1319 3961 1508 4016 poenas
1536 3947 1730 4002 iterum
1777 3959 2125 4003 renoventur.

547 4033 686 4102 Quid
711 4035 872 4104 igitur
896 4033 1201 4092 faciemus?
1225 4037 1305 4090 Ad
1330 4037 1484 4107 cujus
1510 4039 1796 4094 consilium
1830 4039 2129 4111 fugiemus?

546 4124 748 4181 Omnes
768 4125 915 4180 enim
945 4133 1044 4182 nos
1067 4127 1224 4197 quasi
1247 4143 1374 4183 oves
1404 4131 1734 4196 erravimus,
1762 4132 2130 4201 unusquisque

547 4218 602 4271 in
638 4217 782 4273 viam
812 4233 964 4274 suam
989 4218 1309 4286 declinavit;
1336 4235 1434 4275 nec
1460 4229 1572 4286 est,
1599 4222 1689 4292 qui
1719 4221 1882 4276 faciat
1909 4223 2126 4292 bonum,

545 4323 654 4363 non
710 4315 794 4364 est
836 4324 1009 4379 usque
1054 4324 1239 4364 unum.
1287 4309 1488 4366 Omnes
1518 4311 1892 4380 peccavimus,
1937 4311 2130 4380 injuste

546 4401 786 4472 egimus,
823 4401 1164 4472 iniquitatem
1205 4401 1456 4458 fecimus.
1503 4403 1704 4459 Omnes
1754 4419 1853 4460 nos
1905 4404 1998 4459 filii
2035 4406 2129 4460 irae

2222 1933 2340 1990 est,
2369 1926 2514 1992 quod
2541 1925 2683 1980 inter
2709 1936 2864 1984 natos
2903 1930 3190 1985 mulierum
3239 1945 3346 1985 non
3377 1931 3613 1986 surrexit
3636 1929 3782 1996 major

2225 2033 2292 2074 eo
2320 2019 2454 2090 (46).
2485 2019 2603 2088 Ipse
2627 2021 2770 2074 enim
2801 2023 3104 2092 praedicans
3136 2024 3186 2077 in
3226 2024 3443 2078 deserto
3484 2023 3676 2079 Iudaeae
3701 2025 3780 2078 ba-

2223 2113 2482 2182 ptismum
2529 2114 2865 2183 pmnitentia:
2914 2115 2966 2169 in
3001 2111 3397 2188 remissionem
3427 2126 3780 2187 peccatorum,

2225 2203 2296 2256 ait
2327 2219 2340 2257 :
2379 2222 2398 2254 ι
2443 2205 2822 2262 Ptenitentiam
2855 2207 3028 2278 agite;
3062 2209 3518 2280 appropinquavit
3543 2209 3681 2264 enim
3712 2221 3780 2262 re-

2225 2310 2389 2365 gnum
2415 2297 2677 2351 cmlorum
2712 2299 2847 2370 (47).
2883 2319 2902 2352 ι

2299 2385 2384 2438 11.
2427 2385 2492 2440 Et
2520 2387 2716 2441 iterum
2753 2389 2820 2443 ad
2851 2388 3157 2446 Pharisaaos
3181 2399 3236 2446 et
3259 2390 3626 2447 Saddueaeos:
3655 2409 3671 2443 ι
3697 2390 3782 2445 Ge-

2226 2477 2430 2532 nimina
2469 2479 2687 2551 (inquit)
2713 2481 3047 2552 viperarum,
3077 2483 3200 2552 quis
3243 2484 3633 2538 demonstravit
3658 2484 3784 2537 vobis

2227 2563 2413 2637 fugere
2439 2585 2470 2620 a
2501 2580 2732 2623 ventura
2763 2571 2883 2626 ira?
2913 2589 2932 2623 σ
2955 2571 3140 2626 Facite
3167 2572 3333 2644 igitur
3361 2572 3553 2644 dignos
3603 2573 3783 2627 fructus

2226 2659 2557 2728 pmnilcntiac
2628 2659 2761 2730 (18).
2797 2679 2816 2713 ι
2898 2662 3192 2718 Audiamus
3269 2664 3431 2718 etiam
3515 2663 3784 2734 principem

2227 2751 2596 2820 apostolorum
2633 2753 2850 2807 Petrum
2883 2755 3152 2809 dicentem
3191 2755 3244 2808 in
3280 2755 3512 2811 Actibus
3538 2755 3780 2827 apostolo-

2229 2855 2346 2893 rum
2393 2840 2460 2894 ad
2510 2840 2763 2910 populum
2801 2841 3154 2898 Judmorum:
3195 2843 3578 2899 oPeenitemini
3605 2856 3651 2900 et
3676 2859 3783 2900 eon-

2227 2931 2499 2986 vcrtimini
2567 2942 2626 2986 ut
2687 2933 2970 2990 deleantur
3014 2945 3231 3005 peccata
3281 2947 3458 2990 vestra
3507 2936 3638 3006 (49).
3671 2956 3688 2987 ι
3733 2935 3785 2988 Et

2227 3023 2422 3077 iterum
2443 3063 2456 3087 ,
2487 3038 2610 3078 cum
2639 3024 2858 3093 quidam
2899 3040 2968 3079 ex
3015 3026 3095 3081 eis
3141 3028 3452 3096 compuncti
3481 3030 3638 3083 corde
3661 3027 3782 3081 dice-

2230 3123 2346 3168 rent
2375 3115 2442 3169 ad
2485 3115 2705 3170 Petrum
2754 3129 2809 3172 ct
2855 3118 2921 3172 ad
2972 3118 3210 3189 reliquos
3247 3121 3522 3190 apostolos
3552 3136 3567 3175 :
3601 3139 3620 3174 ι
3659 3119 3779 3186 Quid

2229 3205 2526 3275 faciemus,
2581 3209 2679 3263 \iri
2731 3209 2964 3265 fratres?
2994 3229 3012 3263 ι
3065 3211 3261 3268 Petrus
3291 3213 3407 3268 vice
3457 3214 3688 3269 omnium
3717 3228 3784 3267 re-

2229 3300 2446 3368 spondit
2475 3319 2488 3354 :
2525 3320 2542 3352 ι
2582 3301 2965 3358 Paenitentiam
3011 3306 3188 3375 agite,
3221 3317 3276 3360 ct
3308 3307 3618 3378 baptizetur
3639 3321 3785 3362 nues-

2229 3390 2456 3460 quisque
2503 3401 2747 3447 vcstrnm
2812 3394 2864 3448 in
2904 3395 3278 3450 remissionem
3328 3407 3669 3468 peccatorum
3707 3413 3786 3450 vc-

2229 3493 2486 3547 strorum,
2523 3493 2575 3539 et
2612 3485 2892 3556 accipietis
2921 3489 3120 3542 donum
3153 3487 3389 3556 Spiritus
3418 3492 3592 3546 sancti
3619 3490 3736 3560 (50).
3767 3508 3780 3538 ι

2229 3574 2365 3628 llinc
2413 3577 2670 3645 propheta
2726 3578 2804 3632 ait
2837 3593 2850 3631 :
2888 3597 2906 3628 ε
2946 3579 3001 3634 Si
3057 3581 3431 3650 pmnitcntiam
3467 3583 3636 3653 egerit
3673 3595 3788 3650 gens

2229 3667 2332 3720 ista
2375 3682 2403 3719 a
2453 3669 2596 3724 malo
2626 3685 2757 3734 suo,
2809 3671 2950 3739 quod
2984 3671 3195 3727 locutus
3221 3689 3340 3726 sum
3373 3673 3633 3729 adversus
3654 3687 3784 3734 eam,

2229 3771 2385 3826 agam
2415 3769 2470 3811 et
2499 3772 2597 3825 ego
2627 3759 3002 3827 ptenitentiam
3048 3776 3210 3830 super
3241 3761 3382 3816 malo
3409 3763 3554 3832 quod
3581 3761 3785 3834 rogitavi

2230 3858 2290 3899 ut
2339 3845 2572 3900 facerem
2603 3849 2650 3902 ei
2686 3847 2820 3919 (Si).
2848 3869 2865 3901 ι
2898 3849 2965 3904 Et
2997 3850 3259 3920 Sapiens,
3294 3870 3311 3901 ι
3353 3852 3410 3907 Si
3441 3851 3786 3922 paenitentiam

2232 3939 2448 4010 (inquit)
2475 3955 2578 3994 non
2607 3941 2902 4010 egerimus,
2937 3941 3238 3997 incidemus
3267 3944 3319 3997 in
3352 3959 3550 4000 manus
3576 3943 3786 4004 Domini,

2231 4040 2286 4086 et
2337 4049 2441 4087 non
2494 4033 2546 4087 in
2603 4049 2796 4088 manus
2829 4035 3108 4090 hominum
3143 4036 3277 4104 (52).
3321 4057 3340 4089 ι
3373 4035 3488 4094 Hoc
3519 4040 3689 4108 itaque
3715 4054 3789 4090 sa-

2230 4135 2359 4176 num
2409 4133 2492 4176 est
2535 4133 2590 4178 et
2632 4123 2850 4179 salubre
2876 4126 3196 4192 consilium,
3230 4126 3428 4182 fratres
3475 4129 3610 4194 mei,
3639 4129 3680 4182 si
3709 4127 3789 4180 Dei

2225 4211 2426 4283 justam
2465 4216 2758 4272 vindictam
2787 4225 2842 4272 et
2871 4219 3210 4273 tremendum
3237 4217 3353 4286 ejus
3393 4218 3652 4287 judicium
3673 4217 3789 4273 etfu—

2231 4319 2359 4375 gere
2388 4305 2668 4372 volumus,
2699 4316 2759 4362 ut
2786 4308 3161 4378 pmnitcntiam
3192 4325 3449 4378 agamus,
3481 4321 3535 4365 et
3559 4308 3788 4379 lacrymis

2231 4403 2455 4462 peccata
2480 4411 2798 4466 purgemus.
2838 4395 2964 4452 Hmc
3000 4413 3232 4467 namque
3258 4408 3340 4454 est
3387 4402 3476 4454 via
3516 4414 3631 4468 qua
3657 4397 3788 4450 ducit

547 4505 734 4546 sumus
755 4531 769 4558 ,
811 4493 928 4561 pari
965 4503 1248 4564 propterea
1303 4508 1462 4563 pruna
1505 4493 1684 4564 digni,
1715 4495 1818 4550 nisi
1865 4511 1964 4552 nos
2007 4495 2129 4552 inde
2159 4489 2208 4549 D
2233 4485 2300 4566 βα
2329 4485 2519 4540 Vilam-
2546 4485 2671 4552 Hinc
2695 4490 2928 4543 secunda
2953 4497 3076 4558 Ροδι
3103 4489 3447 4559 naufragium
3479 4488 3678 4550 tabula.
3703 4499 3788 4556 Per

547 4581 744 4649 eripiat
769 4583 1136 4660 misericordia
1181 4583 1404 4640 Christi.
1437 4583 1576 4651 Quid
1621 4583 1914 4642 faciemus?
1941 4585 2128 4642 Nonne

547 4679 604 4725 et
631 4685 820 4728 omnes
845 4674 1004 4729 simul
1037 4675 1370 4743 peribimus?
1401 4674 1627 4742 Nonne,
1660 4676 1705 4732 si
1744 4677 1872 4733 huic
1901 4692 2005 4732 non
2037 4694 2128 4746 pc-

549 4762 755 4830 percit,
791 4777 891 4818 nec
917 4765 1124 4834 angelis
1153 4766 1540 4835 peccantibus,
1580 4781 1679 4822 nec
1711 4768 1876 4822 ramis
1907 4775 2130 4821 natura-

548 4853 722 4919 libus,
754 4862 1007 4925 putamus
1044 4857 1186 4924 quod
1243 4871 1418 4927 neque
1443 4865 1637 4927 parcat
1664 4865 1718 4912 et
1755 4859 1944 4914 nobis?
1969 4857 2130 4912 Puta-

547 4961 674 5003 mus
722 4945 866 5017 quod
895 4947 965 5002 sit
1001 4947 1312 5003 abbreviata
1344 4963 1537 5004 manus
1563 4950 1711 5020 ejus,
1749 4960 1808 5005 ut
1838 4950 1977 5005 ultra
2029 4951 2132 5004 mi-

549 5036 721 5093 sereri
753 5023 858 5091 non
904 5035 1108 5108 possit?
1149 5035 1258 5092 Aut
1295 5037 1439 5106 quod
1483 5040 1782 5095 continebit
1817 5043 1872 5094 in
1919 5040 1998 5095 ira
2031 5055 2127 5096 sua

547 5128 950 5184 misericordias
972 5128 1135 5184 suas?
1159 5129 1334 5184 Absit.

624 5219 709 5274 10.
751 5219 889 5287 Quid
931 5220 1098 5291 igitur
1131 5218 1422 5277 faciemus?
1450 5220 1495 5278 Ο
1544 5221 1738 5277 fratres
1785 5223 1929 5290 mei,
1965 5223 2016 5278 in
2072 5240 2131 5280 re

548 5397 766 5463 vidcsis,
798 5413 917 5466 quae
967 5398 1335 5454 commentarii
1390 5399 1569 5469 prmvii
1613 5415 1760 5453 num.
1815 5397 1922 5455 455
1951 5411 2004 5454 et
2035 5400 2129 5455 ali-

550 5478 680 5539 quot
704 5483 856 5539 seqq.
883 5470 1112 5522 adducta
1144 5480 1291 5539 sunt.

621 5537 734 5610 (ᾇὸ)
772 5537 852 5610 Ad
883 5541 1101 5610 divitem
1134 5538 1429 5609 Epulonem
1457 5540 1544 5596 hic
1568 5540 1839 5596 alluditur.

625 5607 736 5679 (Μ)
777 5607 938 5679 Marci
966 5625 1006 5674 ι,
1035 5609 1122 5663 15.

625 5677 737 5749 (εξ)
778 5677 850 5749 ita
894 5677 1005 5733 fere
1037 5679 1191 5733 Luca:
1215 5697 1332 5749 xm,
1358 5680 1410 5737 5.

627 5746 736 5816 (46)
777 5746 1006 5802 Matthxi
1038 5765 1115 5814 at,
1147 5752 1231 5803 'll.

2230 4591 2391 4646 quam
2422 4587 2738 4647 peccatores
2762 4579 3062 4646 salvantur,
3107 4588 3162 4636 et
3210 4596 3306 4650 per
3351 4595 3514 4652 quam
3557 4579 3690 4636 Deus
3729 4575 3789 4630 ad

2231 4668 2660 4723 misericordiam
2690 4669 3004 4725 inclinatur.

2301 4758 2390 4812 12.
2433 4759 2759 4832 Propterea,
2813 4761 3182 4830 dilectissimi,
3233 4761 3552 4831 abjicientcs
3595 4773 3788 4816 omnem

2231 4849 2629 4905 immunditiam
2653 4860 2707 4906 et
2735 4851 3123 4907 abundantiam
3175 4852 3416 4918 malitiae,
3447 4852 3789 4922 suscipiamus

2231 4949 2288 5003 in
2315 4950 2732 5004 mansuetudine
2763 4950 2984 5004 insitum
3016 4951 3239 5006 verbum
3259 4991 3274 5015 ,
3308 4951 3454 5020 quod
3489 4957 3659 5020 potest
3692 4943 3790 4998 Sal-

2229 5055 2360 5095 vare
2389 5039 2600 5095 animas
2637 5051 2870 5096 nostras.
2905 5041 3304 5096 Convertamur
3337 5041 3404 5095 ad
3431 5040 3718 5096 Dominum,
3741 5043 3789 5084 cl

2231 5131 2580 5185 miserebitur
2609 5133 2816 5196 nostri,
2847 5133 3100 5202 quoniam
3139 5133 3403 5204 benignus
3443 5140 3527 5187 est
3571 5138 3623 5185 et
3665 5141 3786 5197 pm:-

2231 5223 2444 5278 stahilis
2471 5238 2634 5292 super
2663 5224 2902 5289 malitia;
2931 5241 3034 5282 nec
3056 5224 3164 5280 vult
3185 5233 3415 5281 mortem
3442 5230 3786 5294 peccatorum,

2303 5403 2416 5475 (ιι)
2457 5403 2692 5475 tantum
2721 5421 2802 5467 ιιι,
2840 5406 2895 5460 2.

2303 5473 2414 5540 (48)
2456 5473 2666 5528 lla-fere
2689 5475 2846 5530 Luca:
2881 5493 2960 5541 ιιι,
2993 5477 3042 5540 7,
3071 5476 3123 5532 8.

2304 5544 2414 5614 (49)
2455 5547 2574 5600 Act.
2611 5561 2692 5608 ιιι,
2729 5548 2814 5598 tu.

2304 5615 2416 5686 (-50)
2456 5620 2574 5686 ᾼοι.
2609 5631 2666 5677 ιι,
2713 5615 2800 5671 58.

2305 5683 2416 5751 (51)
2454 5683 2702 5738 Jcrcmize
2735 5702 2888 5750 κνιιι,
2915 5687 2967 5742 8.

2303 5755 2415 5826 (5‘2)
2458 5755 2903 5823 Ecclesiaslmi'tt,
2932 5755 3024 5810 2'2.
