3860 6320
134 357 215 413 i9?
1610 347 1800 404 ACTA.

3246 352 3349 415 6⁸38

132 476 208 523 sed
233 463 387 535 magis
417 469 473 517 ut
501 471 891 516 convertantur
918 469 971 518 et
1015 460 1215 515 vivant.
1260 459 1369 514 Nec
1417 459 1656 514 converti
1688 461 1737 520 Λ
1766 456 1946 512 milia?
1996 457 2095 514 Ubi
2144 457 2303 528 periit
2345 452 2410 513 in'
2446 461 2861 517 conversatione
2906 463 3255 535 simplicitas,
3292 467 3344 519 iu

134 554 410 609 diﬂ‘eramus
452 550 507 603 in
560 550 887 616 crastinum;
928 550 1086 617 quia,
1133 550 1224 619 qui
1277 549 1664 618 ptenitentibus

133 645 310 699 veniam
336 642 658 711 spopondit.
698 642 1037 711 peccantibus
1068 642 1206 695 diem
1229 640 1527 694 crastinum
1557 654 1664 693 non

131 738 359 809 promisit.
391 734 548 790 Unde
594 739 685 805 qui
728 749 1018 805 congruum
1065 734 1399 802 pmuiteutize
1455 742 1665 800 tempus

130 829 354 901 perdunt,
386 825 586 880 frustra
632 834 757 880 ante
794 825 943 893 regni
974 823 1196 891 januam
1245 838 1365 876 eum
1412 823 1665 892 precibus

128 920 341 976 veniunt.
391 916 601 985 Quibus
663 932 759 988 per
814 915 1158 970 Salomonem
1221 913 1478 968 Dominus
1524 913 1602 967 ait
1647 929 1661 967 :

133 1034 149 1065 ι
182 1008 389 1071 Vocavi,
417 1016 473 1064 et
517 1008 810 1073 reuuistis;
841 1006 1058 1061 extendi
1108 1020 1325 1059 manum
1369 1018 1578 1067 meam,
1612 1010 1667 1058 et

128 1121 214 1159 non
248 1104 338 1157 fuit
361 1102 453 1170 qui
481 1101 784 1171 aspiceret;
817 1099 1141 1169 despexistis
1172 1113 1335 1153 omne
1378 1096 1662 1151 consilium

129 1209 277 1249 meum
296 1232 310 1256 ,
335 1200 387 1245 et
417 1191 818 1260 inerepaliones
850 1204 998 1245 meas
1021 1187 1357 1257 neglexistis.
1398 1186 1510 1256 Ego
1537 1199 1665 1254 quo-

128 1302 212 1355 que
254 1285 302 1340 in
332 1283 552 1337 interitu
590 1292 766 1336 veStro
812 1281 1029 1345 ridebo,
1063 1288 1119 1333 et
1145 1277 1509 1341 subsannabo,
1539 1290 1662 1331 cum

128 1376 280 1439 vobis,
314 1372 453 1443 quod
487 1372 792 1435 timebatis,
826 1371 1128 1426 advenerit.
1156 1369 1289 1424 Cum
1319 1368 1530 1423 venerit
1579 1382 1664 1420 re-

127 1465 310 1535 pentina
334 1462 643 1530 calamitas,
675 1470 729 1518 et
756 1461 1031 1525 interitus,
1057 1461 1209 1530 quasi
1241 1467 1549 1529 tempestas,
1577 1458 1655 1511 iu-

127 1555 327 1625 gruerit,
356 1556 574 1623 quando
616 1554 825 1609 venerit
856 1568 1018 1623 super
1050 1567 1144 1607 vos
1189 1551 1466 1606 tribulatio
1488 1562 1543 1606 et
1570 1566 1665 1604 an-

126 1647 296 1716 gustia;
347 1653 476 1698 tunc
535 1644 868 1700 invocabunt
919 1658 1037 1708 tne,
1085 1650 1142 1697 et
1194 1657 1298 1696 non
1347 1641 1661 1708 exaudiam;

130 1752 257 1795 ntane
283 1747 637 1808 consurgent,
668 1746 721 1792 et
752 1751 857 1791 non
889 1736 1169 1791 invenient
1194 1749 1279 1789 me
1308 1734 1443 1803 (55).
1482 1751 1500 1786 ι

1770 546 2031 603 societate
2055 548 2332 615 Charitas,
2374 549 2427 603 iu
2463 550 2678 606 actione
2702 551 2943 621 justitia,
2987 556 3038 607 in
3074 556 3347 610 locutione

1769 638 1975 694 veritas
1997 679 2011 705 ,
2046 647 2101 694 et
2129 640 2183 694 in
2219 640 2593 710 proximorum
2644 644 2969 699 necessitate
3004 646 3209 716 pietas?
3243 647 3344 702 Ubi

1768 731 2002 801 denique
2049 733 2264 789 refrixit
2310 734 2550 790 Charitas
2594 744 2649 791 et
2682 737 3141 806 superabundavit
3170 739 3346 793 omnis

1770 820 2059 890 iniquitas,
2115 832 2251 879 teste
2304 826 2599 895 pr0plieta,
2633 826 2724 896 qui
2758 826 2834 881 ait
2872 843 2885 881 :
2925 846 2943 879 ι
2983 825 3095 880 Non
3126 838 3210 882 est
3241 828 3344 881 mi-

1767 914 2062 970 sericordia
2081 955 2097 982 ,
2127 930 2232 971 non
2263 926 2344 972 est
2391 918 2589 973 veritas
2611 958 2626 984 ,
2654 934 2761 975 non
2790 916 2875 974 est
2904 919 3129 973 scientia
3168 918 3259 973 Dei
3292 918 3343 973 in

1769 1015 1913 1061 terra
1932 1006 2059 1079 (55).
2088 1027 2107 1061 ι
2132 1008 2329 1079 Aspexi
2362 1009 2595 1075 illam,et
2616 1026 2743 1068 ecce
2764 1027 2903 1067 vana
2929 1002 3134 1079 erat,et
3155 1011 3344 1078 ccelos,

1767 1110 1821 1155 et
1848 1114 1952 1154 non
1980 1110 2099 1155 erat
2124 1100 2215 1156 lux
2244 1102 2297 1157 in
2327 1104 2428 1159 eis.
2469 1105 2586 1162 Vidi
2619 1108 2864 1173 montes,
2894 1116 2950 1161 et
3002 1122 3128 1162 ecce
3173 1121 3347 1162 move-

1766 1189 1990 1256 bantur,
2030 1202 2085 1246 et
2123 1209 2314 1249 omnes
2344 1196 2511 1251 colles
2543 1197 2736 1251 turbati
2767 1208 2911 1252 sunt.
2946 1197 3177 1251 lntuitus
3202 1213 3341 1258 sum.

1766 1292 1821 1337 et
1877 1299 2006 1338 ecce
2049 1302 2153 1339 non
2182 1296 2300 1341 erat
2323 1288 2535 1359 justus,
2584 1299 2640 1345 et
2666 1306 2827 1347 onme
2859 1289 3072 1347 volatile
3106 1290 3225 1346 cuzli
3262 1306 3349 1344 rc-

1766 1378 1931 1433 eessit
1961 1378 2096 1450 (56).

1839 1469 1927 1524 l5.
1974 1470 2124 1525 Unde
2153 1471 2368 1528 dillicile
2411 1474 2645 1542 videtur,
2690 1475 2797 1531 imo
2824 1490 2958 1546 pene
2989 1476 3342 1546 impossibile.

1768 1560 2028 1614 mundum
2074 1576 2403 1632 quemquam
2448 1572 2505 1618 et
2551 1563 2619 1619 ab
2662 1566 2806 1619 omni
2835 1552 3057 1635 peccato
3083 1566 3344 1628 liberum,

1768 1650 1822 1705 in
1853 1653 2056 1707 mundo
2083 1667 2242 1723 posse
2272 1653 2455 1708 vivere
2484 1663 2579 1708 aut
2608 1655 2798 1724 dignos
2846 1657 2896 1710 in
2940 1672 3005 1710 eo
3038 1646 3198 1726 agere
3242 1655 3348 1708 frn-

1768 1751 1889 1797 ctus
1919 1744 2276 1812 pmnitentim.
2306 1742 2466 1809 Nam,
2494 1755 2553 1798 ut
2580 1746 2909 1816 Augustinus
2934 1747 3030 1813 ait,
3061 1747 3239 1800 inanis
3263 1756 3348 1801 est

185 1828 255 1881 15.
294 1826 472 1881 Simus
521 1827 685 1897 igitur
730 1825 965 1881 factores
1014 1826 1162 1881 verbi
1209 1823 1398 1892 huius,
1451 1834 1506 1878 el
1556 1839 1662 1879 non
1694 1827 1740 1888 B
1769 1834 2123 1902 paenitentia,
2153 1850 2315 1903 quam
2368 1850 2601 1905 sequens
2642 1836 2797 1906 culpa
2847 1837 3159 1906 coinquinat
3209 1837 3344 1908 (57).

128 1920 397 1983 auditores,
432 1917 683 1974 fallentes
722 1919 1102 1988 nosmetipsos.
1131 1916 1412 1972 Imitemur
1465 1916 1661 1971 saltem

128 2012 351 2067 Ninivitas
391 2012 547 2077 illos,
595 2012 686 2082 qui
732 2012 981 2068 conversi
1032 2012 1244 2067 suntin
1276 2010 1665 2080 praedicatione

128 2102 279 2169 lonze,
317 2110 371 2158 et
396 2104 830 2172 praedicaverunt
868 2102 1133 2174 jejunium
1158 2143 1173 2167 ,
1202 2112 1256 2157 et
1284 2102 1507 2157 involuti
1543 2112 1667 2157 sunt

126 2198 295 2261 saccis,
321 2206 374 2251 et
422 2206 657 2267 egerunt
701 2198 1100 2268 paenitentiam.
1135 2198 1200 2251 Et
1232 2198 1363 2251 vidit
1402 2197 1665 2253 Dominus

127 2304 261 2358 opera
292 2303 479 2343 eorum
503 2329 518 2353 ,
567 2289 692 2359 quia
723 2288 970 2344 conversi
1010 2296 1136 2343 sunt
1162 2289 1227 2343 de
1253 2288 1336 2342 via
1367 2304 1462 2343 sua
1495 2288 1663 2355 mala,

126 2392 170 2434 et
193 2380 426 2435 misertus
466 2389 550 2435 est
580 2396 754 2451 super
781 2380 1018 2443 malitia,
1053 2396 1215 2448 quam
1250 2380 1459 2434 locutus
1492 2380 1667 2434 fuerat

128 2482 171 2524 ut
209 2470 395 2525 faceret
443 2470 558 2536 eis,
605 2480 662 2525 et
708 2486 814 2524 non
845 2470 993 2524 fecit.
1043 2470 1135 2525 Sic
1164 2478 1218 2524 et
1247 2485 1343 2525 nos
1372 2468 1665 2534 faciamus;

126 2563 223 2630 quia
250 2560 409 2629 major
436 2570 551 2626 est,
583 2575 742 2629 quam
771 2559 938 2616 Jonas
975 2560 1094 2627 hic,
1148 2560 1237 2630 qui
1284 2561 1358 2613 ait
1391 2578 1403 2614 :
1436 2559 1671 2614 l’tnnite-

127 2653 232 2706 mini
258 2662 308 2706 et
335 2651 543 2707 credite
576 2651 887 2719 Evangelia.
918 2651 1243 2720 Aperiamus
1279 2651 1545 2722 pulsanti,
1577 2666 1669 2703 vo-

126 2753 300 2800 cantem
328 2758 638 2813 sequamur.
673 2743 812 2814 Quid
843 2745 963 2800 dico
991 2754 1312 2809 vocantem,
1369 2745 1477 2800 imo
1521 2756 1670 2799 certe

126 2838 392 2892 trahentem
419 2849 477 2894 et
506 2849 789 2908 cogentem
823 2840 1048 2894 intrare.
1082 2837 1198 2894 Non
1230 2838 1376 2893 enim
1410 2854 1511 2891 vox
1542 2838 1667 2902 ista,

125 2944 258 2999 quam
288 2945 429 2985 nunc
475 2932 808 2996 audivimus,
844 2930 983 2985 facta
1010 2938 1093 2984 est
1134 2939 1355 3000 propter
1376 2946 1500 2984 eum
1525 2970 1539 2994 ,
1576 2931 1669 3000 qui

126 3019 373 3075 defunctus
399 3030 519 3087 est,
547 3021 710 3091 quia,
742 3022 993 3090 quamvis
1030 3023 1100 3077 sit
1145 3022 1284 3091 apud
1326 3020 1529 3076 inferos
1557 3037 1670 3092 pte-

126 3110 344 3176 niteutia,
391 3128 515 3167 sera
556 3122 736 3167 tamen
793 3124 848 3168 et
891 3113 1256 3179 infructuosa,
1306 3114 1400 3169 sed
1448 3123 1669 3183 propter

1769 1922 1961 1993 Nilqne
1982 1934 2207 1994 prosunt
2232 1925 2498 1994 lamenta,
2546 1926 2590 1981 si
2638 1928 2973 1996 replicantur
3001 1936 3243 1996 peccata.
3278 1927 3347 1982 Et.

1770 2014 1963 2068 vulnus
1998 2015 2247 2070 iteratum
2277 2028 2497 2071 sanatur
2521 2018 2747 2073 tardius.
2776 2018 2840 2071 Et
2866 2017 3156 2087 Gregorius
3180 2032 3193 2071 :
3221 2016 3345 2084 Qui,

1770 2107 1970 2176 inquit,
2000 2108 2231 2162 admissa
2260 2107 2489 2178 plangit,
2547 2126 2647 2164 nec
2680 2120 2857 2163 tamen
2903 2110 3137 2173 deserit,
3173 2124 3346 2179 pwna:

1770 2214 1827 2252 se
1849 2199 2084 2269 graviori
2107 2199 2350 2265 subjicit;
2380 2200 2521 2255 unde
2544 2201 2610 2254 ad
2631 2217 2809 2253 veram
2834 2201 3211 2270 paenitentiam
3234 2200 3346 2267 (58)

1768 2292 2081 2346 necessario
2112 2292 2409 2361 requiritur
2461 2300 2519 2345 ut
2550 2303 2891 2362 peccatorum
2924 2307 3100 2347 causa:
3135 2291 3349 2360 penitus

1769 2382 2111 2436 excidantur.
2162 2381 2227 2437 Et
2274 2392 2556 2452 pr0pterea
2608 2383 2651 2437 si
2702 2384 2768 2436 ad
2820 2383 2961 2437 hunc
3011 2381 3349 2451 pmnitentize

1771 2471 2026 2542 perfectae
2054 2474 2277 2543 gradum
2312 2474 2596 2543 pervenire
2621 2472 2868 2527 volumus
2899 2474 3044 2545 (quia
3086 2473 3346 2528 mundum

1772 2563 1933 2617 istum
1984 2563 2333 2630 sensibilem,
2390 2579 2551 2634 quem
2628 2566 2937 2631 cernimus,
3004 2564 3242 2635 quandiu
3296 2566 3348 2619 in

1771 2671 1938 2712 carne
1988 2656 2256 2721 vivimus,
2309 2658 2532 2710 omnino
2585 2657 2836 2713 deserere
2884 2673 2989 2711 non
3041 2669 3349 2727 possumus)

1773 2761 1995 2805 necesse
2024 2756 2109 2802 est
2143 2757 2201 2801 ut
2230 2747 2447 2814 saltem,
2486 2763 2606 2817 qum.
2654 2749 2703 2803 in
2753 2749 2953 2803 mundo
2983 2760 3137 2814 sunt,
3168 2749 3350 2803 omnia

1773 2840 1987 2911 penitus
2015 2840 2385 2909 relinquamus
2405 2880 2419 2904 ,
2449 2841 2665 2895 dicente
2694 2841 2919 2897 Domino
2954 2859 2966 2895 :
3005 2859 3023 2891 t
3060 2840 3251 2895 Omnis
3283 2855 3350 2897 ex

1773 2932 1959 2997 vobis,
1987 2932 2077 3001 qui
2126 2948 2230 2985 non
2279 2935 2557 2987 renuntiat
2591 2934 2878 2997 omnibus,
2907 2949 3027 3003 qme
3077 2934 3348 3001 possidet,

1774 3040 1879 3080 non
1910 3034 2085 3094 potest
2114 3041 2265 3079 meus
2286 3040 2406 3081 esse
2428 3024 2722 3093 discipulus
2750 3026 2881 3095 (5‘9).
2916 3044 2932 3075 ›
2962 3024 3027 3079 Et
3057 3024 3250 3078 iterum
3286 3025 3350 3078 ad

1774 3117 2172 3172 adolescentem
2204 3119 2269 3172 de
2310 3118 2419 3172 vita
2455 3129 2658 3171 mterna
2710 3118 3134 3187 interrogantem
3170 3133 3182 3169 :
3237 3134 3253 3167 ι
3291 3116 3349 3170 Si

125 3217 228 3265 nos,
257 3213 308 3256 ut
333 3204 493 3259 nobis
520 3220 627 3259 vox
663 3206 775 3274 ipsa
804 3205 1083 3274 proficiat,
1115 3221 1250 3274 quos
1278 3207 1456 3262 adhuc
1487 3207 1665 3261 divina
1696 3205 1741 3268 C
1772 3211 1875 3276 vis,
1908 3210 2103 3280 inquit,
2136 3210 2408 3279 perfectus
2448 3226 2567 3266 esse
2588 3253 2602 3277 ,
2650 3211 2816 3276 vade,
2866 3218 2917 3264 et
2956 3210 3125 3263 vende
3168 3208 3350 3263 omnia

124 3301 349 3367 patientia
397 3300 778 3372 longanimiter
822 3311 1120 3372 exspectat.
1168 3301 1284 3358 Non
1336 3303 1499 3374 igitur
1525 3303 1667 3358 ultra

125 3392 178 3445 de
200 3393 275 3448 die
303 3394 351 3447 in
383 3394 523 3450 diem
551 3394 864 3450 dill‘eramus
895 3413 907 3449 :
936 3397 1084 3466 quia,
1109 3412 1213 3466 qua
1242 3398 1375 3452 hora
1408 3398 1669 3454 Dominus

126 3495 351 3541 venturus
377 3488 477 3553 sit,
507 3488 854 3558 ignoramus,
885 3503 985 3544 nec
1029 3489 1289 3545 incertam
1326 3490 1517 3547 mortis
1564 3491 1666 3547 lto-

127 3594 220 3632 ram
248 3580 542 3649 praevidere
572 3580 835 3636 valemus.

186 3672 264 3725 ll.
303 3671 396 3728 llis
443 3674 675 3738 auditis,
733 3690 869 3730 unus
911 3690 975 3730 ex
1028 3675 1360 3739 astantibus,
1411 3675 1670 3746 magister

122 3764 305 3819 scilicet
351 3764 699 3831 Landuinus,
763 3768 980 3821 natione
1035 3765 1273 3832 Tuscus,
1321 3782 1387 3821 ex
1449 3767 1671 3824 civitate

126 3852 277 3919 Luca,
322 3856 404 3910 vir
443 3856 631 3925 utique
662 3860 850 3911 doctus
895 3867 953 3911 et
997 3856 1315 3921 timoratus,
1349 3856 1467 3912 ait:
1500 3876 1519 3909 ί
1554 3858 1666 3914 Ma-

123 3948 267 4017 gister
308 3950 475 4012 bone,
501 3948 613 4016 iam
670 3949 747 4003 sei
774 3965 872 4003 ωε
917 3950 1042 4019 quia
1090 3964 1252 4004 verax
1292 3965 1380 4016 es,
1410 3961 1465 4005 et
1496 3951 1669 4022 legem

127 4036 203 4091 Dei
238 4039 288 4093 in
316 4042 535 4095 veritate
563 4042 763 4107 doces;
802 4059 820 4093 ι
856 4042 1018 4096 verba
1058 4041 1203 4097 enim
1252 4052 1341 4096 tua
1389 4043 1669 4098 verissima

122 4139 255 4193 sunt,
285 4133 405 4201 quia
440 4133 532 4187 Dei
569 4133 704 4187 iram
735 4142 790 4187 et
814 4132 1017 4202 justam
1060 4133 1486 4204 indignationem
1532 4133 1669 4190 effu-

124 4236 231 4289 gere
250 4240 350 4277 non
374 4225 693 4295 poterimus,
721 4225 821 4279 nisi
848 4225 1097 4294 lacrytuis
1118 4234 1336 4292 peccata
1356 4241 1668 4296 purgemus.

125 4315 299 4369 Verum
330 4319 447 4386 quia
479 4317 740 4387 scriptum
786 4325 871 4371 est
904 4317 1046 4386 quod
1088 4335 1105 4366 ‹
1138 4332 1296 4371 omne
1323 4318 1466 4388 quod
1502 4329 1586 4373 est
1616 4319 1670 4373 in

124 4409 322 4471 mundo,
343 4410 776 4479 conettpiseentia
805 4410 991 4464 carnis
1018 4420 1118 4471 est,
1151 4423 1206 4465 et
1228 4412 1665 4482 concupiscentia

122 4498 405 4563 oculorum,
455 4512 513 4556 et
563 4500 817 4570 superbia
848 4501 972 4556 vita:
1003 4502 1152 4573 (54);
1191 4523 1208 4556 ι
1251 4504 1403 4573 quis,
1453 4521 1666 4573 quaeso,
1702 4552 1745 4607 Β

125 4590 356 4645 innocens
384 4592 525 4647 inter
550 4593 722 4649 malos
752 4603 895 4649 tutus
922 4595 1105 4650 vivere
1151 4604 1243 4649 aut
1271 4595 1461 4665 dignos
1491 4596 1664 4665 paeni-

125 4680 285 4733 tentia:
326 4681 524 4739 fructus
568 4699 731 4755 agere
781 4694 992 4754 potest,
1041 4685 1130 4738 ubi
1184 4687 1433 4755 superbia
1484 4686 1666 4754 inﬂat,

126 4772 329 4827 avaritia
354 4784 604 4841 enervat,
638 4776 846 4831 luxuria
898 4778 1182 4847 inquinat?
1212 4778 1310 4835 Ubi
1342 4778 1493 4853 lites,
1539 4796 1669 4836 con-

128 4862 385 4929 tentiones,
412 4867 787 4923 aemulationes
812 4909 826 4929 ,
858 4869 1261 4933 oldocutiones,
1291 4871 1538 4927 invidiae?
1568 4874 1667 4929 Ubi

127 4950 243 5007 liunt
270 4953 571 5023 latrocinia,
608 4969 995 5029 perpetrantur
1020 4962 1349 5027 homicidia,
1383 4962 1515 5019 falsa
1547 4980 1670 5034 pro-

124 5041 349 5101 feruntur
387 5050 727 5118 testimonia,
782 5052 1196 5107 committuntur
1242 5053 1535 5115 adulteria,
1589 5055 1668 5109 itt-

125 5146 315 5205 cestus,
344 5141 748 5210 fornicationes,
780 5144 1098 5215 sacrilegia,
1147 5145 1405 5201 veneﬁcia
1429 5187 1442 5210 ,
1496 5157 1550 5201 et
1597 5147 1668 5203 si-

185 5269 294 5342 (55)
328 5272 729 5331 Proverbiornm
755 5292 791 5341 ι,
822 5276 916 5342 2i,
937 5278 1025 5331 28.

188 5341 293 5413 (54)
328 5344 482 5413 Epist.
517 5346 779 5401 tJoannis
802 5364 864 5411 ll,
902 5348 986 5403 t6.

190 5410 294 5477 (5‘3)
329 5410 393 5467 Ita
416 5416 525 5470 fere
560 5417 697 5471 Osee
725 5433 799 5480 tv,
834 5410 884 5471 l.

190 5480 294 5546 (56)
325 5482 477 5539 Paulo
505 5487 664 5540 aliter
684 5486 932 5543 Jeremize
956 5505 1028 5551 tv,
1055 5489 1239 5543 25-25.

192 5550 294 5632 (57)
329 5554 431 5610 Non
474 5560 614 5632 quod
658 5573 719 5632 ea
779 5559 918 5632 haud
970 5550 1167 5614 fderint
1207 5577 1332 5615 vere
1378 5564 1658 5632 poenitenti

130 5630 327 5701 peccata
354 5628 716 5701 antecedentia
748 5629 990 5701 remissa,
1023 5632 1115 5685 sed
1157 5634 1319 5699 quod,
1348 5628 1437 5701 qui
1468 5634 1658 5689 relabi-

132 5692 453 5775 turﬁela‘tum
476 5699 761 5775 ex__eadem
791 5692 1021 5775 fructum
1048 5692 1280 5775 qui‘t'tat.

195 5757 297 5831 (58)
331 5763 445 5819 Eam
483 5769 708 5834 scilicet,
734 5783 839 5837 qua
880 5771 1017 5840 quis,
1054 5757 1255 5825 iclicto
1303 5783 1544 5842 peccato,
1592 5774 1656 5827 ad

1770 3319 1889 3374 quae
1936 3303 2135 3370 habes,
2184 3313 2240 3358 et
2287 3304 2353 3359 da
2407 3305 2763 3375 pauperibus,
2816 3312 2870 3358 et
2912 3302 3069 3368 veni,
3122 3317 3352 3373 sequere

1769 3411 1856 3451 me
1886 3395 2021 3467 (60).
2066 3415 2085 3450 ι

1842 3490 1931 3545 16.
1973 3488 2107 3556 Qui,
2142 3504 2263 3542 cum
2301 3489 2416 3543 bazc
2465 3488 2690 3541 audiens
2742 3488 2916 3542 tristis
2962 3486 3347 3551 abscessisset,

1770 3579 1847 3635 ait
1870 3579 1933 3634 ad
1962 3578 2253 3648 discipulos
2285 3578 2541 3659 Dominus
2573 3596 2585 3632 :
2622 3596 2639 3629 ι
2673 3579 2842 3633 Amen
2869 3579 2990 3633 dico
3019 3579 3194 3645 vobis,
3224 3580 3348 3648 quia

1770 3671 1924 3727 dives
1969 3668 2184 3724 dillicile
2217 3668 2446 3723 intrabit
2491 3668 2543 3722 in
2593 3684 2815 3739 regnum
2862 3669 3123 3725 ccelornm
3152 3669 3284 3740 (6|).
3327 3690 3344 3721 ›

1770 3761 1912 3818 llinc
1944 3761 2023 3815 ait
2049 3759 2323 3829 Sapiens:
2384 3779 2402 3812 ι
2437 3759 2537 3827 Qui
2579 3760 2804 3815 conlidit
2853 3759 2904 3814 in
2951 3760 3183 3824 divitiis,
3231 3776 3352 3815 cor-

1771 3862 1894 3908 ruet
1925 3851 2069 3924 (62);
2097 3860 2153 3906 et
2177 3852 2268 3921 qtti
2298 3851 2519 3906 festinat
2541 3851 2725 3916 ditari,
2755 3866 2858 3905 non
2885 3850 2990 3906 erit
3020 3851 3297 3905 innocens.
3327 3871 3344 3901 ι

1770 3945 1837 3999 Ει
1866 3946 2060 4000 iterum
2092 3960 2105 3997 :
2143 3961 2161 3995 ι
2202 3942 2256 3998 εξ
2290 3943 2440 3999 dives
2487 3943 2687 4009 fueris,
2740 3958 2843 3998 non
2877 3944 2987 3999 eris
3037 3943 3292 3996 immunis
3319 3961 3349 3996 a

1771 4036 1967 4093 delicto
2015 4036 2150 4107 (65).
2188 4055 2206 4087 ι
2266 4033 2400 4089 Nam
2436 4054 2455 4088 ι
2499 4035 2590 4105 qui
2625 4036 2810 4090 volunt
2852 4035 3048 4090 divites
3097 4034 3236 4098 fieri,
3267 4034 3351 4087 in-

1769 4129 1885 4199 quit
1912 4128 2222 4199 Apostolus,
2261 4128 2503 4183 incidunt
2535 4128 2587 4182 in
2630 4126 2879 4197 laqueum
2926 4126 3122 4181 diaboli
3152 4125 3284 4196 (64).
3328 4145 3343 4173 ι

1770 4220 1865 4275 llis
1903 4220 2066 4289 igitur
2111 4219 2397 4284 omnibus,
2440 4220 2595 4289 juxta
2653 4219 2860 4274 Domini
2898 4218 3212 4281 consilium,
3246 4216 3356 4270 cal.

1770 4313 1935 4378 catis,
1966 4312 2241 4366 distractis
2288 4320 2341 4364 et
2393 4312 2722 4381 pauperibus
2769 4311 3036 4380 erogatis,
3068 4310 3347 4365 Christum

1768 4416 2063 4471 sequamur
2111 4411 2166 4456 et
2202 4402 2495 4455 imitemur.
2552 4421 2570 4453 ι
2613 4402 2740 4467 Qui,
2800 4417 2923 4454 cum
2975 4401 3124 4455 dives
3171 4411 3348 4465 esset,

1770 4508 1972 4563 egenus
2004 4492 2177 4547 factus
2203 4500 2312 4553 est,
2364 4503 2421 4546 nt
2469 4508 2565 4547 nos
2610 4494 2726 4559 ejus
2754 4491 3056 4546 ditaremttr
3083 4492 3287 4563 inopia.
3326 4512 3345 4545 ι

1769 4583 1838 4638 Ει
1863 4583 2021 4653 quia,
2061 4581 2372 4636 doctissime
2404 4582 2676 4652 Magister,
2717 4591 2768 4637 te
2813 4582 3068 4647 docente,
3103 4584 3353 4639 veritatis

1772 4677 1914 4730 viam
1947 4676 2245 4745 etjnstitia:
2271 4676 2520 4731 semitam
2553 4676 2891 4746 agnovimus,
2923 4691 3044 4728 cum
3080 4676 3351 4746 periculo-

1773 4784 1891 4823 sum
1917 4769 2019 4830 sit,
2048 4768 2223 4822 vicino
2250 4778 2501 4837 serpente
2533 4767 2771 4822 dormire
2791 4809 2804 4833 ,
2844 4777 2899 4821 et
2924 4767 3066 4825 inter
3107 4760 3351 4822 flammas

1773 4865 1954 4920 illaesis
1984 4865 2208 4934 pedibus
2251 4863 2531 4918 ambulare
2562 4862 2807 4930 dillicile,
2851 4873 3021 4917 restat
3067 4871 3125 4915 ut
3169 4861 3347 4916 locum

1772 4957 1928 5012 nobis
1959 4956 2327 5027 inquiramus,
2366 4954 2417 5008 in
2458 4970 2595 5024 quo,
2650 4954 2775 5009 licet
2822 4954 2874 5008 in
2921 4954 3151 5015 mundo,
3193 4952 3347 5020 quasi

1772 5049 1889 5103 sine
1918 5050 2116 5102 mundo
2143 5048 2211 5102 ab
2236 5048 2513 5102 hominum
2536 5046 2809 5101 consortio
2836 5044 3099 5114 separati,
3124 5054 3344 5113 peccata

1773 5154 1957 5201 nostra
1987 5142 2179 5200 deﬂere
2228 5153 2282 5198 et
2325 5142 2657 5212 pmnitentia:
2692 5143 2880 5211 dignos
2929 5138 3099 5191 frttctu

1769 5280 2154 5353 perfectionem
2194 5278 2503 5353 contendat.

1843 5351 1954 5419 (59;
1998 5350 2151 5404 Lucae
2178 5365 2288 5409 Juv,
2316 5350 2404 5403 55.

1866 5423 1953 5488 60)
1994 5421 2067 5473 Ita
2094 5420 2205 5472 fere
2234 5418 2472 5473 Mattbaai
2515 5434 2626 5481 XIX,
2650 5418 2737 5470 2|.

1866 5428 1953 5488 60)
1994 5428 2067 5473 Ita
2094 5428 2205 5472 fere
2234 5428 2472 5473 Mattbaai

1838 5428 1950 5563 (61)
1993 5490 2374 5563 Mattltaai_xtx,
2404 5490 2496 5563 ⁸25.

1834 5557 1948 5630 (62)
1989 5562 2065 5615 Ita
2096 5561 2207 5612 fere
2230 5560 2642 5630 Proverbiorum
2675 5573 2748 5619 χι,
2783 5557 2874 5610 ἳε.

1836 5632 1951 5697 (65)
1993 5629 2367 5697 Ecclesiastici
2392 5644 2466 5689 χι,
2520 5630 2599 5679 Ιυ.

1837 5695 1948 5773 (ϋὶ)
1988 5701 2153 5770 Epist.
2185 5714 2198 5751 t
2235 5698 2299 5750 ad
2329 5695 2665 5750 Timotheum
2698 5711 2771 5759 \‘t,
2808 5696 2857 5750 9.
