3860 6320
535 360 639 416 499

1310 361 1367 418 S.
1408 362 1752 421 BRUNONIS
1792 361 2426 423 CARTIIUSIANORUM
2473 367 2952 429 lNSTl'l’UTORlS
3647 376 3718 436 500

533 472 829 527 valeamus.
861 470 1005 527 Doce
1039 486 1136 527 nos
1167 470 1349 545 igitur,
1394 490 1609 545 quaeso,
1644 484 1702 530 et
1730 476 1910 529 locum
1946 475 2107 530 talem
2135 479 2181 537 Λ
2210 486 2427 534 secutus
2460 494 2567 534 uno
2601 490 2871 536 momento
2920 480 3062 535 solus
3120 495 3278 551 quam
3338 489 3445 537 toto
3492 482 3601 540 vitae
3640 503 3718 546 suae

533 566 692 619 nobis
720 565 974 629 ostende,
1017 576 1073 621 et
1118 567 1377 637 quidquid
1420 568 1544 623 inde
1574 568 1908 633 decreveris,
1942 566 2104 623 facie-

532 670 673 711 mus.
705 653 839 710 Nam
863 655 1009 712 salus
1036 666 1219 713 nostra
1249 658 1302 712 in
1343 673 1506 713 manu
1534 669 1621 713 tua
1658 668 1761 714 est.

602 746 690 799 17.
731 744 813 800 Ad
839 745 953 800 haec
984 748 1173 801 beatus
1200 746 1382 802 Bruno
1405 748 1683 816 reSpondit
1711 762 1724 800 :
1748 746 1875 801 'Viri
1909 746 2102 803 fratres

530 843 587 889 et
615 835 824 899 Patres,
868 836 1081 905 audite,
1129 854 1233 891 non
1281 853 1402 903 mc,
1445 838 1539 892 sed
1574 853 1781 892 mecum
1812 837 1972 892 simul
2008 854 2104 892 au-

534 925 777 992 diamus,
824 925 1081 996 inquam,
1120 926 1267 980 illum
1313 942 1581 982 summum
1627 936 1960 981 secretorum
2004 926 2101 981 Dei

530 1017 842 1084 conscium,
895 1025 950 1073 et
1000 1018 1318 1089 pr0phetam
1349 1018 1604 1073 eximium
1650 1016 1847 1083 David,
1884 1016 1968 1071 cui
2000 1016 2103 1071 Do-

530 1110 713 1164 minus
734 1110 941 1164 incerta
964 1116 1020 1164 et
1043 1108 1251 1164 occulta
1282 1108 1560 1178 sapientiae
1582 1122 1691 1163 sua:
1715 1107 2097 1163 manifestavit.

528 1199 829 1255 Audiamus
854 1198 1033 1269 primo
1057 1199 1183 1270 quid
1206 1200 1429 1263 dixerit,
1458 1200 1739 1254 audiamus
1761 1199 1953 1253 deinde
1976 1198 2104 1267 quid

530 1290 743 1347 fecerit.
775 1290 894 1361 ipse
919 1291 1062 1347 enim
1097 1305 1254 1358 tunc,
1287 1292 1428 1347 sicut
1459 1300 1513 1346 et
1543 1306 1643 1347 nos
1683 1307 1855 1355 nunc,
1900 1291 2103 1345 contri-

529 1394 704 1440 status
733 1385 786 1439 in
820 1384 1211 1440 exercitatione
1255 1400 1387 1452 sua,
1437 1395 1492 1440 et
1534 1385 1885 1441 conturbatus
1913 1400 1942 1438 a
1972 1399 2104 1438 voce

528 1474 733 1529 inimici
783 1482 839 1530 et
882 1489 912 1529 a
960 1476 1303 1531 tribulatione
1335 1476 1667 1546 peccatoris,
1715 1476 1897 1530 dixit:
1942 1492 1960 1525 ‹
1996 1474 2103 1528 Cor

526 1579 706 1619 meum
754 1568 1139 1621 conturbatum
1184 1577 1268 1623 est
1314 1568 1366 1621 in
1419 1583 1537 1633 me,
1586 1575 1639 1622 et
1684 1565 1914 1621 formido
1963 1582 2102 1621 mor-

526 1657 597 1711 tis
644 1657 842 1714 cecidit
890 1673 1055 1729 super
1101 1674 1218 1724 me;
1267 1660 1424 1715 timor
1485 1668 1540 1714 et
1595 1668 1795 1715 tremor
1839 1668 2102 1713 venerunt

525 1765 692 1819 super
743 1765 861 1817 me,
915 1759 971 1807 et
1020 1760 1377 1807 contexerunt
1422 1767 1507 1807 me
1559 1752 1810 1807 tenebrae.
1847 1770 1866 1803 ι
1900 1751 1967 1805 Et
2015 1750 2098 1806 di-

524 1841 644 1895 xit:
689 1859 707 1893 t
748 1841 880 1909 Quis
926 1842 1076 1898 dabit
1121 1843 1251 1898 mihi
1291 1857 1494 1912 pennas
1534 1843 1673 1898 sicut
1720 1842 2014 1905 columbae,
2046 1851 2101 1896 et

523 1932 716 1987 volabo
744 1941 800 1987 et
828 1933 1209 2002 requiescam?
1250 1953 1268 1986 ι
1307 1934 1509 1989 Deinde
1552 1932 1815 2002 subjecit,
1862 1941 1916 1987 et
1966 1932 2042 1987 ait
2080 1949 2095 1987 :

529 2041 548 2074 ‹
574 2024 733 2092 Ecce,
751 2024 995 2096 elongavi
1016 2024 1248 2097 fugiens,
1268 2036 1321 2080 et
1344 2027 1514 2081 mansi
1536 2028 1587 2081 in
1608 2026 1898 2081 solitudine
1916 2026 2050 2097 (65).
2074 2043 2092 2077 ι

524 2115 682 2180 Ecce,
731 2116 925 2185 inquit,
970 2117 1216 2188 elongavi
1263 2118 1331 2173 ab
1381 2118 1528 2173 omni
1579 2117 1864 2173 occasione
1906 2125 1961 2172 et
1994 2116 2100 2171 cir-

524 2209 847 2263 cumstantia
873 2221 1242 2281 peccatorum,
1270 2218 1326 2265 et
1354 2212 1609 2263 mundum
1644 2210 1803 2263 istum
1840 2218 2018 2265 mente
2045 2216 2101 2263 et

525 2313 751 2366 corpore
803 2298 1037 2370 fugiens.
1083 2307 1137 2354 et
1188 2298 1364 2353 mansi
1410 2307 1841 2369 perseveranter,
1890 2314 1997 2353 non
2044 2298 2099 2352 in

524 2392 762 2455 civitate,
795 2391 889 2445 sed
926 2408 945 2441 ι
979 2390 1030 2444 in
1067 2390 1378 2445 solitudine.
1412 2408 1431 2442 ι
1462 2388 1553 2443 ille
1598 2390 1740 2444 enim
1789 2387 1997 2459 fugiens
2041 2401 2100 2443 se

523 2483 759 2551 elongat,
789 2491 849 2537 ut
888 2481 1181 2553 Gregorius
1206 2483 1304 2545 ait,
1330 2481 1419 2553 qui
1464 2497 1492 2535 a
1524 2482 1679 2535 turba
1710 2476 2098 2535 desideriorum

525 2584 865 2630 terrenorum
896 2574 949 2629 in
973 2574 1136 2628 altam
1170 2575 1260 2630 Dei
1292 2574 1796 2644 contemplationem
1838 2588 1895 2627 se
1923 2572 2103 2627 suble-

523 2674 654 2731 vat;
685 2675 868 2720 manet
896 2680 1023 2721 vero
1053 2684 1075 2717 ι
1113 2667 1162 2719 in
1194 2664 1500 2730 solitudine,
1545 2684 1564 2716 ›
1598 2664 1688 2734 qui
1718 2674 2024 2732 perseverat
2045 2663 2099 2718 in

524 2765 737 2812 remota
768 2756 965 2813 mentis
1001 2756 1314 2810 intentione.
1350 2754 1502 2810 Unde
1543 2754 1682 2809 idem
1711 2753 1998 2823 Propheta,
2041 2764 2102 2807 ut

522 2848 620 2905 Dei
667 2847 920 2903 virtutem
964 2855 1019 2902 et
1065 2846 1158 2902 Dei
1203 2846 1426 2915 gloriam
1457 2846 1641 2901 videre
1690 2854 2009 2909 mereretur,
2040 2858 2100 2899 se

523 2938 829 2994 solitudinis
880 2937 1057 2994 locum
1108 2937 1332 3006 petiisse
1385 2944 1638 3001 testatur,
1680 2936 1912 2990 dicens:
1962 2952 1981 2985 ‹
2042 2934 2099 2988 ln

522 3043 664 3087 terra
709 3033 946 3101 deserta,
977 3043 1031 3090 et
1076 3034 1239 3099 invia,
1285 3041 1339 3089 et
1370 3034 1652 3103 iuaquosa,
1686 3032 1765 3087 sic
1809 3031 1862 3085 in
1914 3038 2099 3085 sancto

2205 576 2443 638 tempore
2475 570 2780 624 comitatus.

2274 662 2362 716 19.
2408 661 2637 733 Moyses,
2692 678 2812 717 cum
2870 663 3128 717 minasset
3158 678 3375 733 gregem
3406 648 3472 719 ad
3513 664 3717 725 interiora

2204 750 2424 813 deserti,
2451 751 2733 805 Dominum
2766 752 2818 805 in
2853 753 3061 806 ardenti
3108 753 3241 808 rubo
3284 753 3469 807 videre
3497 761 3549 807 et
3574 745 3723 814 audite

2203 842 2399 894 meruit
2429 840 2693 895 dicentem
2722 841 2822 896 sibi
2871 857 2884 893 :
2934 859 2953 892 ε
3005 839 3164 895 Solve
3190 840 3551 896 calceamenta
3572 842 3629 896 de
3657 860 3722 912 pe-

2203 932 2359 987 dibus
2411 934 2546 997 tuis;
2580 932 2727 987 locus
2767 932 2932 996 enim,
2965 932 3016 985 in
3065 946 3171 1001 quo
3221 941 3356 995 stas,
3402 939 3540 985 terra
3581 945 3721 988 sancta

2202 1033 2285 1079 est
2312 1023 2444 1095 (67).
2485 1043 2503 1075 ι
2540 1023 2637 1078 Cui
2683 1038 2979 1091 nunquam,
3023 1024 3123 1077 nisi
3154 1038 3275 1077 cum
3308 1021 3452 1075 solus
3473 1030 3619 1086 esset,
3650 1023 3722 1077 Do-

2203 1116 2385 1170 minus
2430 1115 2690 1185 apparuit.
2746 1113 2929 1181 David,
2966 1114 3031 1168 ad
3069 1114 3280 1169 deserta
3327 1113 3549 1182 fugiens,
3587 1111 3725 1171 Saulis

2202 1211 2372 1265 evasit
2412 1209 2657 1262 insidias.
2681 1206 2943 1262 Jercmias
2972 1222 3199 1277 poscens
3230 1221 3426 1277 aquam
3457 1206 3567 1259 dari
3600 1209 3721 1276 capiti

2203 1313 2319 1364 suo,
2365 1307 2417 1352 et
2446 1298 2615 1351 oculis
2660 1299 2771 1350 suis
2809 1298 3008 1352 fontem
3058 1297 3442 1367 lacrymarttm,
3487 1304 3544 1348 ttt
3567 1294 3725 1365 lugeret

2202 1388 2515 1443 interfectos
2562 1387 2739 1457 populi
2796 1388 2899 1452 sui,
2949 1388 3122 1443 locum
3173 1403 3407 1457 quoque,
3440 1387 3526 1440 ubi
3569 1403 3618 1442 se
3646 1398 3723 1444 tam

2203 1489 2392 1533 sancto
2439 1479 2608 1548 possit
2660 1480 2710 1532 in
2758 1494 2919 1547 opere
2971 1480 3193 1535 liberius
3242 1493 3498 1535 exercere
3543 1482 3725 1550 postulat

2203 1570 2387 1623 dicens
2433 1586 2445 1622 :
2493 1568 2665 1635 «Quis
2688 1569 2836 1623 dabit
2863 1569 2991 1624 mihi
3032 1570 3390 1624 diversorium
3426 1570 3661 1625 viatorum
3686 1573 3725 1625 in

2202 1655 2491 1710 solitudine
2518 1655 2652 1726 (68),
2688 1674 2706 1707 ι
2740 1664 2994 1726 tanquam
3037 1658 3140 1713 hoc
3177 1658 3226 1713 ei
3260 1658 3313 1712 in
3349 1658 3563 1713 civitate
3590 1659 3725 1714 facere

2203 1764 2309 1802 non
2355 1759 2592 1813 vacaret,
2633 1750 2736 1804 hoc
2764 1751 2923 1806 modo
2968 1751 3233 1819 indicans,
3270 1753 3414 1821 quod
3458 1752 3726 1822 impedirent

2202 1840 2333 1893 socii
2372 1840 2600 1908 gratiam
2646 1838 3006 1911 lacrymarum
3062 1841 3201 1908 Quin
3244 1842 3429 1906 etiam,
3461 1856 3573 1897 cum
3602 1843 3726 1898 dixis-

2200 1940 2321 1986 set:
2357 1949 2375 1982 ι
2425 1931 2631 1986 Bonum
2678 1940 2764 1987 est
2790 1932 3089 2001 prmstolari
3120 1947 3241 1988 cum
3288 1934 3504 1988 silentio
3541 1936 3727 1991 salutare

2200 2021 2318 2088 Dei,
2355 2040 2374 2074 ι
2409 2020 2809 2092 addidissetque
2839 2039 2853 2075 :
2892 2040 2909 2073 ι
2950 2023 3153 2078 Bonum
3187 2032 3270 2080 est
3312 2026 3452 2091 viro,
3481 2040 3591 2079 cum
3632 2041 3725 2095 por-
3824 2010 3825 2013 η

2200 2114 2398 2169 taverit
2429 2113 2615 2185 jugum
2656 2114 2724 2169 ab
2744 2114 3104 2171 adolescentia
3131 2132 3251 2184 sua,
3289 2137 3308 2168 ι
3337 2117 3525 2186 adjecit
3551 2128 3601 2173 et
3634 2120 3723 2171 ait:

2205 2223 2225 2257 ι
2261 2205 2485 2261 Sedebit
2509 2206 2785 2261 solitarius
2812 2215 2865 2261 et
2897 2208 3115 2277 tacebit,
3154 2209 3275 2278 quia
3303 2208 3501 2264 levabit
3526 2224 3581 2264 se
3606 2224 3727 2280 supra

2200 2313 2261 2354 se
2301 2298 2435 2370 (69).
2470 2317 2487 2351 ι
2523 2298 2688 2367 Elias,
2718 2299 2771 2353 in
2810 2308 2990 2355 monte
3020 2301 3087 2355 ad
3131 2302 3327 2356 ostium
3359 2302 3631 2371 speluncae,
3666 2318 3729 2357 so-

2199 2389 2303 2458 lus,
2336 2389 2620 2444 Dominum
2660 2397 3028 2445 transeuntem
3060 2390 3299 2462 agnovit.
3332 2391 3398 2445 Et
3440 2391 3631 2446 Eliseus
3659 2392 3729 2445 du-

2200 2481 2393 2550 pliccm
2457 2480 2574 2548 ejus
2634 2481 2923 2550 spiritum,
2986 2481 3110 2536 dum
3175 2481 3487 2546 tolleretur,
3546 2482 3727 2548 accepit.

2199 2570 2437 2628 Joannes
2470 2571 2733 2641 Baptista,
2768 2574 2834 2627 ab
2862 2582 3018 2628 utero
3044 2573 3248 2643 Spiritu
3289 2584 3478 2628 sancto
3518 2573 3728 2642 repletus,

2199 2678 2299 2717 nec
2353 2662 2582 2717 mirabili
2631 2664 2948 2730 nativitate,
3000 2680 3101 2720 nec
3148 2676 3433 2735 parentum
3490 2666 3733 2720 sanctitate

2200 2769 2443 2822 securus,
2478 2753 2835 2824 frequentiam
2886 2756 3166 2811 hominum
3206 2765 3462 2824 tanquam
3514 2753 3732 2823 periculo.

2200 2860 2315 2900 sam
2344 2844 2575 2916 fugiens,
2609 2847 2915 2902 solitudinis
2944 2848 3155 2902 deserta
3182 2847 3357 2917 petiit,
3393 2848 3480 2901 ubi
3504 2846 3622 2915 quid
3653 2846 3734 2896 vir-

2201 2938 2351 3001 tutis,
2379 2936 2573 3005 quidve
2615 2938 2791 2991 mcriti
2843 2938 3174 3008 acquisieril,
3205 2937 3505 3007 baptismus
3549 2935 3732 2996 Christi,

2199 3031 2254 3077 et
2279 3038 2376 3094 pro
2391 3024 2601 3092 justilia
2632 3038 2779 3079 mors
2804 3035 3051 3094 suscepta
3082 3027 3421 3080 monstravit.
3451 3024 3593 3077 Talis
3623 3022 3734 3075 enim

522 3126 747 3196 apparui
781 3126 900 3194 tibi,
945 3134 1007 3182 ut
1035 3127 1272 3185 viderem
1312 3126 1564 3183 virtutem
1608 3136 1752 3181 tuam
1787 3133 1841 3181 et
1875 3125 2097 3197 gloriam
2126 3132 2171 3206 α
2204 3110 2376 3206 [θαιξὲ
2404 3119 2489 3206 eff
2535 3112 2586 3206 ξη
2618 3111 3026 3206 “ﬂumineam
3076 3113 3268 3183 dignus
3311 3121 3457 3166 esset
3504 3111 3734 3206 ίξιθν³¹¹¹⁰¹¹¹

523 3227 667 3269 tuam
700 3215 831 3287 (66).
876 3236 896 3268 ι

595 3308 682 3363 18.
718 3307 961 3363 Solitudo
979 3322 1213 3378 namque
1238 3316 1321 3364 est
1344 3308 1464 3375 vite,
1495 3322 1613 3379 quae
1639 3308 1785 3361 ducit
1813 3306 1877 3361 ad
1897 3306 2091 3372 vitam;

522 3396 611 3450 ubi
652 3412 748 3465 pro
789 3400 1019 3454 terrenis
1045 3398 1305 3464 caelestia,
1337 3415 1434 3470 pro
1466 3399 1790 3453 transitoriis
1822 3406 2099 3452 mutantur

522 3500 744 3543 a-terna.
779 3488 903 3545 li:ec
934 3498 1017 3546 est
1052 3491 1200 3545 locus
1232 3490 1583 3562 pmnitentize,
1614 3490 1698 3543 via
1731 3490 1973 3559 justitite,
2012 3504 2099 3543 se-

523 3579 656 3632 mita
700 3578 904 3647 gratiae,
944 3578 1090 3634 scala
1136 3580 1334 3650 glorias.
1366 3578 1491 3635 limo
1532 3589 1635 3643 est,
1670 3579 1912 3648 inquam,
1951 3578 2097 3634 scala

523 3670 638 3735 illa,
670 3685 832 3739 quam
858 3669 993 3725 vidit
1015 3651 1181 3727 Jacob
1204 3672 1257 3726 in
1290 3672 1577 3727 solitudine
1604 3672 1657 3725 in
1691 3679 1832 3725 terra
1863 3679 2096 3725 stantem

523 3775 579 3817 et
606 3762 802 3818 cmlum
828 3771 1163 3836 tangentem;
1200 3779 1319 3834 quae
1341 3764 1589 3819 homines
1613 3763 1759 3817 vehit
1789 3763 1840 3817 in
1877 3762 2092 3829 cmlum,

524 3866 580 3913 et
630 3857 845 3927 angelos
871 3857 939 3914 ad
989 3867 1232 3913 nostrum
1282 3858 1473 3927 recipit
1517 3856 1794 3910 auxilium.
1839 3856 1966 3911 Haec
2013 3866 2100 3911 est

522 3951 784 4004 virtutum
826 3950 1031 4017 nutrix,
1062 3949 1335 4020 patientiae
1382 3957 1587 4016 custos,
1616 3948 1919 4018 purissima:
1970 3948 2097 4003 sim-

520 4045 778 4116 plicitatis
819 4044 1076 4115 magistra
1114 4051 1167 4098 et
1191 4041 1542 4097 fraudulentae
1580 4040 1909 4110 duplicitatis
1944 4040 2097 4110 igna-

520 4154 604 4205 ra.
656 4136 781 4191 Haec
840 4143 925 4191 est
965 4134 1119 4205 quies
1163 4133 1559 4199 laborantium,
1615 4131 1911 4186 consolatio
1968 4146 2096 4185 moe-

518 4229 772 4297 rentium,
806 4235 863 4281 et
905 4227 959 4281 in
991 4234 1124 4281 testu
1167 4223 1530 4294 refrigerium,
1562 4224 1615 4278 in
1656 4240 1760 4294 qua
1804 4234 1885 4277 est
1930 4223 2095 4278 turris

520 4320 691 4383 David
738 4318 1003 4377 aediﬁcata
1047 4330 1169 4372 cum
1206 4315 1644 4386 propugnaculis,
1678 4330 1743 4368 ex
1793 4330 1897 4384 qua
1950 4314 2095 4368 mille

517 4409 689 4480 ciypei
720 4408 978 4477 pendent,
1025 4414 1082 4462 et
1123 4406 1299 4460 omnis
1342 4405 1396 4460 in
1432 4420 1496 4459 ea
1540 4414 1815 4459 armatura
1853 4404 2093 4459 fortium.

2201 3200 2381 3255 omnia
2426 3200 2725 3267 Christum,
2757 3201 2900 3256 solus
2935 3201 3141 3268 lavare,
3192 3210 3247 3258 et
3295 3217 3395 3271 pro
3421 3201 3637 3255 veritate
3661 3213 3737 3252 nec

2199 3306 2494 3360 carcerem,
2519 3308 2622 3347 nec
2657 3301 2885 3347 mortem
2910 3292 3201 3348 declinare.

2266 3382 2356 3436 20.
2388 3382 2525 3448 Quid
2572 3381 2761 3451 plura?
2784 3381 2942 3437 Jesus
2985 3380 3233 3437 Christus
3278 3381 3540 3436 Dominus
3570 3387 3738 3440 noster,

2197 3472 2350 3541 cujus
2387 3472 2561 3525 virtus
2592 3486 2689 3526 nec
2712 3480 2924 3527 secreto
2944 3472 3143 3543 juvari,
3176 3487 3276 3526 nec
3310 3471 3525 3541 publico
3568 3474 3739 3540 poterat

2198 3564 2465 3633 impediri,
2497 3564 2688 3619 ductus
2716 3572 2798 3619 est
2834 3565 2887 3617 in
2912 3566 3203 3632 desertum,
3235 3579 3343 3618 non
3370 3563 3610 3628 dttbium,
3634 3560 3736 3629 quin

2196 3672 2227 3712 a
2278 3657 2470 3726 spiritu
2517 3671 2651 3723 suo,
2705 3665 2766 3710 ut
2808 3665 3114 3713 tentaretur
3165 3672 3194 3709 a
3241 3655 3477 3711 diabolo.
3525 3656 3739 3708 Christus

2178 3749 2378 3817 idem,
2430 3748 2631 3805 relictis
2678 3750 2887 3815 turbis,
2940 3748 3184 3803 ascendit
3237 3748 3289 3801 in
3345 3756 3581 3801 montem
3625 3743 3741 3799 solus

2197 3853 2375 3895 orare.
2400 3839 2646 3895 Christus
2673 3839 2726 3894 in
2754 3839 2968 3893 deserto
2998 3837 3185 3892 turbas
3212 3838 3382 3907 pavit,
3410 3852 3510 3892 suo
3533 3832 3741 3901 exemplo

2198 3932 2354 3986 nobis
2409 3938 2669 4002 quantum
2717 3930 2948 3985 solitudo
2998 3930 3188 3998 prosit,
3241 3928 3543 3983 insinuans.
3590 3922 3739 3979 Sancti

2197 4026 2363 4081 etiam
2390 4033 2442 4079 et
2486 4022 2824 4079 venerabiles
2854 4022 3061 4086 Patres,
3105 4021 3325 4086 Paulus,
3364 4020 3644 4083 Antonius,
3671 4013 3743 4067 Ili-

2197 4116 2394 4183 lariou,
2427 4115 2532 4169 duo
2569 4113 2850 4181 Macharii,
2881 4112 3138 4179 Eulalius,
3171 4112 3455 4176 Arscttius,
3496 4109 3739 4178 Evagrius,

2195 4206 2448 4273 Basilius,
2479 4205 2823 4271 Benedictus,
2854 4213 2908 4258 et
2938 4202 3117 4257 caeteri
3148 4202 3303 4256 nobis
3332 4198 3741 4258 innumerabiles,

2197 4307 2456 4369 quantum
2483 4298 2537 4351 in
2574 4295 2864 4351 solitudine
2890 4293 3242 4363 profecerint,
3287 4292 3493 4361 vosipsi
3532 4286 3741 4344 conside-

2196 4400 2333 4444 rate.
2368 4389 2431 4443 Et
2457 4387 2781 4458 probabitis,
2805 4385 3099 4440 suavitates
3125 4383 3572 4453 psalmodiarum,
3597 4378 3743 4435 studia

516 4470 584 4556 ιη’
607 4470 737 4569 ’φηί
772 4504 858 4553 εει
905 4511 1126 4567 campus
1176 4495 1341 4549 divini
1390 4495 1700 4550 cenaminis
1728 4536 1742 4561 ,
1785 4496 2094 4563 angelorum
2129 4479 2174 4535 D
2198 4484 2511 4546 lectionum,
2546 4480 2782 4534 fervores
2825 4479 3148 4537 orationum.
3192 4476 3523 4569 subtilitates
3552 4470 3744 4569 medita-

519 4588 911 4658 spectaeulum,
936 4597 989 4643 et
1010 4588 1257 4656 palaestra
1280 4586 1511 4641 viriliter
1531 4587 1903 4641 dimicantium
1929 4587 2097 4641 lucta-

518 4688 722 4733 torum.
774 4679 831 4737 in
874 4693 977 4749 qua
1011 4678 1177 4733 Adam
1224 4678 1404 4733 tandiu
1454 4676 1634 4732 salvus
1684 4674 1807 4735 fuit,
1858 4677 2095 4746 quandiu

519 4770 666 4825 solus
714 4770 933 4825 mansit.
987 4769 1117 4823 Data
1151 4784 1279 4822 vero
1329 4768 1428 4837 ipsi
1462 4768 1513 4822 in
1553 4766 1812 4820 auxilium
1849 4768 2093 4836 muliere,

516 4875 643 4914 mox
695 4860 907 4914 cecidit.
939 4858 1094 4915 Unde
1125 4867 1313 4928 raptus
1360 4866 1444 4914 est
1482 4857 1702 4912 Henoch
1754 4860 1805 4911 in
1854 4858 2098 4913 solitudi-

517 4965 641 5007 nem
671 4950 928 5019 paradisi,
962 4966 1029 5005 ne
1059 4950 1263 5003 malitia
1302 4950 1613 5002 immutaret
1633 4962 1727 5003 cor
1744 4949 1880 5018 ejus.
1912 4949 1968 5002 lu
1989 4965 2093 5019 qua

517 5043 814 5111 Abraham,
848 5044 973 5099 dum
1025 5043 1171 5097 solus
1216 5042 1429 5096 sederet
1479 5042 1667 5095 subtus
1712 5042 1885 5096 ilicem
1928 5042 2096 5099 Mam-

517 5142 649 5206 brzn,
682 5152 792 5196 tres
845 5141 1001 5208 vidit,
1035 5148 1091 5196 et
1135 5157 1299 5194 unum
1351 5141 1616 5195 adoravit.
1648 5141 1704 5195 ln
1758 5157 1862 5210 qua
1919 5142 2085 5198 Iacob

518 5231 668 5300 dum,
692 5233 987 5301 praemissis
1014 5233 1287 5296 omnibus,
1315 5231 1462 5292 solus
1495 5240 1693 5299 manet,
1725 5233 2095 5290 benedictione

518 5323 677 5381 simul
700 5333 760 5382 et
784 5324 1022 5382 nominis
1051 5323 1352 5381 mutatione
1398 5321 1528 5379 felix
1565 5320 1812 5390 efﬁcitur,
1844 5323 1964 5395 plus
2008 5341 2094 5379 as-

611 5521 704 5594 65)
738 5521 1274 5594 AdiPsalmumyv,
1305 5522 1358 5587 5,
1381 5522 1434 5577 8.

612 5591 702 5663 66)
741 5593 955 5663 Psalmo
981 5607 1115 5663 uti,
1142 5591 1198 5645 5.

614 5661 705 5732 67)
750 5662 915 5718 Exodi
941 5676 1024 5732 lll_,
1052 5661 1106 5715 5;

614 5665 705 5732 67)
750 5665 915 5718 Exodi
941 5676 1024 5723 ut,
1052 5665 1106 5715 5;

590 5665 701 5804 $68)
741 5733 817 5789 lta
846 5732 960 5788 fere
987 5729 1326 5794 Jeremizetx,
1368 5731 1421 5787 2.

2199 4576 2424 4637 tionum,
2456 4586 2713 4629 excessus
2755 4570 3292 4639 contemplationum,
3342 4567 3660 4638 baptismata
3686 4560 3745 4613 ιε.

2197 4683 2529 4740 crymarum,
2562 4667 2734 4737 magis
2782 4665 2927 4720 nulla
2976 4681 3037 4720 re
3084 4679 3245 4733 quam
3292 4662 3585 4717 solitudine
3614 4666 3745 4727 posse

2192 4760 2393 4831 juvari.
2424 4758 2563 4813 Hinc
2602 4766 2707 4824 est,
2752 4756 2894 4825 quod
2932 4755 2998 4809 de
3035 4754 3337 4824 peccatrice
3378 4752 3580 4816 anima,
3609 4758 3746 4816 quant

2196 4851 2346 4921 cupit
2372 4850 2440 4905 ad
2479 4863 2537 4904 se
2564 4848 2822 4905 Dominus
2852 4860 3125 4908 revocare,
3156 4844 3420 4914 propheta
3445 4842 3523 4895 ait
3557 4858 3571 4893 :
3604 4857 3622 4889 ι
3658 4836 3746 4889 Atl-

2196 4948 2389 5003 ducam
2436 4958 2557 5000 eam
2593 4942 2648 4997 in
2697 4940 3040 4998 solitudinem
3065 4978 3080 5003 ,
3112 4946 3166 4993 et
3195 4937 3269 4993 ibi
3321 4935 3521 5005 loquar
3565 4931 3628 4987 ad
3671 4941 3747 4981 cor

2196 5039 2311 5108 ejus
2342 5034 2476 5107 (70).
2519 5053 2539 5086 ι
2588 5032 2666 5088 De
2707 5048 2769 5087 ea
2802 5046 2931 5088 vero
2956 5046 3096 5099 quae,
3128 5027 3311 5083 carnis
3342 5024 3575 5080 vinculis
3617 5020 3746 5073 abso-

2195 5129 2330 5193 luta,
2354 5135 2553 5182 aeterna
2584 5124 2775 5195 gaudia
2802 5123 3004 5176 intrare
3032 5120 3249 5185 meruit,
3280 5117 3335 5171 in
3370 5114 3611 5172 Canticis
3637 5108 3748 5166 dici—

2199 5230 2287 5275 tur
2344 5238 2358 5274 :
2410 5237 2429 5270 ι
2485 5217 2615 5284 Quae
2664 5226 2748 5272 est
2800 5216 2901 5269 ista
2952 5228 3072 5282 quae
3124 5211 3369 5266 ascendit
3424 5210 3492 5265 de
3537 5207 3744 5261 deserto.

2193 5310 2401 5367 deliciis
2425 5308 2667 5374 afﬂuens,
2702 5307 2881 5361 innixa
2905 5320 3070 5375 super
3097 5303 3351 5360 dilectum
3384 5300 3580 5357 suum?
3605 5296 3703 5369 (7|)
3728 5312 3742 5344 ι

2264 5527 2379 5598 (69)
2420 5529 2753 5598 Threnorum
2780 5542 2862 5589 Ill,
2886 5526 2975 5598 ‘27,
3000 5525 3088 5579 28.

2263 5596 2374 5668 (70)
2409 5598 2484 5652 lta
2514 5596 2627 5651 fere
2648 5596 2866 5668 Osce",
2894 5596 2977 5648 1-1.

2262 5663 2378 5741 (7|)
2416 5668 2623 5723 Cantic.
2650 5666 2915 5763 canticor.
2940 5681 3053 5725 vut,
3074 5663 3125 5719 5.
