3860 6326
133 355 206 408 5M

1630 352 1823 407 ACTA.

3246 374 3355 427 502

132 470 236 534 Qua:
272 482 372 521 non
418 466 691 522 invenitur
734 482 830 538 per
868 468 1011 522 vicos
1037 478 1130 522 aut
1173 470 1381 537 plateas
1417 470 1669 535 civitatis,
1703 473 1751 531 Α
1780 471 1891 541 ipse
1920 475 2111 543 plenus
2157 487 2258 555 est,
2293 496 2563 552 nunquam
2611 478 2960 550 excidit,'uos
3001 485 3231 541 libenter
3267 488 3351 559 (ut

130 560 201 612 sed
228 559 273 612 in
296 558 606 613 solitudine.
634 560 820 629 Igitur,
854 558 1048 614 fratres
1073 562 1200 623 mei,
1237 576 1457 614 oremus
1482 560 1672 627 Deum,

132 648 337 702 utuohis
379 647 562 702 iocum
612 648 773 702 talem
811 649 1061 718 dignetur
1103 652 1413 715 ostendere,
1456 651 1508 703 in
1542 665 1672 719 quo,

127 754 225 807 qua
242 737 366 807 jam,
411 754 481 796 eo
519 741 836 811 inspirante,
883 754 1064 797 mente
1092 744 1459 812 concepimus,
1502 743 1675 813 possi-

129 846 224 883 mus
248 844 405 897 opere
434 830 721 900 perﬁcere.

181 921 255 974 2|.
277 921 443 976 Facta
473 924 657 992 itaque
683 925 950 989 oratione,
980 927 1085 981 duo
1116 925 1395 996 Stephani,
1434 927 1674 998 Bnrgcn-

128 1000 185 1067 sis
220 1022 269 1066 et
312 1014 550 1079 Dicnsis,
582 1015 854 1080 canonici,
896 1017 1146 1071 dixerunt
1175 1035 1187 1070 :
1223 1017 1409 1071 Patres
1438 1027 1491 1071 et
1532 1034 1671 1087 pne-

125 1118 336 1177 ceptores
378 1109 740 1173 venerabiles,
769 1125 873 1163 non
904 1109 1059 1179 longe
1086 1125 1114 1162 a
1147 1110 1369 1163 civitate
1405 1110 1671 1176 Valentia,

126 1204 191 1256 cui
217 1202 443 1255 cohaeret
487 1202 880 1257 monasterium
901 1212 1143 1255 nostrum
1173 1200 1361 1255 Sancti
1392 1200 1528 1254 llum
1560 1202 1672 1271 (72)

94 1304 260 1362 'prope
287 1292 486 1347 ﬂuenta
521 1293 791 1359 Rhodani,
826 1293 875 1347 in
907 1293 1206 1348 confinibus
1237 1293 1485 1349 dioecesis
1510 1294 1672 1347 Dien-

124 1386 199 1443 sis,
222 1385 352 1436 unde
393 1382 541 1436 alter
582 1393 825 1437 nostrum
871 1384 1134 1453 eriginem
1168 1385 1338 1447 duxit,
1365 1393 1448 1440 est
1481 1385 1674 1440 civitas

125 1475 205 1525 alia
233 1473 758 1543 Gratianopolitana,
802 1476 880 1530 sic
915 1476 1055 1529 dicta
1104 1476 1187 1531 vel
1235 1477 1359 1545 quia
1397 1478 1496 1531 sub
1545 1477 1674 1530 Gra-

127 1566 243 1617 tiano
268 1563 594 1632 imperatore
625 1566 859 1628 condita,
905 1566 987 1621 vel
1027 1567 1095 1621 ah
1122 1568 1444 1638 etymologia
1494 1570 1675 1622 nomia

126 1655 209 1715 nis,
231 1654 370 1721 quasi
395 1654 670 1723 gratiosa,
703 1655 898 1711 nobilis
935 1665 987 1711 et
1015 1657 1294 1725 populosa.
1326 1658 1388 1712 Et
1422 1659 1473 1712 in
1499 1673 1560 1712 ea
1591 1666 1675 1713 est

126 1746 282 1801 brutus
315 1747 493 1818 litigo,
535 1748 774 1816 ejusdem
816 1750 1051 1804 civitatis
1090 1752 1394 1821 episcopus,
1425 1752 1515 1821 qui
1547 1761 1673 1805 ante

127 1840 187 1888 sui
222 1814 640 1905 assumptionem
668 1841 734 1892 ad
781 1814 1141 1909 episcopalem
1172 1814 1509 1909 dignitatem,
1550 1849 1670 1893 erat
1704 1814 1746 1867 Β

127 1928 378 1982 ιικκοιιὶςιιδ
398 1927 666 1982 Ecclesiae
696 1927 1021 1982 Valcntjanze
1069 1928 1334 1984 oriundus
1372 1929 1438 1984 de
1478 1928 1669 1984 Castro

128 2015 242 2071 Novo
264 2033 422 2087 super
452 2017 653 2073 ﬂumen
688 2018 912 2085 lsaram,
957 2018 1098 2087 quod
1144 2027 1378 2089 quatuor
1411 2018 1673 2074 duntaxat

128 2107 404 2163 milliaribus
447 2124 482 2162 a
512 2110 734 2163 civitate
762 2109 925 2163 distat
954 2106 1097 2179 (73).
1131 2109 1302 2175 Quem
1335 2125 1432 2163 nos
1460 2109 1585 2179 ipsi,
1619 2117 1673 2163 et

128 2196 316 2252 vidimus
366 2208 423 2253 et
479 2198 832 2268 cognovimus
894 2198 1071 2251 virum
1132 2196 1320 2268 otique
1382 2209 1673 2265 sanctum,

127 2287 284 2354 justum
307 2300 359 2344 et
380 2300 600 2344 rectum
629 2305 692 2344 ac
722 2290 998 2344 timentem
1023 2289 1209 2344 Deum.

180 2381 250 2435 2'2.
279 2382 329 2435 Si
358 2382 513 2436 enim
560 2381 809 2435 laudatur
848 2380 1087 2445 castitas,
1119 2382 1240 2450 quis
1269 2379 1358 2434 illo
1388 2379 1674 2434 mundior?

129 2470 173 2525 Si
214 2473 474 2528 sermonis
530 2473 751 2537 veritas,
782 2472 904 2542 quis
950 2472 1003 2526 in
1045 2472 1312 2542 loquendo
1338 2472 1582 2527 cautior?
1616 2472 1674 2527 Si

130 2562 201 2617 Dei
239 2565 502 2631 Charitas,
552 2565 675 2633 quis
730 2562 1058 2618 ferventior?
1114 2563 1171 2618 Si
1223 2564 1501 2634 proximi,
1554 2565 1675 2633 quis

129 2653 398 2724 benignior?
433 2655 495 2712 Si
540 2656 838 2721 humilitas,
882 2656 1004 2724 quis
1030 2655 1319 2726 dejectior?
1351 2655 1406 2711 Si
1442 2656 1675 2711 cleemo-

129 2760 245 2814 syria,
267 2747 383 2815 quis
426 2745 678 2816 largior?
710 2744 765 2801 Si
810 2746 1004 2808 oratio,
1039 2746 1161 2815 quis
1204 2746 1476 2802 devotior?
1508 2746 1562 2801 Si
1597 2747 1675 2801 lae

131 2850 396 2903 ciymarum
445 2836 691 2899 ﬂumina,
740 2838 863 2905 quis
898 2836 949 2889 in
992 2836 1095 2891 illis
1142 2834 1393 2891 effusior?
1445 2837 1499 2891 Si
1548 2853 1677 2891 con-

132 2925 385 2993 templatio,
417 2928 547 2997 quis
590 2926 902 2980 sublimior?
924 2925 978 2980 Si
1006 2926 1306 2989 tolerantia,
1335 2929 1456 2997 quis
1486 2930 1535 2981 in
1576 2930 1673 2985 tri,-

131 3014 360 3071 uulatione
414 3016 645 3071 fortior?
676 3016 731 3070 Si
774 3015 1010 3082 justitia,
1062 3020 1183 3085 quis
1232 3018 1565 3072 districtior?
1617 3019 1673 3073 Si

131 3107 403 3174 pmdcntia,
464 3113 585 3178 quis
639 3107 1125 3175 circumspectior?
1181 3107 1235 3161 Si
1296 3109 1671 3178 temperantia,

132 3198 223 3257 (luis
246 3201 649 3256 moderantior?
696 3199 945 3269 Exceptis
975 3198 1059 3264 iis,
1103 3216 1222 3273 quae
1249 3201 1396 3256 clero
1438 3211 1491 3255 et
1532 3201 1671 3271 plebi

134 3302 205 3356 per
232 3306 343 3347 eum
373 3294 519 3348 bona
549 3293 899 3349 advenerant.
934 3295 1034 3350 llic
1066 3296 1246 3364 itaque
1275 3294 1434 3349 habet
1463 3294 1515 3347 in
1541 3293 1677 3347 dia:-

135 3382 218 3437 ωε
246 3400 333 3443 sua
391 3394 606 3440 montes
661 3385 972 3452 altissimos,
1016 3396 1072 3443 et
1115 3388 1166 3441 in
1210 3386 1288 3441 eis
1318 3386 1529 3441 deserta
1560 3385 1673 3439 loca

135 3484 259 3536 quam
300 3474 536 3544 plurima
569 3476 635 3529 ab
682 3477 827 3531 omni
877 3477 1153 3535 hominum
1202 3477 1432 3532 transitu
1465 3485 1519 3531 et
1549 3492 1678 3531 con-

137 3565 267 3619 sartio
300 3577 576 3636 separata,
604 3567 669 3623 ad
703 3568 841 3622 hanc
879 3569 1249 3638 ptenitentiam
1294 3577 1501 3625 arctam
1548 3584 1671 3640 per-

137 3657 358 3720 agendam
411 3667 696 3728 propterea
742 3659 941 3728 optime
968 3660 1244 3730 disposita.
1274 3659 1516 3729 Cumque
1563 3660 1678 3728 ipse

138 3750 342 3818 exemplo
391 3766 493 3806 suo
523 3761 576 3806 et
626 3751 867 3808 doctrina
898 3751 1144 3807 homines
1185 3752 1250 3806 ad
1302 3752 1675 3822 ptenitentiam

138 3834 290 3893 invitet
325 3849 383 3896 et
425 3840 621 3905 trahat,
656 3841 698 3896 si
730 3840 796 3895 ad
826 3856 948 3896 eum
997 3841 1127 3895 libet
1161 3844 1439 3908 accedere,
1477 3841 1674 3908 locum,

139 3939 266 3993 qnem
311 3931 629 4001 quaerimus,
672 3932 974 4001 poterimus
1021 3931 1088 3986 ab
1120 3947 1185 3987 eo
1232 3932 1465 3989 faciliter
1512 3933 1683 4002 impe-

143 4023 272 4072 trare.
302 4020 432 4077 Pius
460 4022 626 4088 enim,
664 4023 925 4095 benignus
949 4031 1003 4077 et
1029 4023 1336 4078 misericors
1364 4034 1464 4078 est.
1495 4023 1595 4091 Qui
1626 4032 1681 4079 et

142 4105 183 4159 in
207 4110 421 4166 adventu
452 4123 639 4167 nostro
680 4098 932 4184 gaudebit
960 4122 1013 4168 et
1039 4114 1147 4168 voti
1193 4124 1465 4184 compotes
1497 4115 1679 4171 faciet.

142 4192 225 4251 Nos
243 4216 450 4272 quoque
472 4217 568 4257 vos
609 4204 659 4256 in
689 4204 773 4257 via
797 4203 1113 4274 dirigemus,
1149 4218 1311 4275 quam
1339 4213 1393 4259 et
1436 4204 1687 4261 novimus

142 4296 184 4342 et
204 4289 497 4363 frequenter
524 4294 937 4352 ambulavimus.
1694 4316 1713 4363 is

195 4381 430 4442 23.1‘unc
452 4386 628 4457 Hugo,
652 4401 811 4458 quem
840 4385 1291 4459 cognominabant
1313 4386 1676 4456 Capellanum,

144 4486 193 4526 eo
220 4479 346 4546 quod
377 4477 525 4534 solus
553 4479 670 4533 sine
717 4478 979 4534 canonico
1016 4486 1109 4533 aut
1133 4477 1389 4549 pastorali
1420 4479 1679 4532 beueticio
1711 4517 1755 4572 Β

143 4570 405 4625 sacerdotio
446 4569 702 4625 sacellani
746 4570 888 4623 inter
913 4585 1006 4625 eos
1037 4570 1348 4640 fungeretur
1379 4569 1511 4639 (74),
1556 4570 1630 4622 ait
1663 4588 1674 4622 :

145 4655 299 4714 Audivi
326 4671 472 4717 certe
497 4662 649 4732 plura
679 4663 744 4717 de
767 4663 883 4717 viro
913 4663 1038 4726 hoc,
1061 4662 1213 4729 cujus
1244 4664 1384 4715 lania
1409 4660 1520 4729 jam
1558 4662 1678 4716 ubi-

145 4758 225 4811 Qua
263 4750 481 4816 redolet,
513 4751 636 4821 quia
688 4752 770 4804 vir
806 4750 898 4807 Dei
939 4759 993 4803 et
1036 4760 1255 4805 sanctus
1300 4760 1402 4812 est,
1454 4750 1678 4803 salutem

147 4836 407 4895 animarum
432 4841 643 4897 sitiens.
668 4841 770 4908 Qui
792 4849 1099 4912 propterea,
1129 4840 1252 4910 quia
1285 4839 1545 4908 charitas,
1575 4855 1678 4909 qua

200 4994 290 5063 (η)
332 4996 403 5052 De
452 4998 556 5053 hoc
600 4997 930 5053 monasterio
977 4993 1178 5051 videsis
1226 4995 1677 5050 commentarium

148 5069 363 5129 pervium
390 5084 541 5121 num.
573 5068 699 5122 456.

200 5134 291 5205 (73)
332 5138 401 5190 De
426 5148 613 5192 sancto
641 5141 738 5192 hoc
786 5137 1047 5200 antistite,
1094 5137 1160 5191 de
1206 5151 1316 5205 quo
1365 5137 1432 5190 ad
1470 5136 1612 5188 diem
1655 5136 1670 5188 l

148 5202 322 5276 Aprilis,
348 5223 457 5276 quo
483 5207 696 5269 colitur,
728 5217 904 5259 actum
929 5206 1065 5273 apud
1103 5202 1325 5275 nosjant
1349 5214 1451 5267 est,
1484 5207 1683 5259 videsis

149 5273 299 5396 (Ἤδη,
326 5273 446 5346 qua:
469 5276 605 5333 Vita:
634 5278 863 5347 pneccd.
907 5278 1145 5330 subnexa
1192 5273 1355 5343 sunt,
1410 5277 1682 5330 Adnotata

151 5355 173 5392 a
230 5354 280 5396 ιι.
304 5360 354 5396 α.

151 5346 198 5394 ad
215 5346 280 5397 lit.
304 5360 354 5401 tt.

204 5360 526 5487 (lilifduigo,
552 5417 618 5473 de
659 5416 719 5471 S.
750 5417 1001 5472 Brunone
1026 5416 1248 5487 ejusque
1278 5416 1469 5478 sociis,
1514 5416 1581 5471 ad
1612 5414 1674 5471 S.

154 5479 410 5559 illi—gonem,
439 5479 1021 5559 C‘ratianopolitanum
1041 5479 1373 5559 episcopum,
1415 5489 1679 5559 acceden-

157 5554 285 5627 tibus,
325 5559 386 5627 in
432 5554 631 5627 scripta
681 5554 725 5611 θ’
756 5572 816 5612 se
854 5556 1031 5627 sancti,
1075 5554 1238 5624 hujus
1267 5558 1526 5611 antistitis
1556 5557 1676 5627 Vita

158 5626 283 5678 verba
318 5626 739 5692 faciens,'solum
770 5642 837 5681 ex
865 5626 969 5697 illis
992 5626 1288 5697 Hugonem,
1322 5627 1412 5694 qui
1449 5626 1675 5697 capella—

160 5707 234 5767 uti:
268 5697 553 5762 dicebatur,
580 5697 881 5753 sacerdotio
917 5694 1161 5753 functum
1203 5694 1371 5750 fuisse
1397 5734 1411 5759 ,
1471 5696 1672 5757 tradit;

161 5763 278 5817 illqu
338 5780 505 5823 autem
568 5768 836 5823 Puteanus
884 5768 958 5822 ita
1007 5768 1095 5823 hic
1146 5767 1565 5840 interpretatur,
1620 5775 1677 5819 ut

1778 566 1960 637 spero)
1989 568 2236 637 accipiet.
2267 572 2331 625 Et
2359 588 2663 644 quanquam
2702 591 2799 646 ego
2819 575 2930 643 jam
2959 593 3119 632 senex
3146 595 3262 632 smn
3296 591 3351 634 et

1778 655 1989 723 debilis,
2016 668 2071 713 et
2100 660 2183 714 via
2210 661 2322 717 hazc
2352 675 2497 718 arcta
2528 676 2629 733 est,
2667 674 2721 720 et
2748 666 2995 732 dillicilis,
3022 670 3144 738 quia
3169 679 3357 724 tamen

1780 763 1801 798 ι
1845 758 1994 803 arcta
2045 751 2128 805 via
2164 752 2313 808 ducit
2357 756 2423 810 ad
2467 758 2655 825 vitam,
2685 757 2789 814 lata
2829 774 2956 814 vero
2982 761 3046 813 ad
3089 761 3348 829 perditio-

1777 853 1921 903 nem,
1962 859 1980 893 ο
2020 857 2140 895 cum
2198 845 2340 899 nulla
2373 847 2444 901 sit
2489 859 2622 904 aetas
2666 850 2732 904 ad
2782 851 3153 919 paenitentiam
3205 869 3348 917 sera,

1776 930 1986 986 dicente
2033 932 2260 991 Domino
2313 955 2326 991 :
2392 956 2410 988 ε
2468 938 2796 1009 Quacunqne
2850 941 2982 994 hora
3031 942 3367 1011 ingemuerit

1775 1030 2065 1089 peccator,
2135 1040 2241 1079 non
2321 1028 2648 1083 recordahor
2708 1030 2935 1099 amplius
3008 1030 3359 1099 iniquitatum

1775 1110 1892 1179 ejus
1919 1112 2052 1181 (75').
2095 1134 2112 1165 ι
2147 1114 2247 1181 Qui
2273 1125 2327 1170 et
2353 1118 2501 1172 reddi
2535 1117 2698 1189 jussit
2728 1120 2950 1187 singulis
2982 1120 3034 1175 in
3065 1122 3219 1175 vinea
3251 1137 3359 1175 sua

1775 1204 2144 1260 laborantibus
2174 1209 2429 1265 denarios
2469 1211 2726 1281 singulos,
2771 1212 3075 1268 novissimis
3120 1213 3257 1267 sicut
3294 1223 3367 1265 et»

1777 1297 1997 1365 primis;
2029 1299 2071 1352 si
2107 1299 2458 1356 decreveritis
2482 1302 2617 1357 illuc-
2643 1306 2921 1369 accedere,
2952 1313 3005 1359 et
3035 1304 3175 1359 hanc
3207 1304 3348 1356 vian-

1778 1386 2016 1456 aggredi,
2045 1397 2099 1441 et
2128 1403 2226 1457 ego
2269 1404 2485 1459 sequar,
2514 1401 2567 1445 et
2616 1407 2936 1462 quocunque
2980 1392 3351 1460 perrexeritis,

1776 1490 2015 1545 pergant.
2044 1476 2107 1529 Et
2130 1493 2463 1549 quaecunque
2490 1495 2585 1534 vos
2610 1490 2749 1535 terra
2790 1482 3069 1550 receperit,
3097 1495 3182 1535 me
3213 1481 3355 1535 reci-

1774 1567 1906 1635 piet,
1938 1567 2120 1636 ibique
2152 1568 2326 1623 locum
2371 1571 2577 1640 capiam
2608 1572 2914 1641 sepulturze,
2946 1572 3165 1641 solaque
3205 1587 3367 1625 mors.

1774 1671 1872 1709 nos
1898 1656 1965 1709 ah
1992 1656 2217 1710 invicem
2243 1673 2365 1727 scpa
2377 1658 2533 1714 rabit.

1846 1744 1933 1797 24.
1965 1744 2089 1800 llaec
2118 1747 2397 1802 audientes
2432 1748 2620 1818 rcliqtti
2653 1749 2778 1816 duo,
2806 1750 3048 1804 Andreas
3073 1750 3277 1804 scilicet
3295 1759 3367 1806 eb

1772 1834 2066 1900 Guarinus,
2109 1839 2310 1906 pariter
2338 1840 2606 1893 dixerunt.
2653 1840 2762 1895 Nos
2804 1857 3016 1911 semper
3046 1843 3369 1896 audivimus.

1770 1935 1823 1982 et
1851 1942 1917 1981 ex
1958 1926 2143 1980 auditu
2173 1928 2440 1983 credimus
2480 1928 2901 2000 quiabenignus
2931 1940 3012 1985 est
3041 1938 3096 1985 et
3134 1931 3347 1985 miseri-

1773 2032 1894 2072 cors
1917 2018 2057 2072 Deus
2086 2026 2141 2072 et
2166 2018 2488 2087 praestabilis
2510 2035 2673 2089 super
2699 2020 2925 2086 malitia,
2952 2022 3042 2091 qui
3081 2022 3367 2075 nemiuem:

1771 2110 1887 2163 vult
1935 2110 2130 2179 perire,
2163 2109 2257 2165 sed
2305 2126 2494 2167 omnes
2528 2112 2707 2180 potius
2753 2112 2928 2167 salvos
2959 2113 3158 2178 facere,
3188 2122 3244 2168 et
3282 2114 3350 2167 ad

1773 2201 2098 2272 agnitionem
2149 2202 2393 2256 veritatis
2445 2203 2653 2265 venire,
2703 2203 2840 2271 apud
2893 2219 3052 2272 quem
3108 2220 3213 2259 non
3271 2215 3368 2258 cst.

1772 2307 2124 2362 personarum
2159 2292 2423 2361 acceptio,
2458 2293 2549 2346 sed
2579 2293 2631 2346 in
2656 2293 2799 2347 omni
2830 2303 3005 2362 gente,
3040 2294 3129 2362 qui
3164 2294 3363 2349 fecerit.

1773 2383 2105 2438 voluntatem
2136 2382 2272 2452 ejus,
2305 2391 2559 2456 acceptus
2584 2392 2667 2438 est
2697 2383 2791 2437 illi.
2827 2383 2890 2437 Et
2918 2398 3222 2453 quanquam
3256 2400 3355 2438 nos

1776 2471 1935 2526 ambo
1973 2470 2182 2527 litteras
2227 2472 2558 2543 ignoramus,
2588 2471 3081 2531 Christumtamen
3114 2484 3169 2529 et
3208 2476 3364 2529 hunc.

1775 2559 2112 2624 crucifixum,
2145 2559 2249 2614 fide
2294 2562 2562 2627 novimus,
2587 2564 2842 2634 sinequo
2883 2579 3054 2620 omne.
3085 2565 3225 2620 scire
3259 2580 3355 2619 ne-

1774 2650 1915 2706 scire
1940 2659 2042 2705 est.
2068 2649 2134 2707 Et
2165 2650 2423 2720 quidquid
2458 2652 2697 2708 Ecclesia
2740 2654 2935 2720 credit,
2970 2655 3195 2710 firmiter
3232 2671 3366 2711 cre~

1775 2739 1972 2804 dimus,
2018 2749 2071 2795 et
2097 2741 2419 2811 simpliciter
2453 2744 2798 2809 confitemur,
2828 2754 3110 2816 sperantes
3157 2747 3208 2801 in
3253 2748 3365 2800 hae

1779 2832 1882 2887 fide
1933 2832 2151 2899 salvari,
2192 2841 2253 2887 et
2296 2835 2669 2891 remissionem
2718 2847 3063 2908 peccatorum
3110 2838 3367 2908 accipere.

1776 2939 1873 2996 per
1914 2927 2137 2981 verbum
2187 2924 2335 2993 ejus:
2374 2926 2644 2984 Vellemus
2675 2938 2851 2984 tamen
2886 2930 3183 2994 informari,
3231 2946 3361 2984 cunt

1780 3016 2038 3071 Dominus
2068 3033 2162 3085 per
2190 3017 2471 3087 plusquam
2503 3020 2817 3089 prophetam
2846 3035 3001 3077 suum
3030 3037 3127 3075 nos
3166 3023 3363 3075 adn:o-.

1779 3114 1928 3169 neat,
1953 3115 2010 3159 ut
2041 3105 2304 3162 faciamus
2341 3108 2531 3179 dignos
2561 3109 2892 3178 poenitentize
2918 3111 3141 3174 fructus,
3169 3112 3358 3180 quales

1780 3199 1888 3252 sint
1920 3199 2005 3253 isti
2038 3199 2181 3270 digni
2217 3198 2444 3255 fructus.
2474 3200 2679 3267 Quibus
2708 3201 2895 3257 beatus
2928 3201 3106 3255 Bruno
3138 3218 3363 3271 respons

1779 3289 1933 3352 dens,
1965 3288 2303 3357 paenitentia,
2330 3288 2649 3358 inquit,.est
2674 3290 2860 3354 arbor,
2889 3305 3049 3358 quam
3092 3291 3143 3344 in
3179 3293 3360 3344 medio

1778 3378 2036 3434 Ecclesia:
2064 3394 2175 3433 sua:
2196 3379 2455 3448 plantavit
2478 3379 2712 3435 caelestis
2736 3380 2988 3449 agricola.
3013 3380 3176 3451 Ci-jus
3203 3381 3355 3434 radix

1779 3480 1862 3524 est
1906 3469 2167 3523 contritio
2213 3470 2415 3535 cordis,
2443 3470 2576 3525 rami
2611 3478 2739 3525 sunt
2778 3485 2938 3539 Opera
2987 3471 3146 3535 bona,
3202 3471 3354 3533 folia,

1777 3563 2048 3620 confessio
2073 3562 2298 3632 integra,
2343 3564 2549 3619 fructus
2580 3577 2727 3629 vero,
2755 3563 3140 3619 Satisfactionis
3176 3579 3353 3634 pinna.

1849 3656 1938 3713 25.
1966 3655 2119 3712 Unde
2151 3657 2239 3712 ille
2283 3655 2414 3709 facit
2458 3654 2855 3724 pmnitentiam,
2885 3655 2976 3708 sed
3019 3670 3122 3709 non
3169 3654 3359 3724 dignos

1779 3745 2008 3812 fructus,
2042 3748 2132 3815 qui
2183 3756 2391 3801 tantum
2425 3745 2570 3800 dolet
2613 3746 2678 3801 de
2726 3745 3047 3799 commissis.
3096 3742 3186 3798 lllc
3230 3758 3361 3801 vero

1780 3840 1892 3910 agit
1921 3838 2292 3909 pmnitentiam
2323 3845 2376 3891 et
2408 3835 2635 3901 fructus,
2665 3838 2757 3889 sed
2783 3852 2884 3889 non
2914 3835 3102 3905 dignos
3129 3833 3354 3897 fructus,

1780 3931 1955 4000 quiet
2000 3929 2167 3993 dolet,
2203 3937 2258 3983 et
2294 3929 2347 3982 in
2398 3935 2551 3997 parte
2595 3924 2881 3980 satisfacit.
2934 3926 3039 3980 Sed
3094 3924 3181 3979 ille
3230 3922 3360 3978 facit

1780 4019 1972 4090 dignos
2003 4017 2230 4085 fructus,
2253 4018 2343 4087 qui
2377 4017 2428 4071 in
2461 4015 2645 4070 dolore
2676 4015 2853 4068 cordis
2880 4014 3357 4083 tautumaﬂligitur

1779 4127 1878 4183 per
1906 4126 2148 4183 poanam,
2196 4118 2459 4182 quantum
2488 4106 2713 4177 deliquit
2756 4120 2853 4174 per
2882 4104 3114 4174 culpam,
3167 4120 3359 4157 secun-

1780 4202 1907 4257 dum
1954 4201 2084 4256 illud
2123 4198 2479 4272 Apocalypsis
2512 4215 2527 4252 :
2568 4215 2587 4249 ι
2635 4195 2901 4263 Quantum
2932 4210 2988 4249 se
3016 4191 3352 4265 glorificavit,

1780 4303 1836 4348 et
1879 4292 1932 4347 in
1979 4292 2187 4347 deliciis
2231 4292 2352 4357 fuit,
2409 4296 2618 4344 tantum
2667 4286 2791 4341 date
2839 4282 2889 4337 ei
2944 4290 3265 4337 tormentum
3303 4291 3359 4334 et

1780 4381 1981 4436 luctum
2012 4380 2144 4452 (76).
2181 4400 2199 4434 ι
2231 4381 2299 4435 Ει
2330 4382 2382 4434 in
2415 4375 2833 4434 Deuteronomio
2866 4390 2880 4427 :
2912 4392 2929 4425 ι
2964 4373 3069 4431 Pro
3107 4386 3358 4428 mensura

1780 4472 1986 4541 peccati
2006 4472 2109 4525 erit
2131 4481 2186 4525 et
2206 4470 2482 4542 plagarum
2508 4466 2696 4522 modus
2726 4465 2859 4536 (77).
2890 4483 2909 4516 ι
2944 4462 3097 4519 Unde
3128 4476 3233 4516 non
3263 4476 3355 4514 so-

1787 4563 1894 4616 lum
1943 4562 2148 4615 fructus
2198 4559 2550 4631 pmnitentize,
2578 4556 2669 4612 sed
2701 4555 2864 4610 etiam
2912 4555 3103 4625 dignos
3148 4550 3357 4605 fructus

1785 4651 2115 4724 paenitentia:
2138 4652 2387 4705 admonet
2408 4663 2529 4703 esse
2551 4647 2843 4701 faciendos.
2867 4644 3000 4699 Nam
3024 4646 3125 4699 hoc
3145 4641 3357 4715 jnstitia

1784 4746 1973 4814 exigit,
2001 4744 2076 4797 ait
2118 4742 2432 4810 Gregorius,
2464 4749 2551 4805 ut,
2582 4739 2625 4793 si
2670 4739 2791 4807 quis
2835 4738 2888 4793 in
2919 4737 3129 4806 culpam
3174 4736 3356 4803 lapsus

1784 4847 1886 4901 cst,
1919 4845 2197 4905 tantopere
2229 4851 2256 4887 a
2289 4849 2347 4887 se
2378 4832 2570 4886 debeat
2608 4830 2748 4884 licita
2782 4829 3119 4891 abscindere,
3152 4836 3369 4897 quanto.

1787 4995 2147 5069 signiﬁcatum
2180 4995 2438 5048 duntaxat
2477 4991 2756 5069 volitet-ir,
2807 4989 3085 5069 llugouem
3116 4997 3242 5069 tunc
3269 5004 3366 5042 sou

1790 5059 1899 5122 inin
1934 5066 2227 5128 exstitisse,
2273 5081 2376 5118 non
2400 5063 2614 5132 quidem
2647 5063 2737 5129 qui
2765 5059 3069 5115 sacerdotio
3116 5059 3359 5132 initiatus

1788 5148 1952 5201 esset,
1982 5136 2075 5190 sed
2113 5136 2202 5204 qui
2227 5128 2785 5204 prtetcr'eaudigniuite
2809 5146 2920 5204 _seu
2963 5128 3207 5204 canonici
3262 5143 3356 5177 seu

1791 5198 2026 5278 pastoris
2056 5198 2692 5278 auctusfore_t?_Ver_unr
2734 5199 3035 5278 hujusmodi
3088 5198 3354 5278 interpre-

1795 5269 2048 5332 iationem
2122 5275 2302 5329 verbis
2365 5272 2624 5342 Guigonis
2676 5270 2822 5342 (vide
2880 5269 2993 5322 lucc
3060 5273 3352 5318 comment.

1791 5347 1973 5417 przevii
1998 5362 2146 5417 num.
2173 5340 2512 5417 Millparum
2555 5340 2842 5395 admodum
2887 5351 3005 5391 esse
3051 5348 3353 5387 accommo.

1782 5413 2085 5487 (iamquis
2115 5413 2467 5487 non‘videal?
2517 5480 2571 5487 Α,
2636 5478 2701 5487 Δ,
2789 5476 2841 5487 ,,.
2984 5476 2996 5487 .
3093 5474 3103 5485 υ
3319 5473 3330 5484 ε

1854 5476 2305 5554 (75)Ἐῑθριιίθιὶ5
2336 5498 2485 5545 xvnt,
2506 5480 2605 5554 εξ,
2633 5478 2704 5554 22
2735 5495 2746 5529 :
2782 5476 2932 5554 85....
2978 5476 3167 5542 impius
3195 5476 3353 5539 egerit

1782 5551 2200 5625 pmniléntiam,..
2248 5554 2477 5607 omnium
2500 5551 2829 5618 iniquitatum
2855 5551 3033 5613 ejus...
3061 5562 3159 5599 nou
3188 5560 3371 5596 rvi-oi"

1780 5626 1965 5678 dabor.

1853 5694 1967 5762 (76)
2007 5693 2407 5761 Apocalypseos
2437 5705 2601 5762 xvm,
2623 5688 2674 5738 '7.

1856 5759 1967 5835 (77)
2012 5759 2391 5817 Dcutct'ononi.
2429 5774 2552 5822 xxv,
2578 5759 2631 5811 τξ,
