3860 6326
524 337 633 391 303

1304 331 1359 387 S.
1394 327 1739 386 BRUNONIS
1779 326 2421 384 CARTHUSIANORUM
2468 326 2955 385 INSTITUTORIS
3657 340 3739 397 5M

524 470 584 510 se
612 450 824 507 noverit
868 450 1051 504 illicita
1084 458 1445 518 perpetrasse.
1478 446 1591 502 Non
1622 447 1784 517 igitur
1822 446 1962 500 ultra
2008 458 2096 499 ne-
2126 447 2178 506 Α
2206 443 2332 497 xisti
2356 444 2422 497 de
2451 451 2593 497 terra
2621 442 2862 515 Egypti,
2890 444 2981 514 qui
3007 460 3133 500 vere
3160 446 3544 515 paenitentibus
3563 455 3739 511 veniam

523 543 812 614 gligamus,
841 540 1039 595 fratres
1069 541 1171 594 mei
1214 539 1569 603 dilectissimi,
1601 538 1931 609 poenitentia:
1971 544 2105 591 tem-

522 648 646 701 pus,
675 646 775 686 nec
799 631 937 685 ultra
970 632 1035 686 de
1059 631 1144 686 die
1174 630 1227 686 in
1262 630 1402 685 diem
1430 628 1762 685 differamus.
1794 629 1952 695 Quia,
1998 644 2107 698 qua

522 726 656 779 hora
696 723 957 778 Dominus
1007 732 1266 778 venturus
1312 732 1416 789 est,
1470 722 1800 791 ignoramus,
1849 734 1904 777 et
1949 737 2108 777 nemo

522 824 771 875 nostrum
798 815 927 881 scit,
954 824 1133 869 utrum
1165 829 1371 881 amore,
1399 830 1464 868 an
1495 814 1617 867 odio
1643 814 1835 885 dignus
1863 815 1955 870 sit.
1988 812 2107 868 Jam

522 908 732 962 securis
778 907 844 960 ad
902 906 1135 962 radicem
1187 906 1401 961 arboris
1448 906 1621 976 posita
1654 915 1757 961 est.
1815 905 1933 962 Jam
1980 906 2107 971 iste,

522 1012 684 1068 quem
728 998 1001 1053 viventem
1051 997 1417 1067 cognovimus,
1466 1005 1525 1049 ut
1574 1012 1639 1051 ex
1686 998 1803 1066 ejus
1854 1011 1947 1052 ore
1992 996 2108 1065 jam

520 1087 841 1159 frequentes
894 1090 1215 1155 audivimus,
1259 1089 1409 1160 justo
1450 1089 1545 1144 Dei
1586 1089 1793 1158 judicio
1821 1091 2108 1148 damnatus

521 1193 608 1242 est
631 1194 684 1239 et
706 1185 925 1241 :eternis
945 1185 1274 1240 cruciatibus
1304 1185 1484 1240 datus.
1826 1174 1829 1175 ⁷

593 1277 685 1331 26.
710 1277 847 1343 Quid
880 1278 1046 1349 igitur
1065 1276 1326 1332 faciemus
1356 1292 1453 1333 nos
1476 1284 1791 1346 peccatores
1816 1286 1868 1331 et
1897 1276 2102 1341 miseri,

523 1369 613 1439 qui
639 1384 704 1424 ex
732 1370 1008 1439 Operibus,
1034 1385 1153 1439 quae
1181 1370 1430 1436 fecimus,
1458 1369 1740 1437 justificari
1779 1384 1885 1423 non
1918 1383 2109 1437 possu-

522 1461 683 1518 mus?
705 1460 955 1529 Nunquid
981 1475 1330 1527 personarum
1350 1468 1603 1529 acceptor
1627 1468 1711 1514 est
1738 1459 1911 1513 Deus?
1930 1458 2103 1513 Absit.

520 1553 637 1610 Non
663 1562 747 1608 est
775 1554 920 1608 enim
952 1553 1093 1623 apud
1137 1555 1306 1609 Deum
1340 1554 1739 1617 transmutatio,
1766 1560 1860 1606 aut
1897 1551 2109 1607 vicissi-

520 1647 722 1704 tudinis
752 1646 1117 1711 obumbratio,
1160 1646 1251 1699 sed
1296 1645 1494 1716 quibus
1532 1645 1665 1711 vult,
1711 1645 2018 1708 miseretur,
2053 1651 2110 1697 et

519 1750 657 1803 quos
689 1735 823 1799 vult,
878 1736 1113 1789 indurat.
1153 1734 1312 1802 Quid,
1355 1735 1592 1803 inquam,
1628 1734 1774 1789 aliud
1820 1734 2101 1798 faciemus,

518 1827 622 1881 nisi
652 1838 703 1880 ut
739 1825 1007 1896 fugiamus
1030 1841 1060 1877 a
1084 1834 1311 1879 ventura
1345 1826 1462 1879 ira?
1486 1824 1643 1880 Dedit
1667 1825 1809 1879 enim
1844 1825 2103 1879 Dominus

515 1918 893 1973 metuentibus
920 1932 979 1973 se
1029 1918 1504 1986 significationem,
1555 1927 1614 1970 ut
1661 1916 1868 1987 fugiant
1900 1932 1929 1970 a
1967 1916 2104 1971 facie

519 2024 700 2063 arcus.
752 2007 891 2062 Hinc
944 2017 996 2063 et
1048 2009 1309 2077 propheta
1359 2009 1481 2062 ait:
1518 2027 1536 2059 ι
1584 2007 1772 2078 Fugite
1816 2008 1882 2062 de
1928 2007 2106 2062 medio

516 2099 835 2170 Babylonis,
851 2107 909 2152 ιιι
927 2098 1099 2153 salvet
1120 2099 1486 2168 unusquisque
1507 2099 1741 2151 animam
1758 2113 1908 2153 suam
1923 2098 2058 2169 (78);
2079 2116 2101 2149 ι

519 2201 574 2247 ct
624 2191 870 2247 iterum:
903 2210 923 2243 ‹
959 2190 1216 2247 Recedite
1263 2192 1333 2244 de
1378 2190 1556 2245 medio
1585 2188 1894 2261 Babylonis,
1939 2198 1994 2242 et
2039 2188 2108 2243 de

520 2294 668 2341 terra
696 2283 1073 2339 Chaldazornm
1114 2281 1456 2351 egredimini,
1490 2290 1546 2337 et
1570 2290 1743 2335 estote
1781 2279 1934 2349 quasi
1963 2277 2103 2333 haedi

520 2388 647 2431 ante
691 2391 909 2446 gregem
963 2375 1097 2445 (79).
1137 2396 1154 2428 ι
1191 2376 1254 2428 Ει
1305 2375 1502 2429 iterum
1534 2388 1548 2427 :
1580 2392 1599 2424 ‹
1640 2373 1855 2443 Fugite,
1902 2371 2107 2427 salvate

522 2469 754 2535 animas,
778 2476 835 2529 et
859 2467 1012 2522 eritis
1032 2465 1186 2536 quasi
1212 2466 1412 2519 miriea:
1446 2465 1498 2518 in
1527 2465 1742 2520 deserto
1766 2462 1900 2536 (80).
1930 2482 1949 2516 ι
1976 2463 2107 2518 Item

520 2561 661 2617 alius
710 2560 1019 2630 propheta:
1055 2579 1072 2610 ι
1129 2557 1240 2614 Oh!
1310 2559 1406 2613 oh!
1474 2559 1575 2612 oh!
1627 2556 1792 2629 fugite
1846 2558 1912 2611 de
1960 2564 2106 2611 terra

519 2651 813 2721 aquilonis,
857 2651 1112 2719 quoniam
1148 2651 1199 2704 in
1234 2659 1465 2720 quatuor
1494 2658 1684 2704 ventos
1723 2648 1846 2704 cteli
1877 2648 2107 2717 dispersi

517 2757 616 2797 vos
647 2742 783 2812 (81).
816 2760 836 2794 ι
865 2741 931 2809 Et
978 2744 1168 2800 beatus
1193 2740 1294 2796 Joh
1327 2757 1340 2793 τ
1372 2759 1393 2793 ο
1432 2740 1641 2812 Fugite,
1684 2740 1879 2810 inquit,
1911 2755 1941 2793 a
1972 2739 2110 2793 facie

520 2834 705 2906 gladii,
749 2835 1004 2905 quoniam
1054 2833 1401 2904 iniqttitatum
1443 2833 1653 2905 gladius
1696 2841 1800 2897 est,
1833 2842 1888 2886 et
1914 2831 2110 2889 scitote

517 2942 638 2982 esse
656 2925 922 2996 judicium
950 2926 1086 2998 (82).
1122 2945 1141 2977 ι
1171 2926 1237 2981 Et
1272 2940 1466 2996 sponsa
1499 2925 1554 2980 in
1583 2923 1824 2979 Canticis
1848 2923 1914 2977 ad
1942 2936 2106 2993 spon-

520 3034 641 3075 sum
672 3035 687 3071 :
724 3035 744 3069 ‹
798 3017 964 3087 Fuge,
1019 3016 1211 3072 dilecte
1257 3018 1369 3081 mi,
1420 3025 1474 3071 et
1522 3015 1828 3071 assimilare
1876 3028 2106 3083 caprea},

518 3106 857 3177 hinnuloque
872 3118 1580 3177 cervorum,supermontes
1604 3114 1907 3161 aromatum
1931 3105 2061 3178 (83).
2083 3125 2102 3158 ι

521 3194 681 3263 Quid,
734 3199 977 3267 inquam,
1030 3197 1173 3252 aliud
1208 3200 1497 3253 hortantur
1543 3213 1733 3253 omnes
1763 3198 1873 3263 isti,
1907 3198 2008 3253 nisi
2051 3207 2111 3252 ut

521 3288 784 3342 nmndum
832 3289 994 3343 istum
1044 3290 1442 3345 contemnendo
1488 3289 1791 3360 fugiamus,
1834 3288 1924 3358 qui
1968 3297 2115 3355 recte

523 3396 621 3449 per
651 3381 982 3453 Babylonem
1014 3390 1069 3438 et
1116 3382 1423 3451 aquilonem
1459 3382 1795 3453 designatur.
1828 3381 1964 3435 Nam
2010 3380 2114 3435 Ba-

526 3475 687 3545 bylon
716 3477 1110 3546 interpretatur
1145 3474 1423 3541 confusio;
1450 3475 1518 3530 ab
1548 3474 1801 3546 aquilone
1828 3488 1957 3529 vero
1983 3488 2117 3545 pan-

528 3570 687 3625 detur
705 3583 868 3624 omne
889 3568 1114 3624 malum.

598 3679 690 3734 27.
729 3678 1023 3752 Fugiamus
1057 3679 1240 3749 igitur,
1270 3681 1394 3750 quia
1436 3695 1559 3735 cum
1590 3695 1694 3735 non
1722 3680 1912 3736 melius
1952 3695 2115 3750 quam

531 3772 789 3845 fugiendo
836 3788 1177 3854 superamus.
1223 3772 1537 3843 Fugiamus,
1569 3773 1811 3842 inquam,
1842 3787 1946 3827 non
1976 3772 2119 3828 sicut

533 3868 721 3929 Jonas,
758 3878 789 3917 a
817 3860 955 3917 facie
982 3862 1219 3926 Domini,
1245 3863 1337 3916 sed
1365 3864 1429 3916 ad
1458 3864 1631 3931 ipsum
1667 3861 1974 3926 Dominum,
2001 3859 2123 3914 ubi-

533 3970 639 4023 que
666 3962 1008 4023 prtesentem,
1043 3951 1321 4008 humiliter
1352 3952 1727 4021 deprecantes,
1754 3960 1814 4005 ut
1842 3966 1938 4020 per
1963 3965 2117 4005 suam

533 4043 960 4103 misericordiam
992 4050 1207 4096 avertat
1235 4057 1265 4096 a
1297 4042 1453 4098 nobis
1492 4041 1913 4111 indignationem
1942 4056 2116 4106 suam,

533 4150 696 4206 quam
722 4133 871 4204 juste
907 4132 1225 4196 meruimus,
1259 4146 1327 4187 ne
1353 4140 1407 4187 et
1442 4148 1541 4187 nos
1569 4147 1757 4187 omnes
1778 4148 1899 4187 cum
1928 4133 2032 4187 isto
2065 4140 2121 4187 et

533 4225 747 4281 caneris
796 4224 977 4295 impiis
1026 4223 1232 4295 pariter
1274 4237 1560 4295 pereamus
1608 4222 1900 4295 (8.1).llaec
1934 4224 2120 4278 dicens

535 4329 645 4372 tam
692 4318 831 4387 ipse,
858 4331 1021 4385 quam
1053 4316 1145 4386 qni
1177 4317 1403 4371 aderant
1430 4316 1633 4381 caeteri,
1663 4316 1933 4387 lacrymas
1978 4316 2119 4371 ultra

533 4412 814 4465 continere
862 4426 967 4466 non
1014 4409 1279 4475 valentes,
1329 4408 1592 4465 ﬂeverunt
1645 4410 1869 4479 pariter,
1901 4418 1954 4464 et
1995 4424 2119 4479 pro-

2206 534 2526 605 promisisti,
2572 535 2801 589 extende
2848 550 3011 605 super
3052 551 3172 599 nos,
3200 551 3524 606 quaesumus,
3566 543 3739 600 miseri-

2208 627 2451 683 cordiam
2484 635 2652 691 tuam,
2678 634 2731 681 et
2756 628 2971 683 mittere
2998 628 3235 699 digneris
3264 640 3502 687 sanctum
3533 638 3743 706 angelum

2208 727 2358 773 tuum
2383 717 2452 773 de
2500 718 2674 782 caelis,
2702 719 2794 789 qui
2842 720 3032 774 doceat
3064 736 3185 785 nos,
3231 722 3359 792 quid
3407 740 3558 795 agere
3582 727 3744 783 debes.

2207 825 2348 876 mus,
2395 821 2449 867 et
2495 812 2694 883 dirigat
2741 828 2840 866 nos
2885 813 2940 868 in
2995 814 3078 868 via
3121 815 3371 885 justitia,
3398 826 3452 872 et
3498 820 3546 874 in
3575 825 3747 879 semitis

2208 901 2585 956 mandatorum
2637 912 2892 968 tuorum,
2953 912 3010 958 et
3059 904 3274 972 locum,
3328 923 3484 977 quem
3529 910 3743 981 elegeris,

2209 994 2363 1049 nobis
2415 995 2695 1061 ostendat;
2750 995 2803 1050 in
2851 1011 2959 1065 quo
2992 997 3086 1051 tibi
3130 999 3292 1069 digne
3343 1002 3560 1066 servire,
3596 1008 3745 1060 mundi

2210 1084 2368 1153 hujus
2397 1086 2638 1157 pericula
2666 1086 2921 1154 evadere,
2943 1096 2998 1142 et
3018 1088 3211 1161 dignos
3237 1090 3560 1162 paenitentia:
3579 1091 3747 1149 fructus

2206 1177 2391 1233 facere
2415 1177 2713 1234 valeamus.

2278 1269 2367 1324 28.
2392 1269 2627 1325 Defende
2665 1285 2784 1337 nos,
2813 1271 3064 1339 Domine,
3091 1272 3159 1328 ab
3203 1273 3418 1331 insidiis
3449 1275 3743 1331 inimicorum
3768 1298 3777 1311 ο

2210 1367 2547 1422 nostrorum,
2571 1359 2660 1429 qui
2693 1359 2955 1415 festinant
2994 1372 3190 1418 cuncta
3220 1366 3468 1435 perdere,
3495 1374 3657 1420 etnon
3684 1366 3746 1419 in-

2208 1459 2320 1506 tres
2343 1451 2396 1505 in
2427 1450 2690 1520 judicium
2737 1469 2859 1508 cum
2892 1455 3066 1510 servis
3098 1456 3242 1523 tuis;
3269 1458 3364 1512 sed
3406 1473 3500 1527 per
3535 1457 3747 1512 meritum

2206 1550 2475 1620 passionis
2521 1550 2651 1606 Jesu
2709 1551 2912 1606 Christi
2964 1551 3085 1607 Filii
3136 1552 3218 1605 tui
3266 1550 3474 1605 Domini
3519 1550 3668 1605 nostri
3694 1552 3748 1603 ab

2208 1647 2463 1702 omnibus
2508 1647 2747 1717 peccatis
2787 1649 3055 1719 expiatos,
3083 1647 3169 1703 fac
3208 1663 3309 1703 nos
3338 1656 3459 1716 post
3487 1646 3630 1715 hujus
3651 1647 3748 1700 rite

2207 1739 2433 1804 exitum,
2459 1740 2526 1793 ad
2552 1755 2698 1807 eum,
2728 1741 2819 1810 qui
2848 1741 2956 1805 via,
2987 1742 3189 1796 veritas
3217 1749 3274 1795 et
3299 1740 3411 1795 vita
3431 1748 3527 1803 est,
3551 1738 3612 1792 ab
3631 1738 3747 1792 omni

2207 1845 2365 1901 pteua
2395 1831 2597 1888 liberos
2624 1831 2852 1888 feliciter
2885 1834 3191 1904 pervenire,
3229 1832 3510 1888 Dominum
3542 1839 3747 1884 nostrum

2205 1919 2387 1976 Iesum
2412 1921 2687 1977 Christum
2723 1924 2813 1992 qui
2840 1931 3015 1978 tecum
3046 1923 3097 1977 in
3128 1924 3342 1978 unitate
3362 1921 3583 1992 Spiritus
3606 1918 3745 1973 sancti

2205 2013 2341 2067 vivit
2370 2021 2426 2069 et
2471 2023 2664 2085 regnat
2716 2017 2859 2070 Deus
2891 2031 2989 2085 per
3011 2016 3196 2070 omnia
3234 2013 3430 2069 saecula
3453 2012 3745 2068 mulorum.

2207 2106 2452 2177 Cumque
2470 2108 2873 2177 respondissent
2894 2123 3111 2163 omnes:
3133 2110 3323 2172 Amen,
3346 2113 3613 2174 surgentes
3632 2101 3745 2162 inde,

2208 2214 2318 2254 uno
2343 2199 2528 2254 animo
2558 2200 2856 2270 eademque
2893 2198 3159 2255 sententia
3202 2196 3555 2254 vendiderunt
3578 2201 3626 2247 et
3646 2206 3748 2261 pau-

2207 2291 2431 2361 peribus
2457 2292 2723 2346 dederunt
2759 2292 2941 2347 omnia
2969 2307 3087 2355 sua,
3114 2298 3169 2345 et
3196 2289 3321 2343 vale
3351 2288 3581 2342 dicentes
3605 2282 3746 2339 omni-

2208 2382 2310 2438 bus
2350 2384 2464 2438 suis
2492 2383 2675 2439 cbaris
2716 2392 2771 2440 et
2800 2384 2963 2448 notis,
2994 2382 3197 2453 Spiritu
3227 2389 3416 2437 sancto
3448 2377 3585 2433 ducti
3621 2389 3749 2428 vene-

2208 2484 2354 2539 runt,
2403 2463 2534 2531 licet
2574 2475 2731 2546 longa
2782 2485 2837 2530 et
2869 2475 3134 2530 laboriosa
3182 2474 3306 2539 via,
3351 2470 3535 2542 angelo
3576 2465 3747 2523 Domini

2188 2570 2305 2621 eos
2327 2568 2704 2636 antecedente,
2731 2568 2998 2638 dirigente
3034 2575 3088 2621 et
3128 2574 3464 2638 protegente,
3491 2563 3553 2617 ad
3579 2574 3746 2615 meme

2212 2669 2387 2715 ratum
2450 2661 2823 2716 beatissimum
2887 2661 3170 2733 llugonem
3240 2656 3748 2728 Gratianopolitanmu

2210 2754 2525 2826 episcopum
2559 2755 2695 2826 (85).

2845 2846 3078 2905 CAPUT
3112 2847 3176 2903 ll.

2212 2938 2396 2995 Brimo
2425 2958 2533 2997 una
2560 2958 2678 2995 cum
2710 2942 2867 2996 sociis
2888 2942 2998 2995 suis
3024 2940 3094 2993 ad
3122 2938 3419 3006 Hngouent,
3450 2932 3749 3006 Gratianopo-

2285 3011 2510 3082 litauum
2531 3013 2848 3082 episcopum,
2876 3013 3037 3073 venit,
3068 3001 3369 3082 Carthasim
3389 3018 3604 3082 arentum
3629 3001 3683 3053 ab
3703 3015 3750 3082 eo

2288 3080 2501 3147 obtinet,
2552 3076 2760 3136 austere
2813 3082 3097 3135 admodum
3149 3081 3203 3133 in
3253 3081 3353 3133 hac
3404 3076 3539 3139 vivit,
3579 3088 3632 3124 ac
3660 3077 3747 3146 post

2283 3154 2589 3231 sexennium
2636 3152 2841 3205 circiter
2874 3169 2907 3204 (ι
2945 3151 3194 3231 pontiﬁce
3243 3155 3516 3209 evocatur,
3561 3149 3750 3196 vocantt-

2287 3238 2387 3290 que
2417 3224 2768 3290 obtemperare
2792 3224 2999 3275 statuit.

2281 3311 2373 3366 29.
2407 3310 2629 3367 Factum
2654 3320 2736 3366 est
2780 3322 2983 3378 autem,
3009 3313 3133 3365 dum
3151 3296 3753 3380 appropinquarentciti-

2216 3404 2334 3471 tati,
2361 3405 2497 3459 vidit
2527 3405 2665 3458 idem
2697 3406 2983 3474 episcopus
3016 3404 3069 3457 in
3093 3404 3301 3457 somnis
3320 3401 3508 3460 Deum,
3534 3397 3582 3450 in
3607 3390 3750 3448 solitu-

2215 3494 2340 3549 dine
2361 3494 2661 3549 Carthusia:
2691 3495 2910 3565 dignum
2942 3494 3044 3549 sibi
3079 3492 3444 3548 habitaculum
3481 3494 3749 3544 construen-

2216 3596 2346 3641 tem.
2376 3585 2523 3641 Vidit
2547 3587 2710 3641 etiam
2756 3586 2940 3641 stellas
2968 3594 3176 3655 septem
3226 3598 3445 3649 aureas,
3489 3582 3539 3634 in
3567 3575 3747 3631 modum

2217 3692 2432 3735 corona:
2457 3680 2766 3747 dispositas,
2806 3695 2832 3731 a
2874 3687 3016 3733 terra
3042 3677 3319 3747 paululum
3361 3675 3606 3734 elevatas,
3649 3673 3693 3719 el
3726 3676 3750 3714 τι

2216 3773 2452 3840 czeteris,
2483 3789 2603 3843 qua:
2636 3772 2689 3825 in
2723 3772 3065 3826 firmamento
3112 3778 3261 3838 sunt,
3315 3769 3368 3823 in
3402 3769 3505 3822 situ
3530 3807 3545 3831 ,
3591 3766 3753 3818 motu.

2219 3862 2401 3919 colore
2447 3872 2503 3918 et
2558 3862 2846 3933 splendore
2889 3859 3243 3927 differentes,
3298 3857 3532 3927 ejusdem
3579 3845 3754 3907 numeri

2219 3956 2355 4010 viris
2384 3964 2590 4024 septem
2626 3954 2729 4024 (tot
2752 3954 2896 4007 enim
2927 3952 3028 4020 ipsi
3066 3953 3250 4021 erant)
3310 3949 3517 4005 itineris
3541 3945 3755 3999 ducatum

2218 4048 2521 4116 praebentes
2544 4045 2677 4115 (86).
2707 4044 2862 4099 Marte
2901 4054 3081 4098 autem
3106 4042 3273 4109 facto,
3314 4055 3435 4095 cum
3474 4043 3606 4093 esset
3624 4041 3757 4096 super

2219 4140 2431 4195 visione
2462 4137 2772 4208 lmjnsmodi
2804 4136 3092 4201 sollicitus,
3110 4134 3402 4189 adfuerunt
3428 4130 3677 4200 pulsantes
3700 4116 3754 4172 ad

2222 4229 2369 4285 fores
2390 4228 2715 4299 episcopalis
2750 4227 2933 4298 palatii
2971 4226 3100 4281 dicti
3155 4235 3367 4295 septem
3410 4223 3543 4287 viri,
3600 4218 3756 4271 beatus

2220 4321 2426 4378 scilicet
2451 4321 2629 4376 Bruno
2649 4334 2771 4374 cum
2804 4334 2924 4384 suo,
2973 4317 3098 4374 licet
3143 4317 3317 4384 brevi,
3386 4322 3565 4370 sancto
3610 4316 3754 4361 tamen

2222 4412 2465 4483 collegio.
2496 4411 2648 4477 Quod
2674 4426 2797 4465 eum
2841 4410 3032 4464 fuisset
3061 4410 3236 4467 eidem
3274 4409 3524 4479 episcopo
3572 4398 3754 4456 nuntia-

533 4504 691 4558 strati
719 4504 770 4556 in
801 4511 999 4557 terram
1032 4503 1348 4558 levaverunt
1376 4518 1536 4557 voces
1562 4516 1689 4557 suas
1718 4501 2116 4556 dicenteszDo-
2149 4543 2197 4602 υ
2225 4513 2362 4570 tum,
2389 4502 2676 4559 confestim
2714 4501 2867 4571 jubet
2918 4517 3015 4556 eos
3061 4500 3350 4556 introduci.
3386 4497 3487 4568 Ipsi
3532 4504 3648 4547 vero
3690 4486 3760 4588 inv

534 4594 679 4648 mine
705 4593 847 4649 Deus
868 4595 1230 4665 omnipotens,
1259 4594 1411 4663 cujus
1438 4595 1811 4650 misericordia
1834 4610 1994 4649 omne
2028 4609 2119 4648 su-

533 4682 1163 4753 perexceditjudieitnn;
1193 4688 1284 4755 qui
1334 4704 1441 4743 non
1490 4687 1689 4742 ltetaris
1720 4687 1771 4741 in
1818 4686 2119 4758 perditione

532 4774 899 4836 morientium.
940 4776 1035 4831 sed
1080 4778 1159 4832 eis
1187 4778 1363 4846 potius
1396 4780 1691 4849 paenitendi
1739 4788 1949 4848 tempus
1990 4794 2118 4833 cou-

535 4863 683 4917 cedis
706 4872 759 4916 et
786 4865 1040 4933 Spatium,
1059 4866 1150 4934 qui
1176 4866 1449 4923 Abraham
1471 4884 1687 4924 servum
1710 4877 1855 4923 tuum
1879 4870 1944 4922 de
1976 4879 2118 4923 terra

537 4971 632 5011 sua
666 4964 715 5010 et
739 4955 805 5010 de
828 4958 1148 5027 cognatione
1177 4974 1273 5013 sua
1302 4968 1359 5014 et
1385 4960 1452 5014 de
1479 4961 1640 5016 domo
1663 4962 1837 5030 patris
1855 4962 1938 5015 sui
1967 4961 2119 5016 exire

533 5044 864 5119 praecepisti,
891 5047 983 5116 qui
1013 5048 1266 5117 peputum
1308 5058 1456 5107 tuum
1488 5051 1541 5105 in
1570 5066 1731 5108 manu
1760 5052 1962 5123 potenti
1988 5051 2124 5111 edu-

606 5224 718 5291 (78)
762 5224 835 5277 Ita
870 5224 982 5280 lere
1012 5224 1261 5280 Jeremize
1293 5242 1368 5293 LI,
1395 5225 1449 5280 ἃ.

629 5294 717 5363 79)
753 5294 1001 5350 Jercmize
1023 5312 1074 5362 L,
1105 5299 1157 5351 8.

629 5367 720 5435 80)
759 5365 1007 5421 Jeremia:
1034 5381 1225 5427 XLVIII,
1254 5366 1305 5420 6.

604 5436 719 5508 (ιρι)
761 5437 838 5508 tta
869 5435 983 5508 fere
1005 5436 1379 5508 Zachariam“
1412 5435 1464 5492 6.

605 5506 719 5575 (82)
760 5506 834 5559 Ita
867 5506 979 5561 fere
998 5506 1115 5561 Jobi
1143 5523 1255 5569 XIX,
1283 5507 1371 5562 29.

608 5577 723 5645 (8’5)
762 5575 919 5632 Cant.
954 5579 1154 5632 cantic.
1188 5594 1307 5643 vttt,
1342 5577 1428 5632 14.

606 5648 724 5719 (84)
763 5646 1473 5724 Benignainterpretatione
1504 5649 1594 5724 hic
1644 5650 1852 5724 indiget
1896 5651 2115 5724 biogra-

535 5716 711 5789 phns;
730 5716 1096 5784 nequeenim,
1121 5716 1335 5782 Jenam,
1363 5720 1440 5775 uti
1468 5720 1602 5776 velle
1628 5716 1860 5788 videtur,
1886 5721 2115 5789 periisse

537 5803 634 5851 seu
664 5788 978 5849 damnatum
1007 5803 1147 5855 esse,
1169 5790 1464 5866 putandum
1488 5803 1589 5852 est.
1888 5788 1895 5789 ⁷
1952 5828 1955 5831 -

2222 4596 2417 4666 gressi,
2448 4605 2502 4651 et
2530 4597 2597 4650 ad
2626 4596 2789 4666 pedes
2816 4594 2933 4662 eius
2963 4593 3244 4648 humiliter
3292 4586 3567 4661 prostrati,
3618 4578 3754 4651 peti“

2224 4697 2279 4743 et
2306 4690 2528 4744 obtenta
2559 4687 2959 4753 benedictione,
2993 4686 3076 4739 sui
3108 4686 3174 4738 ad
3213 4698 3337 4738 eum
3382 4682 3627 4735 adventus
3658 4679 3756 4724 catl-

2225 4795 2315 4835 sas
2340 4788 2680 4846 enarrantes,
2713 4778 3006 4849 petierunt,
3031 4785 3090 4830 ut
3120 4776 3297 4830 locum
3337 4773 3563 4842 aliquem
3602 4763 3754 4831 dig"?

2225 4881 2377 4928 retur
2402 4873 2481 4927 eis
2510 4872 2561 4925 in
2594 4887 2689 4926 sua
2713 4870 2933 4926 dioecesi
2965 4868 3273 4933 ostendere,
3326 4875 3381 4921 et
3423 4878 3515 4918 sua
3561 4854 3752 4944 bening

2225 4965 2538 5031 clementia,
2563 4964 2649 5035 pia
2671 4963 2988 5032 erogatione
3011 4960 3333 5021 concedere;
3364 4957 3414 5010 in
3436 4966 3539 5023 quo
3557 4964 3583 5001 a
3604 4937 3752 5039 monti!

2226 5058 2389 5127 hujus
2420 5056 2765 5129 periculis,et
2791 5056 2856 5110 ab
2886 5054 3161 5109 hominum
3190 5059 3504 5105 cmterorum
3523 5041 3753 5097 conseruo

2298 5235 2411 5306 (85)
2448 5234 2572 5298 Adi,
2604 5248 2724 5303 quae
2762 5232 2815 5287 in
2850 5229 3022 5284 Vitam
3050 5226 3277 5299 przeced.
3312 5225 3377 5282 ad
3409 5229 3517 5278 not.
3548 5216 3579 5271 8
3620 5210 3754 5266 adno-

2310 5323 2338 5359 a
2363 5315 2507 5359 Sllﬂl.
3716 5344 3725 5355 .
3755 5314 3761 5355 ἰ

2228 5315 2586 5445 ω’(ῗέὂὲῗῃὸἶιὶό
2616 5374 2683 5428 de
2711 5373 2799 5445 hic
2828 5378 3128 5445 memorata
3159 5367 3438 5445 stellarum
3467 5344 3749 5445 εθριριηηξζξς

2230 5421 2414 5511 εῑδῆἑζ
2452 5421 2798 5513 ’ἑζ”ιῖυἰεὶ›ἶι’ί’,’
2822 5421 3321 5514 ἆτἐἱὶᾗξιὶιέίρὸιῖίέιιο
3354 5421 3749 5514 ῥρίδςίίρξξτέῐῑξξο

2229 5498 2378 5572 nitus
2402 5498 2605 5579 oblata,
2631 5498 2854 5584 ejusque
2884 5498 3175 5584 adjunciis,
3212 5524 3329 5584 quae
3354 5498 3440 5560 hic
3466 5498 3750 5584 reffffllﬂljn':

2228 5561 2969 5651 iié'c“'15tit'én"iﬁ'ifuiéarié,‘
2983 5561 3175 5635 sancti
3222 5561 3376 5647 huius
3407 5561 3751 5651 antistitifﬂf’:

2847 5628 3084 5728 Ianiinquo
3119 5628 3442 5728 fundantur,
3455 5628 3750 5728 sentiendum

2224 5721 2713 5787 sitfcomtncntarii
2738 5724 2924 5801 prmvii
2963 5721 3085 5800 §35
3108 5721 3232 5779 vide
3266 5721 3577 5793 expositum.
