3860 6326
136 383 225 439 505

1695 393 1878 449 ACTA.

3270 405 3371 461 506

141 500 441 570 segregati,
492 500 819 558 desiderium
870 519 1024 558 suum
1088 503 1383 573 perficere,
1441 504 1540 557 soli
1591 504 1700 559 Deo
1729 516 1775 572 Α
1805 505 2074 561 montibus
2124 508 2383 563 collectus
2431 518 2641 565 etcum
2688 512 2916 581 strepitu
2953 515 3210 581 maximo,
3258 531 3371 572 tor-

138 591 285 659 digne
322 592 557 663 servire,
602 603 657 648 et
694 596 912 665 dignum
949 595 1046 665 ipsi
1076 594 1440 649 habitaculum
1474 604 1700 664 possent

136 687 431 734 exstruere.

198 767 434 825 50.lIaec
466 772 693 827 audiens
721 773 1072 829 beatissimus
1104 775 1408 843 episcopus,
1446 783 1700 843 tanquam

135 874 229 912 non
266 864 506 930 amplius
534 867 601 919 de
651 866 885 932 visione,
915 882 1075 935 quam
1098 866 1211 934 jam
1251 866 1524 936 impletum
1554 867 1702 922 vide-

136 950 237 1017 bat,
261 952 555 1022 sollicitus,
584 970 676 1009 eos
726 972 848 1010 cum
880 958 1083 1026 ingenti
1124 959 1338 1025 gaudio,
1388 973 1496 1012 non
1528 958 1701 1013 solum

136 1052 430 1111 gratanter,
462 1046 557 1099 sed
579 1046 741 1100 etiam
765 1056 1075 1101 reverenter
1097 1048 1354 1116 suscepit,
1386 1057 1441 1101 et
1471 1048 1704 1117 benigne

137 1135 399 1188 tractavit.
440 1135 649 1201 Quibus
669 1148 722 1192 et
752 1138 1012 1192 visionem
1038 1138 1206 1204 illam,
1235 1154 1398 1207 quam
1429 1149 1586 1193 nocte
1613 1140 1701 1192 illa

134 1238 218 1289 per
243 1239 499 1279 somnum
532 1228 757 1293 viderat,
784 1230 1057 1282 enarravit
1081 1271 1095 1295 ,
1146 1237 1201 1282 et
1231 1232 1305 1282 ait
1353 1248 1366 1282 :
1400 1228 1619 1283 Fratres
1647 1238 1702 1283 et

135 1314 216 1368 lilii
255 1317 361 1370 mei
389 1319 448 1370 in
478 1318 696 1374 Christo
726 1318 1083 1387 dilectissimi,
1117 1322 1452 1389 propositum
1478 1329 1533 1374 et
1567 1321 1706 1374 desi-

134 1407 325 1461 derium
356 1418 605 1463 vestrum
630 1427 735 1467 non
756 1410 928 1466 solum
952 1428 1059 1464 non
1094 1412 1343 1481 reprobo,
1394 1411 1489 1466 sed
1536 1413 1702 1466 etiam

134 1500 480 1555 vehementer
504 1503 844 1558 commendo.
885 1502 1117 1558 Mundus
1143 1504 1286 1557 enim
1326 1504 1429 1558 iste
1454 1544 1469 1570 ,
1503 1503 1702 1558 talibus

134 1601 181 1645 et
201 1593 358 1647 tantis
383 1593 583 1663 plenus
610 1602 690 1648 est
721 1594 948 1664 laqueis,
982 1595 1261 1664 periculis,
1303 1595 1704 1652 calamitatibus

135 1692 182 1737 et
219 1684 498 1754 miseriis,
542 1694 603 1739 ut
642 1686 847 1741 electos
892 1687 1212 1756 plerumque
1254 1697 1412 1758 cogat
1446 1703 1704 1759 prospera

137 1789 345 1845 quasque
367 1778 676 1847 despicere,
708 1786 762 1831 et
798 1778 965 1832 Deum
1012 1794 1110 1849 per
1147 1780 1373 1834 adversa
1417 1796 1661 1850 quaerere
1684 1824 1701 1849 ,

1806 596 2036 649 rentium
2076 606 2169 665 aut
2214 598 2586 653 inundantium
2641 616 2901 669 aquarum
2940 616 3131 668 more,
3176 606 3370 662 fluens.

1804 687 1883 740 Ad
1912 704 2073 757 quam
2100 690 2314 757 quidem
2352 689 2764 746 Carthusianam
2797 708 3037 747 ereinum
3076 703 3161 748 est
3191 711 3372 752 accest-

1804 795 1895 833 sus
1918 781 2099 848 gravis
2129 790 2183 834 et
2212 781 2515 836 laboriosus
2537 823 2553 848 ,
2608 784 2882 853 ingressus
2917 800 3044 839 vero
3074 786 3300 844 diﬂicilis
3322 798 3373 844 et

1804 872 2154 941 periculosus,
2184 883 2367 941 utpote
2399 874 2539 928 inter
2562 875 2696 930 duas
2748 877 2898 930 mira:
2928 877 3227 933 altitudinis
3283 896 3373 933 ru-

1804 978 1920 1030 pes,
1956 978 2078 1031 quae
2115 964 2260 1017 velut
2286 974 2446 1018 rectae
2478 965 2635 1021 linea:
2662 983 2877 1021 sursum
2928 982 2986 1023 se
3033 970 3269 1039 erigunt,
3322 983 3374 1025 et

1805 1055 1858 1108 in
1885 1055 2096 1109 culmen
2131 1056 2344 1109 tandem
2368 1072 2504 1126 pene
2533 1066 2754 1123 coeunt,
2790 1058 2861 1112 ita
2891 1069 2949 1113 ut
2979 1060 3375 1116 introeuntibus

1803 1147 2016 1201 horrori
2048 1148 2156 1201 sint
2183 1157 2238 1202 et
2271 1149 2487 1203 terrori.

1873 1238 1962 1291 52.
2003 1238 2070 1291 Et
2100 1247 2158 1292 ιιι
2188 1238 2375 1308 paucis
2399 1255 2574 1308 agam,
2605 1249 2748 1295 tanta
2779 1253 2864 1297 est
2907 1243 3010 1297 loci
3046 1244 3191 1297 illius
3221 1258 3377 1312 aspee-

1805 1327 1959 1391 ritas,
1990 1337 2172 1382 tantus
2203 1330 2418 1395 horror,
2450 1341 2509 1382 ut
2535 1342 2726 1384 carcer
2748 1332 2927 1396 potius
2956 1343 3048 1386 aut
3076 1333 3371 1402 purgatorii

1803 1418 1971 1482 locus,
1985 1435 2144 1488 quam
2160 1420 2407 1473 humana:
2420 1421 2539 1474 vitae
2554 1420 2918 1476 habitaculum
2936 1422 3041 1476 dici
3061 1426 3230 1490 possit
3243 1423 3376 1493 (91)..

1807 1509 1957 1566 Unde
1998 1510 2210 1566 difficile
2257 1512 2525 1566 videbitur
2578 1514 2693 1567 sine
2748 1513 3005 1583 singulari
3054 1514 3194 1568 dono
3240 1515 3375 1577 Dei,

1804 1601 1940 1669 apud
1969 1616 2129 1670 quem
2153 1602 2287 1656 nihil
2314 1612 2398 1656 est
2420 1603 2768 1671 impossibile.
2803 1604 3048 1658 homines
3078 1604 3187 1658 illic
3219 1605 3375 1659 habi—

1804 1700 1921 1747 tare
1952 1708 2140 1762 posse,
2171 1703 2268 1749 aut
2310 1694 2498 1749 saltem
2528 1696 2616 1748 diu
2647 1709 3036 1760 perseverare;
3089 1695 3242 1749 scitis
3282 1711 3377 1749 an-

1805 1792 1933 1846 tem,
1971 1784 2168 1839 fratres
2198 1785 2323 1851 mei,
2354 1802 2513 1855 quam
2555 1802 2716 1855 gr.th
2743 1788 2812 1839 sit
2838 1795 2960 1854 post
3004 1785 3224 1839 missam
3257 1802 3374 1838 ma-

138 1881 240 1919 cum
269 1883 376 1921 non
415 1869 623 1938 possint
654 1869 819 1923 Deum
845 1871 1004 1925 simul
1032 1888 1155 1926 cum
1209 1872 1411 1927 mundo
1452 1873 1703 1944 diligere.
1737 1867 1780 1922 B
1806 1891 1935 1929 num
1967 1877 2033 1929 ad
2078 1885 2317 1930 aratrum
2370 1887 2514 1930 retro
2551 1877 2813 1946 aspicere.
2854 1876 3004 1931 Unde
3035 1876 3377 1929 metuendum

139 1955 254 2010 Nam
306 1961 422 2013 duo
468 1961 559 2015 isti
609 1977 824 2017 amores
877 1961 1012 2016 duas
1043 1964 1294 2019 civitates
1342 1966 1699 2034 constituunt,

138 2065 239 2116 qum
266 2052 370 2106 sibi
410 2052 642 2107 invicem
672 2055 1054 2122 adversantur,
1085 2057 1179 2110 Dei
1204 2058 1411 2113 scilicet
1435 2068 1489 2112 et
1519 2058 1703 2114 diabo-

139 2142 188 2196 li.
216 2144 349 2200 Deus
410 2155 590 2201 autem
642 2147 854 2216 bonus,
900 2147 1008 2202 imo
1050 2164 1319 2204 summum
1364 2150 1563 2204 bonum
1599 2158 1703 2205 est.

140 2234 346 2292 Mundus
380 2253 515 2293 vero
546 2248 693 2294 totus
724 2243 775 2294 in
803 2240 1039 2311 maligno
1070 2241 1279 2310 positus
1303 2251 1404 2296 est.
1438 2242 1573 2296 Hinc
1595 2257 1706 2312 pia:

141 2328 327 2383 ceteris
361 2330 579 2399 magnis
602 2330 832 2386 dilectus
881 2333 1153 2402 apostolus
1208 2334 1283 2387 ait
1338 2351 1353 2388 :
1411 2353 1430 2385 ι
1475 2335 1530 2389 Si
1582 2336 1706 2403 quis

143 2414 290 2486 diligit
315 2421 605 2487 mundum,
634 2438 739 2476 non
765 2432 848 2476 est
869 2424 1109 2478 eharitas
1140 2424 1317 2479 Patris
1349 2425 1402 2477 in
1433 2440 1499 2480 eo
1530 2426 1698 2496 (87).»

147 2504 278 2564 Ειιιιε
323 2525 457 2565 cum
500 2512 831 2568 decrevisset
865 2514 1006 2568 Deus
1051 2514 1408 2570 Sodomorum
1457 2518 1706 2570 civitates

146 2599 347 2668 delere,
394 2603 471 2656 ait
502 2604 723 2673 angelus
787 2606 852 2659 ad
892 2608 1106 2661 beatum
1163 2606 1285 2674 Lot,
1344 2608 1435 2676 qui
1490 2608 1555 2660 ad
1613 2606 1707 2662 Dei

148 2690 401 2745 civitatem
432 2694 778 2762 pertinebat,
842 2716 859 2747 ι
907 2695 1090 2764 Salva,
1148 2699 1418 2768 inquiens,
1467 2699 1706 2753 animam

148 2788 293 2846 luam,
322 2792 382 2837 et
403 2782 515 2837 noli
546 2786 814 2854 respicere
854 2795 974 2855 post
1027 2797 1274 2858 tergum,
1333 2803 1434 2843 nec
1485 2797 1597 2843 stes
1652 2788 1708 2843 in

147 2875 269 2927 omni
296 2874 419 2931 loco
447 2875 593 2930 circa
623 2878 918 2946 regionem,
964 2878 1059 2933 sed
1106 2880 1157 2933 in
1194 2889 1373 2934 monte
1418 2880 1626 2933 salvum
1658 2888 1710 2933 te

149 2964 238 3033 lac,
266 2984 335 3023 ne
367 2977 422 3022 et
453 2977 509 3022 tu
542 2969 792 3023 similiter
835 2985 1028 3040 pereas
1070 2971 1202 3041 (88).
1260 2991 1277 3022 ι
1333 2970 1517 3026 Sancti
1564 2971 1708 3025 enim

150 3054 248 3123 illi,
309 3058 513 3128 quibus
576 3059 769 3129 dignus
811 3076 916 3114 non
975 3070 1091 3114 erat
1129 3062 1402 3128 mundus,
1453 3062 1710 3130 Apostolo

152 3156 289 3214 teste,
332 3166 352 3199 ι
390 3159 632 3219 egentes,
662 3152 976 3219 angustiati,
1009 3151 1188 3206 afflicti
1224 3195 1238 3219 ,
1269 3154 1606 3207 circuiernnt
1654 3153 1707 3206 in

1809 1976 1891 2022 est
1922 1967 2227 2036 exemplum
2256 1969 2441 2022 uxoris
2470 1968 2589 2032 Lot,
2631 1984 2749 2036 quae
2800 1968 3149 2036 retrospexit,
3186 1976 3240 2021 et
3289 1968 3378 2019 ubi

1810 2057 2039 2126 aspexit,
2070 2056 2144 2111 ibi
2179 2057 2456 2123 remansit,
2491 2066 2543 2109 et
2578 2058 2630 2111 in
2665 2057 2830 2111 salem
2860 2071 3118 2111 conversa
3159 2064 3241 2110 est
3266 2097 3281 2120 ,
3326 2064 3383 2108 ut

1807 2164 1906 2205 suo
1932 2149 2221 2218 prudentes
2258 2151 2506 2204 condiret
2555 2150 2807 2217 exemplo
2835 2148 2970 2218 (92).
3001 2148 3135 2204 Cum
3198 2157 3380 2201 autem

1808 2240 1987 2294 verbis
2017 2239 2120 2293 illis
2143 2239 2302 2293 finem
2328 2238 2547 2294 fecisset
2596 2240 2943 2294 beatissimus
2975 2239 3283 2307 episc0pns,
3314 2235 3378 2288 Β.

1808 2329 1989 2385 Bruno
2020 2332 2295 2400 respondit
2335 2348 2350 2387 :
2391 2332 2859 2387 ltevercndissime
2882 2332 3041 2386 Pater
3069 2371 3084 2396 ,
3126 2328 3384 2384 terribilis

1809 2422 2052 2491 profecto
2082 2433 2185 2489 est,
2218 2432 2276 2477 ut
2302 2426 2630 2487 audivimus,
2687 2436 2742 2478 et
2782 2424 2893 2493 jam
2938 2422 2999 2475 in
3029 2429 3181 2493 parte
3209 2420 3386 2475 cerui-

1811 2527 1951 2577 mus,
1982 2512 2130 2566 locus
2160 2512 2281 2567 iste.
2316 2513 2423 2567 Nos
2452 2525 2635 2569 autem
2668 2514 2844 2566 locum
2888 2512 3049 2565 talem
3108 2512 3174 2565 ad
3214 2509 3385 2579 ponii-

1813 2605 2032 2659 tendum
2083 2606 2391 2672 quaerimus.
2424 2604 2487 2659 Et
2514 2619 2825 2673 quanquam
2866 2602 3064 2663 infirmi
3103 2616 3287 2656 sumus
3332 2608 3387 2654 et

1810 2693 2050 2765 fragiles,
2082 2697 2135 2750 in
2167 2695 2259 2751 Dei
2295 2706 2493 2759 tamen,
2523 2696 2615 2765 qui
2649 2704 2839 2765 potens
2865 2703 2979 2759 est,
3010 2691 3383 2753 misericordia

1812 2785 2155 2852 confidimus,
2177 2793 2234 2841 et
2251 2800 2552 2856 speramus,
2585 2795 2644 2839 ut
2669 2785 2759 2854 qui
2785 2784 2938 2839 nobis
2963 2784 3110 2843 dedit
3156 2784 3261 2845 huc
3292 2798 3386 2836 ve-

1811 2876 1997 2931 niendi
2022 2874 2369 2941 voluntatem,
2393 2875 2540 2928 dabit
2560 2883 2614 2928 et
2649 2872 3028 2944 perseverandi
3065 2880 3386 2942 potestatem

1813 2982 1936 3021 cum
1967 2982 2072 3021 non
2099 2966 2171 3022 sit
2200 2966 2507 3020 abhreviata
2535 2980 2725 3018 manus
2777 2965 2915 3034 ejus,
2965 2963 3271 3032 quominus,
3308 2963 3384 3015 si-

1813 3068 1903 3112 cut
1926 3058 2051 3112 olim
2087 3096 2103 3123 ,
2158 3058 2234 3111 ita
2283 3064 2336 3111 et
2367 3055 2519 3110 nobis
2571 3046 2717 3110 nunc
2760 3054 3027 3123 magnalia
3060 3068 3154 3107 sua
3215 3052 3388 3120 possit

1812 3150 2119 3205 ostendere.
2174 3149 2291 3218 Ipse
2319 3150 2464 3202 enim
2515 3147 2765 3216 scopulos
2810 3146 3126 3202 torrentium
3165 3144 3390 3198 inclina-

150 3241 365 3309 melotis,
404 3243 461 3297 in
503 3243 729 3312 pellibus
780 3246 1016 3314 caprinis
1042 3288 1057 3312 ,
1116 3247 1167 3299 in
1202 3246 1581 3300 solitudinibus
1623 3262 1707 3301 er-
1736 3245 1781 3306 C
1815 3245 1908 3307 vit,
1932 3252 1993 3298 ut
2019 3243 2381 3312 requiesceret
2406 3239 2630 3310 populus
2654 3240 2706 3293 in
2731 3240 2940 3301 Arnen,
2964 3245 3019 3292 et
3042 3236 3384 3290 recumberet

151 3342 336 3400 rantes,
376 3332 432 3386 in
486 3333 755 3388 montibus
803 3342 857 3388 et
891 3334 1205 3404 speluncis,
1252 3344 1307 3391 et
1359 3337 1411 3390 in
1460 3341 1711 3393 cavernis

150 3434 284 3480 terra:
314 3425 452 3495 (89).
490 3444 509 3478 ι

206 3517 289 3572 5|.
333 3517 403 3571 Et
431 3517 554 3573 ideo
580 3517 883 3573 testimonio
908 3517 1028 3575 fidei
1056 3520 1267 3589 probati
1314 3520 1514 3575 inventi
1560 3527 1705 3577 sunt.

151 3606 367 3674 Quorum
401 3611 626 3680 vestigia
671 3612 821 3681 sequi
877 3622 931 3666 et
973 3613 1172 3666 imitari
1224 3613 1492 3667 laudabile
1534 3623 1618 3668 est
1653 3623 1708 3668 et

152 3701 281 3769 utile,
315 3703 412 3757 sed
438 3702 651 3756 dilIicile
706 3704 757 3756 in
789 3704 1095 3771 regionibus
1140 3705 1255 3758 istis
1288 3703 1495 3774 frigidis
1543 3704 1709 3758 maxi-

150 3806 382 3861 me,qu:e
428 3808 535 3847 non
583 3804 708 3848 sunt
754 3795 895 3848 sicut
922 3793 1210 3864 Aﬂgyptus,
1248 3794 1512 3859 Thebais,
1574 3792 1706 3864 Scy-

153 3884 242 3936 tliia
269 3884 417 3954 (90),
448 3894 539 3938 aut
572 3883 879 3939 Palmstina.
919 3884 1013 3940 Est
1039 3886 1182 3939 enim
1212 3884 1266 3938 in
1293 3885 1564 3939 montibus
1589 3884 1707 3940 istis

149 3971 431 4037 altissimis,
463 3988 598 4043 quos
630 3974 857 4028 cernitis
900 3974 1042 4029 inter
1075 3983 1299 4029 caeteras
1346 3973 1664 4028 solitudines
1687 4013 1703 4039 ,

150 4078 342 4118 eremus
367 4066 635 4135 quaedam,
658 4081 778 4135 quae
805 4065 1090 4121 Carthusia
1134 4075 1495 4136 nuncupatur,
1520 4067 1706 4122 decem

149 4151 241 4206 fere
266 4155 583 4210 milliaribus
599 4172 629 4209 a
651 4156 873 4210 civitate
894 4158 1118 4221 distans,
1140 4156 1316 4225 ampla
1338 4156 1580 4227 quidem,
1609 4158 1705 4211 sed

149 4248 336 4312 penitus
366 4248 663 4302 inhabitata
694 4289 710 4315 ,
760 4249 888 4304 solis
933 4250 1063 4305 feris
1101 4251 1320 4319 pervia;
1382 4249 1703 4305 hominibus

152 4348 258 4387 vero
277 4346 329 4389 et
349 4337 565 4391 caeteris
606 4338 906 4392 mansuetis
935 4337 1297 4392 animantibus
1335 4348 1560 4407 propter
1603 4338 1705 4393 luci

150 4428 468 4495 asperitatem
491 4444 628 4498 pene
658 4429 949 4499 inCOgnita,
977 4428 1099 4483 altis
1144 4439 1198 4483 et
1224 4440 1482 4500 tanquam
1509 4432 1707 4486 excisis

153 4515 256 4570 hinc
277 4519 395 4572 inde
425 4521 652 4588 rupibus
681 4528 734 4573 et
760 4519 993 4588 scopulis
1039 4520 1443 4575 circumvallata
1471 4562 1485 4586 ,
1541 4522 1706 4576 infru-

1811 3336 1866 3390 in
1906 3334 2102 3389 finibus
2134 3332 2513 3387 Moabitarum.
2539 3332 2656 3401 Ipse
2683 3328 2953 3385 Jonathan
2984 3336 3038 3383 et
3059 3327 3387 3396 armigerum

1807 3426 1943 3493 ejus,
1976 3433 2249 3494 reptantes
2279 3424 2525 3479 manibus
2559 3432 2616 3477 et
2643 3422 2870 3492 pedibus
2898 3460 2915 3485 ,
2969 3435 3065 3491 per
3089 3418 3389 3475 eminentes

1806 3527 1989 3585 petras
2015 3527 2067 3572 et
2090 3517 2359 3586 scopulos,
2391 3516 2443 3569 in
2479 3516 2695 3570 modum
2742 3514 2982 3571 dentium
3042 3520 3341 3582 praeruptos
3371 3550 3387 3575 ,

1807 3609 1874 3665 de
1896 3608 2131 3665 hostium
2158 3609 2429 3675 manibus,
2455 3609 2579 3662 data
2607 3605 2740 3677 ipsis
2756 3606 2827 3660 de
2852 3605 2958 3659 illis
2981 3602 3227 3666 victoria,
3252 3600 3390 3655 libe-

1810 3702 1969 3754 tavit.

1876 3790 1964 3845 55.
1997 3790 2112 3859 Ipse
2163 3799 2366 3844 tantam
2419 3788 2815 3842 multitudinem
2853 3786 3084 3842 filiorum
3134 3782 3296 3838 lsracl
3338 3792 3392 3836 ct

1805 3882 1994 3953 Vulgus
2022 3882 2413 3936 innumerabile
2435 3882 2486 3934 in
2516 3882 2728 3935 deserto
2752 3895 2945 3932 manna
2969 3878 3035 3931 de
3059 3876 3196 3931 uelo
3225 3875 3391 3933 misso

1812 3976 2058 4031 nutrivit.
2089 3972 2342 4042 {Nunquid
2372 3981 2428 4027 et
2460 3986 2602 4025 nunc
2625 3985 2816 4040 panem
2850 3969 2981 4023 dare
3031 3984 3135 4021 non
3164 3970 3386 4037 poterit,

1811 4072 1907 4118 aut
1936 4078 2130 4133 parare
2158 4076 2400 4117 mensam
2428 4059 2622 4130 popqu
2642 4058 2767 4114 suo?
2788 4058 2907 4128 Ipse
2934 4056 3110 4110 corvis
3136 4055 3391 4124 pra:cepit

1809 4166 1865 4209 ut
1918 4163 2202 4223 pascerent
2253 4152 2420 4206 Eli-am
2456 4152 2506 4204 in
2544 4148 2830 4213 Carmelo,
2883 4147 2975 4216 qui
3019 4157 3074 4199 et
3123 4152 3389 4214 paverunt
3484 4142 3491 4146 “

1806 4244 2028 4300 Paulum
2062 4243 2113 4296 in
2137 4241 2387 4311 ASgypw.
2420 4239 2536 4308 Ipse
2557 4239 2866 4308 prandium,
2892 4235 3032 4305 quod
3056 4233 3387 4287 messoribus

1811 4336 2059 4390 Habacuc
2083 4340 2364 4403 paraverat
2396 4332 2447 4384 in
2477 4330 2681 4393 Judma,
2714 4327 2918 4383 Danieli
2968 4324 3115 4379 misit
3137 4324 3188 4378 in
3221 4322 3384 4379 Chal-

1808 4429 1997 4482 dzeain.
2026 4424 2142 4494 Ipse
2167 4438 2334 4493 panes
2361 4424 2413 4475 in
2439 4423 2654 4475 deserto
2687 4416 3084 4487 multiplicavit,
3110 4429 3175 4468 ex
3196 4413 3388 4484 quibus

1810 4518 2017 4572 t'antam
2075 4515 2351 4569 hominum
2408 4510 2805 4565 multitudinem
2854 4508 3089 4562 satiavit.
3138 4506 3256 4575 Ipse
3298 4505 3389 4558 dat

150 4608 326 4660 ctuosis
353 4609 639 4663 arboribus
660 4610 891 4670 consita,
947 4624 1107 4678 supra
1142 4609 1358 4662 modum
1388 4611 1582 4680 frigida
1603 4650 1616 4674 ,
1649 4622 1705 4666 et
1737 4598 1780 4652 Ι)
1800 4605 2061 4678 jumeutis
2085 4620 2269 4659 escam
2295 4604 2533 4673 ipsorum
2560 4641 2576 4667 ,
2627 4609 2686 4656 et
2711 4600 2869 4670 pullis
2914 4612 3203 4654 corvorum
3236 4598 3390 4652 invo-

153 4710 232 4762 pro
257 4700 450 4767 majore
473 4710 628 4769 parte
656 4702 912 4771 temporis
941 4702 1153 4755 nivibus
1184 4711 1369 4770 operta
1396 4741 1410 4764 ,
1463 4710 1518 4756 et
1567 4706 1702 4758 adeo

153 4798 413 4857 praerupta,
453 4789 678 4851 sterilis,
706 4801 760 4845 et
790 4790 1126 4846 infructuosa
1158 4832 1172 4856 ,
1218 4792 1293 4845 uti
1343 4793 1472 4846 nihil
1535 4793 1586 4849 in
1618 4809 1699 4862 .ea

153 4880 239 4932 seri
269 4881 437 4935 valeat
471 4881 587 4935 sive
630 4883 779 4936 meti.
824 4884 879 4939 In
929 4882 1083 4953 cujus
1113 4884 1289 4939 medio
1341 4894 1425 4938 est
1475 4886 1696 4955 quidam

154 4986 319 5038 parvus
345 4975 561 5040 fluvius,
592 4976 680 5044 qui
714 4975 927 5031 Gnerus
957 4986 1199 5031 mortuus
1225 5017 1239 5040 ,
1268 4978 1422 5045 quasi
1448 4979 1692 5046 qumdam

153 5059 301 5135 imago
327 5067 522 5121 mortis
547 5108 562 5131 ,
611 5066 830 5134 dicitur,
858 5083 924 5122 ex
954 5068 1427 5128 circumstantibus
1464 5069 1698 5139 undique

209 5198 303 5265 (87)
329 5197 559 5253 Joannis
586 5198 755 5266 Epist.
785 5215 826 5263 ι,
860 5215 919 5261 ιι,
950 5199 1039 5253 15.

208 5267 304 5337 (88)
342 5269 419 5322 Ita
453 5268 567 5322 fere
593 5270 863 5323 Genescos
893 5286 1005 5329 XIX,
1041 5269 1122 5323 l7.

210 5338 302 5405 (89)
332 5340 413 5391 Ad
452 5337 707 5392 Hebraeos
734 5354 811 5401 ιιι,
840 5340 930 5402 57,
959 5341 1048 5395 58.

210 5408 303 5475 (90)
339 5408 604 5478 Loquitur
631 5409 721 5462 hic
752 5410 967 5480 indubie
998 5420 1181 5466 noster
1210 5411 1561 5480 hiographus,
1586 5425 1691 5464 non

157 5472 482 5550 (Ie—Scythia,
526 5478 934 5547 septentrionali
992 5481 1133 5534 Asia:
1191 5472 1431 5550 regione,
1477 5472 1694 5550 inqua

158 5557 239 5599 non
275 5552 448 5602 minus
504 5560 667 5618 quam
719 5550 793 5601 in
822 5558 1088 5618 terrarum
1140 5560 1348 5613 tractu,
1388 5551 1693 5605 Carthusiaa

158 5626 359 5689 eremuin
388 5617 821 5689 fomplectente,
856 5617 1046 5689 frigida
1085 5631 1169 5674 est
1199 5622 1343 5674 aeris
1380 5621 1692 5689 temperies,

158 5686 231 5764 sed
266 5688 327 5742 de
363 5686 843 5764 Egyptiudeserto
886 5686 1111 5745 Schetes
1155 5706 1249 5764 seu
1279 5690 1434 5754 Sciti,
1480 5686 1697 5759 Schytia

159 5757 360 5830 etiamne
400 5757 671 5830 nonnullis
706 5773 1032 5830 nuncupato.
1066 5761 1229 5830 quod,
1273 5776 1379 5815 non
1416 5757 1699 5814 secus—at-

158 5831 245 5894 que
262 5824 387 5883 alias
424 5827 636 5901 Λίδη)ιή
676 5845 740 5884 ac
784 5824 1458 5891 Pallcstinic‘solitudines.
1498 5832 1695 5901 ingens

1808 4700 2057 4756 cantibus
2081 4712 2223 4752 etnn.
2257 4696 2374 4765 Ipse
2401 4693 2573 4765 pascit
2599 4692 2832 4749 volatilia
2888 4691 3007 4747 coeli
3041 4732 3056 4757 ,
3111 4706 3230 4760 qua:
3283 4698 3388 4743 non

1807 4801 2014 4855 serunt,
2041 4805 2216 4859 neque
2262 4797 2492 4852 metunt,
2523 4801 2699 4857 neque
2727 4792 3055 4854 congregant
3087 4782 3139 4836 in
3173 4784 3387 4836 horrea.

1808 4883 2000 4939 Nonne
2030 4893 2084 4939 et
2116 4898 2216 4937 nos
2266 4880 2495 4934 Domino
2535 4879 2706 4948 pluris
2731 4892 2915 4931 sumus
2960 4874 3100 4928 illis?
3145 4871 3260 4926 Non
3291 4872 3391 4926 itav

1804 4992 1930 5046 que,
1955 4973 2168 5029 etiamsi
2197 4973 2351 5026 nobis
2392 4971 2660 5025 defuerint
2696 4970 2928 5023 humana
2950 4967 3165 5030 solatia,
3196 4964 3261 5018 de
3288 4963 3387 5035 Dei

1808 5064 2091 5135 prmsentia
2128 5063 2449 5125 dilIidemus,
2475 5071 2527 5113 et
2555 5061 2913 5132 providentia,
2945 5074 3067 5114 cum
3098 5066 3289 5128 potens
3315 5054 3390 5117 sit

1806 5196 1955 5259 olim,
1991 5197 2066 5249 uti
2105 5193 2242 5263 apud
2291 5194 2651 5265 Rosweydnm
2694 5193 2745 5265 in
2781 5190 3169 5265 Vitisl’atrum
3203 5186 3389 5242 videre

1750 5312 1753 5317 .
1806 5267 1951 5326 licet.
1986 5260 2436 5319 anaclioretarum
2478 5260 2761 5317 multitudo
2793 5260 3082 5314 incolebat.

1880 5338 1990 5407 (91)
2024 5335 2112 5402 Ut,
2141 5352 2305 5403 quam
2337 5336 2558 5388 horrida
2595 5329 3105 5407 fueritﬁarthusia:
3131 5326 3384 5407 solitudo,

1806 5402 2098 5475 antequam
2153 5402 2458 5479 liancgcum
2505 5404 2671 5479 sociis
2706 5402 2818 5454 suis
2848 5408 3069 5479 sanctus
3100 5406 3282 5476 noster
3309 5402 3390 5479 in“-

1808 5466 2147 5549 grcdéretur,
2199 5475 2508 5549 distinctius
2552 5472 2900 5549 explanatum
2958 5469 3205 5521 invenias
3234 5505 3249 5530 ,
3298 5466 3384 5519 adi

1807 5541 2256 5603 commentarium
2293 5542 2601 5618 praevium§
2636 5541 2728 5594 26.
2790 5609 2804 5618 _
2903 5616 2908 5618 Α
2960 5607 2989 5618 Α,

1879 5618 1993 5688 (92)
2031 5609 2342 5688 Orationem
2386 5609 2691 5688 hanc,_‘seu
2719 5609 3175 5688 exhortationem,
3202 5619 3382 5688 quam

1810 5677 2059 5755 S.'llu'go
2085 5688 2151 5741 ad
2186 5686 2498 5757 Brunonem
2526 5683 2750 5757 ejusque
2781 5677 2959 5732 socios
2993 5677 3265 5757 habuerit,
3293 5691 3387 5745 [te-

1811 5760 1959 5812 nitus
1994 5750 2127 5811 csse
2179 5771 2208 5808 a
2261 5750 2565 5823 biographo
2614 5750 2936 5827 conﬁctam,
2987 5750 3384 5827 unusquisque,

1805 5836 2067 5897 quantum
2095 5826 2308 5895 opinor,
2344 5817 2607 5894 propense
2635 5822 2687 5875 in
2719 5821 2960 5874 animum
2985 5817 3221 5873 inducet.
