3860 6320
132 393 208 459 509
904 388 911 395 ’
1637 388 1833 447 ACTA.

3236 395 3343 451 5M

182 515 252 572 57.
302 509 402 581 lpsi
465 518 612 566 emm
652 513 858 580 septem
898 504 1081 580 (beato
1116 505 1372 563 Brunone
1396 515 1643 571 crateres,
1677 512 1725 570 Α
1754 507 2027 574 emebant,
2068 510 2161 563 sed
2212 506 2257 563 si
2311 507 2450 562 forte
2488 506 2660 577 gratis
2704 506 2785 562 eis
2816 506 3108 573 dabantur,
3157 524 3254 561 eos
3286 508 3339 561 in

128 606 193 679 qui
219 604 304 662 sibi
333 618 452 659 eum
485 603 540 657 in
592 602 827 672 priorem
854 609 909 657 et
943 600 1252 656 animarum
1295 614 1517 654 suarum
1560 614 1653 668 pa-

127 710 286 756 storem
308 693 600 765 elegerant,
621 701 678 749 et
698 692 851 765 cujus
881 691 1222 757 obedientiae,
1246 693 1408 748 beato
1427 690 1654 760 Hugone

125 792 331 861 episcopo
357 793 654 850 annuente,
674 798 735 841 se
761 783 1151 850 submiserant,
1176 782 1447 854 dirigente
1475 780 1652 854 [l00])

125 880 317 935 volentes
368 876 670 942 mundum,
715 890 877 947 quem
914 874 1290 945 reliquerant,
1339 882 1397 929 et
1433 889 1555 943 qua:
1599 874 1653 929 in

128 972 284 1027 mundo
315 977 458 1033 sunt,
487 968 700 1033 omnia,
750 982 872 1037 qua:
901 974 1030 1021 sunt
1059 966 1495 1035 concupiscentia
1533 980 1655 1020 car-

125 1065 203 1125 nis,
250 1059 682 1130 concupiscentia
732 1057 1052 1123 oculorum,
1105 1068 1161 1112 et
1206 1057 1456 1127 superbia
1494 1055 1652 1115 vitae,

124 1152 200 1208 sibi
230 1147 500 1217 subjicere,
536 1148 829 1219 quamdam
859 1148 1074 1202 vivendi
1115 1162 1361 1202 normam
1393 1146 1528 1202 satis
1565 1159 1654 1196 ar-

126 1245 249 1299 duam
279 1240 649 1305 instituerunt,
698 1255 860 1310 quam
889 1247 943 1295 et
988 1239 1087 1309 ipsi
1120 1247 1430 1303 tenuerunt,
1473 1245 1529 1291 et
1556 1250 1652 1305 po—

122 1334 245 1388 steris
278 1332 383 1386 suis
411 1331 701 1406 tenendam
734 1331 1148 1385 mandaverunt.
1178 1327 1315 1383 Nam
1345 1337 1533 1383 contra
1561 1343 1655 1381 su-

125 1424 338 1496 perbiam,
381 1437 500 1491 qua:
531 1422 749 1476 initium
783 1429 865 1476 est
907 1421 1085 1476 omnis
1116 1420 1348 1491 peccati,
1380 1427 1435 1474 et
1464 1427 1651 1473 contra

121 1516 208 1581 ejus
248 1511 523 1568 nefandam
575 1511 817 1566 sobolem
845 1551 861 1576 ,
914 1511 1170 1565 invidiam
1217 1510 1446 1572 scLlicct,
1479 1509 1653 1563 ambi-

124 1610 281 1662 tionem
305 1614 355 1660 et
377 1618 577 1658 vanam
610 1602 859 1672 gloriam,
886 1610 942 1658 et
978 1604 1022 1658 si
1057 1618 1162 1673 qua
1189 1610 1316 1658 sunt
1345 1602 1473 1661 alia.
1510 1602 1651 1656 fece-

121 1706 214 1751 ntnt
254 1696 344 1749 sibi
374 1702 553 1749 vestes
582 1693 778 1748 breves
805 1701 861 1747 et
882 1701 1141 1764 angustas
1161 1693 1228 1747 de
1257 1706 1446 1761 grosso
1472 1704 1651 1761 panno

120 1789 228 1853 albo,
253 1786 335 1840 vili
362 1794 415 1841 et
444 1785 591 1848 rudi,
633 1800 753 1854 quae
783 1800 878 1840 eos
916 1784 1356 1853 contemptibiles
1389 1782 1650 1838 intuenti-

1759 598 2027 654 charitate
2070 598 2425 669 recipiebant,
2474 607 2529 652 et
2571 596 2727 665 juxta
2779 594 3122 650 uﬂ'ercntiunt
3152 596 3340 649 volun-

1758 701 1924 747 tatem
1953 692 2166 763 (diebus
2215 700 2416 758 tamen,
2446 690 2645 761 quibus
2686 688 2768 745 eis
2790 687 2939 743 vesci
2972 687 3191 759 licebat)
3233 687 3341 741 dis.

1756 786 2087 840 tribuebant.

1825 877 1917 931 59.
1980 875 2227 931 Ofﬁcium
2292 874 2558 939 divinum,
2604 873 2862 928 diurnum
2899 870 3105 941 pariter
3133 877 3186 925 et
3218 884 3341 923 noe-

1758 975 2013 1035 turnum,
2066 978 2177 1023 tam
2250 967 2305 1021 in
2369 965 2629 1030 ecclesia,
2682 964 2875 1018 diebus
2920 975 2973 1018 et
3026 962 3177 1017 horis
3235 961 3340 1015 illis

1755 1059 1956 1127 quibus
1984 1058 2037 1112 in
2067 1073 2191 1113 eam
2223 1056 2650 1122 conveniebant,
2689 1070 2852 1123 quam
2883 1069 2979 1122 per
3009 1053 3194 1119 cellas,
3229 1067 3338 1106 non

1754 1150 2152 1220 perfunctorie,
2199 1158 2258 1203 ttt
2299 1149 2550 1219 quidam,
2603 1148 2698 1203 sed
2744 1146 3135 1211 intentissime,
3167 1144 3338 1200 oculis

1757 1240 1809 1293 itt
1839 1251 2038 1293 terram
2089 1240 2361 1305 demissis,
2393 1239 2650 1294 cordibus
2678 1253 2806 1292 vero
2849 1238 2902 1292 itt
2947 1238 3144 1292 cwlum
3192 1237 3334 1303 lixis,

1757 1332 2113 1386 devotissime
2168 1331 2575 1401 persolvebant.
2625 1329 2822 1384 Totum
2876 1343 3092 1398 quoque
3144 1343 3333 1394 suum,

1758 1432 1864 1476 tam
1897 1424 2216 1479 interiorem
2241 1439 2405 1494 quam
2436 1423 2789 1488 exteriorem,
2824 1422 3100 1477 hominem
3124 1420 3333 1485 habitu,

1754 1532 1913 1578 voce,
1957 1517 2141 1583 vultu,
2189 1515 2353 1570 rebus
2396 1516 2630 1571 visibilia
2679 1513 3089 1579 excedentibus,
3140 1513 3337 1582 spretis

1756 1613 1972 1666 cunctis
1999 1612 2144 1677 aliis,
2181 1612 2477 1674 intentum,
2522 1610 2631 1664 imo
2675 1606 2890 1663 allixum
2946 1607 3076 1671 Deo,
3107 1608 3336 1661 exhibe-

1753 1703 1906 1757 bant.
1962 1703 2157 1757 Diebus
2201 1717 2329 1757 vero
2384 1700 2681 1756 Dominicis
2723 1707 2778 1753 et
2819 1699 2985 1753 certis
3027 1708 3334 1753 sanctorum

1714 1796 1721 1802 ’
1755 1793 2141 1850 festivitatibus
2173 1804 2382 1849 tantum
2411 1795 2758 1863 antiquorum
2782 1792 3131 1846 eremilarnm
3161 1808 3332 1857 more,

120 1885 194 1935 IIIIS
230 1879 502 1934 redderem
542 1886 599 1933 ει
641 1876 913 1945 abiectos,
963 1885 1020 1932 et
1071 1876 1178 1931 illis
1208 1876 1419 1930 lmrrori
1468 1884 1651 1930 essent
1681 1872 1726 1932 Β
1761 1901 1828 1938 ne
1867 1887 1935 1939 ab
1964 1886 2084 1940 aliis
2113 1886 2293 1939 sacris
2333 1885 2613 1955 operibus,
2649 1883 2777 1937 licet
2814 1882 3082 1952 dignitate
3119 1883 3336 1935 inferio-

120 1974 274 2045 potius,
302 1987 458 2041 quam
498 1971 632 2041 ipsis
668 1970 884 2025 honori.
926 1970 993 2029 Et
1032 1968 1285 2039 quamvis
1335 1968 1387 2021 in
1432 1968 1652 2022 sordido

123 2067 268 2120 habitu
303 2062 569 2117 interdum
611 2062 863 2132 superbia
919 2061 1113 2125 lateat,
1166 2060 1414 2114 fecerunt
1471 2068 1649 2113 tamen

121 2154 195 2222 ipsi
212 2154 267 2207 ad
287 2167 399 2206 eam
418 2150 545 2221 prof
545 2151 836 2221 ugandam,
856 2150 1112 2220 quidquid
1133 2148 1311 2204 facere
1335 2157 1649 2219 potuerunt.

117 2246 276 2297 ('Jozttra
314 2242 667 2311 cupiditatem
709 2256 859 2306 vero,
893 2256 1014 2311 qua:
1057 2240 1210 2295 radix
1262 2241 1505 2294 omnium
1537 2255 1652 2294 ma-

119 2336 250 2389 lorum
272 2335 495 2399 dicitur,
523 2343 581 2388 et
609 2333 924 2397 avaritiam,
953 2348 1073 2403 qua:
1106 2333 1372 2387 idolorum
1414 2332 1650 2387 servitus

118 2435 434 2497 nuncupatur,
462 2435 645 2482 certos
674 2426 937 2481 terminos
965 2425 1121 2495 juxta
1155 2425 1398 2480 locorum
1425 2441 1647 2479 suorum

117 2521 405 2575 fertilitatem
455 2530 552 2574 aut
614 2516 957 2575 sterilitatem
1038 2520 1270 2590 majores
1342 2520 1648 2575 minoresve

115 2614 429 2682 put-fixerant,
468 2615 541 2667 ita
574 2622 634 2668 ιιι
663 2623 816 2670 extra
848 2629 965 2679 eos,
992 2613 1206 2668 etiamsi
1243 2622 1387 2668 totus
1418 2613 1651 2668 mundus

118 2707 177 2761 eis
207 2704 497 2771 offerretur,
539 2721 639 2760 nec
684 2706 900 2771 saltem,
939 2715 1204 2776 quantum
1254 2720 1349 2775 pes
1381 2707 1650 2762 humanus

114 2812 343 2867 occupare
370 2807 570 2865 potest,
605 2798 794 2852 liceret
820 2799 1118 2868 possidere.

164 2891 237 2945 58.
286 2888 506 2943 Certum
553 2890 715 2945 etiam
759 2906 1067 2957 numerum,
1108 2906 1268 2961 quem
1343 2889 1649 2961 transgredi

116 2982 231 3036 nullo
268 2981 422 3037 modo
458 2982 682 3049 liceret,
722 2982 1046 3037 animalibus
1079 2991 1133 3037 et
1171 2981 1458 3051 pecoribus
1485 2981 1651 3049 impo-

112 3084 311 3129 snemnt.
334 3074 401 3129 Et
426 3084 487 3129 ut
512 3089 618 3129 non
642 3082 786 3130 esset
809 3075 890 3129 eis
911 3075 1235 3144 quandoque
1261 3073 1647 3139 necessarium,

113 3165 173 3218 vel
212 3166 317 3235 plus
366 3173 534 3221 terra:
562 3180 725 3234 quam
768 3164 972 3219 dictum
1009 3176 1112 3231 est,
1161 3164 1489 3235 possessioni
1540 3178 1652 3218 suae

1758 1977 1931 2043 ribus,
1969 1977 2384 2048 impedirentur,
2424 1976 2606 2031 missa:
2650 1972 2977 2030 sacrificium
3009 1972 3333 2037 offerebant,

1750 2083 1858 2136 quo
1882 2084 2071 2123 attines
2111 2070 2317 2138 pariter
2342 2067 2758 2124 conveniebant.
2806 2065 2873 2119 Et
2903 2065 3034 2134 ipsis
3061 2064 3250 2119 diebus
3282 2066 3335 2118 itt

1751 2163 2043 2218 refectorio
2068 2164 2231 2217 simul
2256 2163 2323 2219 ad
2356 2164 2517 2218 ritum
2549 2160 2935 2216 monachorum
2959 2161 3331 2215 comedebant.

1751 2254 1888 2309 Aliis
1934 2270 2063 2310 vero
2108 2254 2301 2309 diebus
2346 2255 2399 2309 in
2446 2253 2598 2310 cellis
2627 2252 2741 2307 suis
2783 2252 2883 2305 sub
2916 2261 3069 2306 arcto
3097 2252 3334 2313 silentio,

1749 2344 2030 2409 orationi,
2078 2342 2458 2406 meditationi,
2511 2339 2989 2409 contemplationi,
3032 2348 3085 2393 et
3127 2340 3338 2394 caeteris

1753 2434 1863 2505 piis
1910 2444 1965 2486 et
2001 2434 2212 2487 devotis
2251 2432 2534 2487 exercitiis
2574 2429 2694 2484 sine
2741 2429 3150 2484 intermissione
3180 2445 3337 2483 vaca-

1751 2525 1910 2590 bant,
1946 2524 2018 2578 ita
2049 2532 2127 2589 ut,
2161 2522 2251 2577 ubi
2295 2522 2447 2591 prius
2485 2520 2703 2574 fuerant
2725 2533 2920 2586 specus
2945 2527 2999 2571 et
3026 2517 3224 2572 cubilia
3260 2517 3338 2571 fe-

1754 2628 1964 2679 rarum,
1993 2621 2120 2666 tunc
2152 2610 2366 2665 videres
2390 2609 2587 2663 choros
2621 2617 2950 2671 castrorum,
2985 2620 3186 2659 cuneos
3214 2620 3338 2675 pro-

1752 2702 2062 2772 phetarnm,
2115 2709 2417 2756 conventus
2469 2698 2883 2763 monachorum,
2929 2707 2981 2752 cl
3017 2707 3193 2752 ctetus
3241 2714 3340 2750 an-

1751 2794 1995 2865 gelorum
2024 2792 2194 2863 (102).

1826 2887 1919 2942 40.
1977 2886 2310 2940 Memoratus
2340 2894 2521 2938 autem
2561 2884 2851 2954 episcOptts
2903 2891 3128 2937 sanctus
3180 2880 3333 2952 "tth

1752 2994 1849 3035 eos
1880 2977 2197 3048 frequenter
2238 2978 2511 3041 visitabat,
2549 2986 2606 3032 et
2645 2988 2702 3032 ttt
2752 2977 2892 3031 filios
2932 2976 3223 3031 tenerritne
3248 2975 3335 3029 di-

1753 3070 1980 3142 ligebat;
2020 3083 2158 3139 quos
2207 3083 2379 3138 usque
2427 3070 2493 3122 ad
2533 3077 2764 3123 mortem
2800 3083 2950 3123 suam
2996 3077 3050 3122 et
3087 3083 3193 3121 non
3223 3078 3339 3120 tan-

1755 3171 1866 3216 tum
1890 3176 2010 3226 eos,
2040 3161 2135 3215 sed
2156 3169 2212 3214 et
2229 3160 2319 3229 qui
2348 3159 2427 3215 eis
2447 3160 2645 3215 exinde
2667 3167 3070 3223 successerunt,
3096 3157 3338 3213 conciliis

112 3256 290 3323 addere,
326 3266 422 3311 aut
466 3271 724 3325 pecorum
776 3271 1060 3309 numerum
1108 3270 1328 3321 angere,
1362 3254 1646 3309 duodecim
1674 3236 1721 3300 C
1752 3264 1967 3320 semper
1997 3249 2151 3314 fovit,
2193 3257 2247 3303 et
2286 3248 2586 3304 beneficiis.
2632 3249 2871 3319 Eratque
2903 3250 3044 3302 inter
3075 3263 3189 3312 eos,
3220 3264 3327 3302 non

112 3352 276 3396 tantum
330 3343 633 3399 monachos
687 3357 811 3397 cum
853 3342 1018 3397 tertio
1064 3342 1278 3397 decimo
1321 3343 1531 3412 priore,
1583 3357 1650 3398 ac

109 3437 335 3491 sexdecim
383 3434 687 3501 conversis,
735 3434 1032 3505 paucisque
1078 3435 1455 3501 mercenariis,
1497 3434 1646 3491 nullo

109 3538 289 3591 prorsus
314 3524 690 3595 superaddito,
725 3523 777 3576 in
807 3523 922 3577 suis
951 3523 1202 3577 domibus
1228 3536 1350 3578 esse
1377 3534 1642 3594 perpetuo

106 3614 447 3669 decreverunt.
476 3614 560 3668 Ad
597 3611 958 3668 edomandam
996 3622 1177 3668 autem
1206 3615 1387 3669 carnis
1435 3630 1639 3669 concu-

107 3705 404 3773 piscentiam,
437 3714 495 3760 et
543 3705 718 3775 legem
761 3705 1154 3771 membrorum,
1183 3720 1305 3774 qua:
1337 3715 1641 3776 repugnant

106 3795 183 3867 legi
207 3800 409 3865 mentis,
434 3798 589 3853 duris
604 3812 819 3868 semper
847 3798 914 3852 ad
946 3813 1164 3853 carnem
1193 3799 1390 3855 ciliciis
1419 3801 1647 3855 uteban-

106 3895 189 3940 tur.
222 3888 492 3955 Secunda,
544 3898 736 3959 quarta
761 3897 817 3944 et
854 3898 1008 3944 sexta
1046 3889 1221 3957 feriis,
1254 3905 1393 3960 pane
1423 3899 1479 3945 et
1508 3906 1647 3960 aqua

103 3990 147 4035 et
165 3983 281 4050 sale,
311 3984 459 4039 sicut
488 3984 771 4054 placebat,
804 3983 1042 4038 contenti
1067 3991 1244 4037 erant.
1274 3983 1455 4037 Tertia
1496 3997 1645 4048 vero,

106 4073 257 4142 quinta
295 4086 350 4131 et
384 4076 633 4132 Sabbato
666 4075 937 4147 legumina
975 4076 1061 4130 vel
1105 4075 1310 4145 aliquid
1340 4074 1645 4143 hujusmodi

102 4175 144 4218 et
164 4167 345 4233 vinum,
379 4180 440 4222 et
460 4168 511 4222 in
546 4167 680 4224 feria
701 4168 889 4238 quinta
902 4168 1066 4222 etiam
1092 4181 1311 4222 caseum
1338 4168 1423 4222 vel
1443 4165 1646 4236 aliquid

102 4259 220 4313 aliud
247 4277 276 4314 a
312 4262 641 4333 eoquinario
667 4262 1026 4332 recipiebant,
1056 4262 1124 4316 ab
1151 4260 1299 4315 omni
1335 4271 1515 4315 tamen
1554 4275 1648 4315 esu

102 4353 313 4408 carnium
336 4365 449 4409 tam
473 4356 591 4409 sani
607 4369 768 4425 quam
784 4354 984 4408 infirmi
1006 4362 1271 4424 perpetuo
1285 4352 1647 4407 abstinebant.

102 4437 244 4496 Panes
256 4445 402 4499 albos
426 4460 537 4498 non
562 4442 945 4509 comedebant,
970 4444 1063 4499 sed
1086 4442 1257 4498 solum
1286 4452 1457 4497 tortas
1477 4442 1648 4513 (l0l),

102 4528 203 4587 licet
227 4534 289 4589 de
330 4537 538 4591 tritico.
570 4535 767 4590 Vinum
812 4551 1005 4606 purum
1054 4551 1330 4606 nunquam
1368 4535 1647 4601 bibebant,

104 4626 178 4678 sed
203 4626 327 4683 bene
355 4630 613 4695 dilutum,
647 4628 793 4698 quod
835 4637 1030 4683 vocant
1076 4628 1421 4698 limphatutn,
1470 4637 1527 4683 et
1552 4629 1651 4685 hoc

102 4714 335 4775 duntaxat
368 4722 422 4776 in
451 4720 683 4792 prandio
709 4731 764 4775 et
787 4736 967 4785 cuzna,
999 4730 1054 4774 et
1091 4720 1283 4775 diebus
1308 4721 1431 4787 illis,
1456 4721 1655 4790 quibus

101 4820 152 4860 eo
175 4811 240 4864 uti
278 4823 329 4866 et
372 4828 602 4868 caenare
630 4812 847 4868 licebat.
879 4812 1107 4882 .lejuniis
1137 4814 1248 4868 fere
1283 4814 1557 4869 continuis
1591 4825 1648 4869 et

103 4904 289 4969 prolixis
310 4908 512 4979 vigiliis
536 4920 758 4962 carnem
783 4905 1148 4961 macerabant.
1173 4906 1353 4962 Pisces
1376 4921 1653 4977 nunquam

158 5056 285 5125 (100)
312 5058 450 5115 Cum
478 5059 732 5122 Sanctus,
769 5067 1060 5127 antequam
1094 5059 1146 5113 in
1198 5059 1546 5115 Carthusiam
1591 5075 1652 5116 se

104 5127 291 5203 abderet
324 5171 339 5191 ,
401 5130 1099 5203 aliquandiueretttitice,
1160 5139 1220 5203 ut
1270 5133 1646 5203 commentarii

103 5201 252 5269 [λι-ςενίί
282 5218 428 5255 num.
473 5200 582 5255 «HL
624 5210 680 5256 et
702 5200 907 5268 aliquot
956 5215 1112 5269 seqq.
1142 5200 1322 5264 docui,
1362 5202 1413 5255 in
1460 5201 1656 5257 Siccae-

105 5265 327 5325 Foutanae
358 5273 656 5328 solitudine
699 5265 921 5334 vixerit,
972 5265 1330 5325 dubitandum
1405 5283 1655 5341 apparet,

105 5355 156 5391 an
175 5355 200 5393 a
221 5345 397 5402 sociis.
426 5344 481 5398 in
513 5343 859 5401 Cartltusiam
882 5357 1005 5397 eum
1038 5343 1261 5403 secutis,
1297 5345 1347 5395 in
1383 5343 1655 5407 Priorem,

106 5425 205 5488 cum
229 5416 461 5488 nondum
496 5430 622 5469 cmn
666 5413 818 5468 hisce
853 5414 933 5488 _ad
966 5410 1268 5488 Hugonem,
1298 5412 1660 5488 Gratia_n0po«

107 5476 298 5539 litanum
342 5486 698 5554 episcopum,
744 5476 1261 5554 venisset,électtts
1316 5498 1422 5537 non
1472 5476 1657 5549 fuerit,

109 5563 265 5671 ξιιᾶιιῖςι
289 5570 350 5609 ac
380 5553 471 5621 iis,
500 5570 621 5626 quae
647 5555 739 5610 hic
769 5555 984 5618 scribit,
1013 5553 1285 5610 Puteanus
1313 5555 1661 5609 existimasse

139 5637 147 5670 Ι
181 5639 207 5671 8
230 5640 308 5671 nr-

110 5634 128 5667 ι
139 5631 308 5678 utetur.

112 5758 121 5769 ο
166 5694 299 5769 (101)
336 5696 805 5769 Consuetudinum
855 5694 1121 5769 Gguigonis
1151 5712 1271 5765 cap.
1312 5697 1402 5760 54,
1445 5713 1592 5750 ntttn.
1623 5696 1657 5750 5

112 5766 170 5812 ila
217 5766 403 5822 habet:
444 5767 641 5831 Panis,
701 5767 937 5836 quamvis
992 5767 1057 5820 de
1119 5769 1313 5827 tritico.
1367 5781 1506 5821 tortu
1545 5779 1654 5829 est;

113 5847 267 5897 partem
307 5840 440 5894 enim
492 5840 665 5894 albani
710 5853 812 5893 non
839 5836 1065 5908 [adiutis
1110 5856 1122 5892 :
1159 5839 1439 5895 Massonus
1474 5849 1653 5892 autent

1752 3351 1811 3397 ut
1839 3344 2093 3398 dominus
2126 3352 2222 3397 aut
2250 3342 2555 3413 episcopus,
2587 3341 2683 3395 sed
2740 3349 2800 3395 ut
2842 3340 3021 3394 socius
3065 3348 3120 3393 et
3164 3338 3335 3394 frater

1751 3433 2109 3498 humillimus,
2132 3442 2188 3488 et
2215 3432 2283 3488 ad
2311 3443 2632 3489 cunctorum
2662 3432 2944 3509 (quantum
2970 3430 3023 3484 in
3050 3430 3166 3501 ipso
3193 3430 3334 3500 erat)

1750 3526 2007 3596 obsequia
2057 3525 2457 3596 paratissimus.
2502 3524 2560 3579 In
2622 3532 2832 3578 tantum
2885 3532 3064 3576 autem
3111 3521 3339 3577 devotus

1753 3636 1998 3676 eremum
2040 3618 2332 3684 incolebat,
2375 3626 2432 3672 ut
2463 3632 2589 3672 eum
2624 3614 2898 3671 interdum
2932 3617 3123 3670 beattts
3156 3614 3338 3666 Ιίνιιιιο

1753 3712 1879 3769 inde
1906 3713 2059 3767 exire
2086 3719 2143 3767 et
2168 3712 2235 3767 ad
2270 3724 2402 3765 oves
2442 3722 2569 3764 suas
2608 3708 2789 3763 redire
2820 3704 3186 3775 compelleret.
3232 3703 3334 3764 lte.

1756 3804 1954 3874 inquit,
2004 3804 2076 3858 ite
2127 3802 2195 3857 ad
2236 3816 2367 3856 oves
2397 3809 2628 3862 vestras,
2680 3809 2735 3852 et
2782 3798 2925 3867 quod
2974 3797 3053 3851 eis
3106 3794 3336 3858 debetis,

1756 3896 2019 3951 exsolvite
2045 3894 2214 3965 (l03).
2241 3894 2360 3964 Ipso
2402 3894 2565 3949 etiam
2610 3891 2926 3947 beatissimo
2971 3890 3227 3958 episcopo
3257 3888 3340 3940 in-

1755 3997 1934 4043 stante
1955 3996 2010 4040 et
2038 3994 2385 4056 procurante,
2409 3982 2783 4040 circumvicini
2821 3996 3033 4045 omnes,
3088 3988 3198 4032 tam
3249 3993 3341 4033 ec-

1753 4080 2050 4136 clesiastici
2076 4093 2237 4148 quam
2270 4077 2479 4132 nobiles
2505 4087 2560 4132 et
2586 4076 2895 4146 populares,
2927 4075 3169 4128 videntes
3196 4072 3337 4126 beati

1752 4172 2027 4226 Brunonis
2063 4180 2119 4226 et
2155 4170 2273 4240 ejus
2306 4170 2570 4226 sodalium
2601 4179 2707 4224 tam
2737 4179 2982 4224 sanctam
3006 4183 3069 4221 ac
3103 4175 3211 4219 tam
3247 4166 3342 4219 ho-

1753 4274 1967 4318 nestam
2034 4279 2099 4318 ac
2161 4265 2410 4318 devotam
2487 4261 2956 4316 conversationem
2990 4299 3006 4323 ,
3073 4257 3342 4310 dederunt

1755 4354 1982 4417 eisdem,
2017 4353 2278 4422 quidquid
2296 4352 2437 4421 juris
2468 4350 2817 4407 habebantin
2859 4349 3017 4403 dictis
3046 4346 3338 4412 montibus,

1755 4456 1811 4502 et
1848 4447 1988 4500 intra
2022 4446 2225 4501 fineset
2254 4445 2455 4499 limites
2480 4444 2641 4499 dicite
2678 4442 2985 4497 solitudinis
3029 4440 3197 4511 (101).
3248 4440 3339 4493 Isti

1757 4538 1942 4607 itaque
1985 4545 2134 4600 sunt,
2171 4553 2206 4592 ο
2258 4536 2384 4591 felix
2437 4534 2757 4599 Cartbusia,
2807 4534 2965 4603 pritui
3018 4533 3208 4587 Patres
3243 4532 3338 4594 illi,

1755 4629 1847 4698 qui
1878 4628 2018 4681 hanc
2056 4636 2265 4681 vastam
2312 4626 2658 4682 solitudinem
2700 4625 2860 4696 primi
2895 4623 3201 4678 inhabitare
3231 4639 3344 4678 cte-

1755 4728 1973 4790 pcrunt,
2005 4726 2060 4773 et
2097 4717 2150 4773 in
2174 4733 2238 4773 ea
2264 4718 2510 4773 ordinent
2536 4717 2701 4782 hunc,
2728 4717 2818 4787 qui
2848 4732 2877 4770 a
2909 4723 2960 4771 te
2981 4730 3175 4771 nomen
3197 4715 3343 4770 velut

1755 4813 1936 4868 oleum
1993 4813 2194 4882 ubique
2268 4821 2534 4868 terrarum
2593 4811 2823 4866 cllusum
2881 4811 3127 4881 accepit,
3185 4811 3341 4881 primi

1754 4902 2138 4958 fundaverant.
2183 4902 2276 4958 lsti
2315 4910 2441 4957 sunt
2473 4911 2681 4973 septem
2732 4901 3020 4966 columnae,
3067 4916 3203 4971 quas
3240 4900 3343 4953 Sa-

1758 5059 1812 5115 in
1853 5073 2038 5129 Opere,
2087 5060 2229 5128 quod
2273 5057 2513 5114 Annales
2566 5057 2987 5113 Carthusienses
3040 5055 3340 5124 inscripsit,

1770 5131 1823 5185 itt
1872 5133 2129 5185 Adnotat.
2175 5131 2241 5183 ad
2277 5131 2481 5186 dictqu
2527 5146 2648 5199 cap.
2704 5139 2903 5185 tortam
2953 5130 3348 5195 interpretatur

1760 5218 1945 5272 panem
1968 5201 2268 5269 subrttfttm.

1833 5272 1983 5339 (102)
2032 5271 2105 5325 De
2132 5264 2347 5325 vivendi
2395 5286 2608 5336 norma,
2639 5285 2801 5340 quant
2849 5268 3082 5323 Sanctus
3122 5264 3347 5340 ejusque

1761 5335 1896 5397 socii
1929 5335 1980 5395 in
2030 5342 2317 5397 Carthttsia
2371 5335 2673 5403 tenuerint,
2718 5340 2920 5394 videsis
2971 5335 3343 5391 commentarii

1763 5413 1948 5483 praavii
1981 5428 2130 5465 num.
2163 5411 2268 5467 485
2296 5422 2350 5466 et
2376 5410 2517 5465 binis
2536 5426 2699 5483 seqq.

1837 5481 1985 5554 (103)
2014 5483 2250 5537 Sanctus
2273 5497 2400 5554 vere
2428 5483 2499 5535 ita
2534 5473 2834 5554 Hugonem,
2860 5473 3339 5554 _Gratianopolita-

1766 5545 1893 5608 num
1922 5545 2259 5622 episcopum,
2288 5545 2677 5621 obsequentem
2712 5549 2920 5604 habuit.
2950 5545 3181 5601 Consule
3201 5559 3344 5599 com-

1766 5624 2018 5679 mentarii
2050 5623 2236 5691 praavii
2271 5639 2421 5677 nunt.
2460 5622 2585 5676 502.

1839 5694 1988 5764 (104)
2039 5685 2485 5753 instrumentum,
2512 5708 2621 5764 quo
2654 5690 2718 5764 id
2768 5688 2842 5743 illi
2884 5685 3152 5764 fecerunt,
3197 5701 3345 5739 coin-

1766 5758 2022 5839 mentarii
2066 5764 2285 5839 .przcvii
2358 5758 2543 5815 ltlllll.—
2582 5762 2686 5815 5b?)
2739 5770 2794 5815 ct
2851 5774 3003 5829 seqq.
3075 5758 3345 5826 itttrgtuttt

1763 5835 1904 5889 dedi.
