3860 6326
535 411 635 468 511

1315 409 1373 464 S.
1417 408 1765 466 BRUNONIS
1805 404 2456 463 CARTUUSIAKORUM
2495 399 2979 459 INSTI’TUTOIUS
3687 394 3778 454 5ιὲ

483 595 487 600 θ
533 527 737 597 pietttia
764 526 992 593 excidit,
1025 534 1082 580 et
1122 513 1176 580 in
1204 524 1400 594 quibus
1437 525 1539 579 sibi
1569 525 1785 579 domum
1812 521 2118 577 aedificavit.
2149 521 2195 577 A
2229 537 2246 569 ι
2285 517 2398 589 Ego
2431 533 2550 573 sum
2581 525 2752 588 genus
2793 525 2849 572 et
2881 514 3035 569 radix
3087 513 3278 578 David,
3330 511 3488 568 stella
3518 511 3774 582 Splendida

540 617 632 672 lsti
679 626 806 673 sunt
846 627 1058 688 septem
1109 617 1276 670 boves
1329 619 1685 671 ascendentes
1731 615 1799 669 de
1828 613 2018 674 ﬂuvio,
2067 623 2122 666 et

537 717 747 776 septem
818 706 980 776 spica:
1026 705 1079 759 in
1125 705 1306 760 culmo
1355 721 1480 760 uno.
1515 706 1581 762 Et
1605 713 1809 776 septem
1856 705 2118 768 buccinae,

535 809 767 865 quarum
801 811 931 850 usus
957 804 1078 850 erat
1108 796 1160 850 in
1182 794 1406 864 jubileo.

608 888 700 944 41.
785 888 876 944 Isti
922 897 1052 943 sunt
1099 899 1306 958 septem
1363 886 1711 951 candelabra,
1783 887 1836 940 itt
1885 901 2116 956 quorum

540 977 719 1033 medio
782 976 1022 1034 Joannes
1077 978 1325 1032 scribens
1383 985 1588 1047 septem
1641 976 1944 1040 Ecclesiis,
2001 991 2121 1044 quae

537 1083 694 1128 erant
722 1075 776 1128 in
809 1074 964 1136 Asia,
997 1073 1245 1141 perhibet
1273 1088 1332 1128 se
1361 1074 1568 1128 vidisse
1612 1073 1842 1128 similem
1885 1073 1994 1126 filio
2026 1073 2122 1126 ho-

540 1166 705 1220 minis
748 1167 1006 1220 vestitum
1073 1165 1310 1235 pedere,
1357 1174 1743 1235 tenentemque
1791 1165 1847 1219 in
1893 1166 2118 1218 dextera

541 1273 638 1312 sua
675 1265 883 1328 septem
916 1257 1120 1321 stellas,
1163 1272 1283 1327 qua:
1313 1266 1522 1326 septem
1576 1257 1941 1312 Ecclesiarum
1990 1264 2122 1310 sunt

541 1350 759 1422 angeli;
801 1359 856 1406 et
899 1350 952 1404 in
1003 1350 1180 1404 medio
1230 1350 1411 1405 throni
1460 1351 1671 1419 Agnnm
1723 1357 1977 1411 stantem,
2027 1348 2120 1402 ha-

542 1443 756 1496 bentem
789 1458 992 1497 cornua
1026 1452 1255 1512 septem,
1298 1453 1354 1498 et
1382 1443 1568 1498 oculos
1599 1452 1827 1511 septem,
1865 1442 1955 1512 qui
1995 1449 2121 1496 sunt

542 1545 749 1602 septem
803 1533 1040 1604 Spiritus
1075 1535 1188 1596 Dei",
1235 1535 1286 1587 in
1319 1549 1534 1589 onmem
1570 1545 1768 1588 terram
1810 1535 1982 1588 missi.
2031 1533 2120 1588 Isti

539 1632 670 1676 sunt
716 1633 922 1692 septem
973 1635 1171 1694 sporta:
1229 1625 1544 1693 fragmentis
1585 1624 1775 1692 plenze.
1820 1635 1873 1678 et
1915 1632 2120 1692 septem

539 1715 821 1786 signacula
853 1716 976 1770 libri
1002 1717 1193 1780 clausi,
1220 1727 1273 1770 et
1303 1727 1512 1786 septem
1557 1718 1658 1770 viri
1689 1716 1892 1786 Spiritu
1931 1727 2120 1772 sancto

539 1805 708 1876 pleni,
740 1823 876 1878 quos
918 1807 970 1863 iit
1007 1808 1264 1863 diaconos
1294 1809 1359 1862 ad
1391 1808 1804 1862 tttittistraudutn
1843 1808 2120 1878 elegerunt

2223 617 2280 663 ct
2310 609 2576 663 matutina
2620 606 2790 677 (107).
2834 625 2854 656 ι
2911 605 2979 667 Ει
3022 618 3091 660 ηε
3140 605 3207 659 de
3251 602 3333 658 eis
3376 603 3610 666 dicatur,
3653 602 3778 672 quod

2223 700 2397 755 stellae
2431 715 2539 754 non
2571 706 2699 752 sunt
2728 695 2944 752 mundat
2981 693 3034 750 in
3077 701 3373 764 conspectu
3407 690 3547 760 ejus.
3577 689 3778 757 Quinto,

2222 791 2367 846 sicut
2411 789 2690 844 stellarum
2747 785 3005 856 quaelibet
3067 781 3239 852 major
3292 791 3379 838 est
3435 790 3543 836 tota
3608 790 3776 846 terra,

2221 883 2470 953 quamvis
2509 880 2692 936 brevis
2729 887 2787 933 et
2829 877 2984 948 quasi
3040 875 3333 946 puuctalis,
3375 883 3430 928 et
3473 871 3677 929 modica
3714 871 3781 925 vi-

2225 977 2422 1032 deatur
2453 977 2506 1030 in
2547 971 2807 1030 exteriori
2836 970 3178 1042 apparentia,
3221 969 3303 1024 sic
3341 966 3579 1038 religiosi
3609 964 3782 1020 debent

2221 1083 2441 1138 semper
2490 1079 2742 1122 crescere
2785 1080 2884 1135 per
2921 1063 3246 1118 charitatetn
3273 1103 3288 1128 ,
3335 1060 3504 1115 minui
3539 1073 3664 1113 vero
3703 1073 3782 1126 [ετ

2223 1156 2612 1213 humilitatem.
2656 1154 2783 1210 Haec
2824 1153 2970 1208 enim
3012 1151 3141 1215 duo,
3191 1149 3472 1206 humilitas
3510 1146 3710 1204 scilicet
3738 1154 3783 1200 et

2219 1249 2486 1306 charitas.
2543 1255 2668 1301 sunt
2708 1246 2816 1299 duo
2861 1243 3144 1312 religionis
3190 1251 3460 1303 extrema,
3512 1237 3712 1292 initium
3737 1245 3783 1288 et

2222 1340 2368 1406 finis,
2397 1340 2516 1395 sine
2543 1337 2738 1408 quibus
2763 1345 2982 1400 caetera,
3013 1350 3132 1403 qua:
3163 1332 3430 1394 mediam,
3457 1329 3642 1384 omnia
3672 1335 3783 1382 sunt

2220 1431 2400 1500 potius
2454 1443 2638 1500 poena,
2688 1442 2850 1496 quam
2883 1425 3076 1480 merito
3106 1425 3290 1492 digna.
3323 1421 3368 1476 0
3392 1422 3560 1492 igitur
3599 1420 3776 1475 iterum

2221 1530 2386 1590 atque
2419 1521 2617 1574 iterum
2655 1517 2783 1572 felix
2830 1514 3147 1580 Carthusia,
3175 1513 3359 1568 tandiu
3393 1509 3620 1576 sterilis,
3657 1521 3782 1562 nunc

2223 1627 2352 1667 vero
2399 1610 2628 1666 fecunda
2665 1609 2678 1662 !
2731 1607 2940 1662 Felices
2989 1617 3238 1670 montes,
3283 1605 3375 1674 qui
3425 1603 3565 1658 tales
3598 1615 3782 1657 merue-

2223 1714 2351 1761 runt
2399 1705 2600 1760 habere
2628 1703 2837 1758 incolas
2875 1710 2930 1756 et
2957 1700 3230 1757 cultores!
3274 1697 3434 1766 Felix
3462 1698 3689 1766 denique
3715 1709 3783 1748 re-

2223 1797 2350 1866 ligio
2384 1796 2486 1849 ista
2515 1794 2776 1849 divinitus
2813 1793 3084 1855 instituta,
3113 1805 3233 1861 qua:
3259 1789 3558 1860 religiones
3583 1795 3782 1841 ca-teras

539 1897 800 1969 apostoli,
859 1907 916 1954 et
962 1908 1168 1969 septem
1221 1900 1450 1968 gradus,
1501 1915 1639 1968 quos
1695 1900 1826 1954 vidit
1866 1899 2118 1953 Ezechiel
2152 1889 2196 1944 B
2223 1897 2345 1960 post
2388 1887 2748 1958 Augustinum
2791 1894 2846 1940 et
2895 1883 3247 1940 Benedictum
3293 1881 3626 1950 antiquitate
3668 1892 3784 1969 prm-

540 1993 606 2044 ad
638 2006 924 2047 ascensum
975 1993 1268 2048 exterioris
1295 1995 1439 2048 atrii.
1488 1995 1592 2050 Istc
1627 2004 1712 2049 est
1755 1994 2118 2064 septenarius,

539 2092 764 2154 prepter
793 2095 1003 2155 septem
1061 2082 1297 2154 Spiritus
1333 2087 1505 2140 sancti
1543 2085 1682 2140 dona
1716 2096 1980 2140 sacratus.
2015 2085 2121 2141 lste

539 2178 881 2246 septenarius
910 2193 1170 2234 numerus
1192 2179 1401 2250 primus
1425 2180 1476 2234 in
1505 2179 1828 2234 monadibus
1848 2180 2121 2249 perfectus

537 2276 624 2322 est
651 2271 894 2325 redditus
923 2285 988 2327 ex
1013 2271 1126 2326 suis
1153 2273 1399 2340 partibus
1426 2282 1765 2344 aggregatns.
1792 2273 1924 2326 Nam
1955 2290 2118 2327 unum

539 2366 595 2413 et
623 2374 741 2422 sex,
775 2359 883 2416 duo
925 2370 979 2415 et
1017 2363 1278 2432 quinque,
1323 2364 1425 2417 tria
1465 2374 1518 2418 et
1548 2373 1798 2432 quatuor,
1845 2380 1966 2433 qua}
1996 2375 2122 2420 sunt

539 2459 726 2518 partes
777 2452 893 2521 ejus
948 2453 1239 2523 aliquotae,
1285 2466 1489 2524 septem
1543 2454 1766 2509 faciunt.
1816 2455 1952 2510 llinc
1993 2465 2072 2509 est
2103 2497 2118 2522 ,

541 2542 687 2608 quod
717 2543 984 2610 septimus
1019 2544 1154 2606 dies,
1187 2551 1240 2598 et
1264 2545 1494 2614 septima
1525 2545 1882 2613 hebdomada,
1911 2558 1966 2600 et
1993 2562 2120 2617 sep-

541 2630 707 2686 timus
738 2634 961 2698 mensis,
989 2643 1044 2688 et
1071 2636 1333 2706 septimus
1359 2651 1554 2700 annos,
1589 2647 1842 2708 tanquam
1871 2640 2118 2710 perfecti,

538 2730 699 2777 erant
724 2723 843 2794 lege
868 2724 1066 2780 feriati.

613 2811 699 2868 12.
785 2815 1000 2885 Septem
1046 2817 1211 2871 etiam
1273 2817 1466 2873 diebus
1529 2821 1710 2891 agitur
1753 2829 1808 2876 et
1858 2821 2122 2890 repetitur

537 2916 699 2957 omne
735 2912 969 2972 tempus.
1021 2925 1038 2957 ι
1082 2907 1142 2960 Et
1188 2908 1417 2975 septimo
1467 2908 1554 2962 die
1586 2911 1820 2963 cessavit
1869 2909 2011 2965 Deus
2053 2912 2121 2967 ab

535 2990 684 3044 omni
710 3005 894 3062 opere.
937 3012 954 3045 ι
993 2993 1058 3046 Ει
1087 2995 1320 3064 septimo
1366 2996 1454 3050 die
1495 2995 1744 3051 Christus
1788 2997 1841 3051 iu
1873 2997 2122 3067 sepulcro

539 3081 764 3148 quievit.
795 3081 850 3135 l-tt
899 3083 1098 3153 quibus
1146 3085 1400 3140 omnibus
1447 3096 1665 3140 notatur
1714 3087 1874 3156 hujus
1923 3090 2119 3144 sacrati

540 3173 836 3242 septenarii
883 3175 1118 3240 numeri,
1159 3183 1214 3230 et
1245 3177 1296 3230 in
1330 3191 1396 3232 eo
1436 3175 1596 3245 hujus
1633 3195 1804 3234 sacra:
1845 3180 2120 3251 religionis

538 3267 684 3334 (qua:
731 3267 799 3321 ab
831 3265 1068 3334 ejusdem
1102 3270 1314 3324 numeri
1360 3271 1492 3325 viris
1521 3271 1640 3326 istis
1690 3281 1894 3342 septem
1942 3275 2118 3344 primo

545 3354 794 3410 instituta
832 3358 937 3425 est)
985 3359 1266 3426 perfectio.
1311 3359 1443 3426 Quae
1483 3371 1628 3416 recte
1665 3363 1889 3432 ﬁgurata
1921 3365 2122 3418 dicitur

540 3462 638 3515 per
683 3449 866 3502 stellas
913 3449 1031 3504 illas
1077 3460 1306 3520 septem,
1359 3468 1495 3521 quas
1545 3455 1596 3506 in
1644 3469 1832 3508 eorum
1885 3457 2118 3512 adventu

545 3539 708 3592 beato
761 3540 970 3610 Ilugoui
1013 3541 1274 3596 Dominus
1304 3543 1717 3611 demonstravit,
1753 3558 1858 3600 tant
1903 3559 2122 3619 propter

543 3643 800 3699 magnum
871 3631 1030 3699 hujus
1098 3635 1390 3702 septenarii
1448 3647 1889 3705 saeratnentnnt,
1955 3655 2118 3708 quam

542 3730 768 3790 propter
791 3722 1070 3778 stellarum
1112 3725 1519 3794 sublimitatem,
1552 3730 1929 3795 stabilitatem,
1963 3731 2124 3787 clari-

543 3819 731 3876 tatem,
767 3815 1058 3881 puritatem
1088 3825 1145 3872 et
1171 3819 1552 3887 quantitatem.
1597 3821 1717 3875 Istae
1747 3839 1980 3893 namque
2009 3827 2120 3880 vir-

545 3908 692 3959 tutes
748 3903 1020 3974 religidsis
1074 3907 1327 3963 omnibus
1376 3911 1574 3964 nedum
1622 3913 1970 3976 conveniunt.
2025 3916 2120 3971 sed

542 3991 707 4048 etiam
742 3997 1064 4050 necessariae
1087 3991 1214 4053 sunt
1239 4011 1259 4052 τ’
1288 3999 1382 4069 qui
1407 4000 1602 4055 debent
1625 4001 1765 4057 sicut
1802 4004 1974 4059 stella:
2001 4021 2121 4062 esse

540 4085 597 4140 in
627 4086 787 4156 ctelo,
831 4103 930 4158 per
956 4092 1468 4162 contemplationem
1511 4095 1562 4148 in
1609 4097 1806 4152 mentis
1845 4098 2116 4167 affectent,

539 4191 648 4232 non
680 4177 732 4231 in
761 4186 930 4232 terra.
963 4179 1096 4235 Nam
1125 4184 1339 4253 species
1359 4183 1482 4239 caeli
1505 4196 1590 4240 est
1616 4183 1783 4255 gloria
1815 4189 2116 4257 stellarum,

537 4269 616 4324 ait
635 4271 852 4338 sapiens
884 4273 1055 4342 (105),
1090 4275 1330 4329 secundo
1354 4275 1555 4330 debent
1577 4292 1699 4332 esse
1736 4278 1788 4332 itt
1823 4290 2001 4350 coepto
2031 4298 2117 4336 re-

535 4365 750 4436 ligionis
778 4368 1063 4438 preposito
1092 4368 1232 4422 firmi
1263 4379 1318 4424 et
1345 4369 1589 4442 stabiles:
1623 4369 1754 4425 Nam
1789 4373 1910 4428 ideo
1941 4375 2118 4444 posuit

535 4457 677 4517 Deus
720 4461 906 4515 stellas
950 4461 1003 4515 in
1051 4460 1396 4518 ﬁrmamento
1447 4472 1505 4518 ut
1556 4473 1735 4518 essent
1778 4465 1830 4519 in
1879 4469 2028 4536 s'gna
2061 4478 2118 4523 et

2223 1983 2385 2044 cedit,
2422 1990 2479 2036 et
2503 1981 2602 2034 has
2641 1978 2758 2034 illas
2793 1978 2958 2033 etiam
2984 1977 3110 2032 vitae
3140 1973 3500 2030 austeritate!
3547 1970 3624 2024 De
3651 1967 3782 2036 cujus

2219 2075 2427 2145 origine
2453 2075 2570 2128 haec
2595 2085 2792 2142 pauca,
2839 2078 2900 2124 ut
2956 2067 3027 2124 ad
3055 2072 3300 2138 emptum
3331 2062 3672 2136 propositum
3714 2073 3784 2112 re-

2221 2166 2469 2222 deamus.
2501 2162 2793 2218 suliieiaut.

2291 2257 2380 2311 41.
2448 2256 2646 2310 Beatus
2720 2255 2904 2324 itaque
2931 2253 3138 2317 Bruno,
3177 2251 3244 2306 de
3278 2264 3387 2320 quo
3413 2249 3578 2304 nobis
3607 2259 3780 2308 sermo,

2222 2349 2276 2404 in
2304 2351 2406 2404 hac
2435 2349 2558 2402 vita:
2598 2345 2922 2401 austeritate
2947 2359 3069 2398 cum
3102 2342 3216 2397 suis
3243 2342 3302 2400 in
3333 2341 3478 2394 dicta
3515 2335 3783 2394 solitudine

2221 2444 2337 2498 fere
2365 2457 2458 2496 sex
2490 2455 2754 2495 annorum
2793 2438 2969 2508 spatio
2999 2435 3392 2506 perseveravit.
3435 2431 3524 2486 die
3557 2445 3622 2484 ac
3649 2436 3783 2482 nocte

2221 2535 2343 2588 sitte
2395 2531 2805 2588 intermissione
2867 2528 3089 2600 jejuniis
3120 2567 3135 2592 ,
3192 2524 3534 2580 orationibus
3589 2529 3640 2573 et
3683 2516 3782 2571 aliis

2221 2624 2506 2680 exercitiis
2546 2622 2821 2691 religiosis
2876 2635 3077 2674 vacans
3123 2617 3292 2688 (108).
3343 2613 3589 2685 Contigit
3629 2619 3782 2664 autem

2223 2727 2304 2782 ιιι,
2362 2725 2580 2771 mortuo
2628 2714 2894 2786 Gregorio
2943 2713 3175 2778 septimo
3225 2707 3484 2779 pontifice
3534 2707 3781 2764 Romano,

2221 2809 2542 2863 succederet
2589 2807 2638 2862 ei
2691 2807 2744 2862 itt
2793 2814 2991 2876 papalu
3030 2803 3215 2858 Victor
3252 2802 3480 2864 tertius;
3527 2813 3637 2868 quo
3675 2798 3780 2850 item

2213 2908 2344 2970 :post
2377 2915 2578 2970 paucos
2610 2914 2824 2954 menses
2868 2906 3105 2962 ntortuo,
3142 2894 3410 2950 successit
3454 2892 3505 2947 ei
3561 2890 3783 2946 Urbanus

2221 2995 2513 3060 secundus,
2568 2993 2720 3062 prius
2767 2992 2947 3046 dictus
2999 2989 3163 3055 Otho,
3200 2988 3504 3042 monachus
3559 2992 3614 3039 et
3639 2983 3782 3036 abitas

2221 3085 2628 3150 Cluuiacensis,
2657 3083 2748 3152 qui
2793 3081 3034 3150 ejusdem
3072 3079 3214 3136 beati
3261 3076 3552 3141 lirnnonis,
3584 3075 3700 3130 dttnt
3740 3071 3782 3124 in

2225 3174 2529 3231 minoribus
2558 3182 2766 3242 ageret,
2802 3171 2982 3226 fuerat
3015 3168 3310 3240 discipulus
3339 3164 3620 3237 (l09).Qtti
3648 3161 3782 3232 paulo

2225 3277 2346 3339 post
2381 3267 2462 3322 sui
2497 3267 2930 3336 assumptionem
2962 3264 3030 3318 ad
3060 3262 3397 3332 apostolatus
3436 3260 3668 3330 apicem,
3695 3269 3781 3308 non

2227 3361 2518 3414 immemor
2549 3357 2816 3413 doctrinte
2839 3364 2895 3412 et
2916 3355 3204 3428 probitatis
3227 3352 3472 3424 ejusdem
3499 3349 3640 3406 beati
3671 3346 3785 3400 Bru-

2224 3452 2407 3516 nonis,
2471 3451 2554 3504 sui
2608 3450 2736 3504 olim
2785 3447 3162 3520 praeceptoris,
3208 3445 3508 3514 volensque
3551 3442 3604 3497 in
3633 3438 3723 3494 sibi
3757 3452 3782 3489 a

2223 3545 2444 3602 Christo
2476 3543 2684 3599 credita
2730 3540 3209 3600 administratione
3261 3536 3378 3606 ejus
3424 3537 3502 3591 uti
3545 3531 3780 3592 consiliis,

2217 3637 2441 3693 vocavit
2459 3651 2583 3692 eum
2611 3635 2680 3692 ad
2699 3643 2903 3690 sancta:
2928 3634 3184 3688 Romana:
3196 3624 3781 3696 Ecclesiteobsequium,

2225 3729 2414 3784 addito
2466 3728 2632 3782 etiam
2690 3726 3016 3783 obedientia:
3078 3733 3373 3794 praecepto.
3437 3721 3628 3776 Dictus
3674 3729 3782 3769 vero

2224 3823 2420 3878 beatus
2462 3821 2679 3886 Bruno,
2727 3827 2986 3890 percepto
3032 3815 3342 3887 hujusmodi
3379 3814 3652 3876 ntandato,
3692 3822 3781 3862 non

2225 3914 2500 3968 modicum
2532 3913 2786 3966 turbatus
2825 3919 2932 3977 est,
2985 3909 3186 3978 quippe
3213 3906 3306 3976 qui
3340 3904 3454 3974 jam
3495 3900 3781 3959 solitudinis

2225 4007 2570 4063 dulcedinem
2609 4011 2944 4074 gustaverat.
2983 4000 3227 4056 Tenebat
3263 3999 3408 4053 enim
3449 4011 3574 4053 eum
3614 3993 3778 4053 Maria,

2225 4109 2284 4153 ιιι
2305 4099 2646 4169 quiesceret,
2683 4095 2937 4150 trahebat
2963 4092 3196 4155 Martha,
3228 4102 3286 4145 ut
3324 4089 3617 4150 laboraret,
3648 4098 3782 4152 roga-

2219 4191 2355 4244 bant
2404 4188 2626 4251 fratres,
2658 4201 2724 4240 ne
2774 4199 2836 4240 se
2877 4184 3176 4248 desereret,
3209 4195 3378 4251 papa,
3432 4189 3492 4234 ut
3537 4177 3777 4233 obediiet.

2220 4281 2486 4339 Terrebat
2550 4279 2733 4345 curia,
2783 4279 2832 4334 si
2881 4277 3008 4333 illuc
3066 4275 3398 4332 accederet:
3463 4265 3779 4326 conscientia

2220 4390 2350 4430 vero
2391 4375 2646 4428 timorata
2690 4369 2982 4444 ignorabat
3013 4367 3146 4440 quid
3188 4367 3242 4422 in
3293 4381 3354 4422 re
3393 4373 3502 4420 tam
3550 4359 3779 4434 perplexa

2219 4477 2423 4538 ageret.

537 4559 803 4620 tempora,
833 4563 887 4608 et
915 4554 1054 4619 dies,
1105 4565 1161 4610 et
1213 4571 1428 4611 menses
1473 4566 1529 4610 et
1573 4573 1766 4611 annos.
1803 4558 1950 4613 Unde
1981 4559 2114 4614 scri-
2141 4592 2194 4652 Β
2293 4557 2384 4612 45.
2470 4555 2709 4611 Tandem
2773 4553 3081 4610 obcdientia
3165 4551 3314 4606 vicit.
3369 4547 3593 4604 Sciebat
3652 4542 3778 4598 enim

535 4647 683 4710 ptqu
734 4651 818 4697 est
859 4645 1002 4713 quod
1062 4646 1233 4700 stella:
1281 4657 1567 4704 manentes
1615 4649 1666 4704 in
1705 4665 1864 4705 cursu
1924 4666 2022 4704 suo
2057 4662 2114 4706 et

533 4731 726 4786 ordine
749 4773 763 4796 ,
797 4745 1174 4803 pugnaverunt
1211 4748 1398 4792 contra
1434 4738 1676 4794 Sisaram
1714 4742 1860 4812 (lOti)
1885 4784 1899 4808 ,
1940 4743 1990 4796 id
2031 4754 2114 4798 est

533 4830 723 4876 contra
781 4824 1088 4892 diabolum;
1143 4828 1224 4882 sic
1277 4831 1422 4883 enim
1479 4829 1664 4884 Sisara
1724 4833 2114 4902 interpretatur

532 4913 816 4969 excludam
840 4918 1175 4985 gaudentem.
1203 4920 1388 4975 Tertio
1415 4921 1612 4977 debent
1637 4937 1761 4978 esse
1802 4926 1853 4978 iit
1889 4925 2114 4978 tribula-

533 5006 682 5060 tione
738 5011 1028 5078 patientes,
1079 5018 1137 5064 ut
1191 5013 1302 5067 sint
1349 5013 1492 5069 sicut
1533 5015 1691 5070 stella
1741 5017 2005 5071 matutina
2056 5017 2108 5071 in

531 5098 712 5155 tnedio
737 5100 964 5155 nebulae.
1211 5093 1216 5096 ’

602 5188 698 5247 45.
745 5190 897 5246 Fecit
924 5192 1068 5246 enim
1102 5193 1247 5250 Deus
1315 5195 1495 5250 lunam
1525 5207 1578 5252 et
1599 5197 1804 5264 stellas,
1831 5209 1890 5252 ut
1917 5215 2112 5269 praees-

530 5288 652 5334 seut
681 5281 852 5336 nocti.
890 5284 1093 5349 Quarto
1135 5286 1280 5342 sicut
1321 5288 1374 5342 itt
1417 5288 1599 5344 stellas
1640 5305 1744 5344 non
1809 5292 1952 5346 cadit
1991 5307 2116 5346 eor-

531 5372 730 5439 ruptio,
762 5389 859 5429 nec
885 5391 1067 5440 casus,
1088 5392 1187 5432 nec
1211 5393 1366 5433 error
1387 5381 1680 5435 secundum
1710 5381 2110 5452 pltilOSOphum;

529 5459 606 5517 ita
636 5470 690 5516 et
732 5462 834 5532 ipsi
879 5464 1075 5520 debent
1104 5481 1327 5522 servare
1354 5469 1540 5524 carnis
1582 5469 1947 5540 integritatem
1990 5472 2110 5527 sine

527 5556 900 5624 corruptione,
939 5565 998 5612 ut
1031 5558 1216 5616 dicere
1265 5562 1474 5632 possint
1521 5562 1650 5618 illud
1709 5562 2105 5635 Apocalypsis:

601 5707 749 5782 (105)
779 5711 1141 5782 Ecclesiastici
1167 5731 1322 5782 mu,
1349 5717 1437 5773 10.

601 5779 752 5853 (loli)
781 5780 958 5837 Judic.
983 5799 1038 5853 v,
1065 5785 1158 5839 20.
1309 5779 1318 5782 ⁷
1469 5833 1476 5836 .

601 5849 750 5922 (107)
777 5849 1176 5926 Apocalypscos
1213 5872 1352 5924 xm,
1396 5860 1478 5912 10.

2217 4651 2361 4720 (ιιιοά
2392 4665 2516 4704 vera
2547 4647 2856 4704 ohedientia
2885 4661 3066 4701 moras
3097 4659 3203 4700 non
3247 4641 3458 4711 recipit,
3500 4655 3600 4694 nec
3629 4649 3776 4690 excu-

2217 4743 2486 4797 sationem
2517 4752 2612 4795 aut
2652 4739 2975 4794 dilationem
3008 4737 3269 4792 admittit.
3322 4734 3463 4788 llinc
3511 4732 3578 4786 ad
3605 4730 3778 4784 fratres

2217 4843 2274 4890 et
2319 4832 2617 4902 discipulos
2663 4848 2793 4886 suos
2836 4831 2947 4883 ait:
2995 4827 3217 4884 Manere
3248 4825 3550 4890 vobiscum,
3603 4822 3776 4876 fratres

2217 4927 2322 4980 mei
2383 4924 2748 4990 dilectiSsimi,
2813 4920 3216 4992 gratissimum;
3276 4935 3306 4972 a
3357 4917 3512 4972 vobis
3555 4906 3774 4982 separati

2216 5018 2632 5090 gravissimum;
2697 5014 2972 5069 mandatis
3021 5028 3151 5066 vero
3202 5008 3520 5080 apostolicis
3579 5001 3774 5060 obedire

2218 5111 2585 5167 necessarium
2639 5099 2920 5163 utibilest.
2969 5105 3106 5160 Nam
3151 5105 3205 5160 itt
3247 5103 3546 5174 majoribus
3587 5107 3662 5155 est
3705 5110 3775 5148 rc-

2215 5205 2374 5274 geutli
2424 5218 2488 5258 ac
2527 5193 2755 5270 jubendl
2826 5199 3124 5254 auctoritas
3160 5215 3174 5252 :
3213 5197 3268 5250 in
3326 5195 3624 5250 minoribus
3663 5202 3773 5242 vero

2216 5295 2538 5366 obsequenti
2596 5293 2926 5348 necessitas.
2965 5290 3119 5346 Utide
3149 5289 3302 5360 quasi
3340 5299 3619 5359 peccatum
3647 5282 3770 5337 ario-

2216 5387 2388 5453 landi,
2443 5395 2528 5442 est
2557 5401 2884 5457 repugnare,
2936 5395 2992 5438 et
3043 5384 3196 5454 quasi
3251 5383 3434 5438 scelus
3486 5374 3772 5435 idololatria:

2219 5480 2363 5535 nolle
2407 5479 2790 5550 acquiescere,
2846 5487 3131 5548 propterea
3171 5476 3318 5543 quod
3366 5472 3650 5544 Apostolus
3680 5466 3769 5526 ait,

2217 5580 2276 5626 ut
2302 5589 2318 5622 ι
2347 5573 2528 5627 omnis
2556 5571 2740 5625 anima
2767 5567 3178 5625 sublimioribus
3200 5566 3558 5638 potestatibus
3582 5558 3770 5617 subdita

2288 5722 2438 5794 (l08)
2464 5714 2656 5778 Notata
2697 5715 2781 5778 adi
2813 5727 2866 5778 in
2900 5725 3073 5780 Vitam
3107 5726 3341 5795 praeced.
3366 5724 3433 5779 ad
3461 5731 3569 5779 not.
3605 5720 3678 5774 l7.

2287 5784 2438 5864 (109)
2472 5795 2703 5855 V’idesis,
2738 5811 2859 5862 qua:
2888 5799 2939 5849 ιιι
2964 5784 3248 5852 Adndtatis
3277 5797 3331 5851 in
3357 5795 3530 5851 Vitam
3557 5784 3761 5864 pra:ch-

2214 5865 2284 5917 ad
2315 5875 2428 5919 not.
2471 5866 2538 5918 16
2569 5866 2793 5920 adduxi.
