  <div class='ocr_page' id='page_1' title='image "/cluster/home/n/w/nwhite01/storage/ocr_20150623/152/hvd.32044015473804/262.png"; bbox 0 0 3860 6326; ppageno 0'>
   <div class='ocr_carea' id='block_1_1' title="bbox 114 342 202 395">
    <p class='ocr_par' dir='ltr' id='par_1_1' title="bbox 114 342 202 395">
     <span class='ocr_line' id='line_1_1' title="bbox 114 342 202 395; baseline 0 0"><span class='ocrx_word' id='word_1_1' title='bbox 114 342 202 395; x_wconf 76' lang='grc'><strong>513</strong></span> 
     </span>
    </p>
   </div>
   <div class='ocr_carea' id='block_1_2' title="bbox 1634 334 1833 396">
    <p class='ocr_par' dir='ltr' id='par_1_2' title="bbox 1634 334 1833 396">
     <span class='ocr_line' id='line_1_2' title="bbox 1634 334 1833 396; baseline -0.005 -1"><span class='ocrx_word' id='word_1_2' title='bbox 1634 334 1833 396; x_wconf 82' lang='lat' dir='ltr'><strong>ACTA.</strong></span> 
     </span>
    </p>
   </div>
   <div class='ocr_carea' id='block_1_3' title="bbox 3260 347 3359 406">
    <p class='ocr_par' dir='ltr' id='par_1_3' title="bbox 3260 347 3359 406">
     <span class='ocr_line' id='line_1_3' title="bbox 3260 347 3359 406; baseline 0 0"><span class='ocrx_word' id='word_1_3' title='bbox 3260 347 3359 406; x_wconf 75' lang='lat' dir='ltr'><strong>5H</strong></span> 
     </span>
    </p>
   </div>
   <div class='ocr_carea' id='block_1_4' title="bbox 110 453 3361 539">
    <p class='ocr_par' dir='ltr' id='par_1_4' title="bbox 110 453 3361 539">
     <span class='ocr_line' id='line_1_4' title="bbox 110 453 3361 539; baseline 0.005 -35"><span class='ocrx_word' id='word_1_4' title='bbox 110 456 188 510; x_wconf 84' lang='lat' dir='ltr'><strong>sit.</strong></span> <span class='ocrx_word' id='word_1_5' title='bbox 232 459 359 528; x_wconf 81' lang='lat' dir='ltr'><strong>quia</strong></span> <span class='ocrx_word' id='word_1_6' title='bbox 398 474 504 511; x_wconf 90' lang='lat' dir='ltr'><strong>non</strong></span> <span class='ocrx_word' id='word_1_7' title='bbox 536 466 622 512; x_wconf 88' lang='lat' dir='ltr'><strong>est</strong></span> <span class='ocrx_word' id='word_1_8' title='bbox 660 466 900 527; x_wconf 72' lang='lat' dir='ltr'><strong>potestas</strong></span> <span class='ocrx_word' id='word_1_9' title='bbox 932 458 1034 511; x_wconf 89' lang='lat' dir='ltr'><strong>nisi</strong></span> <span class='ocrx_word' id='word_1_10' title='bbox 1079 475 1108 511; x_wconf 88' lang='lat' dir='ltr'><strong>a</strong></span> <span class='ocrx_word' id='word_1_11' title='bbox 1148 454 1295 521; x_wconf 87' lang='lat' dir='ltr'><strong>Deo;</strong></span> <span class='ocrx_word' id='word_1_12' title='bbox 1331 471 1450 526; x_wconf 75' lang='lat' dir='ltr'><strong>qua:</strong></span> <span class='ocrx_word' id='word_1_13' title='bbox 1489 464 1670 511; x_wconf 90' lang='lat' dir='ltr'><strong>autem</strong></span> <span class='ocrx_word' id='word_1_14' title='bbox 1700 463 1750 519; x_wconf 79' lang='grc' dir='ltr'>Α</span> <span class='ocrx_word' id='word_1_15' title='bbox 1779 453 1968 507; x_wconf 89' lang='lat' dir='ltr'><strong>intime</strong></span> <span class='ocrx_word' id='word_1_16' title='bbox 1992 453 2526 525; x_wconf 80' lang='lat' dir='ltr'><strong>diligebat,adventu</strong></span> <span class='ocrx_word' id='word_1_17' title='bbox 2553 454 2843 527; x_wconf 87' lang='lat' dir='ltr'><strong>plurimum</strong></span> <span class='ocrx_word' id='word_1_18' title='bbox 2859 462 3361 539; x_wconf 81' lang='lat' dir='ltr'><strong>gaudens,benigne</strong></span> 
     </span>
    </p>
   </div>
   <div class='ocr_carea' id='block_1_5' title="bbox 110 544 1674 617">
    <p class='ocr_par' dir='ltr' id='par_1_5' title="bbox 110 544 1674 617">
     <span class='ocr_line' id='line_1_5' title="bbox 110 544 1674 617; baseline -0.004 -12"><span class='ocrx_word' id='word_1_19' title='bbox 110 562 133 598; x_wconf 70' lang='grc'><strong>2</strong></span> <span class='ocrx_word' id='word_1_20' title='bbox 158 544 261 605; x_wconf 67' lang='lat' dir='ltr'><strong>Deo</strong></span> <span class='ocrx_word' id='word_1_21' title='bbox 295 563 444 611; x_wconf 87' lang='lat' dir='ltr'><strong>sunt,</strong></span> <span class='ocrx_word' id='word_1_22' title='bbox 478 550 724 603; x_wconf 88' lang='lat' dir='ltr'><strong>ordinata</strong></span> <span class='ocrx_word' id='word_1_23' title='bbox 766 558 916 613; x_wconf 93' lang='lat' dir='ltr'><strong>sunt,</strong></span> <span class='ocrx_word' id='word_1_24' title='bbox 950 557 1004 603; x_wconf 89' lang='lat' dir='ltr'><strong>et</strong></span> <span class='ocrx_word' id='word_1_25' title='bbox 1033 549 1123 617; x_wconf 86' lang='lat' dir='ltr'><strong>qui</strong></span> <span class='ocrx_word' id='word_1_26' title='bbox 1154 550 1359 603; x_wconf 86' lang='lat' dir='ltr'><strong>resistit</strong></span> <span class='ocrx_word' id='word_1_27' title='bbox 1396 548 1674 616; x_wconf 77' lang='lat' dir='ltr'><strong>potestati,</strong></span> 
     </span>
    </p>
   </div>
   <div class='ocr_carea' id='block_1_6' title="bbox 114 640 1676 710">
    <p class='ocr_par' dir='ltr' id='par_1_6' title="bbox 114 640 1676 710">
     <span class='ocr_line' id='line_1_6' title="bbox 114 640 1676 710; baseline -0.001 -14"><span class='ocrx_word' id='word_1_28' title='bbox 114 644 193 697; x_wconf 82' lang='lat' dir='ltr'><strong>Dei</strong></span> <span class='ocrx_word' id='word_1_29' title='bbox 235 642 568 695; x_wconf 86' lang='lat' dir='ltr'><strong>ordinationi</strong></span> <span class='ocrx_word' id='word_1_30' title='bbox 619 640 821 695; x_wconf 90' lang='lat' dir='ltr'><strong>resistit</strong></span> <span class='ocrx_word' id='word_1_31' title='bbox 858 657 872 694; x_wconf 90' lang='lat'>:</span> <span class='ocrx_word' id='word_1_32' title='bbox 925 640 1016 710; x_wconf 92' lang='lat' dir='ltr'><strong>qui</strong></span> <span class='ocrx_word' id='word_1_33' title='bbox 1057 651 1236 695; x_wconf 83' lang='lat' dir='ltr'><strong>autem</strong></span> <span class='ocrx_word' id='word_1_34' title='bbox 1280 641 1507 706; x_wconf 88' lang='lat' dir='ltr'><strong>resistit,</strong></span> <span class='ocrx_word' id='word_1_35' title='bbox 1563 641 1676 709; x_wconf 89' lang='lat' dir='ltr'><strong>ipse</strong></span> 
     </span>
    </p>
   </div>
   <div class='ocr_carea' id='block_1_7' title="bbox 112 733 1676 804">
    <p class='ocr_par' dir='ltr' id='par_1_7' title="bbox 112 733 1676 804">
     <span class='ocr_line' id='line_1_7' title="bbox 112 733 1676 804; baseline -0.001 -16"><span class='ocrx_word' id='word_1_36' title='bbox 112 734 199 789; x_wconf 76' lang='lat' dir='ltr'><strong>sibi</strong></span> <span class='ocrx_word' id='word_1_37' title='bbox 256 733 664 789; x_wconf 84' lang='lat' dir='ltr'><strong>damnationem</strong></span> <span class='ocrx_word' id='word_1_38' title='bbox 736 734 969 803; x_wconf 83' lang='lat' dir='ltr'><strong>acquirit</strong></span> <span class='ocrx_word' id='word_1_39' title='bbox 1024 733 1194 804; x_wconf 87' lang='grc'><strong>(110).</strong></span> <span class='ocrx_word' id='word_1_40' title='bbox 1246 753 1265 785; x_wconf 72' lang='grc' dir='ltr'><strong>ι</strong></span> <span class='ocrx_word' id='word_1_41' title='bbox 1317 733 1456 800; x_wconf 86' lang='lat' dir='ltr'><strong>Quid</strong></span> <span class='ocrx_word' id='word_1_42' title='bbox 1512 734 1676 801; x_wconf 76' lang='lat' dir='ltr'><strong>igitur</strong></span> 
     </span>
    </p>
   </div>
   <div class='ocr_carea' id='block_1_8' title="bbox 112 823 1678 896">
    <p class='ocr_par' dir='ltr' id='par_1_8' title="bbox 112 823 1678 896">
     <span class='ocr_line' id='line_1_8' title="bbox 112 823 1678 896; baseline -0.001 -17"><span class='ocrx_word' id='word_1_43' title='bbox 112 826 225 880; x_wconf 86' lang='lat' dir='ltr'><strong>mihi</strong></span> <span class='ocrx_word' id='word_1_44' title='bbox 271 829 563 896; x_wconf 85' lang='lat' dir='ltr'><strong>prodesset</strong></span> <span class='ocrx_word' id='word_1_45' title='bbox 610 826 857 879; x_wconf 78' lang='lat' dir='ltr'><strong>exterius</strong></span> <span class='ocrx_word' id='word_1_46' title='bbox 911 826 1000 880; x_wconf 89' lang='lat' dir='ltr'><strong>hic</strong></span> <span class='ocrx_word' id='word_1_47' title='bbox 1047 825 1325 880; x_wconf 79' lang='lat' dir='ltr'><strong>vobiscum</strong></span> <span class='ocrx_word' id='word_1_48' title='bbox 1361 823 1583 894; x_wconf 87' lang='lat' dir='ltr'><strong>jejuuiis</strong></span> <span class='ocrx_word' id='word_1_49' title='bbox 1622 831 1678 880; x_wconf 91' lang='lat' dir='ltr'><strong>et</strong></span> 
     </span>
    </p>
   </div>
   <div class='ocr_carea' id='block_1_9' title="bbox 112 917 1676 987">
    <p class='ocr_par' dir='ltr' id='par_1_9' title="bbox 112 917 1676 987">
     <span class='ocr_line' id='line_1_9' title="bbox 112 917 1676 987; baseline 0 -17"><span class='ocrx_word' id='word_1_50' title='bbox 112 918 444 972; x_wconf 84' lang='lat' dir='ltr'><strong>abstinentiis</strong></span> <span class='ocrx_word' id='word_1_51' title='bbox 478 933 695 971; x_wconf 90' lang='lat' dir='ltr'><strong>carnem</strong></span> <span class='ocrx_word' id='word_1_52' title='bbox 727 927 984 984; x_wconf 87' lang='lat' dir='ltr'><strong>atterere,</strong></span> <span class='ocrx_word' id='word_1_53' title='bbox 1022 926 1076 971; x_wconf 92' lang='lat' dir='ltr'><strong>et</strong></span> <span class='ocrx_word' id='word_1_54' title='bbox 1104 934 1200 987; x_wconf 86' lang='lat' dir='ltr'><strong>per</strong></span> <span class='ocrx_word' id='word_1_55' title='bbox 1231 917 1676 983; x_wconf 83' lang='lat' dir='ltr'><strong>inobedientiam,</strong></span> 
     </span>
    </p>
   </div>
   <div class='ocr_carea' id='block_1_10' title="bbox 111 1007 1673 1077">
    <p class='ocr_par' dir='ltr' id='par_1_10' title="bbox 111 1007 1673 1077">
     <span class='ocr_line' id='line_1_10' title="bbox 111 1007 1673 1077; baseline 0.001 -18"><span class='ocrx_word' id='word_1_56' title='bbox 111 1008 284 1061; x_wconf 80' lang='lat' dir='ltr'><strong>animae</strong></span> <span class='ocrx_word' id='word_1_57' title='bbox 302 1023 441 1061; x_wconf 76' lang='lat' dir='ltr'><strong>mea:</strong></span> <span class='ocrx_word' id='word_1_58' title='bbox 466 1007 868 1061; x_wconf 89' lang='lat' dir='ltr'><strong>danmationem</strong></span> <span class='ocrx_word' id='word_1_59' title='bbox 904 1009 1225 1077; x_wconf 83' lang='lat' dir='ltr'><strong>acquirere?</strong></span> <span class='ocrx_word' id='word_1_60' title='bbox 1264 1007 1439 1062; x_wconf 86' lang='lat' dir='ltr'><strong>Nolite</strong></span> <span class='ocrx_word' id='word_1_61' title='bbox 1472 1008 1673 1075; x_wconf 80' lang='lat' dir='ltr'><strong>itaque,</strong></span> 
     </span>
    </p>
   </div>
   <div class='ocr_carea' id='block_1_11' title="bbox 112 1098 1678 1169">
    <p class='ocr_par' dir='ltr' id='par_1_11' title="bbox 112 1098 1678 1169">
     <span class='ocr_line' id='line_1_11' title="bbox 112 1098 1678 1169; baseline 0.001 -18"><span class='ocrx_word' id='word_1_62' title='bbox 112 1098 311 1162; x_wconf 77' lang='lat' dir='ltr'><strong>fratres,</strong></span> <span class='ocrx_word' id='word_1_63' title='bbox 346 1115 513 1169; x_wconf 84' lang='lat' dir='ltr'><strong>super</strong></span> <span class='ocrx_word' id='word_1_64' title='bbox 548 1115 766 1153; x_wconf 86' lang='lat' dir='ltr'><strong>recessu</strong></span> <span class='ocrx_word' id='word_1_65' title='bbox 803 1115 926 1154; x_wconf 87' lang='lat' dir='ltr'><strong>meo</strong></span> <span class='ocrx_word' id='word_1_66' title='bbox 952 1102 1289 1165; x_wconf 88' lang='lat' dir='ltr'><strong>contristari,</strong></span> <span class='ocrx_word' id='word_1_67' title='bbox 1328 1116 1394 1155; x_wconf 92' lang='lat' dir='ltr'><strong>ne</strong></span> <span class='ocrx_word' id='word_1_68' title='bbox 1420 1107 1678 1169; x_wconf 80' lang='lat' dir='ltr'><strong>superad-</strong></span> 
     </span>
    </p>
   </div>
   <div class='ocr_carea' id='block_1_12' title="bbox 117 1189 1677 1259">
    <p class='ocr_par' dir='ltr' id='par_1_12' title="bbox 117 1189 1677 1259">
     <span class='ocr_line' id='line_1_12' title="bbox 117 1189 1677 1259; baseline 0.001 -16"><span class='ocrx_word' id='word_1_69' title='bbox 117 1191 240 1243; x_wconf 79' lang='lat' dir='ltr'><strong>datis</strong></span> <span class='ocrx_word' id='word_1_70' title='bbox 266 1189 516 1244; x_wconf 88' lang='lat' dir='ltr'><strong>dolorem</strong></span> <span class='ocrx_word' id='word_1_71' title='bbox 543 1189 740 1252; x_wconf 89' lang='lat' dir='ltr'><strong>dolori,</strong></span> <span class='ocrx_word' id='word_1_72' title='bbox 774 1191 869 1244; x_wconf 88' lang='lat' dir='ltr'><strong>sed</strong></span> <span class='ocrx_word' id='word_1_73' title='bbox 912 1191 1090 1259; x_wconf 84' lang='lat' dir='ltr'><strong>potius</strong></span> <span class='ocrx_word' id='word_1_74' title='bbox 1120 1191 1171 1244; x_wconf 91' lang='lat' dir='ltr'><strong>in</strong></span> <span class='ocrx_word' id='word_1_75' title='bbox 1204 1206 1265 1243; x_wconf 83' lang='lat' dir='ltr'><strong>ea</strong></span> <span class='ocrx_word' id='word_1_76' title='bbox 1293 1192 1595 1253; x_wconf 88' lang='lat' dir='ltr'><strong>vocatione,</strong></span> <span class='ocrx_word' id='word_1_77' title='bbox 1623 1192 1677 1244; x_wconf 92' lang='lat' dir='ltr'><strong>in</strong></span> 
     </span>
    </p>
   </div>
   <div class='ocr_carea' id='block_1_13' title="bbox 115 1281 1677 1352">
    <p class='ocr_par' dir='ltr' id='par_1_13' title="bbox 115 1281 1677 1352">
     <span class='ocr_line' id='line_1_13' title="bbox 115 1281 1677 1352; baseline 0.003 -19"><span class='ocrx_word' id='word_1_78' title='bbox 115 1296 206 1349; x_wconf 78' lang='lat' dir='ltr'><strong>qua</strong></span> <span class='ocrx_word' id='word_1_79' title='bbox 231 1281 411 1334; x_wconf 80' lang='lat' dir='ltr'><strong>vocati</strong></span> <span class='ocrx_word' id='word_1_80' title='bbox 446 1282 599 1347; x_wconf 88' lang='lat' dir='ltr'><strong>estis,</strong></span> <span class='ocrx_word' id='word_1_81' title='bbox 632 1291 1002 1349; x_wconf 84' lang='lat' dir='ltr'><strong>perseverate.</strong></span> <span class='ocrx_word' id='word_1_82' title='bbox 1038 1281 1106 1334; x_wconf 85' lang='lat' dir='ltr'><strong>Et</strong></span> <span class='ocrx_word' id='word_1_83' title='bbox 1132 1298 1252 1351; x_wconf 83' lang='lat' dir='ltr'><strong>ego,</strong></span> <span class='ocrx_word' id='word_1_84' title='bbox 1302 1285 1515 1352; x_wconf 81' lang='lat' dir='ltr'><strong>expleta</strong></span> <span class='ocrx_word' id='word_1_85' title='bbox 1546 1284 1677 1337; x_wconf 89' lang='lat' dir='ltr'><strong>mihi</strong></span> 
     </span>
    </p>
   </div>
   <div class='ocr_carea' id='block_1_14' title="bbox 118 1371 1680 1439">
    <p class='ocr_par' dir='ltr' id='par_1_14' title="bbox 118 1371 1680 1439">
     <span class='ocr_line' id='line_1_14' title="bbox 118 1371 1680 1439; baseline 0.001 -14"><span class='ocrx_word' id='word_1_86' title='bbox 118 1371 340 1439; x_wconf 85' lang='lat' dir='ltr'><strong>injuncta</strong></span> <span class='ocrx_word' id='word_1_87' title='bbox 373 1371 713 1439; x_wconf 89' lang='lat' dir='ltr'><strong>obedientia,</strong></span> <span class='ocrx_word' id='word_1_88' title='bbox 754 1372 821 1427; x_wconf 89' lang='lat' dir='ltr'><strong>ad</strong></span> <span class='ocrx_word' id='word_1_89' title='bbox 870 1388 968 1428; x_wconf 89' lang='lat' dir='ltr'><strong>vos</strong></span> <span class='ocrx_word' id='word_1_90' title='bbox 994 1385 1255 1437; x_wconf 88' lang='lat' dir='ltr'><strong>revertar,</strong></span> <span class='ocrx_word' id='word_1_91' title='bbox 1295 1374 1524 1427; x_wconf 79' lang='lat' dir='ltr'><strong>Doruino</strong></span> <span class='ocrx_word' id='word_1_92' title='bbox 1555 1389 1680 1428; x_wconf 87' lang='lat' dir='ltr'><strong>con-</strong></span> 
     </span>
    </p>
   </div>
   <div class='ocr_carea' id='block_1_15' title="bbox 113 1465 337 1519">
    <p class='ocr_par' dir='ltr' id='par_1_15' title="bbox 113 1465 337 1519">
     <span class='ocr_line' id='line_1_15' title="bbox 113 1465 337 1519; baseline -0.009 0"><span class='ocrx_word' id='word_1_93' title='bbox 113 1465 337 1519; x_wconf 77' lang='lat' dir='ltr'><strong>cedente.</strong></span> 
     </span>
    </p>
   </div>
   <div class='ocr_carea' id='block_1_16' title="bbox 169 1573 1683 1646">
    <p class='ocr_par' dir='ltr' id='par_1_16' title="bbox 169 1573 1683 1646">
     <span class='ocr_line' id='line_1_16' title="bbox 169 1573 1683 1646; baseline 0 -17"><span class='ocrx_word' id='word_1_94' title='bbox 169 1574 251 1629; x_wconf 70' lang='grc'><strong>46.</strong></span> <span class='ocrx_word' id='word_1_95' title='bbox 285 1574 448 1629; x_wconf 85' lang='lat' dir='ltr'><strong>Tunc</strong></span> <span class='ocrx_word' id='word_1_96' title='bbox 504 1588 695 1630; x_wconf 91' lang='lat' dir='ltr'><strong>omnes</strong></span> <span class='ocrx_word' id='word_1_97' title='bbox 720 1588 844 1629; x_wconf 91' lang='lat' dir='ltr'><strong>cum</strong></span> <span class='ocrx_word' id='word_1_98' title='bbox 870 1573 1127 1646; x_wconf 86' lang='lat' dir='ltr'><strong>laerymis</strong></span> <span class='ocrx_word' id='word_1_99' title='bbox 1159 1583 1214 1629; x_wconf 90' lang='lat' dir='ltr'><strong>et</strong></span> <span class='ocrx_word' id='word_1_100' title='bbox 1254 1573 1455 1642; x_wconf 89' lang='lat' dir='ltr'><strong>ejulatu</strong></span> <span class='ocrx_word' id='word_1_101' title='bbox 1486 1589 1683 1644; x_wconf 83' lang='lat' dir='ltr'><strong>magno</strong></span> 
     </span>
    </p>
   </div>
   <div class='ocr_carea' id='block_1_17' title="bbox 115 1666 1675 1735">
    <p class='ocr_par' dir='ltr' id='par_1_17' title="bbox 115 1666 1675 1735">
     <span class='ocr_line' id='line_1_17' title="bbox 115 1666 1675 1735; baseline 0.001 -16"><span class='ocrx_word' id='word_1_102' title='bbox 115 1666 323 1721; x_wconf 81' lang='lat' dir='ltr'><strong>clamare</strong></span> <span class='ocrx_word' id='word_1_103' title='bbox 348 1677 638 1735; x_wconf 54' lang='lat' dir='ltr'><strong>coeperunt</strong></span> <span class='ocrx_word' id='word_1_104' title='bbox 660 1666 902 1721; x_wconf 87' lang='lat' dir='ltr'><strong>dicentes</strong></span> <span class='ocrx_word' id='word_1_105' title='bbox 927 1685 940 1719; x_wconf 90' lang='lat'>:</span> <span class='ocrx_word' id='word_1_106' title='bbox 973 1668 1081 1720; x_wconf 87' lang='lat' dir='ltr'><strong>Cur</strong></span> <span class='ocrx_word' id='word_1_107' title='bbox 1101 1682 1221 1731; x_wconf 88' lang='lat' dir='ltr'><strong>nos,</strong></span> <span class='ocrx_word' id='word_1_108' title='bbox 1253 1667 1433 1730; x_wconf 87' lang='lat' dir='ltr'><strong>Pater,</strong></span> <span class='ocrx_word' id='word_1_109' title='bbox 1452 1668 1675 1733; x_wconf 87' lang='lat' dir='ltr'><strong>deseris,</strong></span> 
     </span>
    </p>
   </div>
   <div class='ocr_carea' id='block_1_18' title="bbox 118 1756 1681 1827">
    <p class='ocr_par' dir='ltr' id='par_1_18' title="bbox 118 1756 1681 1827">
     <span class='ocr_line' id='line_1_18' title="bbox 118 1756 1681 1827; baseline 0.001 -18"><span class='ocrx_word' id='word_1_110' title='bbox 118 1759 297 1813; x_wconf 86' lang='lat' dir='ltr'><strong>antcui</strong></span> <span class='ocrx_word' id='word_1_111' title='bbox 339 1774 446 1812; x_wconf 81' lang='lat' dir='ltr'><strong>nos</strong></span> <span class='ocrx_word' id='word_1_112' title='bbox 488 1757 758 1812; x_wconf 88' lang='lat' dir='ltr'><strong>desolatos</strong></span> <span class='ocrx_word' id='word_1_113' title='bbox 799 1757 1104 1827; x_wconf 85' lang='lat' dir='ltr'><strong>relinquis?</strong></span> <span class='ocrx_word' id='word_1_114' title='bbox 1153 1756 1233 1811; x_wconf 87' lang='lat' dir='ltr'><strong>Tu</strong></span> <span class='ocrx_word' id='word_1_115' title='bbox 1280 1771 1340 1812; x_wconf 89' lang='lat' dir='ltr'><strong>es</strong></span> <span class='ocrx_word' id='word_1_116' title='bbox 1386 1759 1531 1811; x_wconf 84' lang='lat' dir='ltr'><strong>enim</strong></span> <span class='ocrx_word' id='word_1_117' title='bbox 1562 1766 1681 1827; x_wconf 89' lang='lat' dir='ltr'><strong>post</strong></span> 
     </span>
    </p>
   </div>
   <div class='ocr_carea' id='block_1_19' title="bbox 116 1848 1681 1920">
    <p class='ocr_par' dir='ltr' id='par_1_19' title="bbox 116 1848 1681 1920">
     <span class='ocr_line' id='line_1_19' title="bbox 116 1848 1681 1920; baseline 0.001 -18"><span class='ocrx_word' id='word_1_118' title='bbox 116 1851 258 1903; x_wconf 79' lang='lat' dir='ltr'><strong>Deum</strong></span> <span class='ocrx_word' id='word_1_119' title='bbox 291 1851 478 1903; x_wconf 72' lang='lat' dir='ltr'><strong>omnis</strong></span> <span class='ocrx_word' id='word_1_120' title='bbox 514 1865 639 1919; x_wconf 82' lang='lat' dir='ltr'><strong>spes</strong></span> <span class='ocrx_word' id='word_1_121' title='bbox 677 1859 900 1914; x_wconf 90' lang='lat' dir='ltr'><strong>nostra,</strong></span> <span class='ocrx_word' id='word_1_122' title='bbox 944 1857 1223 1919; x_wconf 89' lang='lat' dir='ltr'><strong>totumque</strong></span> <span class='ocrx_word' id='word_1_123' title='bbox 1275 1848 1562 1920; x_wconf 79' lang='lat' dir='ltr'><strong>refugium.</strong></span> <span class='ocrx_word' id='word_1_124' title='bbox 1603 1850 1681 1904; x_wconf 90' lang='lat' dir='ltr'><strong>Tu</strong></span> 
     </span>
    </p>
   </div>
   <div class='ocr_carea' id='block_1_20' title="bbox 120 1942 1678 2013">
    <p class='ocr_par' dir='ltr' id='par_1_20' title="bbox 120 1942 1678 2013">
     <span class='ocr_line' id='line_1_20' title="bbox 120 1942 1678 2013; baseline 0 -17"><span class='ocrx_word' id='word_1_125' title='bbox 120 1942 251 1997; x_wconf 84' lang='lat' dir='ltr'><strong>nobis</strong></span> <span class='ocrx_word' id='word_1_126' title='bbox 289 1943 344 1996; x_wconf 91' lang='lat' dir='ltr'><strong>in</strong></span> <span class='ocrx_word' id='word_1_127' title='bbox 379 1943 629 1997; x_wconf 82' lang='lat' dir='ltr'><strong>adversis</strong></span> <span class='ocrx_word' id='word_1_128' title='bbox 653 1942 988 2011; x_wconf 68' lang='lat' dir='ltr'><strong>prmsidium,</strong></span> <span class='ocrx_word' id='word_1_129' title='bbox 1019 1943 1072 1997; x_wconf 89' lang='lat' dir='ltr'><strong>in</strong></span> <span class='ocrx_word' id='word_1_130' title='bbox 1103 1943 1378 2013; x_wconf 87' lang='lat' dir='ltr'><strong>prosperis</strong></span> <span class='ocrx_word' id='word_1_131' title='bbox 1406 1942 1678 2008; x_wconf 78' lang='lat' dir='ltr'><strong>solatium,</strong></span> 
     </span>
    </p>
   </div>
   <div class='ocr_carea' id='block_1_21' title="bbox 120 2032 1677 2099">
    <p class='ocr_par' dir='ltr' id='par_1_21' title="bbox 120 2032 1677 2099">
     <span class='ocr_line' id='line_1_21' title="bbox 120 2032 1677 2099; baseline 0.003 -14"><span class='ocrx_word' id='word_1_132' title='bbox 120 2032 162 2085; x_wconf 86' lang='lat' dir='ltr'><strong>in</strong></span> <span class='ocrx_word' id='word_1_133' title='bbox 200 2032 499 2086; x_wconf 80' lang='lat' dir='ltr'><strong>tentatione</strong></span> <span class='ocrx_word' id='word_1_134' title='bbox 536 2032 841 2099; x_wconf 86' lang='lat' dir='ltr'><strong>consilium,</strong></span> <span class='ocrx_word' id='word_1_135' title='bbox 902 2034 954 2087; x_wconf 91' lang='lat' dir='ltr'><strong>iu</strong></span> <span class='ocrx_word' id='word_1_136' title='bbox 999 2033 1317 2089; x_wconf 82' lang='lat' dir='ltr'><strong>infirmitate</strong></span> <span class='ocrx_word' id='word_1_137' title='bbox 1357 2035 1677 2090; x_wconf 87' lang='lat' dir='ltr'><strong>subsidium.</strong></span> 
     </span>
    </p>
   </div>
   <div class='ocr_carea' id='block_1_22' title="bbox 120 2123 1684 2196">
    <p class='ocr_par' dir='ltr' id='par_1_22' title="bbox 120 2123 1684 2196">
     <span class='ocr_line' id='line_1_22' title="bbox 120 2123 1684 2196; baseline 0.002 -18"><span class='ocrx_word' id='word_1_138' title='bbox 120 2123 233 2190; x_wconf 73' lang='lat' dir='ltr'><strong>Quid</strong></span> <span class='ocrx_word' id='word_1_139' title='bbox 260 2124 450 2191; x_wconf 80' lang='lat' dir='ltr'><strong>igitur,</strong></span> <span class='ocrx_word' id='word_1_140' title='bbox 482 2131 537 2178; x_wconf 90' lang='lat' dir='ltr'><strong>te</strong></span> <span class='ocrx_word' id='word_1_141' title='bbox 559 2125 869 2188; x_wconf 86' lang='lat' dir='ltr'><strong>recedente,</strong></span> <span class='ocrx_word' id='word_1_142' title='bbox 900 2124 1181 2191; x_wconf 80' lang='lat' dir='ltr'><strong>faciemus,</strong></span> <span class='ocrx_word' id='word_1_143' title='bbox 1212 2137 1305 2181; x_wconf 89' lang='lat' dir='ltr'><strong>aut</strong></span> <span class='ocrx_word' id='word_1_144' title='bbox 1329 2128 1394 2181; x_wconf 89' lang='lat' dir='ltr'><strong>ad</strong></span> <span class='ocrx_word' id='word_1_145' title='bbox 1419 2143 1600 2196; x_wconf 84' lang='lat' dir='ltr'><strong>quem,</strong></span> <span class='ocrx_word' id='word_1_146' title='bbox 1632 2134 1684 2181; x_wconf 87' lang='lat' dir='ltr'><strong>te</strong></span> 
     </span>
    </p>
   </div>
   <div class='ocr_carea' id='block_1_23' title="bbox 120 2216 1683 2287">
    <p class='ocr_par' dir='ltr' id='par_1_23' title="bbox 120 2216 1683 2287">
     <span class='ocr_line' id='line_1_23' title="bbox 120 2216 1683 2287; baseline 0.002 -19"><span class='ocrx_word' id='word_1_147' title='bbox 120 2216 337 2280; x_wconf 83' lang='lat' dir='ltr'><strong>absente,</strong></span> <span class='ocrx_word' id='word_1_148' title='bbox 408 2216 783 2271; x_wconf 86' lang='lat' dir='ltr'><strong>recurremus?</strong></span> <span class='ocrx_word' id='word_1_149' title='bbox 828 2216 1047 2272; x_wconf 89' lang='lat' dir='ltr'><strong>Erimus</strong></span> <span class='ocrx_word' id='word_1_150' title='bbox 1092 2217 1334 2287; x_wconf 82' lang='lat' dir='ltr'><strong>profecto</strong></span> <span class='ocrx_word' id='word_1_151' title='bbox 1381 2219 1520 2272; x_wconf 86' lang='lat' dir='ltr'><strong>sicut</strong></span> <span class='ocrx_word' id='word_1_152' title='bbox 1553 2233 1683 2272; x_wconf 88' lang='lat' dir='ltr'><strong>oves</strong></span> 
     </span>
    </p>
   </div>
   <div class='ocr_carea' id='block_1_24' title="bbox 121 2307 1687 2379">
    <p class='ocr_par' dir='ltr' id='par_1_24' title="bbox 121 2307 1687 2379">
     <span class='ocr_line' id='line_1_24' title="bbox 121 2307 1687 2379; baseline 0.002 -18"><span class='ocrx_word' id='word_1_153' title='bbox 121 2317 359 2372; x_wconf 85' lang='lat' dir='ltr'><strong>errantes,</strong></span> <span class='ocrx_word' id='word_1_154' title='bbox 381 2322 493 2362; x_wconf 90' lang='lat' dir='ltr'><strong>non</strong></span> <span class='ocrx_word' id='word_1_155' title='bbox 521 2307 783 2363; x_wconf 84' lang='lat' dir='ltr'><strong>habentes</strong></span> <span class='ocrx_word' id='word_1_156' title='bbox 805 2317 1097 2376; x_wconf 87' lang='lat' dir='ltr'><strong>pastorem.</strong></span> <span class='ocrx_word' id='word_1_157' title='bbox 1122 2310 1180 2363; x_wconf 83' lang='lat' dir='ltr'><strong>Si</strong></span> <span class='ocrx_word' id='word_1_158' title='bbox 1214 2309 1378 2379; x_wconf 79' lang='lat' dir='ltr'><strong>igitur</strong></span> <span class='ocrx_word' id='word_1_159' title='bbox 1404 2321 1455 2365; x_wconf 90' lang='lat' dir='ltr'><strong>te</strong></span> <span class='ocrx_word' id='word_1_160' title='bbox 1482 2311 1547 2363; x_wconf 90' lang='lat' dir='ltr'><strong>ad</strong></span> <span class='ocrx_word' id='word_1_161' title='bbox 1576 2311 1687 2364; x_wconf 74' lang='lat' dir='ltr'><strong>lio-</strong></span> 
     </span>
    </p>
   </div>
   <div class='ocr_carea' id='block_1_25' title="bbox 122 2399 1684 2469">
    <p class='ocr_par' dir='ltr' id='par_1_25' title="bbox 122 2399 1684 2469">
     <span class='ocr_line' id='line_1_25' title="bbox 122 2399 1684 2469; baseline 0.006 -19"><span class='ocrx_word' id='word_1_162' title='bbox 122 2414 310 2453; x_wconf 82' lang='lat' dir='ltr'><strong>manum</strong></span> <span class='ocrx_word' id='word_1_163' title='bbox 367 2399 685 2469; x_wconf 81' lang='lat' dir='ltr'><strong>pontiﬁcem</strong></span> <span class='ocrx_word' id='word_1_164' title='bbox 728 2400 1037 2455; x_wconf 87' lang='lat' dir='ltr'><strong>obedientia</strong></span> <span class='ocrx_word' id='word_1_165' title='bbox 1081 2403 1289 2468; x_wconf 89' lang='lat' dir='ltr'><strong>trahat,</strong></span> <span class='ocrx_word' id='word_1_166' title='bbox 1347 2404 1529 2457; x_wconf 87' lang='lat' dir='ltr'><strong>trahet</strong></span> <span class='ocrx_word' id='word_1_167' title='bbox 1585 2418 1684 2461; x_wconf 83' lang='lat' dir='ltr'><strong>nos</strong></span> 
     </span>
    </p>
   </div>
   <div class='ocr_carea' id='block_1_26' title="bbox 123 2490 1683 2563">
    <p class='ocr_par' dir='ltr' id='par_1_26' title="bbox 123 2490 1683 2563">
     <span class='ocr_line' id='line_1_26' title="bbox 123 2490 1683 2563; baseline 0.005 -21"><span class='ocrx_word' id='word_1_168' title='bbox 123 2498 269 2543; x_wconf 80' lang='lat' dir='ltr'><strong>tecum</strong></span> <span class='ocrx_word' id='word_1_169' title='bbox 307 2490 727 2559; x_wconf 87' lang='lat' dir='ltr'><strong>supereminens</strong></span> <span class='ocrx_word' id='word_1_170' title='bbox 766 2491 1026 2559; x_wconf 77' lang='lat' dir='ltr'><strong>Charitas,</strong></span> <span class='ocrx_word' id='word_1_171' title='bbox 1070 2509 1191 2563; x_wconf 83' lang='lat' dir='ltr'><strong>quae</strong></span> <span class='ocrx_word' id='word_1_172' title='bbox 1240 2503 1325 2549; x_wconf 89' lang='lat' dir='ltr'><strong>est</strong></span> <span class='ocrx_word' id='word_1_173' title='bbox 1361 2495 1415 2548; x_wconf 91' lang='lat' dir='ltr'><strong>in</strong></span> <span class='ocrx_word' id='word_1_174' title='bbox 1460 2494 1683 2550; x_wconf 81' lang='lat' dir='ltr'><strong>Christo</strong></span> 
     </span>
    </p>
   </div>
   <div class='ocr_carea' id='block_1_27' title="bbox 123 2582 1685 2658">
    <p class='ocr_par' dir='ltr' id='par_1_27' title="bbox 123 2582 1685 2658">
     <span class='ocr_line' id='line_1_27' title="bbox 123 2582 1685 2658; baseline 0.004 -22"><span class='ocrx_word' id='word_1_175' title='bbox 123 2582 245 2649; x_wconf 83' lang='lat' dir='ltr'><strong>Jesu,</strong></span> <span class='ocrx_word' id='word_1_176' title='bbox 288 2601 461 2655; x_wconf 87' lang='lat' dir='ltr'><strong>quam</strong></span> <span class='ocrx_word' id='word_1_177' title='bbox 519 2600 740 2655; x_wconf 88' lang='lat' dir='ltr'><strong>sperare</strong></span> <span class='ocrx_word' id='word_1_178' title='bbox 772 2601 876 2640; x_wconf 93' lang='lat' dir='ltr'><strong>non</strong></span> <span class='ocrx_word' id='word_1_179' title='bbox 936 2588 1155 2656; x_wconf 87' lang='lat' dir='ltr'><strong>poterit,</strong></span> <span class='ocrx_word' id='word_1_180' title='bbox 1185 2602 1361 2658; x_wconf 89' lang='lat' dir='ltr'><strong>neque</strong></span> <span class='ocrx_word' id='word_1_181' title='bbox 1388 2603 1553 2651; x_wconf 91' lang='lat' dir='ltr'><strong>mors,</strong></span> <span class='ocrx_word' id='word_1_182' title='bbox 1595 2604 1685 2643; x_wconf 80' lang='lat' dir='ltr'><strong>ne-</strong></span> 
     </span>
    </p>
   </div>
   <div class='ocr_carea' id='block_1_28' title="bbox 123 2677 1683 2749">
    <p class='ocr_par' dir='ltr' id='par_1_28' title="bbox 123 2677 1683 2749">
     <span class='ocr_line' id='line_1_28' title="bbox 123 2677 1683 2749; baseline 0.004 -22"><span class='ocrx_word' id='word_1_183' title='bbox 123 2689 205 2742; x_wconf 81' lang='lat' dir='ltr'><strong>que</strong></span> <span class='ocrx_word' id='word_1_184' title='bbox 245 2678 354 2729; x_wconf 82' lang='lat' dir='ltr'><strong>vita</strong></span> <span class='ocrx_word' id='word_1_185' title='bbox 383 2716 400 2741; x_wconf 92' lang='lat'><strong>,</strong></span> <span class='ocrx_word' id='word_1_186' title='bbox 449 2691 628 2744; x_wconf 89' lang='lat' dir='ltr'><strong>neque</strong></span> <span class='ocrx_word' id='word_1_187' title='bbox 677 2684 929 2731; x_wconf 87' lang='lat' dir='ltr'><strong>creatura</strong></span> <span class='ocrx_word' id='word_1_188' title='bbox 993 2677 1194 2747; x_wconf 89' lang='lat' dir='ltr'><strong>aliqua.</strong></span> <span class='ocrx_word' id='word_1_189' title='bbox 1252 2677 1450 2733; x_wconf 87' lang='lat' dir='ltr'><strong>Beatus</strong></span> <span class='ocrx_word' id='word_1_190' title='bbox 1499 2680 1683 2749; x_wconf 84' lang='lat' dir='ltr'><strong>itaque</strong></span> 
     </span>
    </p>
   </div>
   <div class='ocr_carea' id='block_1_29' title="bbox 124 2773 1683 2845">
    <p class='ocr_par' dir='ltr' id='par_1_29' title="bbox 124 2773 1683 2845">
     <span class='ocr_line' id='line_1_29' title="bbox 124 2773 1683 2845; baseline 0.004 -20"><span class='ocrx_word' id='word_1_191' title='bbox 124 2773 275 2830; x_wconf 86' lang='lat' dir='ltr'><strong>Bruno</strong></span> <span class='ocrx_word' id='word_1_192' title='bbox 306 2777 427 2830; x_wconf 76' lang='lat' dir='ltr'><strong>haec</strong></span> <span class='ocrx_word' id='word_1_193' title='bbox 452 2776 703 2841; x_wconf 84' lang='lat' dir='ltr'><strong>audiens,</strong></span> <span class='ocrx_word' id='word_1_194' title='bbox 734 2775 932 2831; x_wconf 90' lang='lat' dir='ltr'><strong>timens</strong></span> <span class='ocrx_word' id='word_1_195' title='bbox 954 2788 1027 2841; x_wconf 77' lang='lat' dir='ltr'><strong>ne</strong></span> <span class='ocrx_word' id='word_1_196' title='bbox 1052 2785 1271 2845; x_wconf 87' lang='lat' dir='ltr'><strong>propter</strong></span> <span class='ocrx_word' id='word_1_197' title='bbox 1295 2791 1449 2830; x_wconf 89' lang='lat' dir='ltr'><strong>suum</strong></span> <span class='ocrx_word' id='word_1_198' title='bbox 1478 2784 1533 2830; x_wconf 91' lang='lat' dir='ltr'><strong>et</strong></span> <span class='ocrx_word' id='word_1_199' title='bbox 1561 2791 1683 2831; x_wconf 84' lang='lat' dir='ltr'><strong>suo-</strong></span> 
     </span>
    </p>
   </div>
   <div class='ocr_carea' id='block_1_30' title="bbox 126 2867 1683 2938">
    <p class='ocr_par' dir='ltr' id='par_1_30' title="bbox 126 2867 1683 2938">
     <span class='ocr_line' id='line_1_30' title="bbox 126 2867 1683 2938; baseline 0.002 -18"><span class='ocrx_word' id='word_1_200' title='bbox 126 2882 218 2920; x_wconf 85' lang='lat' dir='ltr'><strong>rum</strong></span> <span class='ocrx_word' id='word_1_201' title='bbox 268 2869 395 2923; x_wconf 87' lang='lat' dir='ltr'><strong>inde</strong></span> <span class='ocrx_word' id='word_1_202' title='bbox 459 2867 759 2922; x_wconf 89' lang='lat' dir='ltr'><strong>discessum</strong></span> <span class='ocrx_word' id='word_1_203' title='bbox 815 2867 967 2923; x_wconf 90' lang='lat' dir='ltr'><strong>locus</strong></span> <span class='ocrx_word' id='word_1_204' title='bbox 1023 2868 1350 2938; x_wconf 87' lang='lat' dir='ltr'><strong>praedictus,</strong></span> <span class='ocrx_word' id='word_1_205' title='bbox 1399 2868 1512 2937; x_wconf 86' lang='lat' dir='ltr'><strong>jam</strong></span> <span class='ocrx_word' id='word_1_206' title='bbox 1576 2869 1683 2923; x_wconf 86' lang='lat' dir='ltr'><strong>Deo</strong></span> 
     </span>
    </p>
   </div>
   <div class='ocr_carea' id='block_1_31' title="bbox 126 2958 1682 3029">
    <p class='ocr_par' dir='ltr' id='par_1_31' title="bbox 126 2958 1682 3029">
     <span class='ocr_line' id='line_1_31' title="bbox 126 2958 1682 3029; baseline 0.004 -20"><span class='ocrx_word' id='word_1_207' title='bbox 126 2959 327 3024; x_wconf 86' lang='lat' dir='ltr'><strong>dicatus,</strong></span> <span class='ocrx_word' id='word_1_208' title='bbox 360 2958 428 3011; x_wconf 90' lang='lat' dir='ltr'><strong>ad</strong></span> <span class='ocrx_word' id='word_1_209' title='bbox 466 2972 659 3013; x_wconf 91' lang='lat' dir='ltr'><strong>manus</strong></span> <span class='ocrx_word' id='word_1_210' title='bbox 691 2959 857 3013; x_wconf 86' lang='lat' dir='ltr'><strong>laicas</strong></span> <span class='ocrx_word' id='word_1_211' title='bbox 893 2968 948 3013; x_wconf 91' lang='lat' dir='ltr'><strong>et</strong></span> <span class='ocrx_word' id='word_1_212' title='bbox 988 2959 1246 3029; x_wconf 86' lang='lat' dir='ltr'><strong>profanas</strong></span> <span class='ocrx_word' id='word_1_213' title='bbox 1289 2960 1485 3015; x_wconf 91' lang='lat' dir='ltr'><strong>iterum</strong></span> <span class='ocrx_word' id='word_1_214' title='bbox 1517 2961 1682 3016; x_wconf 83' lang='lat' dir='ltr'><strong>deve-</strong></span> 
     </span>
    </p>
   </div>
   <div class='ocr_carea' id='block_1_32' title="bbox 127 3051 1681 3126">
    <p class='ocr_par' dir='ltr' id='par_1_32' title="bbox 127 3051 1681 3126">
     <span class='ocr_line' id='line_1_32' title="bbox 127 3051 1681 3126; baseline 0.007 -25"><span class='ocrx_word' id='word_1_215' title='bbox 127 3051 258 3118; x_wconf 82' lang='lat' dir='ltr'><strong>niret,</strong></span> <span class='ocrx_word' id='word_1_216' title='bbox 300 3057 611 3124; x_wconf 85' lang='lat' dir='ltr'><strong>nolensque</strong></span> <span class='ocrx_word' id='word_1_217' title='bbox 644 3053 792 3107; x_wconf 91' lang='lat' dir='ltr'><strong>illum</strong></span> <span class='ocrx_word' id='word_1_218' title='bbox 842 3055 1065 3109; x_wconf 90' lang='lat' dir='ltr'><strong>omnino</strong></span> <span class='ocrx_word' id='word_1_219' title='bbox 1108 3058 1382 3122; x_wconf 87' lang='lat' dir='ltr'><strong>deserere,</strong></span> <span class='ocrx_word' id='word_1_220' title='bbox 1421 3056 1515 3111; x_wconf 90' lang='lat' dir='ltr'><strong>sed</strong></span> <span class='ocrx_word' id='word_1_221' title='bbox 1559 3065 1681 3126; x_wconf 89' lang='lat' dir='ltr'><strong>post</strong></span> 
     </span>
    </p>
   </div>
   <div class='ocr_carea' id='block_1_33' title="bbox 127 3141 1681 3212">
    <p class='ocr_par' dir='ltr' id='par_1_33' title="bbox 127 3141 1681 3212">
     <span class='ocr_line' id='line_1_33' title="bbox 127 3141 1681 3212; baseline 0.006 -22"><span class='ocrx_word' id='word_1_222' title='bbox 127 3141 366 3209; x_wconf 80' lang='lat' dir='ltr'><strong>expletam</strong></span> <span class='ocrx_word' id='word_1_223' title='bbox 390 3142 496 3197; x_wconf 89' lang='lat' dir='ltr'><strong>sibi</strong></span> <span class='ocrx_word' id='word_1_224' title='bbox 524 3143 830 3212; x_wconf 88' lang='lat' dir='ltr'><strong>impositam</strong></span> <span class='ocrx_word' id='word_1_225' title='bbox 851 3143 1225 3210; x_wconf 68' lang='lat' dir='ltr'><strong>paenitentiam</strong></span> <span class='ocrx_word' id='word_1_226' title='bbox 1251 3158 1372 3198; x_wconf 89' lang='lat' dir='ltr'><strong>eum</strong></span> <span class='ocrx_word' id='word_1_227' title='bbox 1397 3146 1681 3201; x_wconf 89' lang='lat' dir='ltr'><strong>intendens</strong></span> 
     </span>
    </p>
   </div>
   <div class='ocr_carea' id='block_1_34' title="bbox 1778 546 3362 624">
    <p class='ocr_par' dir='ltr' id='par_1_34' title="bbox 1778 546 3362 624">
     <span class='ocr_line' id='line_1_34' title="bbox 1778 546 3362 624; baseline 0.009 -25"><span class='ocrx_word' id='word_1_228' title='bbox 1778 546 2038 613; x_wconf 83' lang='lat' dir='ltr'><strong>suscepit,</strong></span> <span class='ocrx_word' id='word_1_229' title='bbox 2069 557 2123 599; x_wconf 90' lang='lat' dir='ltr'><strong>et</strong></span> <span class='ocrx_word' id='word_1_230' title='bbox 2151 547 2290 601; x_wconf 88' lang='lat' dir='ltr'><strong>inter</strong></span> <span class='ocrx_word' id='word_1_231' title='bbox 2316 549 2521 619; x_wconf 89' lang='lat' dir='ltr'><strong>primos</strong></span> <span class='ocrx_word' id='word_1_232' title='bbox 2538 552 2907 620; x_wconf 57' lang='lat' dir='ltr'><strong>etpraecipuos</strong></span> <span class='ocrx_word' id='word_1_233' title='bbox 2938 554 3037 608; x_wconf 64' lang='lat' dir='ltr'><strong>sibi</strong></span> <span class='ocrx_word' id='word_1_234' title='bbox 3063 555 3362 624; x_wconf 83' lang='lat' dir='ltr'><strong>peculiares</strong></span> 
     </span>
    </p>
   </div>
   <div class='ocr_carea' id='block_1_35' title="bbox 1777 637 3361 711">
    <p class='ocr_par' dir='ltr' id='par_1_35' title="bbox 1777 637 3361 711">
     <span class='ocr_line' id='line_1_35' title="bbox 1777 637 3361 711; baseline 0.011 -20"><span class='ocrx_word' id='word_1_235' title='bbox 1777 654 1841 692; x_wconf 88' lang='lat' dir='ltr'><strong>ac</strong></span> <span class='ocrx_word' id='word_1_236' title='bbox 1878 637 2179 697; x_wconf 80' lang='lat' dir='ltr'><strong>familiares</strong></span> <span class='ocrx_word' id='word_1_237' title='bbox 2206 644 2550 698; x_wconf 73' lang='lat' dir='ltr'><strong>consuliarios</strong></span> <span class='ocrx_word' id='word_1_238' title='bbox 2582 657 2637 700; x_wconf 90' lang='lat' dir='ltr'><strong>et</strong></span> <span class='ocrx_word' id='word_1_239' title='bbox 2669 648 2854 703; x_wconf 83' lang='lat' dir='ltr'><strong>fideles</strong></span> <span class='ocrx_word' id='word_1_240' title='bbox 2892 650 3098 705; x_wconf 85' lang='lat' dir='ltr'><strong>amicos</strong></span> <span class='ocrx_word' id='word_1_241' title='bbox 3152 653 3361 711; x_wconf 88' lang='lat' dir='ltr'><strong>halmit.</strong></span> 
     </span>
    </p>
   </div>
   <div class='ocr_carea' id='block_1_36' title="bbox 1780 728 3366 815">
    <p class='ocr_par' dir='ltr' id='par_1_36' title="bbox 1780 728 3366 815">
     <span class='ocr_line' id='line_1_36' title="bbox 1780 728 3366 815; baseline 0.01 -32"><span class='ocrx_word' id='word_1_242' title='bbox 1780 728 1948 797; x_wconf 87' lang='lat' dir='ltr'><strong>Cujus</strong></span> <span class='ocrx_word' id='word_1_243' title='bbox 1980 730 2033 784; x_wconf 91' lang='lat' dir='ltr'><strong>in</strong></span> <span class='ocrx_word' id='word_1_244' title='bbox 2078 732 2377 798; x_wconf 86' lang='lat' dir='ltr'><strong>majoribus</strong></span> <span class='ocrx_word' id='word_1_245' title='bbox 2405 736 2587 790; x_wconf 86' lang='lat' dir='ltr'><strong>causis</strong></span> <span class='ocrx_word' id='word_1_246' title='bbox 2619 748 2674 791; x_wconf 89' lang='lat' dir='ltr'><strong>et</strong></span> <span class='ocrx_word' id='word_1_247' title='bbox 2705 740 2889 794; x_wconf 85' lang='lat' dir='ltr'><strong>arduis</strong></span> <span class='ocrx_word' id='word_1_248' title='bbox 2916 740 3173 796; x_wconf 81' lang='lat' dir='ltr'><strong>Ecclesiae</strong></span> <span class='ocrx_word' id='word_1_249' title='bbox 3203 760 3366 815; x_wconf 77' lang='lat' dir='ltr'><strong>nego-</strong></span> 
     </span>
    </p>
   </div>
   <div class='ocr_carea' id='block_1_37' title="bbox 1781 819 3368 888">
    <p class='ocr_par' dir='ltr' id='par_1_37' title="bbox 1781 819 3368 888">
     <span class='ocr_line' id='line_1_37' title="bbox 1781 819 3368 888; baseline 0.009 -16"><span class='ocrx_word' id='word_1_250' title='bbox 1781 819 1871 873; x_wconf 90' lang='lat' dir='ltr'><strong>tiis</strong></span> <span class='ocrx_word' id='word_1_251' title='bbox 1922 820 2178 875; x_wconf 85' lang='lat' dir='ltr'><strong>utebatur</strong></span> <span class='ocrx_word' id='word_1_252' title='bbox 2213 833 2266 875; x_wconf 91' lang='lat' dir='ltr'><strong>et</strong></span> <span class='ocrx_word' id='word_1_253' title='bbox 2319 824 2629 880; x_wconf 67' lang='lat' dir='ltr'><strong>adhaerebat</strong></span> <span class='ocrx_word' id='word_1_254' title='bbox 2673 830 2937 883; x_wconf 88' lang='lat' dir='ltr'><strong>consiliis.</strong></span> <span class='ocrx_word' id='word_1_255' title='bbox 2982 830 3368 888; x_wconf 89' lang='lat' dir='ltr'><strong>Couveneruut</strong></span> 
     </span>
    </p>
   </div>
   <div class='ocr_carea' id='block_1_38' title="bbox 1782 912 3369 990">
    <p class='ocr_par' dir='ltr' id='par_1_38' title="bbox 1782 912 3369 990">
     <span class='ocr_line' id='line_1_38' title="bbox 1782 912 3369 990; baseline 0.011 -27"><span class='ocrx_word' id='word_1_256' title='bbox 1782 920 1968 965; x_wconf 90' lang='lat' dir='ltr'><strong>autem</strong></span> <span class='ocrx_word' id='word_1_257' title='bbox 2000 912 2065 966; x_wconf 90' lang='lat' dir='ltr'><strong>ad</strong></span> <span class='ocrx_word' id='word_1_258' title='bbox 2096 929 2241 978; x_wconf 89' lang='lat' dir='ltr'><strong>eum,</strong></span> <span class='ocrx_word' id='word_1_259' title='bbox 2277 914 2480 985; x_wconf 85' lang='lat' dir='ltr'><strong>Spiritu</strong></span> <span class='ocrx_word' id='word_1_260' title='bbox 2522 928 2713 973; x_wconf 90' lang='lat' dir='ltr'><strong>sancto</strong></span> <span class='ocrx_word' id='word_1_261' title='bbox 2738 920 2839 975; x_wconf 89' lang='lat' dir='ltr'><strong>hoc</strong></span> <span class='ocrx_word' id='word_1_262' title='bbox 2867 932 3149 990; x_wconf 87' lang='lat' dir='ltr'><strong>operante,</strong></span> <span class='ocrx_word' id='word_1_263' title='bbox 3184 925 3369 980; x_wconf 67' lang='lat' dir='ltr'><strong>caeteri</strong></span> 
     </span>
    </p>
   </div>
   <div class='ocr_carea' id='block_1_39' title="bbox 1780 1000 3367 1075">
    <p class='ocr_par' dir='ltr' id='par_1_39' title="bbox 1780 1000 3367 1075">
     <span class='ocr_line' id='line_1_39' title="bbox 1780 1000 3367 1075; baseline 0.008 -21"><span class='ocrx_word' id='word_1_264' title='bbox 1780 1000 1984 1056; x_wconf 85' lang='lat' dir='ltr'><strong>fratres</strong></span> <span class='ocrx_word' id='word_1_265' title='bbox 2020 1017 2209 1057; x_wconf 89' lang='lat' dir='ltr'><strong>omnes</strong></span> <span class='ocrx_word' id='word_1_266' title='bbox 2240 1003 2415 1073; x_wconf 78' lang='grc'><strong>(115),</strong></span> <span class='ocrx_word' id='word_1_267' title='bbox 2443 1006 2534 1074; x_wconf 93' lang='lat' dir='ltr'><strong>qui</strong></span> <span class='ocrx_word' id='word_1_268' title='bbox 2564 1007 2717 1075; x_wconf 89' lang='lat' dir='ltr'><strong>prius</strong></span> <span class='ocrx_word' id='word_1_269' title='bbox 2750 1024 2872 1063; x_wconf 90' lang='lat' dir='ltr'><strong>cum</strong></span> <span class='ocrx_word' id='word_1_270' title='bbox 2906 1026 2971 1063; x_wconf 92' lang='lat' dir='ltr'><strong>eo</strong></span> <span class='ocrx_word' id='word_1_271' title='bbox 2999 1011 3050 1064; x_wconf 90' lang='lat' dir='ltr'><strong>in</strong></span> <span class='ocrx_word' id='word_1_272' title='bbox 3080 1012 3367 1067; x_wconf 87' lang='lat' dir='ltr'><strong>Cartbusia</strong></span> 
     </span>
    </p>
   </div>
   <div class='ocr_carea' id='block_1_40' title="bbox 1780 1090 3369 1175">
    <p class='ocr_par' dir='ltr' id='par_1_40' title="bbox 1780 1090 3369 1175">
     <span class='ocr_line' id='line_1_40' title="bbox 1780 1090 3369 1175; baseline 0.01 -30"><span class='ocrx_word' id='word_1_273' title='bbox 1780 1090 2014 1155; x_wconf 84' lang='lat' dir='ltr'><strong>fuerant,</strong></span> <span class='ocrx_word' id='word_1_274' title='bbox 2047 1095 2292 1149; x_wconf 88' lang='lat' dir='ltr'><strong>dolentes</strong></span> <span class='ocrx_word' id='word_1_275' title='bbox 2322 1096 2641 1164; x_wconf 88' lang='lat' dir='ltr'><strong>plurimum,</strong></span> <span class='ocrx_word' id='word_1_276' title='bbox 2672 1098 2787 1169; x_wconf 87' lang='lat' dir='ltr'><strong>ipse</strong></span> <span class='ocrx_word' id='word_1_277' title='bbox 2824 1117 2955 1156; x_wconf 88' lang='lat' dir='ltr'><strong>vero</strong></span> <span class='ocrx_word' id='word_1_278' title='bbox 2998 1104 3196 1175; x_wconf 80' lang='lat' dir='ltr'><strong>magis,</strong></span> <span class='ocrx_word' id='word_1_279' title='bbox 3225 1106 3369 1174; x_wconf 87' lang='lat' dir='ltr'><strong>quod</strong></span> 
     </span>
    </p>
   </div>
   <div class='ocr_carea' id='block_1_41' title="bbox 1780 1179 3367 1259">
    <p class='ocr_par' dir='ltr' id='par_1_41' title="bbox 1780 1179 3367 1259">
     <span class='ocr_line' id='line_1_41' title="bbox 1780 1179 3367 1259; baseline 0.009 -23"><span class='ocrx_word' id='word_1_280' title='bbox 1780 1182 1960 1237; x_wconf 90' lang='lat' dir='ltr'><strong>locum</strong></span> <span class='ocrx_word' id='word_1_281' title='bbox 2016 1188 2333 1255; x_wconf 68' lang='lat' dir='ltr'><strong>praedictum</strong></span> <span class='ocrx_word' id='word_1_282' title='bbox 2382 1188 2706 1253; x_wconf 59' lang='lat' dir='ltr'><strong>Cartbusia}.</strong></span> <span class='ocrx_word' id='word_1_283' title='bbox 2754 1179 2923 1259; x_wconf 84' lang='lat' dir='ltr'><strong>quem</strong></span> <span class='ocrx_word' id='word_1_284' title='bbox 2966 1195 3218 1251; x_wconf 91' lang='lat' dir='ltr'><strong>dominus</strong></span> <span class='ocrx_word' id='word_1_285' title='bbox 3265 1196 3367 1251; x_wconf 89' lang='lat' dir='ltr'><strong>sibi</strong></span> 
     </span>
    </p>
   </div>
   <div class='ocr_carea' id='block_1_42' title="bbox 1780 1268 3371 1347">
    <p class='ocr_par' dir='ltr' id='par_1_42' title="bbox 1780 1268 3371 1347">
     <span class='ocr_line' id='line_1_42' title="bbox 1780 1268 3371 1347; baseline 0.008 -20"><span class='ocrx_word' id='word_1_286' title='bbox 1780 1273 2041 1344; x_wconf 78' lang='lat' dir='ltr'><strong>elegerat,</strong></span> <span class='ocrx_word' id='word_1_287' title='bbox 2090 1285 2145 1330; x_wconf 87' lang='lat' dir='ltr'><strong>et</strong></span> <span class='ocrx_word' id='word_1_288' title='bbox 2201 1277 2252 1331; x_wconf 92' lang='lat' dir='ltr'><strong>in</strong></span> <span class='ocrx_word' id='word_1_289' title='bbox 2298 1292 2403 1346; x_wconf 90' lang='lat' dir='ltr'><strong>quo</strong></span> <span class='ocrx_word' id='word_1_290' title='bbox 2450 1278 2670 1347; x_wconf 75' lang='lat' dir='ltr'><strong>dignum</strong></span> <span class='ocrx_word' id='word_1_291' title='bbox 2705 1280 2781 1333; x_wconf 90' lang='lat' dir='ltr'><strong>illi</strong></span> <span class='ocrx_word' id='word_1_292' title='bbox 2841 1268 3205 1339; x_wconf 82' lang='lat' dir='ltr'><strong>habitaculum</strong></span> <span class='ocrx_word' id='word_1_293' title='bbox 3241 1301 3371 1340; x_wconf 80' lang='lat' dir='ltr'><strong>con-</strong></span> 
     </span>
    </p>
   </div>
   <div class='ocr_carea' id='block_1_43' title="bbox 1783 1366 3367 1439">
    <p class='ocr_par' dir='ltr' id='par_1_43' title="bbox 1783 1366 3367 1439">
     <span class='ocr_line' id='line_1_43' title="bbox 1783 1366 3367 1439; baseline 0.009 -20"><span class='ocrx_word' id='word_1_294' title='bbox 1783 1375 2069 1421; x_wconf 72' lang='lat' dir='ltr'><strong>struxerat</strong></span> <span class='ocrx_word' id='word_1_295' title='bbox 2120 1366 2308 1439; x_wconf 67' lang='grc'><strong>(114),</strong></span> <span class='ocrx_word' id='word_1_296' title='bbox 2371 1370 2743 1439; x_wconf 86' lang='lat' dir='ltr'><strong>reliquissent.</strong></span> <span class='ocrx_word' id='word_1_297' title='bbox 2801 1374 2937 1428; x_wconf 87' lang='lat' dir='ltr'><strong>Dum</strong></span> <span class='ocrx_word' id='word_1_298' title='bbox 2989 1379 3129 1430; x_wconf 89' lang='lat' dir='ltr'><strong>enim</strong></span> <span class='ocrx_word' id='word_1_299' title='bbox 3184 1378 3264 1432; x_wconf 89' lang='lat' dir='ltr'><strong>eis</strong></span> <span class='ocrx_word' id='word_1_300' title='bbox 3315 1380 3367 1433; x_wconf 88' lang='lat' dir='ltr'><strong>itt</strong></span> 
     </span>
    </p>
   </div>
   <div class='ocr_carea' id='block_1_44' title="bbox 1782 1460 3367 1523">
    <p class='ocr_par' dir='ltr' id='par_1_44' title="bbox 1782 1460 3367 1523">
     <span class='ocr_line' id='line_1_44' title="bbox 1782 1460 3367 1523; baseline 0.009 -14"><span class='ocrx_word' id='word_1_301' title='bbox 1782 1470 2019 1512; x_wconf 88' lang='lat' dir='ltr'><strong>mentem</strong></span> <span class='ocrx_word' id='word_1_302' title='bbox 2053 1460 2327 1522; x_wconf 82' lang='lat' dir='ltr'><strong>venirent,</strong></span> <span class='ocrx_word' id='word_1_303' title='bbox 2360 1475 2465 1513; x_wconf 92' lang='lat' dir='ltr'><strong>non</strong></span> <span class='ocrx_word' id='word_1_304' title='bbox 2492 1461 2635 1515; x_wconf 89' lang='lat' dir='ltr'><strong>sicut</strong></span> <span class='ocrx_word' id='word_1_305' title='bbox 2666 1468 3161 1523; x_wconf 85' lang='lat' dir='ltr'><strong>murmuratoribus</strong></span> <span class='ocrx_word' id='word_1_306' title='bbox 3186 1469 3289 1523; x_wconf 87' lang='lat' dir='ltr'><strong>illis</strong></span> <span class='ocrx_word' id='word_1_307' title='bbox 3316 1476 3367 1523; x_wconf 84' lang='lat' dir='ltr'><strong>in</strong></span> 
     </span>
    </p>
   </div>
   <div class='ocr_carea' id='block_1_45' title="bbox 1783 1548 3369 1625">
    <p class='ocr_par' dir='ltr' id='par_1_45' title="bbox 1783 1548 3369 1625">
     <span class='ocr_line' id='line_1_45' title="bbox 1783 1548 3369 1625; baseline 0.009 -25"><span class='ocrx_word' id='word_1_308' title='bbox 1783 1548 2022 1614; x_wconf 89' lang='lat' dir='ltr'><strong>deserto,</strong></span> <span class='ocrx_word' id='word_1_309' title='bbox 2052 1566 2266 1615; x_wconf 83' lang='lat' dir='ltr'><strong>carnes,</strong></span> <span class='ocrx_word' id='word_1_310' title='bbox 2318 1566 2656 1618; x_wconf 85' lang='lat' dir='ltr'><strong>cucumeres,</strong></span> <span class='ocrx_word' id='word_1_311' title='bbox 2705 1563 2797 1607; x_wconf 87' lang='lat' dir='ltr'><strong>aut</strong></span> <span class='ocrx_word' id='word_1_312' title='bbox 2839 1570 3096 1625; x_wconf 83' lang='lat' dir='ltr'><strong>pepones,</strong></span> <span class='ocrx_word' id='word_1_313' title='bbox 3147 1560 3239 1613; x_wconf 88' lang='lat' dir='ltr'><strong>sed</strong></span> <span class='ocrx_word' id='word_1_314' title='bbox 3270 1560 3369 1614; x_wconf 87' lang='lat' dir='ltr'><strong>de-</strong></span> 
     </span>
    </p>
   </div>
   <div class='ocr_carea' id='block_1_46' title="bbox 1782 1637 3369 1718">
    <p class='ocr_par' dir='ltr' id='par_1_46' title="bbox 1782 1637 3369 1718">
     <span class='ocr_line' id='line_1_46' title="bbox 1782 1637 3369 1718; baseline 0.009 -30"><span class='ocrx_word' id='word_1_315' title='bbox 1782 1646 1922 1690; x_wconf 64' lang='lat' dir='ltr'><strong>votae</strong></span> <span class='ocrx_word' id='word_1_316' title='bbox 1945 1637 2046 1691; x_wconf 74' lang='lat' dir='ltr'><strong>illze</strong></span> <span class='ocrx_word' id='word_1_317' title='bbox 2080 1640 2480 1706; x_wconf 82' lang='lat' dir='ltr'><strong>meditationes,</strong></span> <span class='ocrx_word' id='word_1_318' title='bbox 2519 1644 2821 1709; x_wconf 87' lang='lat' dir='ltr'><strong>orationes,</strong></span> <span class='ocrx_word' id='word_1_319' title='bbox 2860 1645 3142 1712; x_wconf 87' lang='lat' dir='ltr'><strong>lectiones,</strong></span> <span class='ocrx_word' id='word_1_320' title='bbox 3172 1660 3227 1703; x_wconf 92' lang='lat' dir='ltr'><strong>et</strong></span> <span class='ocrx_word' id='word_1_321' title='bbox 3256 1651 3369 1718; x_wconf 81' lang='lat' dir='ltr'><strong>spi-</strong></span> 
     </span>
    </p>
   </div>
   <div class='ocr_carea' id='block_1_47' title="bbox 1784 1726 3367 1809">
    <p class='ocr_par' dir='ltr' id='par_1_47' title="bbox 1784 1726 3367 1809">
     <span class='ocr_line' id='line_1_47' title="bbox 1784 1726 3367 1809; baseline 0.008 -29"><span class='ocrx_word' id='word_1_322' title='bbox 1784 1726 1971 1782; x_wconf 86' lang='lat' dir='ltr'><strong>ritales</strong></span> <span class='ocrx_word' id='word_1_323' title='bbox 2000 1729 2418 1796; x_wconf 87' lang='lat' dir='ltr'><strong>consolationes,</strong></span> <span class='ocrx_word' id='word_1_324' title='bbox 2448 1748 2584 1801; x_wconf 88' lang='lat' dir='ltr'><strong>quas</strong></span> <span class='ocrx_word' id='word_1_325' title='bbox 2613 1734 2763 1802; x_wconf 91' lang='lat' dir='ltr'><strong>prius</strong></span> <span class='ocrx_word' id='word_1_326' title='bbox 2812 1736 2865 1789; x_wconf 90' lang='lat' dir='ltr'><strong>in</strong></span> <span class='ocrx_word' id='word_1_327' title='bbox 2908 1738 3199 1791; x_wconf 81' lang='lat' dir='ltr'><strong>solitudine</strong></span> <span class='ocrx_word' id='word_1_328' title='bbox 3227 1755 3367 1809; x_wconf 74' lang='lat' dir='ltr'><strong>pra:-</strong></span> 
     </span>
    </p>
   </div>
   <div class='ocr_carea' id='block_1_48' title="bbox 1717 1816 3370 1895">
    <p class='ocr_par' dir='ltr' id='par_1_48' title="bbox 1717 1816 3370 1895">
     <span class='ocr_line' id='line_1_48' title="bbox 1717 1816 3370 1895; baseline 0.008 -25"><span class='ocrx_word' id='word_1_329' title='bbox 1717 1824 1759 1884; x_wconf 81' lang='lat' dir='ltr'><strong>B</strong></span> <span class='ocrx_word' id='word_1_330' title='bbox 1786 1816 1930 1872; x_wconf 85' lang='lat' dir='ltr'><strong>dicta</strong></span> <span class='ocrx_word' id='word_1_331' title='bbox 1972 1817 2275 1876; x_wconf 71' lang='lat' dir='ltr'><strong>Cartbusia:</strong></span> <span class='ocrx_word' id='word_1_332' title='bbox 2315 1821 2653 1890; x_wconf 85' lang='lat' dir='ltr'><strong>habuerant;</strong></span> <span class='ocrx_word' id='word_1_333' title='bbox 2685 1833 2740 1879; x_wconf 88' lang='lat' dir='ltr'><strong>et</strong></span> <span class='ocrx_word' id='word_1_334' title='bbox 2791 1826 3042 1880; x_wconf 78' lang='lat' dir='ltr'><strong>viderent</strong></span> <span class='ocrx_word' id='word_1_335' title='bbox 3090 1828 3370 1895; x_wconf 82' lang='lat' dir='ltr'><strong>tumultus,</strong></span> 
     </span>
    </p>
   </div>
   <div class='ocr_carea' id='block_1_49' title="bbox 1783 1908 3375 1985">
    <p class='ocr_par' dir='ltr' id='par_1_49' title="bbox 1783 1908 3375 1985">
     <span class='ocr_line' id='line_1_49' title="bbox 1783 1908 3375 1985; baseline 0.008 -23"><span class='ocrx_word' id='word_1_336' title='bbox 1783 1908 2069 1977; x_wconf 86' lang='lat' dir='ltr'><strong>strepitus,</strong></span> <span class='ocrx_word' id='word_1_337' title='bbox 2094 1918 2148 1963; x_wconf 91' lang='lat' dir='ltr'><strong>et</strong></span> <span class='ocrx_word' id='word_1_338' title='bbox 2176 1910 2420 1979; x_wconf 87' lang='lat' dir='ltr'><strong>pericula</strong></span> <span class='ocrx_word' id='word_1_339' title='bbox 2461 1912 2650 1977; x_wconf 85' lang='lat' dir='ltr'><strong>curiae,</strong></span> <span class='ocrx_word' id='word_1_340' title='bbox 2701 1930 2808 1968; x_wconf 91' lang='lat' dir='ltr'><strong>non</strong></span> <span class='ocrx_word' id='word_1_341' title='bbox 2846 1925 3100 1985; x_wconf 79' lang='lat' dir='ltr'><strong>poterant</strong></span> <span class='ocrx_word' id='word_1_342' title='bbox 3139 1932 3197 1972; x_wconf 88' lang='lat' dir='ltr'><strong>se</strong></span> <span class='ocrx_word' id='word_1_343' title='bbox 3239 1934 3269 1972; x_wconf 91' lang='lat' dir='ltr'><strong>a</strong></span> <span class='ocrx_word' id='word_1_344' title='bbox 3299 1918 3375 1973; x_wconf 91' lang='lat' dir='ltr'><strong>la-</strong></span> 
     </span>
    </p>
   </div>
   <div class='ocr_carea' id='block_1_50' title="bbox 1784 2000 2319 2070">
    <p class='ocr_par' dir='ltr' id='par_1_50' title="bbox 1784 2000 2319 2070">
     <span class='ocr_line' id='line_1_50' title="bbox 1784 2000 2319 2070; baseline 0.009 -19"><span class='ocrx_word' id='word_1_345' title='bbox 1784 2000 1987 2070; x_wconf 74' lang='lat' dir='ltr'><strong>cryiuis</strong></span> <span class='ocrx_word' id='word_1_346' title='bbox 2017 2001 2319 2056; x_wconf 89' lang='lat' dir='ltr'><strong>continere.</strong></span> 
     </span>
    </p>
   </div>
   <div class='ocr_carea' id='block_1_51' title="bbox 1852 2111 3374 2189">
    <p class='ocr_par' dir='ltr' id='par_1_51' title="bbox 1852 2111 3374 2189">
     <span class='ocr_line' id='line_1_51' title="bbox 1852 2111 3374 2189; baseline 0.006 -25"><span class='ocrx_word' id='word_1_347' title='bbox 1852 2111 1941 2165; x_wconf 75' lang='grc'><strong>48.</strong></span> <span class='ocrx_word' id='word_1_348' title='bbox 1991 2111 2232 2167; x_wconf 88' lang='lat' dir='ltr'><strong>Tandem</strong></span> <span class='ocrx_word' id='word_1_349' title='bbox 2282 2129 2414 2169; x_wconf 89' lang='lat' dir='ltr'><strong>vero</strong></span> <span class='ocrx_word' id='word_1_350' title='bbox 2465 2129 2629 2169; x_wconf 87' lang='lat' dir='ltr'><strong>suasu</strong></span> <span class='ocrx_word' id='word_1_351' title='bbox 2679 2124 2733 2170; x_wconf 91' lang='lat' dir='ltr'><strong>et</strong></span> <span class='ocrx_word' id='word_1_352' title='bbox 2769 2116 3083 2172; x_wconf 91' lang='lat' dir='ltr'><strong>inductione</strong></span> <span class='ocrx_word' id='word_1_353' title='bbox 3133 2118 3374 2189; x_wconf 88' lang='lat' dir='ltr'><strong>ejusdem</strong></span> 
     </span>
    </p>
   </div>
   <div class='ocr_carea' id='block_1_52' title="bbox 1787 2203 3377 2280">
    <p class='ocr_par' dir='ltr' id='par_1_52' title="bbox 1787 2203 3377 2280">
     <span class='ocr_line' id='line_1_52' title="bbox 1787 2203 3377 2280; baseline 0.006 -23"><span class='ocrx_word' id='word_1_354' title='bbox 1787 2203 1933 2258; x_wconf 87' lang='lat' dir='ltr'><strong>beati</strong></span> <span class='ocrx_word' id='word_1_355' title='bbox 1976 2206 2278 2272; x_wconf 84' lang='lat' dir='ltr'><strong>Brunonis,</strong></span> <span class='ocrx_word' id='word_1_356' title='bbox 2328 2225 2452 2263; x_wconf 89' lang='lat' dir='ltr'><strong>cum</strong></span> <span class='ocrx_word' id='word_1_357' title='bbox 2503 2209 2739 2263; x_wconf 90' lang='lat' dir='ltr'><strong>nondum</strong></span> <span class='ocrx_word' id='word_1_358' title='bbox 2790 2222 2973 2279; x_wconf 86' lang='lat' dir='ltr'><strong>posset</strong></span> <span class='ocrx_word' id='word_1_359' title='bbox 3024 2212 3137 2279; x_wconf 89' lang='lat' dir='ltr'><strong>ipse</strong></span> <span class='ocrx_word' id='word_1_360' title='bbox 3179 2228 3276 2280; x_wconf 89' lang='lat' dir='ltr'><strong>pro</strong></span> <span class='ocrx_word' id='word_1_361' title='bbox 3317 2228 3377 2267; x_wconf 90' lang='lat' dir='ltr'><strong>se</strong></span> 
     </span>
    </p>
   </div>
   <div class='ocr_carea' id='block_1_53' title="bbox 1784 2295 3378 2373">
    <p class='ocr_par' dir='ltr' id='par_1_53' title="bbox 1784 2295 3378 2373">
     <span class='ocr_line' id='line_1_53' title="bbox 1784 2295 3378 2373; baseline 0.006 -24"><span class='ocrx_word' id='word_1_362' title='bbox 1784 2295 2068 2351; x_wconf 86' lang='lat' dir='ltr'><strong>licentiam</strong></span> <span class='ocrx_word' id='word_1_363' title='bbox 2102 2314 2196 2354; x_wconf 89' lang='lat' dir='ltr'><strong>seu</strong></span> <span class='ocrx_word' id='word_1_364' title='bbox 2231 2312 2592 2354; x_wconf 80' lang='lat' dir='ltr'><strong>commeatum</strong></span> <span class='ocrx_word' id='word_1_365' title='bbox 2635 2302 2891 2357; x_wconf 80' lang='lat' dir='ltr'><strong>redeundi</strong></span> <span class='ocrx_word' id='word_1_366' title='bbox 2927 2319 2957 2356; x_wconf 91' lang='lat' dir='ltr'><strong>a</strong></span> <span class='ocrx_word' id='word_1_367' title='bbox 2996 2306 3252 2373; x_wconf 85' lang='lat' dir='ltr'><strong>pontifice</strong></span> <span class='ocrx_word' id='word_1_368' title='bbox 3282 2306 3378 2359; x_wconf 86' lang='lat' dir='ltr'><strong>ob-</strong></span> 
     </span>
    </p>
   </div>
   <div class='ocr_carea' id='block_1_54' title="bbox 1787 2387 3382 2467">
    <p class='ocr_par' dir='ltr' id='par_1_54' title="bbox 1787 2387 3382 2467">
     <span class='ocr_line' id='line_1_54' title="bbox 1787 2387 3382 2467; baseline 0.008 -27"><span class='ocrx_word' id='word_1_369' title='bbox 1787 2387 1984 2453; x_wconf 89' lang='lat' dir='ltr'><strong>tinere,</strong></span> <span class='ocrx_word' id='word_1_370' title='bbox 2017 2396 2274 2459; x_wconf 89' lang='lat' dir='ltr'><strong>tanquam</strong></span> <span class='ocrx_word' id='word_1_371' title='bbox 2312 2390 2387 2444; x_wconf 90' lang='lat' dir='ltr'><strong>illi</strong></span> <span class='ocrx_word' id='word_1_372' title='bbox 2422 2392 2474 2444; x_wconf 92' lang='lat' dir='ltr'><strong>iu</strong></span> <span class='ocrx_word' id='word_1_373' title='bbox 2521 2402 2648 2445; x_wconf 87' lang='lat' dir='ltr'><strong>tunc</strong></span> <span class='ocrx_word' id='word_1_374' title='bbox 2691 2395 3107 2450; x_wconf 86' lang='lat' dir='ltr'><strong>occurrentibus</strong></span> <span class='ocrx_word' id='word_1_375' title='bbox 3149 2398 3382 2467; x_wconf 80' lang='lat' dir='ltr'><strong>negotiis</strong></span> 
     </span>
    </p>
   </div>
   <div class='ocr_carea' id='block_1_55' title="bbox 1786 2481 3380 2545">
    <p class='ocr_par' dir='ltr' id='par_1_55' title="bbox 1786 2481 3380 2545">
     <span class='ocr_line' id='line_1_55' title="bbox 1786 2481 3380 2545; baseline 0.008 -14"><span class='ocrx_word' id='word_1_376' title='bbox 1786 2481 2164 2545; x_wconf 85' lang='lat' dir='ltr'><strong>necessarius,</strong></span> <span class='ocrx_word' id='word_1_377' title='bbox 2233 2497 2425 2536; x_wconf 88' lang='lat' dir='ltr'><strong>omnes</strong></span> <span class='ocrx_word' id='word_1_378' title='bbox 2488 2484 2816 2538; x_wconf 89' lang='lat' dir='ltr'><strong>unanimiter</strong></span> <span class='ocrx_word' id='word_1_379' title='bbox 2871 2498 3265 2543; x_wconf 85' lang='lat' dir='ltr'><strong>consenserunt</strong></span> <span class='ocrx_word' id='word_1_380' title='bbox 3313 2491 3380 2543; x_wconf 88' lang='lat' dir='ltr'><strong>ad</strong></span> 
     </span>
    </p>
   </div>
   <div class='ocr_carea' id='block_1_56' title="bbox 1791 2569 3382 2646">
    <p class='ocr_par' dir='ltr' id='par_1_56' title="bbox 1791 2569 3382 2646">
     <span class='ocr_line' id='line_1_56' title="bbox 1791 2569 3382 2646; baseline 0.007 -23"><span class='ocrx_word' id='word_1_381' title='bbox 1791 2569 2134 2625; x_wconf 85' lang='lat' dir='ltr'><strong>Cartliusiam</strong></span> <span class='ocrx_word' id='word_1_382' title='bbox 2164 2573 2385 2637; x_wconf 80' lang='lat' dir='ltr'><strong>reverti,</strong></span> <span class='ocrx_word' id='word_1_383' title='bbox 2418 2574 2659 2629; x_wconf 85' lang='lat' dir='ltr'><strong>obtentis</strong></span> <span class='ocrx_word' id='word_1_384' title='bbox 2691 2577 2843 2646; x_wconf 91' lang='lat' dir='ltr'><strong>prius</strong></span> <span class='ocrx_word' id='word_1_385' title='bbox 2865 2580 2933 2633; x_wconf 90' lang='lat' dir='ltr'><strong>ab</strong></span> <span class='ocrx_word' id='word_1_386' title='bbox 2956 2580 3144 2634; x_wconf 84' lang='lat' dir='ltr'><strong>eodem</strong></span> <span class='ocrx_word' id='word_1_387' title='bbox 3169 2596 3382 2634; x_wconf 88' lang='lat' dir='ltr'><strong>summo</strong></span> 
     </span>
    </p>
   </div>
   <div class='ocr_carea' id='block_1_57' title="bbox 1787 2662 3380 2743">
    <p class='ocr_par' dir='ltr' id='par_1_57' title="bbox 1787 2662 3380 2743">
     <span class='ocr_line' id='line_1_57' title="bbox 1787 2662 3380 2743; baseline 0.011 -32"><span class='ocrx_word' id='word_1_388' title='bbox 1787 2662 2044 2729; x_wconf 86' lang='lat' dir='ltr'><strong>pontilice</strong></span> <span class='ocrx_word' id='word_1_389' title='bbox 2074 2663 2273 2718; x_wconf 88' lang='lat' dir='ltr'><strong>litteris</strong></span> <span class='ocrx_word' id='word_1_390' title='bbox 2310 2666 2376 2718; x_wconf 90' lang='lat' dir='ltr'><strong>ad</strong></span> <span class='ocrx_word' id='word_1_391' title='bbox 2416 2669 2732 2734; x_wconf 70' lang='lat' dir='ltr'><strong>prtedictum</strong></span> <span class='ocrx_word' id='word_1_392' title='bbox 2788 2672 3037 2727; x_wconf 88' lang='lat' dir='ltr'><strong>abbatem</strong></span> <span class='ocrx_word' id='word_1_393' title='bbox 3095 2674 3380 2743; x_wconf 79' lang='lat' dir='ltr'><strong>Signinum</strong></span> 
     </span>
    </p>
   </div>
   <div class='ocr_carea' id='block_1_58' title="bbox 1792 2754 3382 2832">
    <p class='ocr_par' dir='ltr' id='par_1_58' title="bbox 1792 2754 3382 2832">
     <span class='ocr_line' id='line_1_58' title="bbox 1792 2754 3382 2832; baseline 0.009 -27"><span class='ocrx_word' id='word_1_394' title='bbox 1792 2767 1892 2821; x_wconf 91' lang='lat' dir='ltr'><strong>pro</strong></span> <span class='ocrx_word' id='word_1_395' title='bbox 1922 2754 2270 2810; x_wconf 88' lang='lat' dir='ltr'><strong>restitutione</strong></span> <span class='ocrx_word' id='word_1_396' title='bbox 2323 2757 2585 2814; x_wconf 20' lang='lat' dir='ltr'><strong>dictiiloci</strong></span> <span class='ocrx_word' id='word_1_397' title='bbox 2629 2761 2800 2832; x_wconf 74' lang='lat'><strong>(“5);</strong></span> <span class='ocrx_word' id='word_1_398' title='bbox 2851 2778 3009 2831; x_wconf 88' lang='lat' dir='ltr'><strong>quem</strong></span> <span class='ocrx_word' id='word_1_399' title='bbox 3058 2763 3134 2818; x_wconf 92' lang='lat' dir='ltr'><strong>illi</strong></span> <span class='ocrx_word' id='word_1_400' title='bbox 3187 2766 3382 2819; x_wconf 88' lang='lat' dir='ltr'><strong>beatus</strong></span> 
     </span>
    </p>
   </div>
   <div class='ocr_carea' id='block_1_59' title="bbox 1786 2841 3379 2923">
    <p class='ocr_par' dir='ltr' id='par_1_59' title="bbox 1786 2841 3379 2923">
     <span class='ocr_line' id='line_1_59' title="bbox 1786 2841 3379 2923; baseline 0.009 -28"><span class='ocrx_word' id='word_1_401' title='bbox 1786 2841 1975 2898; x_wconf 83' lang='lat' dir='ltr'><strong>Bruno</strong></span> <span class='ocrx_word' id='word_1_402' title='bbox 2000 2845 2123 2899; x_wconf 90' lang='lat' dir='ltr'><strong>inde</strong></span> <span class='ocrx_word' id='word_1_403' title='bbox 2150 2846 2436 2902; x_wconf 82' lang='lat' dir='ltr'><strong>discedens</strong></span> <span class='ocrx_word' id='word_1_404' title='bbox 2460 2850 2666 2919; x_wconf 90' lang='lat' dir='ltr'><strong>(utjam</strong></span> <span class='ocrx_word' id='word_1_405' title='bbox 2692 2852 2893 2907; x_wconf 85' lang='lat' dir='ltr'><strong>dictum</strong></span> <span class='ocrx_word' id='word_1_406' title='bbox 2926 2854 3035 2923; x_wconf 88' lang='lat' dir='ltr'><strong>est)</strong></span> <span class='ocrx_word' id='word_1_407' title='bbox 3070 2857 3379 2910; x_wconf 86' lang='lat' dir='ltr'><strong>remiserat.</strong></span> 
     </span>
    </p>
   </div>
   <div class='ocr_carea' id='block_1_60' title="bbox 1787 2936 3385 3012">
    <p class='ocr_par' dir='ltr' id='par_1_60' title="bbox 1787 2936 3385 3012">
     <span class='ocr_line' id='line_1_60' title="bbox 1787 2936 3385 3012; baseline 0.007 -22"><span class='ocrx_word' id='word_1_408' title='bbox 1787 2936 2054 3007; x_wconf 85' lang='lat' dir='ltr'><strong>Magistro</strong></span> <span class='ocrx_word' id='word_1_409' title='bbox 2087 2938 2273 3008; x_wconf 87' lang='lat' dir='ltr'><strong>itaque</strong></span> <span class='ocrx_word' id='word_1_410' title='bbox 2320 2939 2626 3008; x_wconf 87' lang='lat' dir='ltr'><strong>Landuino,</strong></span> <span class='ocrx_word' id='word_1_411' title='bbox 2668 2960 2827 3012; x_wconf 90' lang='lat' dir='ltr'><strong>quem</strong></span> <span class='ocrx_word' id='word_1_412' title='bbox 2868 2947 3084 3000; x_wconf 63' lang='lat' dir='ltr'><strong>castoris</strong></span> <span class='ocrx_word' id='word_1_413' title='bbox 3124 2947 3385 3001; x_wconf 79' lang='lat' dir='ltr'><strong>fratribus</strong></span> 
     </span>
    </p>
   </div>
   <div class='ocr_carea' id='block_1_61' title="bbox 1794 3030 3379 3107">
    <p class='ocr_par' dir='ltr' id='par_1_61' title="bbox 1794 3030 3379 3107">
     <span class='ocr_line' id='line_1_61' title="bbox 1794 3030 3379 3107; baseline 0.006 -24"><span class='ocrx_word' id='word_1_414' title='bbox 1794 3030 1983 3083; x_wconf 78' lang='lat' dir='ltr'><strong>beatus</strong></span> <span class='ocrx_word' id='word_1_415' title='bbox 2015 3030 2178 3085; x_wconf 84' lang='lat' dir='ltr'><strong>Pater</strong></span> <span class='ocrx_word' id='word_1_416' title='bbox 2206 3030 2387 3087; x_wconf 87' lang='lat' dir='ltr'><strong>Bruno</strong></span> <span class='ocrx_word' id='word_1_417' title='bbox 2433 3034 2486 3087; x_wconf 90' lang='lat' dir='ltr'><strong>in</strong></span> <span class='ocrx_word' id='word_1_418' title='bbox 2531 3035 2766 3104; x_wconf 89' lang='lat' dir='ltr'><strong>priorem</strong></span> <span class='ocrx_word' id='word_1_419' title='bbox 2810 3035 2929 3090; x_wconf 88' lang='lat' dir='ltr'><strong>loco</strong></span> <span class='ocrx_word' id='word_1_420' title='bbox 2955 3037 3036 3091; x_wconf 84' lang='lat' dir='ltr'><strong>sui</strong></span> <span class='ocrx_word' id='word_1_421' title='bbox 3069 3052 3379 3107; x_wconf 63' lang='lat' dir='ltr'><strong>[imposne-</strong></span> 
     </span>
    </p>
   </div>
   <div class='ocr_carea' id='block_1_62' title="bbox 1793 3124 3377 3201">
    <p class='ocr_par' dir='ltr' id='par_1_62' title="bbox 1793 3124 3377 3201">
     <span class='ocr_line' id='line_1_62' title="bbox 1793 3124 3377 3201; baseline 0.006 -24"><span class='ocrx_word' id='word_1_422' title='bbox 1793 3133 1881 3177; x_wconf 90' lang='lat' dir='ltr'><strong>rat</strong></span> <span class='ocrx_word' id='word_1_423' title='bbox 1910 3124 2084 3192; x_wconf 82' lang='grc'><strong>(116),</strong></span> <span class='ocrx_word' id='word_1_424' title='bbox 2116 3125 2359 3191; x_wconf 89' lang='lat' dir='ltr'><strong>ductore,</strong></span> <span class='ocrx_word' id='word_1_425' title='bbox 2393 3141 2583 3181; x_wconf 89' lang='lat' dir='ltr'><strong>omnes</strong></span> <span class='ocrx_word' id='word_1_426' title='bbox 2608 3128 2953 3184; x_wconf 89' lang='lat' dir='ltr'><strong>Cartlmsiam</strong></span> <span class='ocrx_word' id='word_1_427' title='bbox 2990 3132 3377 3201; x_wconf 87' lang='lat' dir='ltr'><strong>repetiverunt.</strong></span> 
     </span>
    </p>
   </div>
   <div class='ocr_carea' id='block_1_63' title="bbox 127 3184 3379 3305">
    <p class='ocr_par' dir='ltr' id='par_1_63' title="bbox 127 3184 3379 3305">
     <span class='ocr_line' id='line_1_63' title="bbox 127 3184 3379 3305; baseline 0.009 -54"><span class='ocrx_word' id='word_1_428' title='bbox 127 3184 355 3288; x_wconf 40' lang='lat' dir='ltr'><strong>Quamuis</strong></span> <span class='ocrx_word' id='word_1_429' title='bbox 387 3184 662 3305; x_wconf 48' lang='lat' dir='ltr'><strong>repetor;</strong></span> <span class='ocrx_word' id='word_1_430' title='bbox 695 3184 1095 3288; x_wconf 42' lang='lat' dir='ltr'><strong>comﬂzendavi,</strong></span> <span class='ocrx_word' id='word_1_431' title='bbox 1142 3245 1196 3290; x_wconf 59' lang='lat' dir='ltr'><strong>cl</strong></span> <span class='ocrx_word' id='word_1_432' title='bbox 1238 3237 1386 3291; x_wconf 50' lang='lat' dir='ltr'><strong>dedit</strong></span> <span class='ocrx_word' id='word_1_433' title='bbox 1413 3237 1559 3290; x_wconf 59' lang='lat' dir='ltr'><strong>illum</strong></span> <span class='ocrx_word' id='word_1_434' title='bbox 1596 3252 1685 3292; x_wconf 58' lang='grc' dir='ltr'><strong>νο,</strong></span> <span class='ocrx_word' id='word_1_435' title='bbox 1709 3184 1757 3247; x_wconf 76' lang='lat' dir='ltr'>c</span> <span class='ocrx_word' id='word_1_436' title='bbox 1789 3212 1999 3305; x_wconf 73' lang='lat' dir='ltr'><strong>Quibus</strong></span> <span class='ocrx_word' id='word_1_437' title='bbox 2029 3213 2290 3283; x_wconf 81' lang='lat' dir='ltr'><strong>Sigttinus</strong></span> <span class='ocrx_word' id='word_1_438' title='bbox 2323 3219 2492 3273; x_wconf 86' lang='lat' dir='ltr'><strong>abbas</strong></span> <span class='ocrx_word' id='word_1_439' title='bbox 2530 3229 2721 3289; x_wconf 81' lang='lat' dir='ltr'><strong>rogatu</strong></span> <span class='ocrx_word' id='word_1_440' title='bbox 2769 3225 2967 3277; x_wconf 89' lang='lat' dir='ltr'><strong>summi</strong></span> <span class='ocrx_word' id='word_1_441' title='bbox 3010 3226 3281 3293; x_wconf 85' lang='lat' dir='ltr'><strong>pontiﬁcis</strong></span> <span class='ocrx_word' id='word_1_442' title='bbox 3318 3239 3379 3281; x_wconf 88' lang='lat' dir='ltr'><strong>et</strong></span> 
     </span>
    </p>
   </div>
   <div class='ocr_carea' id='block_1_64' title="bbox 130 3325 1686 3395">
    <p class='ocr_par' dir='ltr' id='par_1_64' title="bbox 130 3325 1686 3395">
     <span class='ocr_line' id='line_1_64' title="bbox 130 3325 1686 3395; baseline 0.006 -21"><span class='ocrx_word' id='word_1_443' title='bbox 130 3325 326 3379; x_wconf 83' lang='lat' dir='ltr'><strong>nerabili</strong></span> <span class='ocrx_word' id='word_1_444' title='bbox 371 3326 497 3379; x_wconf 83' lang='lat' dir='ltr'><strong>viro</strong></span> <span class='ocrx_word' id='word_1_445' title='bbox 524 3326 744 3380; x_wconf 84' lang='lat' dir='ltr'><strong>domino</strong></span> <span class='ocrx_word' id='word_1_446' title='bbox 794 3326 1018 3395; x_wconf 80' lang='lat' dir='ltr'><strong>Signino</strong></span> <span class='ocrx_word' id='word_1_447' title='bbox 1042 3366 1057 3391; x_wconf 93' lang='lat'><strong>,</strong></span> <span class='ocrx_word' id='word_1_448' title='bbox 1126 3327 1308 3381; x_wconf 87' lang='lat' dir='ltr'><strong>abbati</strong></span> <span class='ocrx_word' id='word_1_449' title='bbox 1336 3362 1339 3363; x_wconf 52' lang='grc' dir='ltr'><em>ν</em></span> <span class='ocrx_word' id='word_1_450' title='bbox 1369 3329 1686 3383; x_wconf 89' lang='lat' dir='ltr'><strong>monasterii</strong></span> 
     </span>
    </p>
   </div>
   <div class='ocr_carea' id='block_1_65' title="bbox 130 3414 1688 3490">
    <p class='ocr_par' dir='ltr' id='par_1_65' title="bbox 130 3414 1688 3490">
     <span class='ocr_line' id='line_1_65' title="bbox 130 3414 1688 3490; baseline 0.007 -22"><span class='ocrx_word' id='word_1_451' title='bbox 130 3414 408 3485; x_wconf 53' lang='lat' dir='ltr'><strong>CaseDei,</strong></span> <span class='ocrx_word' id='word_1_452' title='bbox 459 3419 550 3489; x_wconf 90' lang='lat' dir='ltr'><strong>qui</strong></span> <span class='ocrx_word' id='word_1_453' title='bbox 596 3418 775 3474; x_wconf 89' lang='lat' dir='ltr'><strong>fuerat</strong></span> <span class='ocrx_word' id='word_1_454' title='bbox 828 3434 966 3475; x_wconf 90' lang='lat' dir='ltr'><strong>unus</strong></span> <span class='ocrx_word' id='word_1_455' title='bbox 1003 3436 1069 3475; x_wconf 83' lang='lat' dir='ltr'><strong>ex</strong></span> <span class='ocrx_word' id='word_1_456' title='bbox 1106 3422 1301 3490; x_wconf 91' lang='lat' dir='ltr'><strong>primis</strong></span> <span class='ocrx_word' id='word_1_457' title='bbox 1336 3423 1688 3479; x_wconf 88' lang='lat' dir='ltr'><strong>donatoribus</strong></span> 
     </span>
    </p>
   </div>
   <div class='ocr_carea' id='block_1_66' title="bbox 130 3508 1687 3582">
    <p class='ocr_par' dir='ltr' id='par_1_66' title="bbox 130 3508 1687 3582">
     <span class='ocr_line' id='line_1_66' title="bbox 130 3508 1687 3582; baseline 0.004 -20"><span class='ocrx_word' id='word_1_458' title='bbox 130 3508 373 3574; x_wconf 76' lang='lat' dir='ltr'><strong>przedictis</strong></span> <span class='ocrx_word' id='word_1_459' title='bbox 396 3550 412 3575; x_wconf 86' lang='lat'><strong>,</strong></span> <span class='ocrx_word' id='word_1_460' title='bbox 451 3518 505 3564; x_wconf 89' lang='lat' dir='ltr'><strong>et</strong></span> <span class='ocrx_word' id='word_1_461' title='bbox 532 3510 766 3566; x_wconf 86' lang='lat' dir='ltr'><strong>habebat</strong></span> <span class='ocrx_word' id='word_1_462' title='bbox 796 3512 1066 3582; x_wconf 90' lang='lat' dir='ltr'><strong>quandam</strong></span> <span class='ocrx_word' id='word_1_463' title='bbox 1094 3514 1285 3568; x_wconf 89' lang='lat' dir='ltr'><strong>cellam</strong></span> <span class='ocrx_word' id='word_1_464' title='bbox 1321 3515 1423 3568; x_wconf 87' lang='lat' dir='ltr'><strong>sibi</strong></span> <span class='ocrx_word' id='word_1_465' title='bbox 1451 3516 1687 3570; x_wconf 87' lang='lat' dir='ltr'><strong>vicinam</strong></span> 
     </span>
    </p>
   </div>
   <div class='ocr_carea' id='block_1_67' title="bbox 130 3597 1689 3677">
    <p class='ocr_par' dir='ltr' id='par_1_67' title="bbox 130 3597 1689 3677">
     <span class='ocr_line' id='line_1_67' title="bbox 130 3597 1689 3677; baseline 0.007 -29"><span class='ocrx_word' id='word_1_466' title='bbox 130 3610 267 3664; x_wconf 81' lang='lat' dir='ltr'><strong>prope</strong></span> <span class='ocrx_word' id='word_1_467' title='bbox 332 3597 771 3669; x_wconf 87' lang='lat' dir='ltr'><strong>Gratianopolim</strong></span> <span class='ocrx_word' id='word_1_468' title='bbox 838 3602 1029 3656; x_wconf 79' lang='lat' dir='ltr'><strong>subter</strong></span> <span class='ocrx_word' id='word_1_469' title='bbox 1085 3612 1325 3658; x_wconf 88' lang='lat' dir='ltr'><strong>castrum</strong></span> <span class='ocrx_word' id='word_1_470' title='bbox 1381 3604 1689 3677; x_wconf 58' lang='lat' dir='ltr'><strong>Curnilhioe</strong></span> 
     </span>
    </p>
   </div>
   <div class='ocr_carea' id='block_1_68' title="bbox 131 3685 386 3757">
    <p class='ocr_par' dir='ltr' id='par_1_68' title="bbox 131 3685 386 3757">
     <span class='ocr_line' id='line_1_68' title="bbox 131 3685 386 3757; baseline 0.027 -23"><span class='ocrx_word' id='word_1_471' title='bbox 131 3685 196 3739; x_wconf 80' lang='lat' dir='ltr'><strong>nis</strong></span> <span class='ocrx_word' id='word_1_472' title='bbox 225 3686 386 3757; x_wconf 83' lang='grc'><strong>(111).</strong></span> 
     </span>
    </p>
   </div>
   <div class='ocr_carea' id='block_1_69' title="bbox 718 3824 1070 3882">
    <p class='ocr_par' dir='ltr' id='par_1_69' title="bbox 718 3824 1070 3882">
     <span class='ocr_line' id='line_1_69' title="bbox 718 3824 1070 3882; baseline 0.009 -3"><span class='ocrx_word' id='word_1_473' title='bbox 718 3824 946 3882; x_wconf 81' lang='lat' dir='ltr'><strong>CAPUT</strong></span> <span class='ocrx_word' id='word_1_474' title='bbox 986 3826 1070 3882; x_wconf 91' lang='grc' dir='ltr'><strong>ΙΙΙ.</strong></span> 
     </span>
    </p>
   </div>
   <div class='ocr_carea' id='block_1_70' title="bbox 133 3928 1691 4011">
    <p class='ocr_par' dir='ltr' id='par_1_70' title="bbox 133 3928 1691 4011">
     <span class='ocr_line' id='line_1_70' title="bbox 133 3928 1691 4011; baseline 0.007 -25"><span class='ocrx_word' id='word_1_475' title='bbox 133 3928 333 4011; x_wconf 66' lang='lat' dir='ltr'><strong>Sanetus</strong></span> <span class='ocrx_word' id='word_1_476' title='bbox 368 3935 731 4011; x_wconf 11' lang='lat' dir='ltr'><strong>(Cartbusia,</strong></span> <span class='ocrx_word' id='word_1_477' title='bbox 758 3938 982 3993; x_wconf 84' lang='lat' dir='ltr'><strong>Romam</strong></span> <span class='ocrx_word' id='word_1_478' title='bbox 1018 3957 1072 3995; x_wconf 85' lang='lat' dir='ltr'><strong>se</strong></span> <span class='ocrx_word' id='word_1_479' title='bbox 1105 3942 1327 4011; x_wconf 77' lang='lat' dir='ltr'><strong>confert,</strong></span> <span class='ocrx_word' id='word_1_480' title='bbox 1359 3944 1551 3997; x_wconf 80' lang='lat' dir='ltr'><strong>secutis</strong></span> <span class='ocrx_word' id='word_1_481' title='bbox 1589 3945 1691 3997; x_wconf 82' lang='lat' dir='ltr'><strong>lmc</strong></span> 
     </span>
    </p>
   </div>
   <div class='ocr_carea' id='block_1_71' title="bbox 188 4006 1692 4080">
    <p class='ocr_par' dir='ltr' id='par_1_71' title="bbox 188 4006 1692 4080">
     <span class='ocr_line' id='line_1_71' title="bbox 188 4006 1692 4080; baseline 0.009 -25"><span class='ocrx_word' id='word_1_482' title='bbox 188 4006 472 4080; x_wconf 68' lang='lat' dir='ltr'><strong>discipulis,</strong></span> <span class='ocrx_word' id='word_1_483' title='bbox 499 4019 553 4059; x_wconf 83' lang='lat' dir='ltr'><strong>ut</strong></span> <span class='ocrx_word' id='word_1_484' title='bbox 584 4008 921 4062; x_wconf 75' lang='lat' dir='ltr'><strong>Carthasiam</strong></span> <span class='ocrx_word' id='word_1_485' title='bbox 955 4006 1217 4078; x_wconf 66' lang='lat' dir='ltr'><strong>repetant,</strong></span> <span class='ocrx_word' id='word_1_486' title='bbox 1242 4016 1453 4076; x_wconf 83' lang='lat' dir='ltr'><strong>suadet,</strong></span> <span class='ocrx_word' id='word_1_487' title='bbox 1484 4019 1692 4080; x_wconf 52' lang='lat' dir='ltr'><strong>ipseque</strong></span> 
     </span>
    </p>
   </div>
   <div class='ocr_carea' id='block_1_72' title="bbox 188 4076 1690 4152">
    <p class='ocr_par' dir='ltr' id='par_1_72' title="bbox 188 4076 1690 4152">
     <span class='ocr_line' id='line_1_72' title="bbox 188 4076 1690 4152; baseline 0.009 -27"><span class='ocrx_word' id='word_1_488' title='bbox 188 4076 233 4127; x_wconf 83' lang='lat' dir='ltr'><strong>in</strong></span> <span class='ocrx_word' id='word_1_489' title='bbox 252 4078 539 4141; x_wconf 75' lang='lat' dir='ltr'><strong>Calabriw,</strong></span> <span class='ocrx_word' id='word_1_490' title='bbox 561 4083 776 4152; x_wconf 65' lang='lat' dir='ltr'><strong>obtenta</strong></span> <span class='ocrx_word' id='word_1_491' title='bbox 799 4096 830 4152; x_wconf 83' lang='lat' dir='ltr'><strong>a</strong></span> <span class='ocrx_word' id='word_1_492' title='bbox 856 4076 1384 4149; x_wconf 80' lang='lat' dir='ltr'><strong>pontiﬁcesecedendi</strong></span> <span class='ocrx_word' id='word_1_493' title='bbox 1413 4076 1690 4152; x_wconf 65' lang='lat' dir='ltr'><strong>Incultum,</strong></span> 
     </span>
    </p>
   </div>
   <div class='ocr_carea' id='block_1_73' title="bbox 192 4147 1693 4222">
    <p class='ocr_par' dir='ltr' id='par_1_73' title="bbox 192 4147 1693 4222">
     <span class='ocr_line' id='line_1_73' title="bbox 192 4147 1693 4222; baseline 0.008 -25"><span class='ocrx_word' id='word_1_494' title='bbox 192 4158 521 4222; x_wconf 65' lang='lat' dir='ltr'><strong>recusatoque</strong></span> <span class='ocrx_word' id='word_1_495' title='bbox 552 4147 828 4222; x_wconf 71' lang='lat' dir='ltr'><strong>thegiettst&#39;</strong></span> <span class='ocrx_word' id='word_1_496' title='bbox 852 4147 1320 4222; x_wconf 74' lang='lat' dir='ltr'><strong>archiepiscopum,</strong></span> <span class='ocrx_word' id='word_1_497' title='bbox 1353 4147 1558 4207; x_wconf 35' lang='lat' dir='ltr'><strong>tle-serta</strong></span> <span class='ocrx_word' id='word_1_498' title='bbox 1583 4147 1693 4210; x_wconf 75' lang='lat' dir='ltr'><strong>sese</strong></span> 
     </span>
    </p>
   </div>
   <div class='ocr_carea' id='block_1_74' title="bbox 193 4214 1692 4294">
    <p class='ocr_par' dir='ltr' id='par_1_74' title="bbox 193 4214 1692 4294">
     <span class='ocr_line' id='line_1_74' title="bbox 193 4214 1692 4294; baseline 0.008 -27"><span class='ocrx_word' id='word_1_499' title='bbox 193 4214 346 4294; x_wconf 67' lang='lat' dir='ltr'><strong>abdit,</strong></span> <span class='ocrx_word' id='word_1_500' title='bbox 405 4214 709 4294; x_wconf 65' lang='lat' dir='ltr'><strong>benevolum</strong></span> <span class='ocrx_word' id='word_1_501' title='bbox 754 4220 823 4294; x_wconf 60' lang='lat' dir='ltr'><strong>ibi</strong></span> <span class='ocrx_word' id='word_1_502' title='bbox 869 4214 1082 4294; x_wconf 10' lang='lat' dir='ltr'><strong>ergar&#39;se</strong></span> <span class='ocrx_word' id='word_1_503' title='bbox 1127 4214 1367 4276; x_wconf 77' lang='lat' dir='ltr'><strong>comitem</strong></span> <span class='ocrx_word' id='word_1_504' title='bbox 1412 4224 1692 4294; x_wconf 81' lang='lat' dir='ltr'><strong>Rogertum</strong></span> 
     </span>
    </p>
   </div>
   <div class='ocr_carea' id='block_1_75' title="bbox 188 4284 1693 4369">
    <p class='ocr_par' dir='ltr' id='par_1_75' title="bbox 188 4284 1693 4369">
     <span class='ocr_line' id='line_1_75' title="bbox 188 4284 1693 4369; baseline 0.01 -34"><span class='ocrx_word' id='word_1_505' title='bbox 188 4284 348 4350; x_wconf 73' lang='lat' dir='ltr'><strong>habet,</strong></span> <span class='ocrx_word' id='word_1_506' title='bbox 377 4304 537 4369; x_wconf 75' lang='lat' dir='ltr'><strong>noras</strong></span> <span class='ocrx_word' id='word_1_507' title='bbox 571 4289 837 4343; x_wconf 67' lang='lat' dir='ltr'><strong>Ecclesia:</strong></span> <span class='ocrx_word' id='word_1_508' title='bbox 880 4284 1075 4360; x_wconf 66' lang='lat' dir='ltr'><strong>condit,</strong></span> <span class='ocrx_word' id='word_1_509' title='bbox 1115 4284 1540 4363; x_wconf 59' lang='lat' dir='ltr'><strong>sanctissimeque</strong></span> <span class='ocrx_word' id='word_1_510' title='bbox 1574 4298 1693 4351; x_wconf 79' lang='lat' dir='ltr'><strong>vivit</strong></span> 
     </span>
    </p>
   </div>
   <div class='ocr_carea' id='block_1_76' title="bbox 193 4371 510 4411">
    <p class='ocr_par' dir='ltr' id='par_1_76' title="bbox 193 4371 510 4411">
     <span class='ocr_line' id='line_1_76' title="bbox 193 4371 510 4411; baseline 0.016 -5"><span class='ocrx_word' id='word_1_511' title='bbox 193 4371 245 4406; x_wconf 85' lang='lat' dir='ltr'><strong>ac</strong></span> <span class='ocrx_word' id='word_1_512' title='bbox 267 4373 510 4411; x_wconf 70' lang='grc' dir='ltr'><strong>ηιοτιιαν.</strong></span> 
     </span>
    </p>
   </div>
   <div class='ocr_carea' id='block_1_77' title="bbox 190 4489 1693 4566">
    <p class='ocr_par' dir='ltr' id='par_1_77' title="bbox 190 4489 1693 4566">
     <span class='ocr_line' id='line_1_77' title="bbox 190 4489 1693 4566; baseline 0.009 -24"><span class='ocrx_word' id='word_1_513' title='bbox 190 4489 266 4543; x_wconf 77' lang='grc'><strong>17.</strong></span> <span class='ocrx_word' id='word_1_514' title='bbox 297 4491 576 4563; x_wconf 73' lang='lat' dir='ltr'><strong>Etdeinde</strong></span> <span class='ocrx_word' id='word_1_515' title='bbox 593 4508 620 4546; x_wconf 88' lang='lat' dir='ltr'><strong>a</strong></span> <span class='ocrx_word' id='word_1_516' title='bbox 639 4494 796 4548; x_wconf 87' lang='lat' dir='ltr'><strong>beato</strong></span> <span class='ocrx_word' id='word_1_517' title='bbox 812 4493 1034 4565; x_wconf 83' lang='lat' dir='ltr'><strong>llugone</strong></span> <span class='ocrx_word' id='word_1_518' title='bbox 1050 4495 1302 4566; x_wconf 83' lang='lat' dir='ltr'><strong>episcopo</strong></span> <span class='ocrx_word' id='word_1_519' title='bbox 1319 4498 1693 4555; x_wconf 88' lang='lat' dir='ltr'><strong>benedictione</strong></span> 
     </span>
    </p>
   </div>
   <div class='ocr_carea' id='block_1_78' title="bbox 1788 3301 3383 3376">
    <p class='ocr_par' dir='ltr' id='par_1_78' title="bbox 1788 3301 3383 3376">
     <span class='ocr_line' id='line_1_78' title="bbox 1788 3301 3383 3376; baseline 0.011 -18"><span class='ocrx_word' id='word_1_520' title='bbox 1788 3301 2028 3372; x_wconf 86' lang='lat' dir='ltr'><strong>ejusdem</strong></span> <span class='ocrx_word' id='word_1_521' title='bbox 2077 3305 2221 3361; x_wconf 86' lang='lat' dir='ltr'><strong>beati</strong></span> <span class='ocrx_word' id='word_1_522' title='bbox 2272 3307 2582 3376; x_wconf 89' lang='lat' dir='ltr'><strong>Brunonis,</strong></span> <span class='ocrx_word' id='word_1_523' title='bbox 2633 3326 2756 3366; x_wconf 88' lang='lat' dir='ltr'><strong>cum</strong></span> <span class='ocrx_word' id='word_1_524' title='bbox 2807 3330 3076 3369; x_wconf 88' lang='lat' dir='ltr'><strong>consensu</strong></span> <span class='ocrx_word' id='word_1_525' title='bbox 3126 3317 3209 3372; x_wconf 91' lang='lat' dir='ltr'><strong>sui</strong></span> <span class='ocrx_word' id='word_1_526' title='bbox 3251 3334 3383 3375; x_wconf 87' lang='lat' dir='ltr'><strong>cou-</strong></span> 
     </span>
    </p>
   </div>
   <div class='ocr_carea' id='block_1_79' title="bbox 1788 3397 3382 3476">
    <p class='ocr_par' dir='ltr' id='par_1_79' title="bbox 1788 3397 3382 3476">
     <span class='ocr_line' id='line_1_79' title="bbox 1788 3397 3382 3476; baseline 0.013 -30"><span class='ocrx_word' id='word_1_527' title='bbox 1788 3403 1984 3449; x_wconf 90' lang='lat' dir='ltr'><strong>ventus</strong></span> <span class='ocrx_word' id='word_1_528' title='bbox 2016 3404 2071 3451; x_wconf 89' lang='lat' dir='ltr'><strong>et</strong></span> <span class='ocrx_word' id='word_1_529' title='bbox 2121 3397 2174 3451; x_wconf 93' lang='lat' dir='ltr'><strong>in</strong></span> <span class='ocrx_word' id='word_1_530' title='bbox 2205 3401 2497 3467; x_wconf 62' lang='lat' dir='ltr'><strong>praesentia</strong></span> <span class='ocrx_word' id='word_1_531' title='bbox 2536 3402 2748 3472; x_wconf 60' lang='lat' dir='ltr'><strong>praefati</strong></span> <span class='ocrx_word' id='word_1_532' title='bbox 2778 3405 2921 3461; x_wconf 90' lang='lat' dir='ltr'><strong>beati</strong></span> <span class='ocrx_word' id='word_1_533' title='bbox 2970 3408 3211 3476; x_wconf 76' lang='lat' dir='ltr'><strong>llugonis</strong></span> <span class='ocrx_word' id='word_1_534' title='bbox 3247 3410 3382 3466; x_wconf 88' lang='lat' dir='ltr'><strong>Gra-</strong></span> 
     </span>
    </p>
   </div>
   <div class='ocr_carea' id='block_1_80' title="bbox 1793 3484 3379 3573">
    <p class='ocr_par' dir='ltr' id='par_1_80' title="bbox 1793 3484 3379 3573">
     <span class='ocr_line' id='line_1_80' title="bbox 1793 3484 3379 3573; baseline 0.013 -37"><span class='ocrx_word' id='word_1_535' title='bbox 1793 3484 2172 3555; x_wconf 85' lang='lat' dir='ltr'><strong>tianopolitani</strong></span> <span class='ocrx_word' id='word_1_536' title='bbox 2209 3490 2471 3562; x_wconf 78' lang='lat' dir='ltr'><strong>cpisc0pi,</strong></span> <span class='ocrx_word' id='word_1_537' title='bbox 2520 3502 2575 3547; x_wconf 88' lang='lat' dir='ltr'><strong>et</strong></span> <span class='ocrx_word' id='word_1_538' title='bbox 2615 3494 2848 3552; x_wconf 88' lang='lat' dir='ltr'><strong>alterius</strong></span> <span class='ocrx_word' id='word_1_539' title='bbox 2877 3497 3117 3570; x_wconf 79' lang='lat' dir='ltr'><strong>llugonis</strong></span> <span class='ocrx_word' id='word_1_540' title='bbox 3161 3502 3379 3573; x_wconf 76' lang='lat' dir='ltr'><strong>Lugdu-</strong></span> 
     </span>
    </p>
   </div>
   <div class='ocr_carea' id='block_1_81' title="bbox 1791 3582 3383 3660">
    <p class='ocr_par' dir='ltr' id='par_1_81' title="bbox 1791 3582 3383 3660">
     <span class='ocr_line' id='line_1_81' title="bbox 1791 3582 3383 3660; baseline 0.013 -29"><span class='ocrx_word' id='word_1_541' title='bbox 1791 3582 1977 3635; x_wconf 89' lang='lat' dir='ltr'><strong>nensis</strong></span> <span class='ocrx_word' id='word_1_542' title='bbox 2010 3582 2441 3653; x_wconf 87' lang='lat' dir='ltr'><strong>archiepisc0pi,</strong></span> <span class='ocrx_word' id='word_1_543' title='bbox 2486 3586 2664 3642; x_wconf 88' lang='lat' dir='ltr'><strong>locum</strong></span> <span class='ocrx_word' id='word_1_544' title='bbox 2713 3590 3033 3660; x_wconf 66' lang='lat' dir='ltr'><strong>praedictum</strong></span> <span class='ocrx_word' id='word_1_545' title='bbox 3079 3593 3383 3652; x_wconf 85' lang='lat' dir='ltr'><strong>Cartbusiae</strong></span> 
     </span>
    </p>
   </div>
   <div class='ocr_carea' id='block_1_82' title="bbox 1791 3665 3378 3746">
    <p class='ocr_par' dir='ltr' id='par_1_82' title="bbox 1791 3665 3378 3746">
     <span class='ocr_line' id='line_1_82' title="bbox 1791 3665 3378 3746; baseline 0.014 -27"><span class='ocrx_word' id='word_1_546' title='bbox 1791 3665 1963 3723; x_wconf 87' lang='lat' dir='ltr'><strong>libere</strong></span> <span class='ocrx_word' id='word_1_547' title='bbox 2000 3672 2212 3725; x_wconf 88' lang='lat' dir='ltr'><strong>remisit</strong></span> <span class='ocrx_word' id='word_1_548' title='bbox 2252 3674 2422 3745; x_wconf 87' lang='grc'><strong>(117),</strong></span> <span class='ocrx_word' id='word_1_549' title='bbox 2463 3691 2526 3731; x_wconf 90' lang='lat' dir='ltr'><strong>ac</strong></span> <span class='ocrx_word' id='word_1_550' title='bbox 2559 3677 2669 3746; x_wconf 90' lang='lat' dir='ltr'><strong>juri</strong></span> <span class='ocrx_word' id='word_1_551' title='bbox 2700 3694 2889 3735; x_wconf 90' lang='lat' dir='ltr'><strong>eorum</strong></span> <span class='ocrx_word' id='word_1_552' title='bbox 2916 3692 2968 3738; x_wconf 91' lang='lat' dir='ltr'><strong>et</strong></span> <span class='ocrx_word' id='word_1_553' title='bbox 3000 3697 3378 3741; x_wconf 90' lang='lat' dir='ltr'><strong>successorum</strong></span> 
     </span>
    </p>
   </div>
   <div class='ocr_carea' id='block_1_83' title="bbox 1792 3764 3381 3841">
    <p class='ocr_par' dir='ltr' id='par_1_83' title="bbox 1792 3764 3381 3841">
     <span class='ocr_line' id='line_1_83' title="bbox 1792 3764 3381 3841; baseline 0.012 -26"><span class='ocrx_word' id='word_1_554' title='bbox 1792 3764 2108 3817; x_wconf 90' lang='lat' dir='ltr'><strong>eorumdem</strong></span> <span class='ocrx_word' id='word_1_555' title='bbox 2164 3766 2384 3821; x_wconf 86' lang='lat' dir='ltr'><strong>tradidit</strong></span> <span class='ocrx_word' id='word_1_556' title='bbox 2437 3781 2698 3839; x_wconf 88' lang='lat' dir='ltr'><strong>perpetuo</strong></span> <span class='ocrx_word' id='word_1_557' title='bbox 2738 3774 3142 3841; x_wconf 88' lang='lat' dir='ltr'><strong>possidendum.</strong></span> <span class='ocrx_word' id='word_1_558' title='bbox 3196 3779 3261 3833; x_wconf 86' lang='lat' dir='ltr'><strong>Et</strong></span> <span class='ocrx_word' id='word_1_559' title='bbox 3288 3797 3381 3833; x_wconf 79' lang='lat' dir='ltr'><strong>ex-</strong></span> 
     </span>
    </p>
   </div>
   <div class='ocr_carea' id='block_1_84' title="bbox 1796 3852 3384 3928">
    <p class='ocr_par' dir='ltr' id='par_1_84' title="bbox 1796 3852 3384 3928">
     <span class='ocr_line' id='line_1_84' title="bbox 1796 3852 3384 3928; baseline 0.013 -25"><span class='ocrx_word' id='word_1_560' title='bbox 1796 3861 1924 3905; x_wconf 85' lang='lat' dir='ltr'><strong>tunc</strong></span> <span class='ocrx_word' id='word_1_561' title='bbox 1954 3852 2130 3908; x_wconf 88' lang='lat' dir='ltr'><strong>dictus</strong></span> <span class='ocrx_word' id='word_1_562' title='bbox 2168 3853 2485 3912; x_wconf 87' lang='lat' dir='ltr'><strong>Landuinus</strong></span> <span class='ocrx_word' id='word_1_563' title='bbox 2529 3861 2696 3928; x_wconf 89' lang='lat' dir='ltr'><strong>prior,</strong></span> <span class='ocrx_word' id='word_1_564' title='bbox 2740 3871 2794 3917; x_wconf 91' lang='lat' dir='ltr'><strong>et</strong></span> <span class='ocrx_word' id='word_1_565' title='bbox 2838 3866 3017 3920; x_wconf 65' lang='lat' dir='ltr'><strong>caeteri</strong></span> <span class='ocrx_word' id='word_1_566' title='bbox 3069 3865 3267 3923; x_wconf 84' lang='lat' dir='ltr'><strong>fratres</strong></span> <span class='ocrx_word' id='word_1_567' title='bbox 3318 3885 3384 3924; x_wconf 84' lang='lat' dir='ltr'><strong>ac</strong></span> 
     </span>
    </p>
   </div>
   <div class='ocr_carea' id='block_1_85' title="bbox 1792 3954 3381 4024">
    <p class='ocr_par' dir='ltr' id='par_1_85' title="bbox 1792 3954 3381 4024">
     <span class='ocr_line' id='line_1_85' title="bbox 1792 3954 3381 4024; baseline 0.014 -30"><span class='ocrx_word' id='word_1_568' title='bbox 1792 3957 1982 3996; x_wconf 88' lang='lat' dir='ltr'><strong>eorum</strong></span> <span class='ocrx_word' id='word_1_569' title='bbox 2016 3960 2363 4003; x_wconf 87' lang='lat' dir='ltr'><strong>successores</strong></span> <span class='ocrx_word' id='word_1_570' title='bbox 2391 3966 2563 4021; x_wconf 89' lang='lat' dir='ltr'><strong>usque</strong></span> <span class='ocrx_word' id='word_1_571' title='bbox 2588 3954 2640 4007; x_wconf 89' lang='lat' dir='ltr'><strong>in</strong></span> <span class='ocrx_word' id='word_1_572' title='bbox 2666 3966 2986 4024; x_wconf 67' lang='lat' dir='ltr'><strong>prmsentem</strong></span> <span class='ocrx_word' id='word_1_573' title='bbox 3017 3959 3157 4014; x_wconf 90' lang='lat' dir='ltr'><strong>diem</strong></span> <span class='ocrx_word' id='word_1_574' title='bbox 3182 3962 3381 4017; x_wconf 88' lang='lat' dir='ltr'><strong>dictam</strong></span> 
     </span>
    </p>
   </div>
   <div class='ocr_carea' id='block_1_86' title="bbox 1796 4038 3383 4123">
    <p class='ocr_par' dir='ltr' id='par_1_86' title="bbox 1796 4038 3383 4123">
     <span class='ocr_line' id='line_1_86' title="bbox 1796 4038 3383 4123; baseline 0.014 -35"><span class='ocrx_word' id='word_1_575' title='bbox 1796 4048 2042 4089; x_wconf 87' lang='lat' dir='ltr'><strong>eremum</strong></span> <span class='ocrx_word' id='word_1_576' title='bbox 2084 4038 2387 4123; x_wconf 52' lang='lat' dir='ltr'><strong>Cartbusia:</strong></span> <span class='ocrx_word' id='word_1_577' title='bbox 2431 4060 2554 4098; x_wconf 92' lang='lat' dir='ltr'><strong>cum</strong></span> <span class='ocrx_word' id='word_1_578' title='bbox 2588 4047 2701 4101; x_wconf 88' lang='lat' dir='ltr'><strong>suis</strong></span> <span class='ocrx_word' id='word_1_579' title='bbox 2735 4048 2932 4103; x_wconf 83' lang='lat' dir='ltr'><strong>finibus</strong></span> <span class='ocrx_word' id='word_1_580' title='bbox 2979 4060 3035 4105; x_wconf 90' lang='lat' dir='ltr'><strong>et</strong></span> <span class='ocrx_word' id='word_1_581' title='bbox 3059 4052 3274 4121; x_wconf 88' lang='lat' dir='ltr'><strong>juribus</strong></span> <span class='ocrx_word' id='word_1_582' title='bbox 3306 4065 3383 4110; x_wconf 91' lang='lat' dir='ltr'><strong>tc-</strong></span> 
     </span>
    </p>
   </div>
   <div class='ocr_carea' id='block_1_87' title="bbox 1794 4122 3385 4206">
    <p class='ocr_par' dir='ltr' id='par_1_87' title="bbox 1794 4122 3385 4206">
     <span class='ocr_line' id='line_1_87' title="bbox 1794 4122 3385 4206; baseline 0.013 -29"><span class='ocrx_word' id='word_1_583' title='bbox 1794 4122 2029 4181; x_wconf 78' lang='lat' dir='ltr'><strong>nu‘erunt</strong></span> <span class='ocrx_word' id='word_1_584' title='bbox 2081 4122 2151 4183; x_wconf 19' lang='lat' dir='ltr'><strong>et,</strong></span> <span class='ocrx_word' id='word_1_585' title='bbox 2188 4134 2569 4199; x_wconf 88' lang='lat' dir='ltr'><strong>possederunt,</strong></span> <span class='ocrx_word' id='word_1_586' title='bbox 2622 4150 3035 4206; x_wconf 79' lang='lat' dir='ltr'><strong>perseverantes</strong></span> <span class='ocrx_word' id='word_1_587' title='bbox 3082 4143 3135 4196; x_wconf 88' lang='lat' dir='ltr'><strong>itt</strong></span> <span class='ocrx_word' id='word_1_588' title='bbox 3174 4160 3236 4197; x_wconf 87' lang='lat' dir='ltr'><strong>ea</strong></span> <span class='ocrx_word' id='word_1_589' title='bbox 3282 4146 3385 4199; x_wconf 84' lang='lat' dir='ltr'><strong>sub</strong></span> 
     </span>
    </p>
   </div>
   <div class='ocr_carea' id='block_1_88' title="bbox 1795 4217 3385 4299">
    <p class='ocr_par' dir='ltr' id='par_1_88' title="bbox 1795 4217 3385 4299">
     <span class='ocr_line' id='line_1_88' title="bbox 1795 4217 3385 4299; baseline 0.011 -30"><span class='ocrx_word' id='word_1_590' title='bbox 1795 4217 2072 4270; x_wconf 89' lang='lat' dir='ltr'><strong>communi</strong></span> <span class='ocrx_word' id='word_1_591' title='bbox 2129 4219 2437 4274; x_wconf 86' lang='lat' dir='ltr'><strong>obedientia</strong></span> <span class='ocrx_word' id='word_1_592' title='bbox 2483 4226 2700 4294; x_wconf 85' lang='lat' dir='ltr'><strong>capituli</strong></span> <span class='ocrx_word' id='word_1_593' title='bbox 2745 4229 3014 4297; x_wconf 82' lang='lat' dir='ltr'><strong>generalis</strong></span> <span class='ocrx_word' id='word_1_594' title='bbox 3042 4231 3221 4299; x_wconf 90' lang='lat' dir='ltr'><strong>potius</strong></span> <span class='ocrx_word' id='word_1_595' title='bbox 3254 4232 3385 4286; x_wconf 87' lang='lat' dir='ltr'><strong>Car-</strong></span> 
     </span>
    </p>
   </div>
   <div class='ocr_carea' id='block_1_89' title="bbox 1798 4308 3382 4393">
    <p class='ocr_par' dir='ltr' id='par_1_89' title="bbox 1798 4308 3382 4393">
     <span class='ocr_line' id='line_1_89' title="bbox 1798 4308 3382 4393; baseline 0.014 -34"><span class='ocrx_word' id='word_1_596' title='bbox 1798 4308 2094 4363; x_wconf 89' lang='lat' dir='ltr'><strong>tbusiensis</strong></span> <span class='ocrx_word' id='word_1_597' title='bbox 2122 4311 2351 4376; x_wconf 89' lang='lat' dir='ltr'><strong>ordinis,</strong></span> <span class='ocrx_word' id='word_1_598' title='bbox 2379 4316 2522 4382; x_wconf 90' lang='lat' dir='ltr'><strong>quod</strong></span> <span class='ocrx_word' id='word_1_599' title='bbox 2571 4317 2768 4373; x_wconf 88' lang='lat' dir='ltr'><strong>ibidem</strong></span> <span class='ocrx_word' id='word_1_600' title='bbox 2803 4323 2957 4375; x_wconf 90' lang='lat' dir='ltr'><strong>anuis</strong></span> <span class='ocrx_word' id='word_1_601' title='bbox 2985 4325 3213 4393; x_wconf 84' lang='lat' dir='ltr'><strong>singulis</strong></span> <span class='ocrx_word' id='word_1_602' title='bbox 3241 4327 3382 4380; x_wconf 80' lang='lat' dir='ltr'><strong>cele—</strong></span> 
     </span>
    </p>
   </div>
   <div class='ocr_carea' id='block_1_90' title="bbox 1795 4398 3382 4473">
    <p class='ocr_par' dir='ltr' id='par_1_90' title="bbox 1795 4398 3382 4473">
     <span class='ocr_line' id='line_1_90' title="bbox 1795 4398 3382 4473; baseline 0.013 -20"><span class='ocrx_word' id='word_1_603' title='bbox 1795 4398 1988 4454; x_wconf 88' lang='lat' dir='ltr'><strong>bratur</strong></span> <span class='ocrx_word' id='word_1_604' title='bbox 2010 4402 2163 4472; x_wconf 80' lang='lat' dir='ltr'><strong>juxta</strong></span> <span class='ocrx_word' id='word_1_605' title='bbox 2199 4405 2411 4459; x_wconf 80' lang='lat' dir='ltr'><strong>vivendi</strong></span> <span class='ocrx_word' id='word_1_606' title='bbox 2444 4422 2691 4462; x_wconf 88' lang='lat' dir='ltr'><strong>normam</strong></span> <span class='ocrx_word' id='word_1_607' title='bbox 2726 4412 2794 4465; x_wconf 89' lang='lat' dir='ltr'><strong>ab</strong></span> <span class='ocrx_word' id='word_1_608' title='bbox 2832 4415 3019 4469; x_wconf 87' lang='lat' dir='ltr'><strong>eodem</strong></span> <span class='ocrx_word' id='word_1_609' title='bbox 3051 4418 3210 4473; x_wconf 87' lang='lat' dir='ltr'><strong>beato</strong></span> <span class='ocrx_word' id='word_1_610' title='bbox 3240 4420 3382 4473; x_wconf 79' lang='lat' dir='ltr'><strong>Bru-</strong></span> 
     </span>
    </p>
   </div>
   <div class='ocr_carea' id='block_1_91' title="bbox 1798 4497 3385 4580">
    <p class='ocr_par' dir='ltr' id='par_1_91' title="bbox 1798 4497 3385 4580">
     <span class='ocr_line' id='line_1_91' title="bbox 1798 4497 3385 4580; baseline 0.014 -35"><span class='ocrx_word' id='word_1_611' title='bbox 1798 4509 1939 4547; x_wconf 91' lang='lat' dir='ltr'><strong>none</strong></span> <span class='ocrx_word' id='word_1_612' title='bbox 1968 4510 2163 4563; x_wconf 82' lang='lat' dir='ltr'><strong>prmio,</strong></span> <span class='ocrx_word' id='word_1_613' title='bbox 2197 4504 2251 4550; x_wconf 88' lang='lat' dir='ltr'><strong>et</strong></span> <span class='ocrx_word' id='word_1_614' title='bbox 2279 4497 2476 4551; x_wconf 89' lang='lat' dir='ltr'><strong>deinde</strong></span> <span class='ocrx_word' id='word_1_615' title='bbox 2513 4514 2542 4551; x_wconf 93' lang='lat' dir='ltr'><strong>a</strong></span> <span class='ocrx_word' id='word_1_616' title='bbox 2574 4502 2789 4557; x_wconf 71' lang='lat' dir='ltr'><strong>czeteris</strong></span> <span class='ocrx_word' id='word_1_617' title='bbox 2835 4505 3135 4564; x_wconf 76' lang='lat' dir='ltr'><strong>Cartbusia:</strong></span> <span class='ocrx_word' id='word_1_618' title='bbox 3185 4511 3385 4580; x_wconf 87' lang='lat' dir='ltr'><strong>priori-</strong></span> 
     </span>
    </p>
   </div>
   <div class='ocr_carea' id='block_1_92' title="bbox 140 4554 3341 4681">
    <p class='ocr_par' dir='ltr' id='par_1_92' title="bbox 140 4554 3341 4681">
     <span class='ocr_line' id='line_1_92' title="bbox 140 4554 3341 4681; baseline 0.011 -58"><span class='ocrx_word' id='word_1_619' title='bbox 140 4555 376 4656; x_wconf 53' lang='lat' dir='ltr'><strong>suscepta;</strong></span> <span class='ocrx_word' id='word_1_620' title='bbox 404 4585 633 4642; x_wconf 63' lang='lat' dir='ltr'><strong>numam</strong></span> <span class='ocrx_word' id='word_1_621' title='bbox 671 4591 897 4644; x_wconf 61' lang='lat' dir='ltr'><strong>accessi;</strong></span> <span class='ocrx_word' id='word_1_622' title='bbox 927 4588 1095 4660; x_wconf 66' lang='lat'>(“2),</span> <span class='ocrx_word' id='word_1_623' title='bbox 1122 4588 1361 4661; x_wconf 63' lang='lat' dir='ltr'><strong>urgebat</strong></span> <span class='ocrx_word' id='word_1_624' title='bbox 1387 4592 1529 4646; x_wconf 72' lang='lat' dir='ltr'><strong>enim</strong></span> <span class='ocrx_word' id='word_1_625' title='bbox 1559 4608 1687 4661; x_wconf 66' lang='grc' dir='ltr'><strong>προ.</strong></span> <span class='ocrx_word' id='word_1_626' title='bbox 1709 4554 1769 4608; x_wconf 69' lang='grc' dir='ltr'><strong>’Β</strong></span> <span class='ocrx_word' id='word_1_627' title='bbox 1795 4584 1915 4645; x_wconf 88' lang='lat' dir='ltr'><strong>bus,</strong></span> <span class='ocrx_word' id='word_1_628' title='bbox 1940 4594 1993 4637; x_wconf 87' lang='lat' dir='ltr'><strong>et</strong></span> <span class='ocrx_word' id='word_1_629' title='bbox 2020 4600 2048 4637; x_wconf 88' lang='lat' dir='ltr'><strong>a</strong></span> <span class='ocrx_word' id='word_1_630' title='bbox 2075 4585 2218 4639; x_wconf 91' lang='lat' dir='ltr'><strong>dicto</strong></span> <span class='ocrx_word' id='word_1_631' title='bbox 2249 4589 2486 4656; x_wconf 76' lang='lat' dir='ltr'><strong>generali</strong></span> <span class='ocrx_word' id='word_1_632' title='bbox 2528 4592 2764 4659; x_wconf 87' lang='lat' dir='ltr'><strong>capitulo</strong></span> <span class='ocrx_word' id='word_1_633' title='bbox 2802 4596 2883 4651; x_wconf 86' lang='lat' dir='ltr'><strong>cis</strong></span> <span class='ocrx_word' id='word_1_634' title='bbox 2912 4600 3091 4654; x_wconf 82' lang='lat' dir='ltr'><strong>datam</strong></span> <span class='ocrx_word' id='word_1_635' title='bbox 3122 4554 3293 4673; x_wconf 51' lang='lat'><strong>(1:8).</strong></span> <span class='ocrx_word' id='word_1_636' title='bbox 3340 4678 3341 4681; x_wconf 14' lang='grc' dir='ltr'><strong>η</strong></span> 
     </span>
    </p>
   </div>
   <div class='ocr_carea' id='block_1_93' title="bbox 141 4677 1683 4755">
    <p class='ocr_par' dir='ltr' id='par_1_93' title="bbox 141 4677 1683 4755">
     <span class='ocr_line' id='line_1_93' title="bbox 141 4677 1683 4755; baseline 0.006 -26"><span class='ocrx_word' id='word_1_637' title='bbox 141 4677 357 4733; x_wconf 76' lang='lat' dir='ltr'><strong>stolicum</strong></span> <span class='ocrx_word' id='word_1_638' title='bbox 404 4681 710 4750; x_wconf 90' lang='lat' dir='ltr'><strong>imperium.</strong></span> <span class='ocrx_word' id='word_1_639' title='bbox 740 4682 911 4748; x_wconf 83' lang='lat' dir='ltr'><strong>Quem</strong></span> <span class='ocrx_word' id='word_1_640' title='bbox 966 4681 1231 4752; x_wconf 80' lang='lat' dir='ltr'><strong>pontifex,</strong></span> <span class='ocrx_word' id='word_1_641' title='bbox 1260 4684 1325 4737; x_wconf 90' lang='lat' dir='ltr'><strong>de</strong></span> <span class='ocrx_word' id='word_1_642' title='bbox 1352 4684 1491 4754; x_wconf 87' lang='lat' dir='ltr'><strong>ejus,</strong></span> <span class='ocrx_word' id='word_1_643' title='bbox 1522 4700 1683 4755; x_wconf 90' lang='lat' dir='ltr'><strong>quem</strong></span> 
     </span>
    </p>
   </div>
   <div class='ocr_carea' id='block_1_94' title="bbox 196 4836 1686 4913">
    <p class='ocr_par' dir='ltr' id='par_1_94' title="bbox 196 4836 1686 4913">
     <span class='ocr_line' id='line_1_94' title="bbox 196 4836 1686 4913; baseline 0.007 -24"><span class='ocrx_word' id='word_1_644' title='bbox 196 4836 327 4907; x_wconf 89' lang='grc'><strong>(110)</strong></span> <span class='ocrx_word' id='word_1_645' title='bbox 392 4839 472 4913; x_wconf 71' lang='lat' dir='ltr'><strong>Ad</strong></span> <span class='ocrx_word' id='word_1_646' title='bbox 526 4839 772 4913; x_wconf 83' lang='lat' dir='ltr'><strong>Romam.</strong></span> <span class='ocrx_word' id='word_1_647' title='bbox 806 4855 927 4902; x_wconf 79' lang='lat' dir='ltr'><strong>xm,</strong></span> <span class='ocrx_word' id='word_1_648' title='bbox 980 4840 1185 4913; x_wconf 63' lang='lat' dir='ltr'><strong>letﬂ;</strong></span> <span class='ocrx_word' id='word_1_649' title='bbox 1239 4841 1309 4896; x_wconf 92' lang='lat' dir='ltr'><strong>ibi</strong></span> <span class='ocrx_word' id='word_1_650' title='bbox 1363 4852 1537 4897; x_wconf 88' lang='lat' dir='ltr'><strong>tamen</strong></span> <span class='ocrx_word' id='word_1_651' title='bbox 1587 4860 1686 4913; x_wconf 90' lang='lat' dir='ltr'><strong>pro</strong></span> 
     </span>
    </p>
   </div>
   <div class='ocr_carea' id='block_1_95' title="bbox 144 4902 1685 4977">
    <p class='ocr_par' dir='ltr' id='par_1_95' title="bbox 144 4902 1685 4977">
     <span class='ocr_line' id='line_1_95' title="bbox 144 4902 1685 4977; baseline 0.006 -18"><span class='ocrx_word' id='word_1_652' title='bbox 144 4902 263 4960; x_wconf 64' lang='lat' dir='ltr'><strong>Iuste</strong></span> <span class='ocrx_word' id='word_1_653' title='bbox 310 4902 564 4972; x_wconf 63' lang='lat' dir='ltr'><strong>vocibus,</strong></span> <span class='ocrx_word' id='word_1_654' title='bbox 604 4910 736 4975; x_wconf 78' lang='lat' dir='ltr'><strong>Qua:</strong></span> <span class='ocrx_word' id='word_1_655' title='bbox 785 4923 957 4964; x_wconf 82' lang='lat' dir='ltr'><strong>autem</strong></span> <span class='ocrx_word' id='word_1_656' title='bbox 988 4928 1020 4963; x_wconf 91' lang='lat' dir='ltr'><strong>a</strong></span> <span class='ocrx_word' id='word_1_657' title='bbox 1076 4902 1185 4965; x_wconf 85' lang='lat' dir='ltr'><strong>Deo</strong></span> <span class='ocrx_word' id='word_1_658' title='bbox 1220 4923 1339 4965; x_wconf 76' lang='lat' dir='ltr'><strong>sunt</strong></span> <span class='ocrx_word' id='word_1_659' title='bbox 1370 4954 1384 4977; x_wconf 94' lang='lat'><strong>,</strong></span> <span class='ocrx_word' id='word_1_660' title='bbox 1437 4902 1685 4969; x_wconf 55' lang='lat' dir='ltr'><strong>ordin&#39;uta</strong></span> 
     </span>
    </p>
   </div>
   <div class='ocr_carea' id='block_1_96' title="bbox 145 4981 1683 5053">
    <p class='ocr_par' dir='ltr' id='par_1_96' title="bbox 145 4981 1683 5053">
     <span class='ocr_line' id='line_1_96' title="bbox 145 4981 1683 5053; baseline 0.011 -31"><span class='ocrx_word' id='word_1_661' title='bbox 145 4988 280 5041; x_wconf 78' lang='lat' dir='ltr'><strong>tant,</strong></span> <span class='ocrx_word' id='word_1_662' title='bbox 323 4981 439 5033; x_wconf 78' lang='lat' dir='ltr'><strong>ista:</strong></span> <span class='ocrx_word' id='word_1_663' title='bbox 492 4981 611 5053; x_wconf 79' lang='lat' dir='ltr'><strong>alia:</strong></span> <span class='ocrx_word' id='word_1_664' title='bbox 658 4982 725 5033; x_wconf 89' lang='lat' dir='ltr'><strong>de</strong></span> <span class='ocrx_word' id='word_1_665' title='bbox 775 4983 1129 5049; x_wconf 87' lang='lat' dir='ltr'><strong>potestatibus</strong></span> <span class='ocrx_word' id='word_1_666' title='bbox 1185 4984 1432 5053; x_wconf 76' lang='lat' dir='ltr'><strong>leguntur</strong></span> <span class='ocrx_word' id='word_1_667' title='bbox 1475 5002 1487 5036; x_wconf 89' lang='lat'><strong>:</strong></span> <span class='ocrx_word' id='word_1_668' title='bbox 1550 4988 1683 5049; x_wconf 73' lang='lat' dir='ltr'><strong>Qua:</strong></span> 
     </span>
    </p>
   </div>
   <div class='ocr_carea' id='block_1_97' title="bbox 146 5050 1093 5110">
    <p class='ocr_par' dir='ltr' id='par_1_97' title="bbox 146 5050 1093 5110">
     <span class='ocr_line' id='line_1_97' title="bbox 146 5050 1093 5110; baseline 0.012 -18"><span class='ocrx_word' id='word_1_669' title='bbox 146 5058 287 5099; x_wconf 67' lang='lat' dir='ltr'><strong>autem</strong></span> <span class='ocrx_word' id='word_1_670' title='bbox 314 5061 454 5110; x_wconf 73' lang='lat' dir='ltr'><strong>sunt,</strong></span> <span class='ocrx_word' id='word_1_671' title='bbox 479 5067 508 5102; x_wconf 84' lang='grc' dir='ltr'><strong>ιι</strong></span> <span class='ocrx_word' id='word_1_672' title='bbox 534 5050 642 5103; x_wconf 86' lang='lat' dir='ltr'><strong>Deo</strong></span> <span class='ocrx_word' id='word_1_673' title='bbox 674 5054 929 5104; x_wconf 73' lang='lat' dir='ltr'><strong>ordinatae</strong></span> <span class='ocrx_word' id='word_1_674' title='bbox 953 5062 1093 5104; x_wconf 83' lang='lat' dir='ltr'><strong>sunt.</strong></span> 
     </span>
    </p>
   </div>
   <div class='ocr_carea' id='block_1_98' title="bbox 198 5116 1682 5195">
    <p class='ocr_par' dir='ltr' id='par_1_98' title="bbox 198 5116 1682 5195">
     <span class='ocr_line' id='line_1_98' title="bbox 198 5116 1682 5195; baseline 0.009 -29"><span class='ocrx_word' id='word_1_675' title='bbox 198 5116 345 5195; x_wconf 63' lang='grc' dir='ltr'><strong>(111)Δ</strong></span> <span class='ocrx_word' id='word_1_676' title='bbox 384 5121 638 5195; x_wconf 72' lang='lat' dir='ltr'><strong>Charta,</strong></span> <span class='ocrx_word' id='word_1_677' title='bbox 693 5122 886 5195; x_wconf 75' lang='lat' dir='ltr'><strong>quaid</strong></span> <span class='ocrx_word' id='word_1_678' title='bbox 944 5132 1164 5177; x_wconf 86' lang='lat' dir='ltr'><strong>sanctus</strong></span> <span class='ocrx_word' id='word_1_679' title='bbox 1232 5122 1398 5188; x_wconf 80' lang='lat' dir='ltr'><strong>fecit,</strong></span> <span class='ocrx_word' id='word_1_680' title='bbox 1467 5138 1682 5195; x_wconf 87' lang='lat' dir='ltr'><strong>reperta</strong></span> 
     </span>
    </p>
   </div>
   <div class='ocr_carea' id='block_1_99' title="bbox 147 5189 1683 5263">
    <p class='ocr_par' dir='ltr' id='par_1_99' title="bbox 147 5189 1683 5263">
     <span class='ocr_line' id='line_1_99' title="bbox 147 5189 1683 5263; baseline 0.005 -21"><span class='ocrx_word' id='word_1_681' title='bbox 147 5195 305 5263; x_wconf 64' lang='lat' dir='ltr'><strong>postea</strong></span> <span class='ocrx_word' id='word_1_682' title='bbox 335 5192 475 5263; x_wconf 89' lang='lat' dir='ltr'><strong>baud</strong></span> <span class='ocrx_word' id='word_1_683' title='bbox 524 5189 777 5263; x_wconf 49' lang='lat' dir='ltr'><strong>fuit._Adi</strong></span> <span class='ocrx_word' id='word_1_684' title='bbox 833 5201 1123 5263; x_wconf 81' lang='lat' dir='ltr'><strong>comment.</strong></span> <span class='ocrx_word' id='word_1_685' title='bbox 1153 5195 1335 5263; x_wconf 63' lang='lat' dir='ltr'><strong>praevii</strong></span> <span class='ocrx_word' id='word_1_686' title='bbox 1367 5189 1683 5251; x_wconf 38' lang='lat' dir='ltr'><strong>num/5‘29.</strong></span> 
     </span>
    </p>
   </div>
   <div class='ocr_carea' id='block_1_100' title="bbox 206 5256 1691 5328">
    <p class='ocr_par' dir='ltr' id='par_1_100' title="bbox 206 5256 1691 5328">
     <span class='ocr_line' id='line_1_100' title="bbox 206 5256 1691 5328; baseline 0.007 -19"><span class='ocrx_word' id='word_1_687' title='bbox 206 5256 336 5328; x_wconf 73' lang='grc'><strong>(112)</strong></span> <span class='ocrx_word' id='word_1_688' title='bbox 369 5262 530 5314; x_wconf 86' lang='lat' dir='ltr'><strong>Auno</strong></span> <span class='ocrx_word' id='word_1_689' title='bbox 590 5260 797 5314; x_wconf 81' lang='lat' dir='ltr'><strong>Scilicet</strong></span> <span class='ocrx_word' id='word_1_690' title='bbox 849 5262 1005 5327; x_wconf 71' lang='lat'><strong>1090,</strong></span> <span class='ocrx_word' id='word_1_691' title='bbox 1041 5266 1108 5316; x_wconf 86' lang='lat' dir='ltr'><strong>ad</strong></span> <span class='ocrx_word' id='word_1_692' title='bbox 1154 5256 1421 5318; x_wconf 63' lang='lat' dir='ltr'><strong>&#39;Martium</strong></span> <span class='ocrx_word' id='word_1_693' title='bbox 1467 5269 1691 5321; x_wconf 89' lang='lat' dir='ltr'><strong>circiter</strong></span> 
     </span>
    </p>
   </div>
   <div class='ocr_carea' id='block_1_101' title="bbox 148 5332 1687 5448">
    <p class='ocr_par' dir='ltr' id='par_1_101' title="bbox 148 5332 1687 5448">
     <span class='ocr_line' id='line_1_101' title="bbox 148 5332 1687 5448; baseline 0.01 -72"><span class='ocrx_word' id='word_1_694' title='bbox 148 5334 403 5448; x_wconf 52' lang='lat' dir='ltr'><strong>mvecto,</strong></span> <span class='ocrx_word' id='word_1_695' title='bbox 458 5332 532 5385; x_wconf 81' lang='grc' dir='ltr'>ιιιὶ</span> <span class='ocrx_word' id='word_1_696' title='bbox 592 5333 643 5386; x_wconf 85' lang='lat' dir='ltr'><strong>iit</strong></span> <span class='ocrx_word' id='word_1_697' title='bbox 693 5336 1083 5387; x_wconf 88' lang='lat' dir='ltr'><strong>commentario</strong></span> <span class='ocrx_word' id='word_1_698' title='bbox 1130 5336 1328 5405; x_wconf 54' lang='lat' dir='ltr'><strong>praevio</strong></span> <span class='ocrx_word' id='word_1_699' title='bbox 1379 5352 1527 5391; x_wconf 90' lang='lat' dir='ltr'><strong>num.</strong></span> <span class='ocrx_word' id='word_1_700' title='bbox 1582 5338 1687 5391; x_wconf 74' lang='lat'><strong>523</strong></span> 
     </span>
     <span class='ocr_line' id='line_1_102' title="bbox 232 5411 294 5448; baseline 0 0"><span class='ocrx_word' id='word_1_701' title='bbox 232 5411 294 5448; x_wconf 86' lang='lat' dir='ltr'><strong>ut.</strong></span> 
     </span>
    </p>
   </div>
   <div class='ocr_carea' id='block_1_102' title="bbox 205 5466 1682 5541">
    <p class='ocr_par' dir='ltr' id='par_1_102' title="bbox 205 5466 1682 5541">
     <span class='ocr_line' id='line_1_103' title="bbox 205 5466 1682 5541; baseline 0.01 -24"><span class='ocrx_word' id='word_1_702' title='bbox 205 5466 331 5535; x_wconf 81' lang='grc'><strong>(115)</strong></span> <span class='ocrx_word' id='word_1_703' title='bbox 370 5470 631 5526; x_wconf 80' lang='lat' dir='ltr'><strong>Miracqu</strong></span> <span class='ocrx_word' id='word_1_704' title='bbox 668 5473 1079 5541; x_wconf 81' lang='lat' dir='ltr'><strong>interveniente,</strong></span> <span class='ocrx_word' id='word_1_705' title='bbox 1111 5477 1162 5531; x_wconf 89' lang='lat' dir='ltr'><strong>id</strong></span> <span class='ocrx_word' id='word_1_706' title='bbox 1203 5475 1407 5531; x_wconf 81' lang='lat' dir='ltr'><strong>laetum</strong></span> <span class='ocrx_word' id='word_1_707' title='bbox 1445 5494 1551 5534; x_wconf 92' lang='lat' dir='ltr'><strong>non</strong></span> <span class='ocrx_word' id='word_1_708' title='bbox 1580 5489 1682 5533; x_wconf 91' lang='lat' dir='ltr'><strong>est.</strong></span> 
     </span>
    </p>
   </div>
   <div class='ocr_carea' id='block_1_103' title="bbox 151 5530 1296 5612">
    <p class='ocr_par' dir='ltr' id='par_1_103' title="bbox 151 5530 1296 5612">
     <span class='ocr_line' id='line_1_104' title="bbox 151 5530 1296 5612; baseline 0.011 -25"><span class='ocrx_word' id='word_1_709' title='bbox 151 5530 345 5612; x_wconf 75' lang='lat' dir='ltr'><strong>Consule</strong></span> <span class='ocrx_word' id='word_1_710' title='bbox 370 5553 665 5612; x_wconf 88' lang='lat' dir='ltr'><strong>comment.</strong></span> <span class='ocrx_word' id='word_1_711' title='bbox 698 5545 958 5612; x_wconf 57' lang='lat' dir='ltr'><strong>praevium</strong></span> <span class='ocrx_word' id='word_1_712' title='bbox 990 5530 1139 5601; x_wconf 75' lang='lat' dir='ltr'><strong>nuin.</strong></span> <span class='ocrx_word' id='word_1_713' title='bbox 1172 5548 1296 5601; x_wconf 72' lang='grc'><strong>527.</strong></span> 
     </span>
    </p>
   </div>
   <div class='ocr_carea' id='block_1_104' title="bbox 174 5609 1684 5690">
    <p class='ocr_par' dir='ltr' id='par_1_104' title="bbox 174 5609 1684 5690">
     <span class='ocr_line' id='line_1_105' title="bbox 174 5609 1684 5690; baseline 0.012 -33"><span class='ocrx_word' id='word_1_714' title='bbox 174 5609 331 5690; x_wconf 33' lang='grc'><strong>,(114)</strong></span> <span class='ocrx_word' id='word_1_715' title='bbox 368 5611 630 5690; x_wconf 79' lang='lat' dir='ltr'><strong>Nimirum</strong></span> <span class='ocrx_word' id='word_1_716' title='bbox 659 5609 955 5690; x_wconf 75' lang='lat' dir='ltr'><strong>séc&#39;uudum</strong></span> <span class='ocrx_word' id='word_1_717' title='bbox 1000 5619 1291 5678; x_wconf 81' lang='lat' dir='ltr'><strong>visionem,</strong></span> <span class='ocrx_word' id='word_1_718' title='bbox 1334 5619 1391 5672; x_wconf 92' lang='lat' dir='ltr'><strong>S.</strong></span> <span class='ocrx_word' id='word_1_719' title='bbox 1433 5619 1642 5690; x_wconf 79' lang='lat' dir='ltr'><strong>liugoui</strong></span> <span class='ocrx_word' id='word_1_720' title='bbox 1670 5660 1684 5685; x_wconf 92' lang='lat'><strong>,</strong></span> 
     </span>
    </p>
   </div>
   <div class='ocr_carea' id='block_1_105' title="bbox 154 5670 1732 5760">
    <p class='ocr_par' dir='ltr' id='par_1_105' title="bbox 154 5670 1732 5760">
     <span class='ocr_line' id='line_1_106' title="bbox 154 5670 1732 5760; baseline 0.015 -36"><span class='ocrx_word' id='word_1_721' title='bbox 154 5670 613 5760; x_wconf 43' lang='lat' dir='ltr'><strong>liratiat&#39;iopolilauo</strong></span> <span class='ocrx_word' id='word_1_722' title='bbox 658 5687 943 5760; x_wconf 77' lang='lat' dir='ltr'><strong>episcopo,</strong></span> <span class='ocrx_word' id='word_1_723' title='bbox 1720 5752 1732 5760; x_wconf 86' lang='lat'>_</span> 
     </span>
    </p>
   </div>
   <div class='ocr_carea' id='block_1_106' title="bbox 156 5749 1687 5830">
    <p class='ocr_par' dir='ltr' id='par_1_106' title="bbox 156 5749 1687 5830">
     <span class='ocr_line' id='line_1_107' title="bbox 156 5749 1687 5830; baseline 0.014 -31"><span class='ocrx_word' id='word_1_724' title='bbox 156 5756 224 5797; x_wconf 67' lang='lat' dir='ltr'><strong>his</strong></span> <span class='ocrx_word' id='word_1_725' title='bbox 261 5749 465 5823; x_wconf 71' lang='lat' dir='ltr'><strong>ejusque</strong></span> <span class='ocrx_word' id='word_1_726' title='bbox 504 5749 777 5811; x_wconf 80' lang='lat' dir='ltr'><strong>sociorum</strong></span> <span class='ocrx_word' id='word_1_727' title='bbox 825 5749 891 5811; x_wconf 76' lang='lat' dir='ltr'><strong>ad</strong></span> <span class='ocrx_word' id='word_1_728' title='bbox 932 5749 1077 5815; x_wconf 43' lang='lat' dir='ltr'><strong>lit-tne</strong></span> <span class='ocrx_word' id='word_1_729' title='bbox 1121 5775 1437 5830; x_wconf 78' lang='lat' dir='ltr'><strong>accessura,</strong></span> <span class='ocrx_word' id='word_1_730' title='bbox 1490 5764 1687 5821; x_wconf 77' lang='lat' dir='ltr'><strong>divini-</strong></span> 
     </span>
    </p>
   </div>
   <div class='ocr_carea' id='block_1_107' title="bbox 1866 4674 3382 4751">
    <p class='ocr_par' dir='ltr' id='par_1_107' title="bbox 1866 4674 3382 4751">
     <span class='ocr_line' id='line_1_108' title="bbox 1866 4674 3382 4751; baseline 0.016 -24"><span class='ocrx_word' id='word_1_731' title='bbox 1866 4674 1956 4729; x_wconf 67' lang='grc'><strong>49.</strong></span> <span class='ocrx_word' id='word_1_732' title='bbox 2015 4674 2198 4732; x_wconf 87' lang='lat' dir='ltr'><strong>Dictus</strong></span> <span class='ocrx_word' id='word_1_733' title='bbox 2252 4692 2381 4732; x_wconf 81' lang='lat' dir='ltr'><strong>vero</strong></span> <span class='ocrx_word' id='word_1_734' title='bbox 2440 4680 2635 4737; x_wconf 90' lang='lat' dir='ltr'><strong>beatus</strong></span> <span class='ocrx_word' id='word_1_735' title='bbox 2687 4683 2869 4742; x_wconf 86' lang='lat' dir='ltr'><strong>Bruno</strong></span> <span class='ocrx_word' id='word_1_736' title='bbox 2922 4690 3098 4745; x_wconf 89' lang='lat' dir='ltr'><strong>eidem</strong></span> <span class='ocrx_word' id='word_1_737' title='bbox 3160 4678 3382 4751; x_wconf 85' lang='lat' dir='ltr'><strong>Urbano</strong></span> 
     </span>
    </p>
   </div>
   <div class='ocr_carea' id='block_1_108' title="bbox 1795 4852 3385 4993">
    <p class='ocr_par' dir='ltr' id='par_1_108' title="bbox 1795 4852 3385 4993">
     <span class='ocr_line' id='line_1_109' title="bbox 1795 4852 3385 4993; baseline 0.016 -89"><span class='ocrx_word' id='word_1_738' title='bbox 1795 4852 2202 4993; x_wconf 53' lang='lat' dir='ltr'><strong>gugﬁoblatam,</strong></span> <span class='ocrx_word' id='word_1_739' title='bbox 2258 4857 2323 4912; x_wconf 92' lang='lat' dir='ltr'><strong>de</strong></span> <span class='ocrx_word' id='word_1_740' title='bbox 2375 4873 2479 4928; x_wconf 89' lang='lat' dir='ltr'><strong>qua</strong></span> <span class='ocrx_word' id='word_1_741' title='bbox 2531 4861 2733 4919; x_wconf 84' lang='lat' dir='ltr'><strong>videsis</strong></span> <span class='ocrx_word' id='word_1_742' title='bbox 2782 4871 3153 4925; x_wconf 87' lang='lat' dir='ltr'><strong>commentarii</strong></span> <span class='ocrx_word' id='word_1_743' title='bbox 3197 4872 3385 4943; x_wconf 67' lang='lat' dir='ltr'><strong>pracin</strong></span> 
     </span>
    </p>
   </div>
   <div class='ocr_carea' id='block_1_109' title="bbox 1866 4994 3378 5082">
    <p class='ocr_par' dir='ltr' id='par_1_109' title="bbox 1866 4994 3378 5082">
     <span class='ocr_line' id='line_1_110' title="bbox 1866 4994 3378 5082; baseline 0.015 -36"><span class='ocrx_word' id='word_1_744' title='bbox 1866 4994 2283 5082; x_wconf 39' lang='lat' dir='ltr'><strong>(ll5.)mi‘.itte-ras</strong></span> <span class='ocrx_word' id='word_1_745' title='bbox 2315 5001 2431 5082; x_wconf 73' lang='lat' dir='ltr'><strong>illas</strong></span> <span class='ocrx_word' id='word_1_746' title='bbox 2484 5004 2722 5074; x_wconf 84' lang='lat' dir='ltr'><strong>integras</strong></span> <span class='ocrx_word' id='word_1_747' title='bbox 2765 5013 3145 5065; x_wconf 86' lang='lat' dir='ltr'><strong>commentarii</strong></span> <span class='ocrx_word' id='word_1_748' title='bbox 3189 5016 3378 5082; x_wconf 67' lang='lat' dir='ltr'><strong>prasvii</strong></span> 
     </span>
    </p>
   </div>
   <div class='ocr_carea' id='block_1_110' title="bbox 1800 5067 2360 5125">
    <p class='ocr_par' dir='ltr' id='par_1_110' title="bbox 1800 5067 2360 5125">
     <span class='ocr_line' id='line_1_111' title="bbox 1800 5067 2360 5125; baseline 0.013 -9"><span class='ocrx_word' id='word_1_749' title='bbox 1800 5080 1949 5118; x_wconf 88' lang='lat' dir='ltr'><strong>nunt.</strong></span> <span class='ocrx_word' id='word_1_750' title='bbox 1984 5067 2087 5120; x_wconf 63' lang='lat'><strong>5‘28</strong></span> <span class='ocrx_word' id='word_1_751' title='bbox 2114 5072 2360 5125; x_wconf 76' lang='lat' dir='ltr'><strong>exhibui.</strong></span> 
     </span>
    </p>
   </div>
   <div class='ocr_carea' id='block_1_111' title="bbox 1863 5137 3382 5208">
    <p class='ocr_par' dir='ltr' id='par_1_111' title="bbox 1863 5137 3382 5208">
     <span class='ocr_line' id='line_1_112' title="bbox 1863 5137 3382 5208; baseline 0.013 -20"><span class='ocrx_word' id='word_1_752' title='bbox 1863 5137 2010 5204; x_wconf 79' lang='grc'><strong>(116)</strong></span> <span class='ocrx_word' id='word_1_753' title='bbox 2051 5139 2184 5192; x_wconf 72' lang='lat' dir='ltr'><strong>(lum</strong></span> <span class='ocrx_word' id='word_1_754' title='bbox 2238 5143 2492 5197; x_wconf 87' lang='lat' dir='ltr'><strong>nimirum</strong></span> <span class='ocrx_word' id='word_1_755' title='bbox 2540 5160 2578 5199; x_wconf 17' lang='lat' dir='ltr'><strong>7e</strong></span> <span class='ocrx_word' id='word_1_756' title='bbox 2629 5146 2917 5205; x_wconf 89' lang='lat' dir='ltr'><strong>Cartbusia</strong></span> <span class='ocrx_word' id='word_1_757' title='bbox 2958 5151 3027 5205; x_wconf 88' lang='lat' dir='ltr'><strong>ab</strong></span> <span class='ocrx_word' id='word_1_758' title='bbox 3079 5152 3300 5207; x_wconf 88' lang='lat' dir='ltr'><strong>Urbano</strong></span> <span class='ocrx_word' id='word_1_759' title='bbox 3342 5155 3382 5208; x_wconf 92' lang='lat' dir='ltr'><strong>ll</strong></span> 
     </span>
    </p>
   </div>
   <div class='ocr_carea' id='block_1_112' title="bbox 1790 5211 3378 5289">
    <p class='ocr_par' dir='ltr' id='par_1_112' title="bbox 1790 5211 3378 5289">
     <span class='ocr_line' id='line_1_113' title="bbox 1790 5211 3378 5289; baseline 0.013 -33"><span class='ocrx_word' id='word_1_760' title='bbox 1790 5211 2518 5289; x_wconf 20' lang='lat' dir='ltr'><strong>papa.arcessitrtsiliouiain</strong></span> <span class='ocrx_word' id='word_1_761' title='bbox 2552 5233 2609 5270; x_wconf 90' lang='lat' dir='ltr'><strong>se</strong></span> <span class='ocrx_word' id='word_1_762' title='bbox 2646 5220 2893 5274; x_wconf 87' lang='lat' dir='ltr'><strong>contulit.</strong></span> <span class='ocrx_word' id='word_1_763' title='bbox 2925 5220 3027 5276; x_wconf 87' lang='lat' dir='ltr'><strong>Adi</strong></span> <span class='ocrx_word' id='word_1_764' title='bbox 3070 5223 3378 5289; x_wconf 72' lang='lat' dir='ltr'><strong>Cauuneut.</strong></span> 
     </span>
    </p>
   </div>
   <div class='ocr_carea' id='block_1_113' title="bbox 1790 5278 2521 5345">
    <p class='ocr_par' dir='ltr' id='par_1_113' title="bbox 1790 5278 2521 5345">
     <span class='ocr_line' id='line_1_114' title="bbox 1790 5278 2521 5345; baseline 0.014 -19"><span class='ocrx_word' id='word_1_765' title='bbox 1790 5278 1975 5345; x_wconf 70' lang='lat' dir='ltr'><strong>praevii</strong></span> <span class='ocrx_word' id='word_1_766' title='bbox 2012 5295 2158 5332; x_wconf 87' lang='lat' dir='ltr'><strong>nutu.</strong></span> <span class='ocrx_word' id='word_1_767' title='bbox 2188 5280 2296 5335; x_wconf 73' lang='lat' dir='ltr'><strong>5H3</strong></span> <span class='ocrx_word' id='word_1_768' title='bbox 2318 5294 2372 5337; x_wconf 87' lang='lat' dir='ltr'><strong>et</strong></span> <span class='ocrx_word' id='word_1_769' title='bbox 2397 5285 2521 5339; x_wconf 70' lang='lat'><strong>529.</strong></span> 
     </span>
    </p>
   </div>
   <div class='ocr_carea' id='block_1_114' title="bbox 1871 5347 3377 5429">
    <p class='ocr_par' dir='ltr' id='par_1_114' title="bbox 1871 5347 3377 5429">
     <span class='ocr_line' id='line_1_115' title="bbox 1871 5347 3377 5429; baseline 0.011 -31"><span class='ocrx_word' id='word_1_770' title='bbox 1871 5347 2018 5429; x_wconf 55' lang='lat' dir='ltr'><strong>(HE)</strong></span> <span class='ocrx_word' id='word_1_771' title='bbox 2062 5349 2264 5429; x_wconf 77' lang='lat' dir='ltr'><strong>De_hac</strong></span> <span class='ocrx_word' id='word_1_772' title='bbox 2296 5354 2973 5429; x_wconf 77' lang='lat' dir='ltr'><strong>Cartbusia:restitutione</strong></span> <span class='ocrx_word' id='word_1_773' title='bbox 3002 5401 3014 5423; x_wconf 95' lang='lat'><strong>,</strong></span> <span class='ocrx_word' id='word_1_774' title='bbox 3052 5375 3149 5429; x_wconf 87' lang='lat' dir='ltr'><strong>per</strong></span> <span class='ocrx_word' id='word_1_775' title='bbox 3192 5360 3377 5429; x_wconf 74' lang='lat' dir='ltr'><strong>Signi-</strong></span> 
     </span>
    </p>
   </div>
   <div class='ocr_carea' id='block_1_115' title="bbox 1796 5416 3377 5500">
    <p class='ocr_par' dir='ltr' id='par_1_115' title="bbox 1796 5416 3377 5500">
     <span class='ocr_line' id='line_1_116' title="bbox 1796 5416 3377 5500; baseline 0.011 -32"><span class='ocrx_word' id='word_1_776' title='bbox 1796 5430 1926 5469; x_wconf 89' lang='lat' dir='ltr'><strong>num</strong></span> <span class='ocrx_word' id='word_1_777' title='bbox 1958 5416 2235 5500; x_wconf 67' lang='lat' dir='ltr'><strong>Casw-Dei</strong></span> <span class='ocrx_word' id='word_1_778' title='bbox 2264 5426 2551 5500; x_wconf 81' lang='lat' dir='ltr'><strong>abbatem,</strong></span> <span class='ocrx_word' id='word_1_779' title='bbox 2580 5427 2774 5500; x_wconf 57' lang='lat' dir='ltr'><strong>facta,</strong></span> <span class='ocrx_word' id='word_1_780' title='bbox 2809 5416 3066 5499; x_wconf 68' lang='lat' dir='ltr'><strong>illiusque</strong></span> <span class='ocrx_word' id='word_1_781' title='bbox 3088 5416 3377 5500; x_wconf 62' lang='lat' dir='ltr'><strong>adjunetis,</strong></span> 
     </span>
    </p>
   </div>
   <div class='ocr_carea' id='block_1_116' title="bbox 1800 5489 3378 5571">
    <p class='ocr_par' dir='ltr' id='par_1_116' title="bbox 1800 5489 3378 5571">
     <span class='ocr_line' id='line_1_117' title="bbox 1800 5489 3378 5571; baseline 0.012 -33"><span class='ocrx_word' id='word_1_782' title='bbox 1800 5502 1922 5567; x_wconf 81' lang='lat' dir='ltr'><strong>qua:</strong></span> <span class='ocrx_word' id='word_1_783' title='bbox 1963 5489 2050 5542; x_wconf 87' lang='lat' dir='ltr'><strong>hic</strong></span> <span class='ocrx_word' id='word_1_784' title='bbox 2080 5504 2482 5571; x_wconf 50' lang='lat' dir='ltr'><strong>inquietantur,</strong></span> <span class='ocrx_word' id='word_1_785' title='bbox 2505 5496 2705 5551; x_wconf 83' lang='lat' dir='ltr'><strong>videsis</strong></span> <span class='ocrx_word' id='word_1_786' title='bbox 2751 5489 3203 5555; x_wconf 53' lang='lat' dir='ltr'><strong>coni&#39;tnentariuiu</strong></span> <span class='ocrx_word' id='word_1_787' title='bbox 3234 5489 3378 5571; x_wconf 50' lang='lat' dir='ltr'><strong>prie;</strong></span> 
     </span>
    </p>
   </div>
   <div class='ocr_carea' id='block_1_117' title="bbox 1797 5561 2699 5636">
    <p class='ocr_par' dir='ltr' id='par_1_117' title="bbox 1797 5561 2699 5636">
     <span class='ocr_line' id='line_1_118' title="bbox 1797 5561 2699 5636; baseline 0.012 -27"><span class='ocrx_word' id='word_1_788' title='bbox 1797 5561 1948 5636; x_wconf 74' lang='lat' dir='ltr'><strong>vium</strong></span> <span class='ocrx_word' id='word_1_789' title='bbox 1966 5561 2262 5636; x_wconf 25' lang='lat' dir='ltr'><strong>numa528</strong></span> <span class='ocrx_word' id='word_1_790' title='bbox 2291 5574 2346 5617; x_wconf 91' lang='lat' dir='ltr'><strong>et</strong></span> <span class='ocrx_word' id='word_1_791' title='bbox 2375 5566 2517 5619; x_wconf 87' lang='lat' dir='ltr'><strong>binis</strong></span> <span class='ocrx_word' id='word_1_792' title='bbox 2544 5581 2699 5636; x_wconf 84' lang='lat' dir='ltr'><strong>seqq.</strong></span> 
     </span>
    </p>
   </div>
   <div class='ocr_carea' id='block_1_118' title="bbox 1869 5628 3377 5709">
    <p class='ocr_par' dir='ltr' id='par_1_118' title="bbox 1869 5628 3377 5709">
     <span class='ocr_line' id='line_1_119' title="bbox 1869 5628 3377 5709; baseline 0.011 -29"><span class='ocrx_word' id='word_1_793' title='bbox 1869 5629 2017 5709; x_wconf 65' lang='grc' dir='ltr'><strong>(Ηξ)</strong></span> <span class='ocrx_word' id='word_1_794' title='bbox 2041 5628 2179 5709; x_wconf 51' lang='lat' dir='ltr'><strong>“Sub</strong></span> <span class='ocrx_word' id='word_1_795' title='bbox 2219 5634 2286 5709; x_wconf 13' lang='lat' dir='ltr'><strong>Si.</strong></span> <span class='ocrx_word' id='word_1_796' title='bbox 2316 5628 2638 5709; x_wconf 53' lang='lat' dir='ltr'><strong>Anthemio,&quot;</strong></span> <span class='ocrx_word' id='word_1_797' title='bbox 2664 5628 2899 5707; x_wconf 79' lang='lat' dir='ltr'><strong>septimo</strong></span> <span class='ocrx_word' id='word_1_798' title='bbox 2943 5654 3007 5693; x_wconf 86' lang='lat' dir='ltr'><strong>ex</strong></span> <span class='ocrx_word' id='word_1_799' title='bbox 3063 5643 3377 5698; x_wconf 83' lang='lat' dir='ltr'><strong>recensione</strong></span> 
     </span>
    </p>
   </div>
   <div class='ocr_carea' id='block_1_119' title="bbox 1794 5697 3376 5785">
    <p class='ocr_par' dir='ltr' id='par_1_119' title="bbox 1794 5697 3376 5785">
     <span class='ocr_line' id='line_1_120' title="bbox 1794 5697 3376 5785; baseline 0.01 -34"><span class='ocrx_word' id='word_1_800' title='bbox 1794 5697 2004 5778; x_wconf 77' lang='lat' dir='ltr'><strong>Morotii</strong></span> <span class='ocrx_word' id='word_1_801' title='bbox 2036 5700 2349 5785; x_wconf 50' lang='lat' dir='ltr'><strong>(Zartlmsie</strong></span> <span class='ocrx_word' id='word_1_802' title='bbox 2370 5704 2586 5785; x_wconf 70' lang='lat' dir='ltr'><strong>Majmis</strong></span> <span class='ocrx_word' id='word_1_803' title='bbox 2608 5697 2814 5785; x_wconf 58' lang='lat' dir='ltr'><strong>priore,</strong></span> <span class='ocrx_word' id='word_1_804' title='bbox 2841 5714 2907 5785; x_wconf 78' lang='lat' dir='ltr'><strong>de</strong></span> <span class='ocrx_word' id='word_1_805' title='bbox 2931 5726 3111 5766; x_wconf 84' lang='lat' dir='ltr'><strong>annuo</strong></span> <span class='ocrx_word' id='word_1_806' title='bbox 3136 5697 3376 5785; x_wconf 75' lang='lat' dir='ltr'><strong>cogendo</strong></span> 
     </span>
    </p>
   </div>
   <div class='ocr_carea' id='block_1_120' title="bbox 1800 5768 3373 5859">
    <p class='ocr_par' dir='ltr' id='par_1_120' title="bbox 1800 5768 3373 5859">
     <span class='ocr_line' id='line_1_121' title="bbox 1800 5768 3373 5859; baseline 0.009 -34"><span class='ocrx_word' id='word_1_807' title='bbox 1800 5768 1962 5825; x_wconf 80' lang='lat' dir='ltr'><strong>totius</strong></span> <span class='ocrx_word' id='word_1_808' title='bbox 1993 5771 2201 5826; x_wconf 88' lang='lat' dir='ltr'><strong>ordinis</strong></span> <span class='ocrx_word' id='word_1_809' title='bbox 2234 5768 2471 5843; x_wconf 81' lang='lat' dir='ltr'><strong>capitulo</strong></span> <span class='ocrx_word' id='word_1_810' title='bbox 2516 5768 2744 5849; x_wconf 77' lang='lat' dir='ltr'><strong>cogitari</strong></span> <span class='ocrx_word' id='word_1_811' title='bbox 2780 5768 3014 5851; x_wconf 78' lang='lat' dir='ltr'><strong>primum</strong></span> <span class='ocrx_word' id='word_1_812' title='bbox 3059 5768 3373 5859; x_wconf 35' lang='lat' dir='ltr'><strong>apudfCar-</strong></span> 
     </span>
    </p>
   </div>
  </div>
