3860 6320
530 284 635 341 515

1352 278 1408 331 S.
1449 275 1793 333 BRUNONIS
1830 274 2475 330 CARTHUSIALVUKU)!
2515 277 2827 327 lt‘tb'll'IU‘l
2843 280 3001 328 υιιιδ
3644 278 3721 345 5η

522 399 765 471 pontifici
817 398 1036 463 charos,
1085 396 1138 450 in
1176 393 1436 463 regimine
1482 392 1732 446 Ecclesiae
1782 389 1983 443 utiliter
2036 398 2090 443 et
2117 397 2162 450 Α
2192 386 2477 442 concilium
2508 396 2857 451 convenerat,
2882 387 2944 440 ad
2968 386 3321 457 expedioneai
3340 400 3528 445 contra
3558 396 3721 460 Turcas

524 491 762 546 fideliter
811 487 1163 543 inserviebat.
1222 485 1353 539 Erat
1387 483 1532 537 enim
1596 493 1723 536 tunc
1761 480 1996 535 Ecclesia
2043 480 2096 534 in

527 580 842 637 turbatione
882 578 1118 633 maxima
1170 584 1391 647 propter
1422 573 1852 643 persecutionem
1885 570 2100 624 Henrici

522 670 706 740 quarti
732 668 1075 740 imperatoris
1092 665 1353 733 pnedicti,
1370 664 1460 733 qui
1475 662 1761 732 quemdam
1776 658 2099 724 Cilhertum,

2203 494 2300 548 pio
2344 480 2749 548 recuperatione
2779 478 2963 532 Terrae
3008 479 3221 534 Sancta:
3266 480 3444 536 taliter
3487 487 3720 558 animaiii,

2205 580 2261 624 ut
2292 580 2531 623 trecenta
2558 569 2720 622 millia
2746 570 3022 623 hominum
3045 584 3240 624 nomen
3265 586 3421 625 suum
3448 574 3496 627 in
3524 575 3721 637 militiam

2203 660 2403 715 Christi
2461 660 2708 715 dederint
2746 700 2761 725 ,
2820 662 3136 731 signumque
3184 663 3365 717 crucis
3412 674 3721 737 suscepi-riui.

519 778 681 832 quem
713 759 1045 817 Clementem
1082 757 1315 822 vocavit,
1342 757 1407 809 de
1447 753 1589 807 facto
1640 753 1691 806 in
1736 761 1988 820 papatum
2020 749 2103 803 in-
2200 748 2348 805 Inter
2385 765 2521 819 quos
2549 760 2669 804 erat
2698 749 2976 806 Gotfridus
3017 752 3082 806 de
3112 751 3388 818 Bouillon,
3419 757 3525 809 dux
3562 758 3721 818 Lollia-

525 861 767 906 tiuserat
796 850 966 921 (119).
1000 849 1100 916 Qui
1135 848 1316 908 ambo,
1356 846 1623 899 Henricus
1659 841 1869 896 scilicet
1899 851 1954 895 et
2002 855 2101 893 an-

524 942 706 1011 tipapa
738 939 1011 1003 Clemens,
1049 952 1231 991 verum
1263 933 1573 1005 pontificem
1607 931 1884 985 Urbanum
1917 943 2101 1000 perse-

521 1032 849 1099 quebantur.
888 1029 1126 1096 Quorum
1166 1026 1399 1081 furorem
1440 1025 1579 1078 idem
1635 1024 1880 1078 Urbanus
1924 1021 2096 1075 decli-

527 1137 689 1186 naus,
720 1137 839 1175 cum
873 1120 926 1174 in
954 1118 1212 1172 Romanis
1247 1118 1324 1186 (et
1359 1114 1575 1181 merito)
1606 1114 1827 1166 minime
1858 1112 2097 1166 conlide-

522 1222 624 1275 ret,
656 1221 938 1281 postquam
992 1208 1043 1262 in
1094 1207 1289 1277 Melphi
1323 1206 1614 1261 consilium
1650 1205 1947 1267 habuisset,
1978 1202 2097 1256 Pla-

520 1304 756 1358 centiam
783 1302 947 1364 veuit,
975 1307 1028 1354 et
1054 1300 1122 1353 ibi
1141 1299 1282 1351 aliud
1300 1297 1586 1351 concilium
1611 1295 1903 1349 celebravit
1925 1293 2095 1364 (120),

521 1393 575 1448 in
603 1409 711 1462 quo
742 1393 881 1445 inter
911 1399 1105 1445 caetera
1140 1388 1493 1458 petulantiam
1525 1386 1879 1456 quorumdam
1924 1385 2096 1439 eccle-

519 1482 889 1541 siasticarum,
932 1479 1193 1534 Gratiano
1226 1488 1378 1540 teste,
1426 1478 1828 1531 animosissime
1873 1490 2094 1544 compe-

523 1573 683 1627 scuit.
718 1571 783 1624 Et
809 1571 964 1641 plura
1008 1570 1061 1625 in
1096 1585 1191 1624 eos
1213 1570 1431 1623 decreta
1470 1561 1616 1633 fecit,
1649 1567 1880 1620 maxime
1904 1574 2089 1619 contra

517 1661 921 1716 ecclesiasticos
949 1660 1349 1714 incontinentes
1371 1668 1424 1711 et
1451 1657 1797 1718 sitnoniacos,
1825 1664 1879 1708 et
1900 1666 2089 1707 contra

2210 840 2432 910 ringize;
2477 856 2584 910 quo
2620 841 2757 895 duce
2784 851 3065 896 moventes
3095 857 3192 911 per
3220 841 3601 901 Germanorum
3625 851 3726 911 fines

2198 940 2362 999 atque
2402 930 2758 996 Pannoniam,
2798 931 3112 1001 Byzantium
3156 933 3400 999 vadunt,
3445 950 3508 990 ac
3553 937 3724 1009 deinde,

2201 1023 2526 1078 transmisso
2558 1022 2920 1093 Hellesponto,
2948 1023 3177 1079 Niczeam
3206 1025 3407 1094 primo,
3436 1041 3553 1082 mox
3574 1030 3723 1088 Antio-

2200 1111 2400 1177 chiam,
2430 1122 2485 1167 et
2516 1113 2699 1181 plures
2731 1114 2864 1166 alias
2897 1114 3328 1169 Sarracenorum
3363 1117 3545 1181 urbes,
3577 1121 3726 1177 deinde

2198 1202 2624 1274 Hierosolymam
2656 1205 2933 1259 civitatem
2990 1218 3257 1272 sanctam,
3290 1217 3343 1263 et
3388 1223 3591 1263 onmem
3613 1213 3720 1269 circa

2197 1295 2476 1365 regionem
2503 1295 2721 1364 capiunt
2753 1297 2923 1367 (125).
2956 1296 3057 1351 Ubi
3086 1301 3212 1351 dum
3247 1298 3449 1353 vallent
3478 1299 3721 1360 Christiani

2195 1385 2397 1440 dictum
2424 1385 2732 1440 Cotfridum
2777 1388 2829 1440 in
2872 1404 3052 1458 regem
3096 1402 3383 1454 coronare,
3428 1393 3592 1446 renuit
3618 1395 3721 1463 ipse,

2194 1475 2384 1530 dicens
2438 1492 2496 1531 se
2528 1477 2668 1532 nolle
2706 1494 2927 1533 auream
2968 1480 3108 1534 ferre
3144 1496 3400 1535 coronam
3435 1481 3485 1535 in
3515 1498 3573 1537 ea
3603 1487 3719 1551 urbe,

2193 1567 2283 1623 ubi
2311 1567 2557 1623 Christus
2581 1571 2824 1639 spineam
2844 1571 3037 1625 tulerat
3066 1572 3235 1641 (126).
3264 1571 3561 1628 Terruerunt
3580 1586 3720 1633 autem

2194 1659 2371 1715 dictus
2392 1660 2674 1717 Gotfridus
2699 1672 2756 1717 et
2781 1673 2989 1731 septem
3013 1662 3104 1717 aiii
3138 1679 3291 1733 reges
3329 1663 3606 1719 Christiani
3630 1679 3722 1737 post

516 1750 906 1821 proprietarios
945 1759 1001 1804 et
1036 1749 1317 1804 instabiles
1348 1747 1640 1801 monachos
1677 1744 1846 1816 (121).
1885 1745 2085 1798 Deinde
2120 1741 2162 1801 Β
2190 1765 2315 1806 eum
2342 1750 2496 1804 annis
2518 1751 2788 1820 octoginta
2818 1761 2942 1807 octo
2971 1754 3191 1823 dignum
3227 1768 3450 1822 regnum
3468 1753 3721 1826 Hieroson.

516 1856 617 1894 nec
648 1840 721 1894 ibi
770 1855 1014 1906 securus,
1046 1838 1285 1906 ejusdem
1319 1837 1663 1909 imperatoris
1709 1838 1901 1890 iterum
1950 1839 2089 1889 furo-

521 1949 636 1988 rem
685 1933 916 2004 fugiens,
980 1932 1167 1986 relicta
1217 1930 1402 1997 ltalia,
1464 1929 1518 1983 in
1568 1928 1770 1983 Gallias
1835 1928 2091 1982 transmi-

523 2024 700 2092 gravit
752 2022 924 2092 (122).
959 2021 1060 2077 Ubi
1107 2021 1286 2074 denuo
1332 2019 1398 2073 de
1443 2018 1617 2073 salute
1664 2018 1784 2071 fidei
1825 2017 2089 2087 cogitans,

521 2111 667 2165 aliud
725 2112 1014 2166 concilium
1071 2112 1211 2180 apud
1259 2110 1763 2171 Clarummontem,
1818 2108 2091 2162 civitatein

517 2202 901 2269 Alvernorum,
922 2202 1206 2258 convocari
1232 2199 1379 2265 fecit,
1402 2200 1454 2252 in
1480 2214 1606 2269 quo,
1626 2199 1813 2253 eodem
1835 2198 2092 2253 Gratiano

519 2302 675 2361 teste,
713 2293 893 2364 plures
933 2292 1067 2348 alias
1105 2290 1520 2346 constitutiones
1549 2289 1842 2353 ordinavit,
1870 2304 1990 2357 qua:
2024 2288 2091 2342 ad

516 2383 830 2452 erigendum
870 2381 1099 2436 labentis
1141 2379 1396 2434 Ecclesia:
1432 2387 1633 2434 statum
1683 2379 1957 2447 respicere
2007 2382 2085 2433 vi-

525 2472 814 2526 debantur.
858 2470 928 2525 Et
967 2470 1110 2525 inter
1134 2478 1329 2524 cit-tera
1360 2469 1569 2533 statuit,
1618 2475 1677 2523 ut
1720 2468 1879 2522 Hora:
1922 2469 2093 2524 beata:

520 2560 704 2614 Maria:
733 2575 763 2613 a
793 2559 1008 2614 clericis
1039 2559 1278 2628 quotidie
1301 2558 1636 2622 dicerentur,
1668 2564 1722 2611 et
1767 2566 1826 2609 ut
1855 2557 1905 2610 in
1958 2558 2094 2611 Sab-

518 2654 661 2708 batis
689 2652 805 2722 ejus
833 2650 1079 2708 Officium
1113 2650 1429 2705 solemniter
1454 2649 1820 2705 celebraretur
1850 2649 2018 2719 (123).

590 2761 677 2814 50.
711 2760 834 2831 Legi
877 2768 1057 2815 autem
1106 2760 1159 2812 in
1189 2759 1421 2829 quadam
1456 2757 1705 2822 historia,
1753 2772 1872 2826 qua:
1912 2757 2093 2812 Fasci-

518 2852 674 2906 culus
718 2859 1019 2919 temporum
1051 2848 1268 2912 dicitur,
1296 2846 1440 2916 quod
1468 2846 1572 2901 hoc
1605 2846 1762 2899 beata
1795 2845 1956 2915 Virgo
1986 2847 2091 2900 fra-

526 2942 701 2996 tribus
762 2940 815 2994 in
868 2938 1160 2994 Carthusia
1208 2938 1542 2993 revelaverat
1573 2976 1588 3002 ,
1641 2936 1782 2991 haud
1825 2937 2043 2991 dubiant
2076 2977 2090 3002 ,

520 3031 649 3101 quin
675 3030 834 3085 beato
861 3028 1097 3082 Brunoni
1138 3037 1192 3083 et
1235 3028 1350 3098 ejus
1380 3026 1673 3092 sodalibus,
1706 3042 1828 3081 cum
1863 3026 1958 3095 ipsi
1991 3026 2088 3080 soli

522 3097 701 3175 ea...
750 3119 1164 3175 Carthusienses
1215 3097 1523 3172 dicerentur
1573 3116 1741 3188 (tat).
1798 3116 1851 3169 In
1902 3117 2086 3171 eodem
2117 3097 2161 3157 C

517 3211 679 3263 etiam
716 3208 947 3264 concilio
977 3222 1093 3262 rem
1143 3215 1441 3261 memoratu
1488 3207 1704 3276 dignam
1753 3205 1901 3259 fecit.
1952 3205 2085 3258 Nam

518 3300 792 3373 principes
822 3297 1029 3364 Calliae,
1064 3307 1119 3352 et
1142 3307 1392 3353 cateram
1416 3296 1838 3362 multitudinem,
1872 3313 1988 3366 qua:
2020 3302 2087 3351 ad

440 3468 445 3473 -
520 3432 798 3487 thusiauos
844 3429 1036 3499 cmpit,
1080 3430 1240 3498 idque
1287 3430 1386 3484 sub
1420 3428 1654 3495 Basilio,
1687 3429 1933 3498 proximo
1975 3431 2086 3483 An-

521 3501 702 3557 thelmi
735 3498 1073 3563 SttccesSore,
1106 3501 1437 3553 exsecutioni
1471 3502 1685 3553 demum
1725 3498 1825 3553 fuit
1864 3502 2087 3554 inauda-

521 3584 634 3627 tutn
655 3611 670 3635 ,
703 3581 761 3623 ut
797 3569 1107 3624 Colombius
1139 3571 1189 3622 iu
1221 3585 1315 3622 sua
1347 3572 1411 3623 de
1447 3570 1928 3624 Carthusiauorum
1978 3572 2082 3625 ini-

520 3645 610 3697 tiis
657 3641 1036 3695 dissertatione
1081 3655 1230 3701 num.
1260 3639 1327 3693 57
1376 3649 1430 3693 et
1472 3656 1586 3710 seq.
1626 3642 1882 3695 ostendit.
1933 3640 2085 3706 Quod

521 3728 643 3766 cum
668 3712 739 3764 ita
767 3712 872 3772 sit,
905 3725 1008 3763 non
1036 3709 1231 3789 cuiu-ia,
1264 3726 1382 3780 quae
1404 3712 1491 3764 hic
1522 3709 1847 3781 biographus
1881 3726 2085 3764 memo-

520 3791 632 3845 rat,
661 3791 924 3834 accurata:
957 3789 1168 3833 veritati
1206 3791 1525 3834 consonant.

588 3852 734 3921 (119)
776 3849 1000 3921 Factum
1038 3850 1089 3902 id
1123 3859 1207 3903 est
1238 3866 1378 3904 anno
1414 3850 1552 3905 1080
1575 3891 1591 3920 ,
1631 3850 2081 3921 quemadmodum

520 3922 573 3975 in
599 3919 714 3975 sua
747 3922 813 3973 ad
855 3919 1216 3974 Hermanuum
1266 3919 1614 3975 Contractum
1648 3919 1972 3990 'Appeudice
2018 3922 2085 3975 ad

521 3994 662 4045 hunc
697 4006 894 4043 annum
928 3994 1081 4044 docet
1111 3991 1427 4045 Berthoidus
1449 4031 1465 4055 ,
1502 3991 1929 4046 Constantiensis
1958 4006 2080 4059 pre-

519 4061 726 4131 sbyter,
765 4060 1183 4115 assentientibus
1231 4061 1279 4114 ei
1326 4062 1488 4115 etiam
1538 4062 1890 4131 scriptoribus
1939 4062 2082 4131 aliis,

454 4198 459 4205 ~
517 4116 627 4205 quiT
657 4116 891 4205 tractant
921 4132 987 4205 de
1020 4131 1439 4205 calamitatibus.
1472 4147 1606 4201 quas
1632 4116 1698 4185 ab
1729 4130 1964 4205 Henrico
1990 4116 2080 4205 la,

520 4201 641 4255 aliis
669 4201 766 4265 111,
795 4201 895 4255 sub
912 4199 1174 4269 Gregorio
1210 4200 1290 4252 \t'll
1316 4199 1654 4270 potissimum
1680 4210 1734 4255 et
1764 4201 1981 4257 Urbano
2005 4201 2045 4253 ll
2067 4240 2082 4264 ,

518 4271 779 4325 Romanis
806 4271 1166 4340 pontificibus,
1204 4271 1437 4325 Ecclesia
1480 4287 1636 4340 passa
1666 4281 1766 4325 est.

587 4342 733 4412 (120)
777 4340 1021 4395 Urbanus
1050 4341 1089 4393 ll
1114 4356 1276 4411 papa,
1311 4342 1387 4412 uti
1423 4343 1475 4395 in
1510 4342 1665 4409 hujus
1702 4343 1816 4395 Vita
1852 4340 2083 4393 Ruinar-

2192 1843 2455 1899 mitanum
2484 1845 2656 1915 (127),
2684 1846 2910 1900 devictis
2938 1846 3256 1917 Babyloniis
3279 1858 3335 1901 et
3368 1846 3603 1918 Egyptis
3623 1865 3718 1905 cum

2192 1950 2387 2006 magna
2419 1935 2721 1991 infidelium
2769 1948 2949 2006 strage
2980 1979 2995 2003 ,
3045 1949 3100 1991 et
3160 1939 3399 1994 maximo
3467 1940 3721 1995 incremen-

2194 2035 2249 2081 to
2272 2026 2506 2081 nominis
2532 2028 2844 2082 Christiani.
2873 2029 3080 2096 Quibus
3099 2030 3352 2084 omnibus
3378 2045 3585 2085 causam
3608 2033 3722 2088 dedit

2193 2117 2335 2172 idem
2357 2118 2605 2188 pontifex
2633 2119 2879 2175 Urbanus
2925 2121 2978 2175 in
3010 2120 3152 2176 dicto
3176 2120 3592 2177 Claromontensi
3616 2139 3720 2179 con-

2192 2208 2337 2262 cilio.

2210 2342 2213 2343 ν
2263 2298 2351 2353 51.
2393 2298 2527 2354 Cum
2593 2300 2776 2369 itaque
2834 2301 3025 2357 beatus
3053 2301 3234 2356 Bruno
3280 2302 3455 2357 eidem
3524 2303 3722 2372 pontifici

2191 2401 2414 2460 propter
2438 2390 2759 2446 obedientia
2787 2392 3038 2446 meritum
3060 2392 3227 2447 certis
3246 2392 3426 2457 annis,
3484 2392 3596 2447 licet
3618 2410 3722 2462 pau-

2193 2481 2293 2547 cis,
2330 2481 2670 2544 adhaesisset,
2707 2490 2762 2535 et
2794 2497 2898 2535 non
2949 2482 3216 2536 modicum
3265 2482 3517 2537 Ecclesiae
3561 2492 3722 2537 sancta:

2192 2572 2286 2627 Dei
2317 2572 2461 2627 circa
2489 2573 2605 2642 ejus
2632 2572 3073 2628 reformationem
3131 2583 3185 2627 et
3213 2573 3356 2627 circa
3406 2574 3722 2644 recuperatioo

2192 2678 2316 2719 nem
2339 2663 2521 2718 Terra:
2544 2663 2757 2718 Sanctae
2780 2664 2894 2718 suis
2930 2664 3170 2719 consiliis
3212 2663 3520 2733 profuisset,
3548 2665 3722 2733 utejus

2192 2753 2312 2808 dem
2347 2752 2545 2809 Urbani
2582 2754 2703 2808 inde
2732 2763 2917 2809 secuta
2951 2756 3187 2821 decreta,
3237 2763 3293 2809 et
3333 2754 3438 2809 alia
3491 2755 3594 2822 ejus
3627 2764 3720 2809 acta

2191 2845 2444 2915 praedicta
2499 2854 2766 2899 testantur
2790 2885 2804 2909 ,
2856 2860 2957 2898 nec
3004 2855 3187 2913 posset
3225 2845 3429 2899 diutius
3462 2854 3620 2898 tantas
3660 2845 3723 2899 in-

2191 2937 2550 3006 quietudincs,
2577 2946 2631 2991 et
2654 2937 2819 2990 curia:
2872 2936 3132 2990 tumultus
3156 2949 3218 2990 ac
3247 2936 3503 3005 strepitus
3530 2936 3721 2989 sustine-

2193 3043 2271 3093 re,
2304 3027 2372 3082 ad
2398 3027 2706 3083 solitudinis
2729 3043 2791 3082 ac
2822 3026 2991 3093 cellar,
3020 3042 3182 3096 quam
3207 3027 3503 3091 dimiserat,
3524 3026 3719 3093 quietem

2184 3121 2385 3191 jugiter
2416 3123 2681 3192 aspirans,
2713 3131 3001 3190 antequam
3034 3121 3172 3175 idem
3198 3118 3437 3190 pontifex
3456 3118 3517 3173 de
3545 3118 3721 3172 Placen-

2190 3214 2259 3268 tia
2287 3213 2543 3267 trausiret
2573 3212 2639 3266 ad
2663 3211 2890 3267 Galliam
2918 3252 2933 3276 ,
2963 3211 3236 3265 humiliter
3262 3220 3317 3265 et
3345 3226 3465 3265 cum
3491 3210 3719 3279 geminata

2184 3305 2439 3361 instantia
2470 3305 2538 3359 ab
2561 3304 2746 3359 eodem
2779 3305 3029 3374 pontifice
3074 3304 3227 3368 petiit
3272 3311 3328 3357 et
3380 3304 3578 3357 tandem
3603 3302 3719 3355 obti-

2185 3451 2382 3490 annum
2422 3434 2577 3501 1095,
2610 3444 2665 3487 et
2692 3434 2953 3499 Lahbeus,
3003 3444 3130 3488 tom.
3165 3433 3212 3487 Χ
3249 3431 3454 3488 Concil.
3497 3431 3591 3486 col.
3631 3429 3717 3484 500

2185 3515 2239 3562 et
2265 3506 2502 3573 quinque
2533 3521 2687 3574 seqq.

2257 3572 2404 3645 (122)
2446 3572 2742 3629 Concilium
2791 3575 3307 3645 Claromontanum,
3361 3572 3506 3643 quod
3559 3573 3715 3645 decer-

2190 3643 2766 3714 netidwiparandteque
2806 3646 2857 3697 in
2904 3644 3127 3697 Terram
3168 3644 3421 3698 Sanctam
3460 3643 3714 3714 expolitio-

2189 3719 2275 3770 nis
2300 3712 2459 3769 cauSa
2492 3726 2845 3768 couiocatum
2877 3717 3141 3782 praecipue
3172 3716 3303 3780 fuit,
3334 3716 3572 3783 quodque
3595 3712 3709 3762 nulla

2194 3802 2253 3839 re
2288 3788 2479 3856 magis,
2512 3788 2835 3856 quatnﬂhac,
2879 3787 3129 3856 omnibus
3160 3788 3361 3856 passim
3401 3797 3573 3835 notum
3612 3794 3709 3841 est,

2192 3871 2333 3909 anno
2371 3853 2531 3908 etiam
2570 3855 2704 3907 1095
2732 3870 2914 3907 mense
2941 3853 3250 3919 Decembri,
3291 3855 3365 3907 uti
3400 3856 3535 3906 inter
3560 3867 3713 3902 omnes

2190 3927 2475 3991 convenit,
2510 3926 2606 3977 fuit
2642 3925 2997 3987 celebratum;
3045 3925 3185 3977 unde
3233 3924 3393 3977 simul
3435 3933 3489 3976 et
3526 3935 3582 3974 ex
3615 3935 3709 3972 mox

2189 3996 2350 4050 dictis
2388 3996 2454 4049 ad
2485 4005 2593 4049 not.
2624 3995 2722 4047 120
2760 3994 3099 4048 tuanifestum
3131 4003 3235 4059 est,
3262 3994 3529 4048 Urbanum
3557 4005 3711 4060 papam

2191 4075 2352 4128 tunc,
2384 4082 2505 4119 cum
2539 4066 2588 4117 id
2610 4104 2624 4127 ,
2658 4066 2732 4117 uti
2767 4082 2885 4119 mox
2918 4066 3004 4117 hic
3032 4064 3297 4124 subditur,
3325 4062 3644 4119 convocavit.
3673 4075 3711 4109 tu

2186 4136 2446 4200 Galliam,
2476 4150 2584 4204 quo
2615 4134 2830 4188 Henrici
2865 4136 3101 4187 furorem
3128 4134 3452 4199 dechnaret,
3484 4148 3582 4186 non
3612 4146 3712 4183 eon-

2196 4206 2445 4269 ccssisse,
2472 4214 2659 4258 contra
2685 4222 2747 4259 ac
2780 4206 2865 4258 hic
2907 4204 3152 4257 traditur.

2256 4275 2402 4345 (125)
2442 4276 2542 4328 Adi
2584 4276 2681 4329 hac
2711 4276 2776 4328 de
2808 4290 2864 4328 re
2895 4273 3233 4327 ltuiuartium
3270 4271 3561 4345 in_Urbani
3596 4283 3712 4345 papa:

2186 4342 2306 4398 Vita
2339 4342 2485 4398 num.
2518 4345 2645 4407 226,
2685 4346 2758 4398 uti
2799 4345 2961 4398 etiam
2994 4342 3447 4397 commentarium
3492 4342 3709 4411 praevium

517 4411 876 4500 tipsdil‘ucide
900 4412 1168 4500 ostendit,
1200 4411 1483 4500 cpite-ilium
1519 4412 1711 4500 Melplri
1746 4428 1887 4500 armo
1920 4411 2075 4500 1089,
2110 4446 2155 4500 D
2186 4430 2340 4500 nunt.
2504 4427 2557 4468 et
2585 4431 2699 4500 seq.

516 4482 913 4550 Placentizeque
960 4482 1148 4535 deinde
1197 4482 1339 4535 aliud
1386 4498 1528 4536 anno
1575 4483 1712 4535 1035
1760 4484 2071 4536 celebravit.

518 4553 695 4619 Quare
742 4552 789 4605 is
835 4550 1071 4620 pontifex
1110 4568 1213 4605 non
1254 4553 1435 4606 statim
1477 4568 1507 4607 τι
1539 4553 1833 4615 celebrato,
1880 4552 2073 4620 Melphi

517 4622 783 4684 concilio,
830 4629 991 4689 prout
1038 4623 1157 4689 quis
1185 4636 1215 4676 e
1260 4623 1559 4686 scribendi,
1610 4638 1717 4692 quo
1749 4624 2076 4691 biograpnns

515 4693 608 4748 hic
641 4692 829 4756 utitur,
866 4691 1022 4762 modo
1050 4699 1240 4761 putare
1281 4704 1494 4762 posset,
1526 4694 1758 4762 seddses
1807 4695 2074 4762 duntaxat

519 4763 680 4817 annis
708 4771 833 4830 post
869 4759 1201 4815 Placentiam
1236 4759 1294 4816 se
1326 4762 1576 4817 contulit.
1608 4760 1745 4826 Nec,
1777 4777 1881 4831 quo
1931 4761 2074 4815 Heu-

515 4833 614 4885 rici
647 4833 881 4886 furorem
911 4832 1234 4896 declinaret,
1268 4832 1318 4884 id
1351 4843 1496 4897 tunc,
1541 4840 1727 4885 contra
1750 4849 1813 4885 ac
1843 4841 2064 4899 praer-

515 4917 578 4955 ea
625 4902 894 4957 Puteanus
933 4901 1016 4955 hic
1058 4904 1245 4966 docet,
1275 4900 1522 4956 Urbanus
1563 4902 1715 4966 fecit;
1761 4913 1883 4956 tunc
1929 4906 2071 4955 enim

516 4973 783 5027 l'outiticii
826 4974 1083 5025 adversus
1120 4973 1441 5026 Guibertum
1470 4974 1808 5041 antipapam,
1845 4972 2068 5039 ejusque

516 5055 811 5097 sectatores
833 5043 1027 5110 ubique
1048 5042 1181 5106 fere,
1200 5043 1648 5110 quemadmodum
1674 5042 1920 5095 laudatus
1944 5041 2073 5093 Β.;ι’-

519 5115 728 5168 tiioldus
760 5112 1038 5183 presbyter
1071 5113 1138 5166 ad
1184 5127 1387 5183 annum
1408 5112 1787 5183 _10957docet,
1819 5112 2074 5181 praevale-

517 5184 672 5250 haut,
706 5179 865 5252 idque
889 5179 990 5250 ita,
1018 5191 1075 5235 ut
1103 5183 1158 5235 in
1196 5181 1369 5234 media
1393 5179 1759 5252 Lougobqrdia
1864 5183 2069 5233 civitate

517 5251 824 5308 Placentina
855 5252 988 5306 inter
1016 5253 1153 5321 ipsos
1174 5252 1559 5321 schismaticos,
1583 5251 1637 5306 id
1685 5259 1769 5305 est
1803 5251 2072 5304 Guiherti-

516 5340 635 5390 nos,
668 5333 713 5377 et
742 5332 924 5376 contra
961 5319 1097 5391 ipso;
1124 5319 1417 5391 generalem
1456 5321 1712 5389 synodum
1742 5321 2027 5391 condixeiit
2057 5360 2072 5386 ,

516 5388 681 5463 reque
703 5394 865 5447 etiam
890 5388 1002 5461 ipsa
1034 5388 1424 5463 cireqytediom
1453 5388 1919 5463 Quadragesimam
1949 5388 2079 5443 Pla-

488 5462 489 5465 “
516 5458 696 5516 cautim
740 5464 881 5517 dicto
907 5458 1047 5515 anno
1079 5458 1217 5513 1095
1240 5458 1546 5517 celebrarit.

592 5530 856 5602 (121)De
898 5531 1086 5602 rebus,
1118 5530 1185 5582 ab
1218 5526 1433 5602 Urbano
1474 5530 1517 5583 ll
1561 5546 1697 5601 papa
1753 5530 1804 5584 in
1849 5530 2079 5585 concilio

517 5598 828 5657 Placentino
853 5600 1089 5672 statutis,
1125 5598 1331 5672 consuli
1365 5601 1525 5653 etiam
1551 5598 1725 5671 potest
1750 5611 1938 5654 auctor
1961 5617 2081 5672 syn-

518 5674 752 5731 cht'ouns
799 5669 1149 5735 Bertholdus,
1186 5667 1611 5730 Cortstatttieitsis
1659 5674 1962 5744 presbyter,
1989 5667 2077 5725 'ad

2253 4483 2400 4555 (124)
2440 4479 2950 4555 ορθτίε,Ἰν“αοεὶειιιὶ
2989 4494 3275 4555 temporum
3305 4480 3523 4555 nomine
3554 4479 3709 4535 distin-

2143 4562 2155 4577 '
2180 4553 2286 4619 cti‘,
2320 4557 2371 4608 in
2402 4570 2509 4623 quo
2541 4571 2665 4607 vere
2702 4554 2753 4607 id
2792 4555 2856 4607 ad
2887 4570 3085 4606 annum
3135 4553 3272 4606 1094
3311 4553 3527 4621 legitur,
3556 4560 3710 4623 auctor

2177 4638 2258 4679 est
2290 4619 2580 4679 Weriierus
2612 4623 3139 4685 Holeviiick,ordiuis
3153 4619 3552 4677 Carthusiensis
3575 4619 3711 4685 alunt:

2180 4711 2309 4759 nus;
2358 4709 2542 4748 verum
2571 4695 2675 4757 hic,
2708 4684 3019 4762 utpote’qui
3060 4703 3186 4746 ante
3225 4692 3481 4762 szeculuni
3522 4684 3711 4743 xvhaud

2177 4765 2443 4828 floruerit,
2476 4766 2743 4818 recentior
2769 4760 2853 4817 est
2872 4803 2885 4826 ,
2911 4760 3072 4833 quam
3105 4771 3161 4814 ut
3189 4765 3266 4816 rei
3310 4762 3398 4815 isti
3441 4760 3592 4815 fidem
3619 4771 3710 4811 cer-

2180 4845 2287 4889 tam
2313 4844 2476 4902 atque
2503 4834 2857 4888 indubitatam
2883 4833 3173 4886 conciliare
3201 4833 3392 4901 possit.

2250 4901 2401 4974 (125)
2441 4901 2694 4970 Veritati,
2730 4918 2849 4972 qme
2892 4904 2980 4957 hic
3014 4903 3240 4955 aﬂirmat
3288 4902 3589 4974 Puteanus,
3615 4908 3712 4951 esse

2176 4972 2420 5044 apprime
2450 4990 2720 5040 consona,
2769 4974 2844 5026 uti
2893 4974 3058 5044 etiam
3104 4986 3211 5040 quo
3254 4972 3467 5044 singula
3507 4979 3712 5044 tempore

2176 5040 2325 5115 gesta
2356 5044 2465 5098 sint
2487 5085 2500 5104 ,
2531 5045 2712 5097 videre
2736 5053 2821 5097 est
2845 5058 2908 5115 ex
2938 5042 3208 5115 Historiis,
3233 5040 3374 5115 quas
3398 5042 3465 5115 de
3491 5040 3645 5115 sacris
3668 5040 3707 5085 in

2177 5108 2401 5167 "l‘erram
2426 5117 2680 5167 Sanctam
2693 5113 3124 5181 expeditionibus
3139 5108 3410 5179 scripsere
3424 5108 3709 5181 Cuilielmu}

2176 5185 2395 5255 Tyrius,
2434 5178 2865 5255 aliiqueanti—qui
2909 5178 3313 5255 expeditionqu
3355 5181 3570 5255 illarum
3604 5178 3711 5255 scri-

2175 5246 2401 5324 ptores,’
2420 5246 2562 5307 anno
2597 5253 2721 5306 1611
2774 5246 3028 5324 flauoviin
3070 5253 3210 5324 typis
3244 5250 3601 5324 \Vechelianis
3633 5246 3711 5299 sub

2179 5321 2335 5378 titulo
2363 5322 2518 5375 Gesta
2550 5324 2644 5376 Dei
2673 5340 2762 5392 per
2792 5321 3030 5375 Francos
3056 5321 3215 5392 Simul
3238 5322 3393 5375 editi.

2249 5392 2398 5464 (120)
2437 5393 2512 5464 lta
2543 5391 2754 5464 Tyrius,
2797 5392 2890 5445 lib.
2928 5407 3005 5457 ιχ,
3038 5406 3168 5464 cap.
3189 5391 3242 5444 9.

2251 5457 2402 5532 (127)
2440 5457 2824 5518 Fuit-scilicet
2880 5477 3023 5516 anno
3078 5457 3217 5515 1099
3291 5457 3711 5532 Hierosolyma}

2176 5527 2503 5588 Cltristiauis
2533 5532 2862 5601 expugnata,
2896 5533 3069 5598 iisque
3106 5546 3248 5602 anno
3300 5532 3435 5585 1187
3465 5546 3493 5582 a
3533 5527 3711 5602 δαίδας-

2176 5621 2246 5658 no
2274 5611 2480 5671 erepta,
2508 5605 2581 5656 uti
2613 5604 2875 5667 omnium,
2903 5618 2992 5670 qur
3016 5602 3083 5655 de
3110 5618 3170 5656 re
3195 5601 3285 5669 illa
3315 5609 3573 5665 tractant,
3602 5610 3712 5649 scit-

2178 5683 2389 5743 ptorum
2419 5689 2643 5729 concors
2676 5674 2779 5727 fert
2810 5673 3193 5729 testiinonium.
