3860 6326
142 317 236 371 5n

1667 298 1862 352 AC'IA.
1890 354 1893 357 _

3278 299 3381 373 sis

142 426 246 480 nuit
288 436 498 475 veniam
529 428 583 474 et
609 425 989 483 commeatum,
1018 424 1094 479 ut,
1129 415 1313 469 relicta
1365 414 1534 478 curia,
1583 427 1702 466 ere-
1734 416 1775 471 Α
1806 426 2028 478 quaram
2057 410 2218 465 verba
2245 418 2370 465 sunt
2398 410 2513 467 haec
2543 427 2555 463 :
2594 410 2667 465 De
2718 426 2822 477 me,
2874 411 3068 467 fratres
3093 450 3107 479 ,
3163 413 3378 481 scitote,

141 529 299 576 11111111,
333 525 492 579 quam
526 508 815 577 reliquerat
839 546 853 565 .
905 514 1172 574 repeteret
1204 544 1219 567 ,
1275 512 1368 557 aut
1395 504 1558 557 aliam
1602 502 1703 556 sibi

141 610 423 674 quareret,
458 614 622 668 quam
669 597 930 653 Dominus
956 596 1057 665 ipsi
1102 596 1415 665 dignaretur
1457 594 1705 649 ostende-

140 693 381 763 re(l28).
408 692 471 746 Et
499 707 618 746 cum
646 690 785 745 idem
803 690 1043 759 pontifex
1068 689 1325 742 voluisset
1357 702 1479 741 eum
1505 684 1704 739 confir-

138 801 277 841 mare
306 786 360 839 in
392 782 858 853 archiepiscopatu
897 781 1151 835 Ecclesim
1206 777 1555 847 Rhegiensis,
1586 789 1706 844 qua":

136 886 212 931 est
231 877 407 945 prima
469 873 779 943 metropolis
831 873 995 927 totius
1035 870 1338 934 Calabria},
1386 870 1451 923 ad
1499 882 1661 937 quam
1689 905 1705 931 ,

135 967 314 1021 eodem
339 973 614 1019 annuente
640 962 914 1034 pontifice,
946 962 1151 1017 electus
1205 961 1402 1025 fuerat,
1452 959 1566 1029 ipse
1600 956 1709 1012 ele-

136 1055 289 1110 ctioni
322 1070 353 1107 a
378 1070 439 1108 se
464 1052 643 1118 factm,
676 1052 853 1107 sciens
884 1051 1062 1115 exiis,
1086 1065 1205 1119 qua:
1231 1049 1282 1102 in
1307 1048 1586 1116 Scriptura
1623 1060 1711 1098 sa-

137 1164 219 1201 cra
252 1147 460 1217 legerat
488 1188 504 1212 ,
560 1154 615 1200 et
644 1160 708 1200 ex
743 1145 809 1199 iis
832 1184 848 1209 ,
880 1160 999 1213 quae
1049 1145 1101 1197 in
1142 1142 1293 1197 curia
1322 1151 1376 1195 et
1401 1139 1611 1195 viderat
1654 1146 1709 1191 et

140 1241 395 1301 audierat,
429 1237 607 1307 qualia
634 1246 688 1292 et
713 1246 916 1307 quanta
938 1236 1047 1290 sint
1077 1236 1130 1289 in
1160 1233 1469 1304 praelatione
1497 1230 1711 1301 pericu-

138 1332 198 1391 la.
230 1332 541 1386 consentire
563 1329 831 1385 recusavit
860 1327 1030 1401 (129),
1084 1344 1189 1381 non
1236 1326 1449 1395 quidem
1480 1325 1710 1394 pertina-

141 1423 280 1485 citer,
314 1419 417 1474 sed
438 1419 554 1475 solo
577 1419 776 1489 quietis
804 1433 990 1473 amore
1037 1425 1089 1472 et
1130 1417 1397 1471 desiderio
1427 1456 1441 1481 ,
1494 1424 1706 1470 servata

141 1527 342 1580 semper
364 1515 449 1581 (ut
471 1514 668 1566 decens
695 1510 799 1580 est)
832 1509 899 1564 ad
940 1508 1276 1578 superiorem
1320 1506 1627 1562 obedientia
1654 1514 1710 1561 et

143 1601 463 1664 humilitate,
489 1609 546 1655 et
566 1600 633 1653 ad
660 1600 934 1669 proximos
963 1597 1249 1651 charitate.

200 1693 285 1746 52.
304 1695 463 1747 Tunc
488 1693 657 1759 enim,
682 1699 740 1745 ut
770 1690 987 1745 dicebat
1014 1689 1204 1744 beatus
1233 1686 1548 1757 Gregorius,
1580 1695 1706 1742 ante

1808 502 2061 571 quoniam
2102 502 2231 556 mihi
2273 503 2489 557 unicum
2544 512 2666 571 post
2710 502 2877 557 Deum
2929 513 3013 557 est
3055 504 3405 560 desiderium

1806 594 2060 648 veniendi
2086 595 2154 647 ad
2184 610 2299 660 vos,
2324 603 2379 648 et
2405 595 2644 657 videndi,
2669 604 2723 647 et
2742 595 2959 664 quando
2980 604 3189 667 potero,
3217 614 3382 668 opere

1808 686 2132 753 adimplebo,
2166 685 2272 739 Deo
2302 685 2589 756 adjuvaute
2620 686 2787 756 (152).

1878 776 1968 830 55.
2010 775 2167 830 Venit
2196 775 2377 844 itaque
2406 790 2536 831 cum-
2564 777 2677 830 suis
2705 776 2980 846 praedictis
3007 776 3073 831 ad
3095 780 3382 848 quamdam

1806 880 2047 919 eremum
2078 866 2130 919 in
2158 866 2353 920 finibus
2378 865 2662 933 Calabrize,
2696 882 2815 936 qua:
2867 868 3067 923 dicitur
3092 868 3280 923 Turris
3330 873 3383 925 in

1807 956 2029 1011 dioecesi
2061 955 2416 1025 Squillacensi
2446 957 2616 1026 (155),
2651 958 2835 1027 ibique
2871 974 2978 1013 non
3005 959 3195 1027 cellas,
3255 962 3383 1030 quia

1808 1058 2057 1116 sumptus
2084 1046 2149 1100 ad
2176 1061 2270 1101 eas
2294 1061 2398 1101 non
2430 1049 2806 1117 suppetebant,
2838 1052 2929 1103 sed
2959 1051 3248 1120 speluncas
3267 1053 3384 1122 plu-

1812 1150 1899 1190 res
1951 1137 2064 1189 sive
2124 1152 2390 1192 cavernas
2444 1139 2686 1192 cremitis
2743 1140 3103 1209 congruentes
3178 1143 3244 1197 de
3292 1142 3383 1196 vili

1811 1227 2027 1294 quidem
2057 1230 2303 1296 materia,
2340 1230 2432 1284 sed
2460 1230 2510 1283 iu
2537 1231 2754 1286 Christo
2801 1234 3034 1301 pretiosa
3070 1234 3383 1301 azdificavit,

1810 1316 1864 1369 in
1889 1317 2083 1385 quibus
2114 1319 2396 1373 nocturnis
2440 1320 2685 1375 excubiis
2732 1323 2937 1391 pariter
2987 1331 3148 1393 atque
3177 1325 3384 1379 diurnis

1810 1408 1925 1477 ipse
1954 1417 2006 1463 et
2028 1410 2118 1477 qui
2146 1425 2268 1464 cum
2296 1426 2361 1465 eo
2384 1422 2746 1466 convenerant
2769 1412 2987 1478 fratres,
3015 1415 3213 1470 divinis
3257 1416 3378 1469 lau-

1808 1499 1963 1553 dibus
1992 1509 2043 1552 et
2075 1502 2410 1555 orationibus
2441 1502 2788 1575 insistebant,
2842 1504 2896 1558 in
2946 1519 3010 1560 ea
3066 1508 3385 1561 austeritate

1807 1589 1953 1655 vitae,
1990 1604 2151 1659 quam
2201 1590 2313 1660 ipse
2366 1591 2518 1660 prius
2572 1593 2623 1645 in
2680 1592 2967 1649 Carthusia
3015 1604 3282 1662 tenuerat,
3329 1607 3385 1651 et

1808 1682 1922 1743 suis
1952 1683 2232 1738 tenendam
2270 1686 2619 1754 prazcederat.
2648 1685 2885 1757 Contigit
2913 1696 3119 1754 autem,
3157 1689 3384 1743 Domino

146 1783 223 1838 Dei
246 1784 451 1840 oculos
474 1798 600 1836 vera
630 1790 880 1836 servatur
907 1779 1180 1835 humilitas
1203 1818 1216 1842 ,
1266 1794 1389 1833 cum
1419 1778 1541 1843 hoc,
1565 1775 1706 1845 quod
1735 1752 1782 1812 Β
1810 1773 1913 1829 hoc
1942 1783 2223 1843 operante,
2272 1775 2398 1830 dum
2441 1777 2673 1845 quadam
2714 1778 2800 1831 die
2830 1778 3082 1848 princeps
3125 1779 3385 1837 Calabriae

143 1876 246 1942 quis
270 1874 486 1927 utiliter
507 1872 689 1928 subire
712 1871 1046 1942 praecipitur,
1075 1868 1425 1939 pertinaciter
1463 1882 1568 1922 non
1617 1882 1705 1922 re-

142 1977 294 2020 cusat.
320 1965 482 2021 Unde
528 1973 708 2035 potest
759 1964 881 2033 quis
913 1964 1076 2018 etiam
1108 1963 1332 2018 idoneus
1372 1960 1711 2016 laudabiliter

145 2074 201 2111 ex
231 2059 545 2111 humilitate
590 2055 920 2126 praelationis
946 2052 1178 2110 ofﬁcium
1212 2067 1483 2119 recusare,
1515 2052 1708 2107 eodem

144 2148 391 2219 Gregorio
443 2149 683 2211 dicente,
720 2146 863 2216 quod
890 2144 1131 2215 praelatio
1179 2153 1400 2215 propter
1430 2143 1707 2198 meliorem

145 2239 484 2293 intentionem
515 2237 764 2309 fugienda
794 2244 901 2301 est,
933 2234 1167 2291 maxime
1213 2250 1335 2290 cum
1388 2236 1456 2290 ad
1483 2235 1584 2289 hoc
1614 2250 1705 2291 su-

144 2345 286 2400 perna
320 2331 582 2385 voluntas
627 2328 961 2399 agnoscitur.
995 2326 1128 2381 Cum
1175 2326 1451 2382 voluntate
1500 2325 1665 2396 igitur
1689 2368 1705 2394 ,

147 2422 277 2475 venia
303 2431 361 2476 et
393 2420 776 2475 benedictione
809 2416 1082 2489 pontificis
1115 2417 1256 2471 idem
1282 2417 1475 2472 beatus
1504 2416 1704 2483 Bruno,

147 2510 306 2564 relicta
347 2510 527 2574 curia,
557 2508 818 2563 Calabriae
838 2506 1050 2562 deserta
1077 2505 1382 2576 penetravit
1412 2545 1427 2570 ,
1457 2520 1564 2559 non
1584 2505 1705 2575 qui-

148 2603 247 2654 dem
272 2602 447 2664 solus,
483 2601 576 2654 sed
601 2598 803 2670 junctis
834 2597 936 2654 sibi
965 2596 1288 2667 quibusdam
1319 2596 1441 2651 aliis
1467 2594 1706 2664 ejusdem

148 2692 386 2761 propositi
423 2691 580 2754 viris,
605 2705 739 2759 quos
776 2688 948 2743 bonus
977 2689 1111 2744 odor
1143 2690 1267 2743 vita:
1300 2688 1469 2758 ipsius
1523 2688 1589 2741 ad
1619 2701 1707 2742 so-

148 2780 408 2837 litudinem
462 2781 809 2851 quaerendam
882 2788 1123 2835 traxerat
1189 2780 1359 2850 (150).
1412 2779 1707 2834 Audiverat

147 2875 287 2940 enim,
341 2875 461 2930 illic
490 2874 701 2929 deserta
732 2888 854 2927 esse
898 2871 1016 2928 loca
1044 2880 1099 2927 et
1125 2871 1367 2928 solitaria
1417 2871 1703 2941 quamplu-

149 2968 260 3020 rima
289 3009 305 3031 ,
355 2968 425 3020 ad
481 2965 842 3036 peragendum
892 2964 1265 3033 penitentiam
1312 2963 1609 3033 aptissima.
1638 2963 1705 3016 Et

149 3058 370 3122 quamvis
400 3055 709 3109 intenderet
752 3063 807 3108 et
850 3061 1107 3122 optaret,
1146 3061 1307 3124 prout
1346 3053 1457 3123 jam
1507 3052 1703 3122 saepius

150 3145 465 3211 decreverat,
499 3143 844 3200 Carthusiam
878 3151 1138 3212 repetere,
1184 3157 1344 3211 quam
1395 3142 1703 3210 reliquerat,

150 3244 193 3289 et
212 3237 327 3290 illuc
352 3236 555 3291 fratres
576 3250 701 3290 suos
731 3234 913 3303 sequi,
965 3248 1101 3303 quos
1150 3241 1275 3286 ante
1326 3231 1705 3301 praemiserat,

151 3332 251 3397 quia
280 3340 470 3384 tamen
506 3328 588 3397 (ut
620 3326 932 3397 praedictum
963 3325 1067 3394 est)
1118 3322 1359 3395 pontifex
1386 3339 1509 3378 cum
1552 3323 1706 3378 curia

152 3436 226 3475 sua
251 3422 519 3477 transibat
564 3420 627 3474 ad
652 3419 878 3475 Galliam
906 3459 920 3482 ,
967 3418 1020 3472 iu
1058 3417 1211 3487 cujus
1242 3416 1439 3471 finibus
1492 3416 1593 3470 sita
1624 3423 1708 3471 cst

152 3508 441 3572 Carthusia,
469 3524 534 3562 ne
565 3508 791 3573 curiam,
824 3521 983 3576 quam
1016 3504 1274 3575 fugiebat,
1301 3504 1453 3573 sequi
1498 3504 1707 3560 videre-

152 3610 236 3661 tur,
261 3603 355 3657 sed
388 3610 447 3655 ut
475 3600 821 3669 elongarctur
848 3598 916 3652 ab
938 3613 1001 3651 ea
1019 3636 1034 3663 ,
1068 3596 1371 3652 Calabriam
1401 3597 1576 3665 potius
1599 3596 1707 3651 ele-

152 3698 228 3758 sit,
249 3707 408 3760 quam
442 3689 782 3743 Carthusiam
807 3687 979 3759 (151),
1010 3702 1134 3741 cum
1160 3701 1224 3741 ea
1274 3693 1455 3741 tamen
1491 3700 1706 3755 semper

153 3781 431 3835 intentione
460 3790 511 3834 et
546 3778 838 3843 voluntate,
879 3786 959 3844 ut,
995 3776 1196 3831 sedatis
1224 3776 1387 3830 rebus
1415 3815 1429 3841 ,
1478 3784 1534 3830 ut
1585 3777 1703 3846 pri-

153 3886 274 3924 mum
301 3870 588 3926 commode
612 3877 818 3938 posset,
842 3865 1187 3922 Carthusiam
1223 3875 1516 3934 repeteret,
1546 3874 1705 3936 prout

155 3963 196 4014 in
222 3963 539 4032 quibusdam
566 3962 680 4032 ejus
706 3960 921 4027 litteris,
942 3974 1079 4029 quas
1104 3974 1169 4012 ex
1200 3956 1447 4012 Calabria
1488 3958 1705 4026 scripsit

156 4052 396 4111 fratribus
435 4054 571 4118 suis,
630 4052 719 4122 qui
769 4057 924 4105 erant
967 4049 1019 4103 in
1064 4048 1350 4103 Carthusia
1381 4087 1397 4114 ,
1460 4056 1702 4117 apparet,

211 4187 351 4254 (l28)
391 4186 565 4239 Citius
602 4185 810 4247 Bruno,
843 4194 1200 4254 quam,__cum_
1221 4176 1572 4254 U_rbanits__ll
1615 4195 1704 4249 pa-

155 4249 235 4322 pa,
261 4249 536 4310 celebrato
564 4249 1130 4312 Placentizecoucilio,
1154 4249 1363 4322 Callias
1391 4250 1578 4322 petiit,
1613 4266 1701 4303 sn-

156 4320 373 4380 litudiuis
427 4325 731 4393 repetenda:
767 4322 1073 4393 facultatem
1116 4320 1290 4393 ab__eo
1323 4320 1569 4393 petiitac
1603 4322 1699 4374 ob-

157 4396 309 4449 tinuit.
361 4389 574 4449 Vidc'sis
630 4390 1003 4448 commentarii
1047 4389 1232 4459 prtevii
1285 4404 1437 4442 num.
1486 4389 1589 4443 556
1641 4400 1695 4443 et

156 4464 274 4519 binis
298 4481 452 4520 seua.

528 4534 759 4606 serius,
808 4545 970 4606 quam
1009 4543 1150 4606 anno
1191 4527 1358 4606 l_090,
1396 4538 1694 4606 contraae

159 4598 457 4660 existimavit
486 4598 944 4673 biographus',‘ad
985 4599 1504 4673 archiepiscopatum
1554 4598 1697 4673 Rhet

161 4677 392 4740 giettsem,
424 4667 603 4744 quem“
627 4667 927 4744 recusavit,
955 4671 1157 4744 electus
1181 4667 1280 4721 fuit
1310 4669 1561 4723 Sanctus.
1591 4669 1692 4722 Adi

160 4739 422 4799 comment.
443 4739 617 4813 'praiv.
642 4750 803 4813 hum.
820 4741 999 4813 532_et
1025 4739 1165 4813 binis
1194 4754 1346 4813 seqq.

216 4816 347 4882 (I30)
389 4807 467 4868 1-ὶὲ
500 4815 583 4867 his
611 4828 748 4866 unus
784 4812 880 4865 fuit
916 4810 1191 4882 Lanviuus
1226 4807 1620 4882 Northmanus,
1662 4821 1693 4860 a

160 4878 410 4939 Laiiduino
460 4883 637 4937 Tusco
684 4884 963 4945 diversus,
1005 4879 1235 4932 Sanctus
1282 4887 1460 4930 autem
1516 4878 1692 4940 hunc,

162 4953 401 5023 aliosque,
460 4956 780 5023 quibuscum
810 4966 868 5023 ne
919 4948 1191 5023 pontificia
1242 4946 1694 5023 curia_Calabria

162 5016 341 5078 deserta
390 5016 575 5094 petiit,
631 5022 697 5076 ad
744 5016 997 5096 solitarim
1038 5020 1158 5071 vitae
1207 5016 1557 5096 propositum.
1588 5032 1694 5071 non

165 5101 269 5147 tunc
297 5090 557 5163 primum,
598 5107 720 5147 cum
766 5090 949 5145 Roma:
988 5090 1651 5163 versaretur,_att_raxis_se
1676 5127 1693 5151 ,

165 5164 237 5215 sed
255 5155 357 5231 jam
384 5165 510 5218 inde
528 5155 599 5235 ab
622 5177 688 5235 eo
705 5172 1094 5235 _ter_npore,_quo
1125 5157 1179 5211 in
1206 5156 1491 5235 Carthusia
1518 5155 1695 5235 adhttc

165 5225 466 5295 morabatur,
499 5233 600 5287 sibi
635 5225 883 5285 habuisse
926 5225 1209 5298 adiunctos
1236 5226 1473 5287 videtur,
1503 5225 1693 5298 utifa:

166 5302 245 5422 ‘ciiile
265 5294 475 5373 colliges
498 5318 565 5356 ex
592 5301 678 5367 iis,
694 5316 810 5372 quae
831 5294 1201 5354 commentarii
1226 5310 1391 5366 prmv.
1418 5294 1695 5365 num._5l0

210 5382 284 5422 eta
320 5384 462 5422 sunt.

210 5382 285 5425 sila
320 5384 462 5427 sunt.

223 5444 355 5513 (151)
381 5442 628 5497 Urbanus
648 5439 691 5493 11
721 5453 1019 5513 papa,cu_m
1046 5437 1275 5492 Sanctus
1300 5436 1353 5513 in
1384 5434 1689 5513 Calabriam

170 5506 385 5577 accessit,
438 5513 669 5567 Galliam
706 5506 811 5565 non
862 5510 1022 5573 adiit,
1068 5523 1132 5562 ac
1193 5510 1348 5577 proin
1398 5507 1577 5571 ratio,
1622 5506 1690 5560 ob

171 5593 302 5646 quam
329 5595 448 5637 tunc
477 5582 816 5637 Carthusiant
845 5595 947 5633 non
977 5579 1253 5647 repetiisse
1288 5579 1372 5630 hic
1404 5578 1686 5638 asset-itur,

173 5663 258 5727 {ton
283 5654 526 5727 subsistit.
558 5652 763 5707 Videsis
784 5648 1227 5707 commentarium
1254 5648 1508 5718 praevium
1541 5662 1686 5727 myp.

174 5717 255 5776 549
276 5734 320 5777 et
342 5724 470 5779 binis
495 5737 648 5793 seqq.
1257 5717 1260 5718 ⁷

1810 1864 2055 1935 Rogerus
2078 1866 2222 1935 (154)
2248 1882 2368 1921 cum
2402 1883 2502 1923 suo
2531 1884 2634 1921 non
2675 1885 2842 1938 parvo
2867 1872 3149 1939 comitatu,
3176 1884 3230 1927 et
3260 1888 3382 1927 cum

1809 1969 2003 2010 canunt
2049 1956 2394 2012 multitudine
2421 1958 2639 2027 copiosa
2675 1959 2725 2012 in
2758 1960 2901 2015 dicta
2959 1977 3143 2019 eremo
3195 1963 3383 2017 Turris

1807 2056 2097 2102 venaretur
2123 2047 2288 2116 feras,
2327 2065 2491 2105 canes
2515 2051 2717 2107 olfactu
2750 2067 2848 2107 suo
2878 2054 3090 2109 diversa
3141 2054 3380 2110 ferarum

1808 2135 2042 2207 ipsarum
2065 2140 2289 2208 vestigia
2349 2140 2713 2211 insequentes,
2747 2144 2814 2198 ad
2844 2145 3019 2200 dictas
3048 2146 3381 2215 speluncas,

1807 2228 1862 2282 in
1894 2230 2089 2297 quibus
2115 2232 2305 2285 beatus
2358 2231 2537 2287 Bruuo
2560 2276 2574 2300 ,
2603 2243 2657 2287 et
2699 2236 2789 2303 qui
2842 2250 2965 2290 cunt
2992 2252 3057 2292 eo
3084 2247 3339 2292 venerant
3365 2278 3380 2302 ,

1812 2318 2011 2375 fratres
2035 2323 2239 2390 pariter
2258 2322 2597 2391 habitabant,
2624 2326 2959 2382 devenirent.
2997 2328 3118 2394 Ubi,
3148 2328 3270 2384 fixis
3292 2345 3384 2398 pe-

1811 2414 1989 2482 dibus,
2025 2414 2314 2472 latratibus
2341 2418 2524 2473 multis
2549 2420 2766 2474 domino
2801 2436 2900 2476 suo
2928 2421 3240 2477 iudicabant
3265 2463 3280 2488 ,
3323 2438 3383 2477 sc

1805 2507 2041 2574 praedam
2071 2521 2314 2575 magnam
2340 2506 2573 2576 aliquam
2604 2508 2894 2565 invenisse.
2924 2511 3004 2564 Ad
3034 2526 3173 2582 quos
3202 2512 3381 2568 dictus

1805 2595 2055 2666 princeps
2098 2611 2222 2651 cum
2270 2597 2384 2652 suis
2441 2599 2653 2652 concito
2700 2615 2862 2654 cursu
2902 2602 3125 2657 veniens
3183 2602 3384 2672 reperit

1805 2694 1989 2756 patres
2020 2687 2302 2755 praedictos
2334 2688 2388 2741 in
2412 2688 2574 2743 dictis
2613 2688 2885 2758 speluncis
2908 2733 2922 2756 ,
2978 2690 3130 2746 flexis
3156 2693 3382 2762 genibus

1806 2785 1861 2833 et
1888 2778 2083 2833 erectis
2111 2777 2163 2831 in
2191 2777 2387 2832 coelum
2414 2777 2651 2834 vultibus
2682 2788 2734 2833 et
2758 2780 3009 2836 manibus
3037 2781 3198 2837 simul
3222 2796 3380 2838 orati-

1807 2878 1890 2924 tes
1921 2877 1975 2923 et
2001 2867 2165 2922 Deum
2188 2868 2469 2924 laudantes
2499 2870 2670 2940 (155).

1875 2956 1970 3011 51.
2006 2956 2157 3024 Quod
2188 2958 2274 3012 ille
2308 2960 2543 3024 intuens,
2570 2976 2759 3030 magna
2802 2960 3161 3016 admiratione
3208 2962 3382 3032 reple-

1810 3056 1916 3116 tus,
1945 3049 2009 3104 de
2028 3064 2186 3118 equo,
2218 3050 2301 3104 cui
2353 3050 2638 3113 insidebat,
2669 3052 2929 3107 desiliens
2973 3053 3164 3107 devote
3191 3063 3246 3107 et
3281 3054 3381 3107 hu-

1808 3140 2009 3195 militer
2039 3141 2312 3203 salutavit,
2346 3142 2489 3195 etde
2524 3158 2710 3196 eorum
2746 3143 2872 3198 illuc
2897 3144 3160 3209 adventu,
3186 3154 3239 3198 et
3266 3145 3378 3199 sin-

1809 3231 2053 3301 gulorum
2074 3240 2219 3287 statu
2248 3232 2531 3302 diligenter
2559 3232 2933 3304 interrogavit.
2958 3232 3165 3299 Quibus
3190 3236 3376 3304 cogni-

1810 3324 1899 3390 tis,
1937 3323 2152 3394 gavisus
2177 3332 2260 3379 est
2286 3323 2458 3388 valde,
2491 3323 2656 3377 Deum
2689 3324 2915 3379 laudans
2957 3334 3012 3380 et
3040 3325 3375 3396 glorificaus,

1807 3416 1948 3485 quod
1980 3415 2068 3468 tali
2099 3429 2155 3468 se
2184 3414 2434 3485 dignatus
2482 3424 2625 3469 esset
2666 3416 2846 3484 praeda
2878 3417 3096 3487 dignum
3154 3417 3335 3474 facere
3359 3462 3374 3486 ,

1807 3518 2033 3573 Sperans
2062 3512 2116 3556 et
2143 3517 2200 3557 se
2230 3512 2283 3557 et
2314 3513 2510 3557 terram
2550 3518 2703 3557 suam
2728 3516 2912 3557 eorum
2957 3504 3167 3561 meritis
3189 3515 3240 3561 et
3264 3518 3381 3575 prc-
3424 3487 3443 3502 ’

1806 3594 1959 3649 cibus
1990 3593 2251 3661 adjuvari,
2307 3603 2361 3648 et
2414 3594 2463 3647 in
2497 3609 2626 3663 pace
2681 3594 2840 3648 tueri.
2898 3594 2965 3648 Et
3004 3605 3288 3664 prepterea
3321 3606 3381 3650 ut

1804 3694 2023 3755 possent
2046 3686 2240 3739 ibidem
2272 3685 2508 3755 quietius
2539 3686 2722 3740 vivere
2764 3696 2818 3740 ct
2843 3686 3046 3741 diutius
3068 3703 3379 3756 persevera-

1805 3792 1883 3841 re,
1913 3776 2057 3830 dedit
2077 3777 2154 3830 eis
2180 3777 2464 3831 ecclesiam
2496 3775 2673 3830 Beata:
2703 3775 2888 3831 Mariae
2931 3787 2986 3832 et
3018 3776 3202 3833 Sancti
3253 3778 3378 3833 Stc-

1803 3866 1962 3936 phani
1991 3866 2056 3920 de
2080 3881 2262 3921 eremo
2295 3866 2462 3936 (I36);
2502 3866 2590 3920 ubi
2616 3881 2709 3921 eos
2739 3866 3053 3935 frequenter
3093 3868 3370 3928 visitabat,

1804 3967 1855 4011 ct
1908 3958 1974 4011 de
2017 3958 2139 4011 vitae
2171 3958 2489 4012 necessariis
2531 3957 2853 4027 providebat
2883 3998 2898 4023 ,
2926 3956 3380 4028 'documcntaque

1805 4047 1996 4103 Salutis
2026 4048 2093 4101 ab
2136 4048 2214 4102 eis
2243 4048 2472 4103 libenter
2497 4049 2771 4104 audiebat.
2805 4049 2873 4103 Et
2900 4051 3114 4105 beatum
3166 4049 3375 4107 Bruno—

1899 4185 2020 4253 l32)
2057 4185 2187 4237 Cum
2216 4186 2377 4238 verba
2401 4185 2513 4239 hare
2537 4192 2798 4254 integram
2828 4184 2938 4255 §4l
2972 4187 3183 4249 datam,
3214 4200 3375 4255 quam

1804 4254 2039 4309 Sanctus
2070 4256 2134 4307 ad
2166 4255 2467 4309 Carthusia:
2495 4255 2711 4317 fratres,
2750 4254 2845 4323 per
2890 4255 3256 4318 Landuittum,
3307 4254 3375 4307 ad

1810 4326 1976 4379 hosce
2008 4333 2393 4386 revertentem,
2431 4325 2606 4386 misit,
2637 4324 2916 4391 epistolam
2946 4325 3231 4386 claudant,
3262 4324 3373 4378 hare
3434 4388 3437 4391 _

1802 4394 1941 4447 haud
1973 4394 2134 4449 dubie
2178 4410 2241 4449 ea
2274 4395 2385 4461 ipsa
2429 4403 2537 4458 est,
2571 4394 2724 4462 cujus
2769 4394 2856 4447 hic
2898 4393 3143 4447 meminit
3182 4393 3372 4448 Sancti

1800 4468 1970 4519 nostri
2010 4464 2353 4533 biographus.

1872 4533 2027 4604 (155),
2062 4532 2133 4604 De
2172 4534 2274 4587 hac
2317 4546 2499 4587 eremo
2529 4532 2728 4587 videsis
2770 4532 3141 4588 commentarii
3186 4533 3373 4604 praevii

1800 4619 1948 4658 num.
1980 4603 2085 4658 552
2113 4612 2168 4657 et
2194 4618 2346 4672 seqq.

1871 4673 2016 4744 (154)
2058 4671 2313 4744 Princeps
2338 4672 2425 4726 hic
2454 4684 2545 4726 seu
2575 4671 2757 4744 potius
2776 4671 3036 4726 Calabria:
3080 4681 3135 4727 et
3166 4672 3371 4729 Sicilia:

1800 4742 1981 4797 eomes
2011 4743 2131 4812 quis
2160 4742 2354 4805 fuerit,
2383 4742 2759 4796 commentarii
2786 4744 2973 4812 praevii
3008 4758 3157 4796 num.
3183 4745 3287 4798 556
3316 4754 3369 4798 ct

1800 4827 1951 4881 seqq.
1983 4813 2329 4881 explanatum
2364 4812 2628 4866 invenies.

1874 4875 2018 4953 (155)
2040 4875 2318 4953 ςδειηςιυηι
2352 4891 2592 4935 nostrum
2614 4923 2629 4945 ,
2662 4897 2781 4936 cum
2811 4882 2992 4937 comiti
3022 4875 3285 4938 Calabriae
3314 4894 3371 4938 et

1800 4953 1997 5007 Siciliae
2037 4952 2269 5023 Rogerio
2303 4953 2515 5023 ignotus
2555 4953 2729 5005 adhuc
2755 4961 2931 5017 esset,
2964 4969 3073 5023 non
3106 4954 3269 5007 fuisse
3299 4955 3368 5008 ab

1798 5024 1928 5086 hoc,
1965 5022 2235 5075 venationi
2274 5022 2492 5091 operam
2539 5023 2729 5085 dante,
2763 5023 2815 5077 111
2860 5022 3131 5091 Spelttneis
3177 5039 3363 5092 reper-

1796 5101 1941 5158 tum,
1966 5093 2229 5154 dilucide,
2257 5100 2515 5162 quantum
2546 5103 2799 5162 apparet,
2824 5095 3054 5162 probant
3079 5108 3199 5162 qua:
3221 5106 3367 5147 com-

1795 5162 2046 5217 mentarii
2079 5162 2260 5233 praevii
2290 5177 2438 5215 num.
2473 5161 2568 5216 541
2607 5173 2659 5215 ct
2690 5161 2840 5215 binis
2859 5178 3009 5233 seqq.
3045 5161 3365 5217 inmedium

1794 5234 2010 5287 adduxi.

1866 5302 2013 5373 (156)
2053 5302 2193 5357 Duas
2238 5301 2398 5357 hasce
2444 5301 2732 5373 ecclesias,
2769 5302 2846 5355 uti
2895 5302 2983 5356 hic
3035 5301 3364 5373 biographus

1794 5370 1981 5427 noster
2010 5373 2251 5427 indicare
2294 5373 2528 5436 videtur,
2569 5370 2624 5424 S.
2660 5373 2896 5424 Brunoni
2931 5373 3151 5441 ejusque
3199 5372 3364 5425 sociis

1796 5458 1824 5495 a
1852 5443 2048 5497 comite
2075 5442 2328 5512 liogerio,
2362 5443 2543 5496 statim
2574 5452 2736 5510 atque
2767 5441 2884 5512 hos,
2918 5442 2969 5493 iu
3004 5456 3165 5512 specu
3198 5455 3361 5494 oran-

1796 5522 1895 5577 tes,
1928 5514 2067 5566 inter
2115 5510 2419 5566 venandum
2471 5512 2784 5574 invenerat,
2820 5510 3045 5564 donatas
3096 5510 3283 5574 fuisse,
3332 5526 3362 5564 a

1794 5598 1922 5637 vero
1951 5583 2187 5707 agesum
2214 5591 2454 5654 apparet.
2483 5582 2584 5638 Adi
2618 5581 3067 5650 comntgtjtarium
3100 5581 3360 5651 praevium

1795 5668 1942 5707 num.
2024 5655 2051 5705 Ἰ
2093 5690 2107 5705 .

1795 5668 1942 5707 1111111.
1988 5654 2107 5707 570.
