  <div class='ocr_page' id='page_1' title='image "/cluster/home/n/w/nwhite01/storage/ocr_20150623/152/hvd.32044015473804/265.png"; bbox 0 0 3860 6326; ppageno 0'>
   <div class='ocr_carea' id='block_1_1' title="bbox 507 308 609 366">
    <p class='ocr_par' dir='ltr' id='par_1_1' title="bbox 507 308 609 366">
     <span class='ocr_line' id='line_1_1' title="bbox 507 308 609 366; baseline 0.01 -1"><span class='ocrx_word' id='word_1_1' title='bbox 507 308 609 366; x_wconf 77' lang='grc'><strong>519</strong></span> 
     </span>
    </p>
   </div>
   <div class='ocr_carea' id='block_1_2' title="bbox 1352 276 2998 353">
    <p class='ocr_par' dir='ltr' id='par_1_2' title="bbox 1352 276 2998 353">
     <span class='ocr_line' id='line_1_2' title="bbox 1352 276 2998 353; baseline -0.012 -1"><span class='ocrx_word' id='word_1_2' title='bbox 1352 295 1408 353; x_wconf 85' lang='lat' dir='ltr'><strong>S.</strong></span> <span class='ocrx_word' id='word_1_3' title='bbox 1449 291 1794 352; x_wconf 70' lang='lat' dir='ltr'><strong>BltUNONlS</strong></span> <span class='ocrx_word' id='word_1_4' title='bbox 1831 281 2479 348; x_wconf 79' lang='lat' dir='ltr'><strong>CARTHUSIANORUM</strong></span> <span class='ocrx_word' id='word_1_5' title='bbox 2513 276 2998 338; x_wconf 77' lang='lat' dir='ltr'><strong>INSTITUTORIS</strong></span> 
     </span>
    </p>
   </div>
   <div class='ocr_carea' id='block_1_3' title="bbox 3630 278 3716 338">
    <p class='ocr_par' dir='ltr' id='par_1_3' title="bbox 3630 278 3716 338">
     <span class='ocr_line' id='line_1_3' title="bbox 3630 278 3716 338; baseline 0.035 -3"><span class='ocrx_word' id='word_1_6' title='bbox 3630 278 3716 338; x_wconf 59' lang='grc' dir='ltr'><strong>διο</strong></span> 
     </span>
    </p>
   </div>
   <div class='ocr_carea' id='block_1_4' title="bbox 510 392 3718 487">
    <p class='ocr_par' dir='ltr' id='par_1_4' title="bbox 510 392 3718 487">
     <span class='ocr_line' id='line_1_4' title="bbox 510 392 3718 487; baseline -0.011 -9"><span class='ocrx_word' id='word_1_7' title='bbox 510 439 657 487; x_wconf 91' lang='lat' dir='ltr'><strong>nem,</strong></span> <span class='ocrx_word' id='word_1_8' title='bbox 681 421 923 487; x_wconf 86' lang='lat' dir='ltr'><strong>ipsorum</strong></span> <span class='ocrx_word' id='word_1_9' title='bbox 956 414 1197 471; x_wconf 88' lang='lat' dir='ltr'><strong>omnium</strong></span> <span class='ocrx_word' id='word_1_10' title='bbox 1243 423 1516 483; x_wconf 90' lang='lat' dir='ltr'><strong>pastorem</strong></span> <span class='ocrx_word' id='word_1_11' title='bbox 1560 421 1613 465; x_wconf 90' lang='lat' dir='ltr'><strong>et</strong></span> <span class='ocrx_word' id='word_1_12' title='bbox 1661 410 1896 471; x_wconf 85' lang='lat' dir='ltr'><strong>Patrem,</strong></span> <span class='ocrx_word' id='word_1_13' title='bbox 1924 420 2084 476; x_wconf 85' lang='lat' dir='ltr'><strong>quem</strong></span> <span class='ocrx_word' id='word_1_14' title='bbox 2116 406 2157 461; x_wconf 79' lang='grc' dir='ltr'><strong>Α</strong></span> <span class='ocrx_word' id='word_1_15' title='bbox 2189 416 2256 455; x_wconf 90' lang='lat' dir='ltr'><strong>an</strong></span> <span class='ocrx_word' id='word_1_16' title='bbox 2288 413 2419 455; x_wconf 83' lang='lat' dir='ltr'><strong>vera</strong></span> <span class='ocrx_word' id='word_1_17' title='bbox 2444 406 2608 464; x_wconf 84' lang='lat' dir='ltr'><strong>esset,</strong></span> <span class='ocrx_word' id='word_1_18' title='bbox 2639 406 2894 466; x_wconf 75' lang='lat' dir='ltr'><strong>satagens</strong></span> <span class='ocrx_word' id='word_1_19' title='bbox 2924 393 3179 465; x_wconf 79' lang='lat' dir='ltr'><strong>experiri.</strong></span> <span class='ocrx_word' id='word_1_20' title='bbox 3226 392 3306 449; x_wconf 81' lang='lat' dir='ltr'><strong>Ad</strong></span> <span class='ocrx_word' id='word_1_21' title='bbox 3357 409 3507 463; x_wconf 91' lang='lat' dir='ltr'><strong>quem</strong></span> <span class='ocrx_word' id='word_1_22' title='bbox 3555 402 3718 469; x_wconf 61' lang='lat' dir='ltr'><strong>stu-cpi.</strong></span> 
     </span>
    </p>
   </div>
   <div class='ocr_carea' id='block_1_5' title="bbox 506 504 2087 585">
    <p class='ocr_par' dir='ltr' id='par_1_5' title="bbox 506 504 2087 585">
     <span class='ocr_line' id='line_1_5' title="bbox 506 504 2087 585; baseline -0.013 -15"><span class='ocrx_word' id='word_1_23' title='bbox 506 530 619 585; x_wconf 66' lang='lat' dir='ltr'><strong>pra:</strong></span> <span class='ocrx_word' id='word_1_24' title='bbox 642 512 860 568; x_wconf 67' lang='lat' dir='ltr'><strong>caeteris</strong></span> <span class='ocrx_word' id='word_1_25' title='bbox 890 509 1079 565; x_wconf 89' lang='lat' dir='ltr'><strong>intime</strong></span> <span class='ocrx_word' id='word_1_26' title='bbox 1109 505 1361 577; x_wconf 89' lang='lat' dir='ltr'><strong>diligebat</strong></span> <span class='ocrx_word' id='word_1_27' title='bbox 1386 547 1399 571; x_wconf 91' lang='lat'><strong>,</strong></span> <span class='ocrx_word' id='word_1_28' title='bbox 1434 504 1500 557; x_wconf 91' lang='lat' dir='ltr'><strong>ad</strong></span> <span class='ocrx_word' id='word_1_29' title='bbox 1530 519 1589 557; x_wconf 86' lang='lat' dir='ltr'><strong>se</strong></span> <span class='ocrx_word' id='word_1_30' title='bbox 1619 504 1932 571; x_wconf 87' lang='lat' dir='ltr'><strong>lrequenter</strong></span> <span class='ocrx_word' id='word_1_31' title='bbox 1955 511 2087 552; x_wconf 88' lang='lat' dir='ltr'><strong>evo-</strong></span> 
     </span>
    </p>
   </div>
   <div class='ocr_carea' id='block_1_6' title="bbox 511 592 2085 675">
    <p class='ocr_par' dir='ltr' id='par_1_6' title="bbox 511 592 2085 675">
     <span class='ocr_line' id='line_1_6' title="bbox 511 592 2085 675; baseline -0.013 -12"><span class='ocrx_word' id='word_1_32' title='bbox 511 609 692 670; x_wconf 83' lang='lat' dir='ltr'><strong>cabat;</strong></span> <span class='ocrx_word' id='word_1_33' title='bbox 725 619 885 675; x_wconf 87' lang='lat' dir='ltr'><strong>quem</strong></span> <span class='ocrx_word' id='word_1_34' title='bbox 921 603 972 657; x_wconf 91' lang='lat' dir='ltr'><strong>in</strong></span> <span class='ocrx_word' id='word_1_35' title='bbox 1003 615 1193 670; x_wconf 88' lang='lat' dir='ltr'><strong>magna</strong></span> <span class='ocrx_word' id='word_1_36' title='bbox 1226 597 1527 653; x_wconf 88' lang='lat' dir='ltr'><strong>reverentia</strong></span> <span class='ocrx_word' id='word_1_37' title='bbox 1558 609 1771 663; x_wconf 87' lang='lat' dir='ltr'><strong>semper</strong></span> <span class='ocrx_word' id='word_1_38' title='bbox 1800 592 2038 646; x_wconf 89' lang='lat' dir='ltr'><strong>habebat</strong></span> <span class='ocrx_word' id='word_1_39' title='bbox 2069 629 2085 657; x_wconf 93' lang='lat'><strong>,</strong></span> 
     </span>
    </p>
   </div>
   <div class='ocr_carea' id='block_1_7' title="bbox 512 686 2092 770">
    <p class='ocr_par' dir='ltr' id='par_1_7' title="bbox 512 686 2092 770">
     <span class='ocr_line' id='line_1_7' title="bbox 512 686 2092 770; baseline -0.012 -13"><span class='ocrx_word' id='word_1_40' title='bbox 512 710 568 757; x_wconf 86' lang='lat' dir='ltr'><strong>et</strong></span> <span class='ocrx_word' id='word_1_41' title='bbox 597 700 753 770; x_wconf 87' lang='lat' dir='ltr'><strong>quasi</strong></span> <span class='ocrx_word' id='word_1_42' title='bbox 790 698 1023 769; x_wconf 91' lang='lat' dir='ltr'><strong>primum</strong></span> <span class='ocrx_word' id='word_1_43' title='bbox 1053 696 1110 749; x_wconf 87' lang='lat' dir='ltr'><strong>in</strong></span> <span class='ocrx_word' id='word_1_44' title='bbox 1145 695 1305 749; x_wconf 92' lang='lat' dir='ltr'><strong>domo</strong></span> <span class='ocrx_word' id='word_1_45' title='bbox 1347 708 1465 753; x_wconf 84' lang='lat' dir='ltr'><strong>sua;</strong></span> <span class='ocrx_word' id='word_1_46' title='bbox 1516 689 1669 757; x_wconf 86' lang='lat' dir='ltr'><strong>cujus</strong></span> <span class='ocrx_word' id='word_1_47' title='bbox 1716 686 1958 743; x_wconf 89' lang='lat' dir='ltr'><strong>consiliis</strong></span> <span class='ocrx_word' id='word_1_48' title='bbox 2005 699 2092 739; x_wconf 84' lang='lat' dir='ltr'><strong>ac-</strong></span> 
     </span>
    </p>
   </div>
   <div class='ocr_carea' id='block_1_8' title="bbox 512 781 2090 859">
    <p class='ocr_par' dir='ltr' id='par_1_8' title="bbox 512 781 2090 859">
     <span class='ocr_line' id='line_1_8' title="bbox 512 781 2090 859; baseline -0.008 -15"><span class='ocrx_word' id='word_1_49' title='bbox 512 788 849 859; x_wconf 84' lang='lat' dir='ltr'><strong>quiescebat,</strong></span> <span class='ocrx_word' id='word_1_50' title='bbox 898 797 953 842; x_wconf 91' lang='lat' dir='ltr'><strong>et</strong></span> <span class='ocrx_word' id='word_1_51' title='bbox 998 787 1115 855; x_wconf 90' lang='lat' dir='ltr'><strong>ejus</strong></span> <span class='ocrx_word' id='word_1_52' title='bbox 1143 801 1200 840; x_wconf 91' lang='lat' dir='ltr'><strong>se</strong></span> <span class='ocrx_word' id='word_1_53' title='bbox 1227 783 1564 839; x_wconf 82' lang='lat' dir='ltr'><strong>orationibus</strong></span> <span class='ocrx_word' id='word_1_54' title='bbox 1586 781 1787 852; x_wconf 84' lang='lat' dir='ltr'><strong>jugiter</strong></span> <span class='ocrx_word' id='word_1_55' title='bbox 1816 793 2090 834; x_wconf 88' lang='lat' dir='ltr'><strong>commen-</strong></span> 
     </span>
    </p>
   </div>
   <div class='ocr_carea' id='block_1_9' title="bbox 510 873 1849 949">
    <p class='ocr_par' dir='ltr' id='par_1_9' title="bbox 510 873 1849 949">
     <span class='ocr_line' id='line_1_9' title="bbox 510 873 1849 949; baseline -0.01 -11"><span class='ocrx_word' id='word_1_56' title='bbox 510 883 694 947; x_wconf 81' lang='lat' dir='ltr'><strong>dabat;</strong></span> <span class='ocrx_word' id='word_1_57' title='bbox 725 881 777 935; x_wconf 93' lang='lat' dir='ltr'><strong>in</strong></span> <span class='ocrx_word' id='word_1_58' title='bbox 802 880 999 949; x_wconf 86' lang='lat' dir='ltr'><strong>quibus</strong></span> <span class='ocrx_word' id='word_1_59' title='bbox 1027 877 1314 949; x_wconf 90' lang='lat' dir='ltr'><strong>plurimum</strong></span> <span class='ocrx_word' id='word_1_60' title='bbox 1341 874 1651 930; x_wconf 90' lang='lat' dir='ltr'><strong>conﬁdebat</strong></span> <span class='ocrx_word' id='word_1_61' title='bbox 1677 873 1849 945; x_wconf 82' lang='grc'><strong>(157).</strong></span> 
     </span>
    </p>
   </div>
   <div class='ocr_carea' id='block_1_10' title="bbox 579 961 2088 1035">
    <p class='ocr_par' dir='ltr' id='par_1_10' title="bbox 579 961 2088 1035">
     <span class='ocr_line' id='line_1_10' title="bbox 579 961 2088 1035; baseline -0.008 -8"><span class='ocrx_word' id='word_1_62' title='bbox 579 972 671 1027; x_wconf 84' lang='grc'><strong>55.</strong></span> <span class='ocrx_word' id='word_1_63' title='bbox 706 970 816 1025; x_wconf 86' lang='lat' dir='ltr'><strong>Nec</strong></span> <span class='ocrx_word' id='word_1_64' title='bbox 841 984 963 1023; x_wconf 84' lang='lat' dir='ltr'><strong>eum</strong></span> <span class='ocrx_word' id='word_1_65' title='bbox 996 966 1183 1020; x_wconf 82' lang='lat' dir='ltr'><strong>fefellit</strong></span> <span class='ocrx_word' id='word_1_66' title='bbox 1211 965 1412 1035; x_wconf 88' lang='lat' dir='ltr'><strong>opinio.</strong></span> <span class='ocrx_word' id='word_1_67' title='bbox 1440 964 1571 1017; x_wconf 87' lang='lat' dir='ltr'><strong>Nam</strong></span> <span class='ocrx_word' id='word_1_68' title='bbox 1600 964 1745 1018; x_wconf 90' lang='lat' dir='ltr'><strong>Deus</strong></span> <span class='ocrx_word' id='word_1_69' title='bbox 1772 977 1893 1016; x_wconf 89' lang='lat' dir='ltr'><strong>eum</strong></span> <span class='ocrx_word' id='word_1_70' title='bbox 1949 961 2088 1015; x_wconf 86' lang='lat' dir='ltr'><strong>Bru-</strong></span> 
     </span>
    </p>
   </div>
   <div class='ocr_carea' id='block_1_11' title="bbox 509 1052 2091 1126">
    <p class='ocr_par' dir='ltr' id='par_1_11' title="bbox 509 1052 2091 1126">
     <span class='ocr_line' id='line_1_11' title="bbox 509 1052 2091 1126; baseline -0.008 -8"><span class='ocrx_word' id='word_1_71' title='bbox 509 1063 670 1118; x_wconf 88' lang='lat' dir='ltr'><strong>nonis</strong></span> <span class='ocrx_word' id='word_1_72' title='bbox 728 1059 936 1114; x_wconf 90' lang='lat' dir='ltr'><strong>meritis</strong></span> <span class='ocrx_word' id='word_1_73' title='bbox 974 1073 1003 1110; x_wconf 90' lang='lat' dir='ltr'><strong>a</strong></span> <span class='ocrx_word' id='word_1_74' title='bbox 1049 1064 1349 1126; x_wconf 60' lang='lat' dir='ltr'><strong>praeparata</strong></span> <span class='ocrx_word' id='word_1_75' title='bbox 1402 1054 1454 1108; x_wconf 91' lang='lat' dir='ltr'><strong>in</strong></span> <span class='ocrx_word' id='word_1_76' title='bbox 1512 1069 1633 1108; x_wconf 90' lang='lat' dir='ltr'><strong>eum</strong></span> <span class='ocrx_word' id='word_1_77' title='bbox 1691 1053 1995 1122; x_wconf 87' lang='lat' dir='ltr'><strong>proditione</strong></span> <span class='ocrx_word' id='word_1_78' title='bbox 2036 1052 2091 1105; x_wconf 91' lang='lat' dir='ltr'><strong>in</strong></span> 
     </span>
    </p>
   </div>
   <div class='ocr_carea' id='block_1_12' title="bbox 511 1144 2091 1215">
    <p class='ocr_par' dir='ltr' id='par_1_12' title="bbox 511 1144 2091 1215">
     <span class='ocr_line' id='line_1_12' title="bbox 511 1144 2091 1215; baseline -0.007 -8"><span class='ocrx_word' id='word_1_79' title='bbox 511 1152 794 1207; x_wconf 89' lang='lat' dir='ltr'><strong>obsidione</strong></span> <span class='ocrx_word' id='word_1_80' title='bbox 821 1147 1091 1215; x_wconf 71' lang='lat' dir='ltr'><strong>Capuante</strong></span> <span class='ocrx_word' id='word_1_81' title='bbox 1118 1146 1355 1201; x_wconf 84' lang='lat' dir='ltr'><strong>civitatis</strong></span> <span class='ocrx_word' id='word_1_82' title='bbox 1382 1144 1529 1215; x_wconf 80' lang='grc'><strong>(158)</strong></span> <span class='ocrx_word' id='word_1_83' title='bbox 1556 1144 1837 1211; x_wconf 88' lang='lat' dir='ltr'><strong>liberavit,</strong></span> <span class='ocrx_word' id='word_1_84' title='bbox 1865 1153 1921 1197; x_wconf 91' lang='lat' dir='ltr'><strong>ut</strong></span> <span class='ocrx_word' id='word_1_85' title='bbox 1951 1144 2091 1197; x_wconf 86' lang='lat' dir='ltr'><strong>idem</strong></span> 
     </span>
    </p>
   </div>
   <div class='ocr_carea' id='block_1_13' title="bbox 511 1236 2092 1313">
    <p class='ocr_par' dir='ltr' id='par_1_13' title="bbox 511 1236 2092 1313">
     <span class='ocr_line' id='line_1_13' title="bbox 511 1236 2092 1313; baseline -0.003 -19"><span class='ocrx_word' id='word_1_86' title='bbox 511 1242 767 1313; x_wconf 83' lang='lat' dir='ltr'><strong>princeps</strong></span> <span class='ocrx_word' id='word_1_87' title='bbox 788 1239 839 1293; x_wconf 90' lang='lat' dir='ltr'><strong>in</strong></span> <span class='ocrx_word' id='word_1_88' title='bbox 862 1238 975 1293; x_wconf 88' lang='lat' dir='ltr'><strong>suis</strong></span> <span class='ocrx_word' id='word_1_89' title='bbox 990 1237 1295 1308; x_wconf 89' lang='lat' dir='ltr'><strong>patentibus</strong></span> <span class='ocrx_word' id='word_1_90' title='bbox 1317 1236 1510 1291; x_wconf 85' lang='lat' dir='ltr'><strong>litteris</strong></span> <span class='ocrx_word' id='word_1_91' title='bbox 1524 1237 1669 1308; x_wconf 82' lang='grc'>(159)</span> <span class='ocrx_word' id='word_1_92' title='bbox 1685 1252 1779 1306; x_wconf 91' lang='lat' dir='ltr'><strong>per</strong></span> <span class='ocrx_word' id='word_1_93' title='bbox 1799 1240 1913 1291; x_wconf 76' lang='lat' dir='ltr'><strong>haec</strong></span> <span class='ocrx_word' id='word_1_94' title='bbox 1928 1236 2092 1289; x_wconf 83' lang='lat' dir='ltr'><strong>verba</strong></span> 
     </span>
    </p>
   </div>
   <div class='ocr_carea' id='block_1_14' title="bbox 514 1327 2092 1399">
    <p class='ocr_par' dir='ltr' id='par_1_14' title="bbox 514 1327 2092 1399">
     <span class='ocr_line' id='line_1_14' title="bbox 514 1327 2092 1399; baseline -0.003 -13"><span class='ocrx_word' id='word_1_95' title='bbox 514 1338 746 1386; x_wconf 89' lang='lat' dir='ltr'><strong>testatur</strong></span> <span class='ocrx_word' id='word_1_96' title='bbox 774 1347 788 1384; x_wconf 90' lang='lat'><strong>:</strong></span> <span class='ocrx_word' id='word_1_97' title='bbox 820 1329 929 1397; x_wconf 79' lang='lat' dir='ltr'><strong>Ego</strong></span> <span class='ocrx_word' id='word_1_98' title='bbox 960 1328 1220 1399; x_wconf 80' lang='lat' dir='ltr'><strong>Rogerius</strong></span> <span class='ocrx_word' id='word_1_99' title='bbox 1273 1328 1452 1382; x_wconf 88' lang='lat' dir='ltr'><strong>divina</strong></span> <span class='ocrx_word' id='word_1_100' title='bbox 1511 1327 1883 1382; x_wconf 86' lang='lat' dir='ltr'><strong>misericordia</strong></span> <span class='ocrx_word' id='word_1_101' title='bbox 1911 1342 2092 1382; x_wconf 89' lang='lat' dir='ltr'><strong>comes</strong></span> 
     </span>
    </p>
   </div>
   <div class='ocr_carea' id='block_1_15' title="bbox 514 1418 2093 1491">
    <p class='ocr_par' dir='ltr' id='par_1_15' title="bbox 514 1418 2093 1491">
     <span class='ocr_line' id='line_1_15' title="bbox 514 1418 2093 1491; baseline -0.004 -14"><span class='ocrx_word' id='word_1_102' title='bbox 514 1422 778 1478; x_wconf 65' lang='lat' dir='ltr'><strong>Calabriae</strong></span> <span class='ocrx_word' id='word_1_103' title='bbox 794 1430 848 1475; x_wconf 93' lang='lat' dir='ltr'><strong>et</strong></span> <span class='ocrx_word' id='word_1_104' title='bbox 865 1420 1063 1475; x_wconf 72' lang='lat' dir='ltr'><strong>Sicilia:</strong></span> <span class='ocrx_word' id='word_1_105' title='bbox 1087 1429 1270 1476; x_wconf 88' lang='lat' dir='ltr'><strong>notum</strong></span> <span class='ocrx_word' id='word_1_106' title='bbox 1302 1418 1436 1491; x_wconf 85' lang='lat' dir='ltr'><strong>[Al.,</strong></span> <span class='ocrx_word' id='word_1_107' title='bbox 1461 1418 1613 1491; x_wconf 78' lang='lat' dir='ltr'><strong>nota]</strong></span> <span class='ocrx_word' id='word_1_108' title='bbox 1638 1434 1759 1474; x_wconf 89' lang='lat' dir='ltr'><strong>esse</strong></span> <span class='ocrx_word' id='word_1_109' title='bbox 1780 1418 1901 1473; x_wconf 85' lang='lat' dir='ltr'><strong>volo</strong></span> <span class='ocrx_word' id='word_1_110' title='bbox 1916 1418 2093 1474; x_wconf 91' lang='lat' dir='ltr'><strong>omni-</strong></span> 
     </span>
    </p>
   </div>
   <div class='ocr_carea' id='block_1_16' title="bbox 515 1511 2095 1581">
    <p class='ocr_par' dir='ltr' id='par_1_16' title="bbox 515 1511 2095 1581">
     <span class='ocr_line' id='line_1_16' title="bbox 515 1511 2095 1581; baseline -0.004 -10"><span class='ocrx_word' id='word_1_111' title='bbox 515 1516 619 1571; x_wconf 87' lang='lat' dir='ltr'><strong>bus</strong></span> <span class='ocrx_word' id='word_1_112' title='bbox 653 1514 902 1569; x_wconf 88' lang='lat' dir='ltr'><strong>ﬁdelibns</strong></span> <span class='ocrx_word' id='word_1_113' title='bbox 926 1512 1250 1566; x_wconf 86' lang='lat' dir='ltr'><strong>Christianis</strong></span> <span class='ocrx_word' id='word_1_114' title='bbox 1273 1511 1555 1580; x_wconf 90' lang='lat' dir='ltr'><strong>beneﬁcia,</strong></span> <span class='ocrx_word' id='word_1_115' title='bbox 1580 1528 1700 1581; x_wconf 69' lang='lat' dir='ltr'><strong>quae</strong></span> <span class='ocrx_word' id='word_1_116' title='bbox 1725 1511 1855 1565; x_wconf 92' lang='lat' dir='ltr'><strong>mihi</strong></span> <span class='ocrx_word' id='word_1_117' title='bbox 1907 1526 2095 1580; x_wconf 88' lang='lat' dir='ltr'><strong>pecca-</strong></span> 
     </span>
    </p>
   </div>
   <div class='ocr_carea' id='block_1_17' title="bbox 518 1604 2095 1661">
    <p class='ocr_par' dir='ltr' id='par_1_17' title="bbox 518 1604 2095 1661">
     <span class='ocr_line' id='line_1_17' title="bbox 518 1604 2095 1661; baseline -0.001 -2"><span class='ocrx_word' id='word_1_118' title='bbox 518 1606 622 1659; x_wconf 92' lang='lat' dir='ltr'><strong>tori</strong></span> <span class='ocrx_word' id='word_1_119' title='bbox 648 1605 917 1661; x_wconf 89' lang='lat' dir='ltr'><strong>concessit</strong></span> <span class='ocrx_word' id='word_1_120' title='bbox 950 1604 1091 1658; x_wconf 88' lang='lat' dir='ltr'><strong>Deus</strong></span> <span class='ocrx_word' id='word_1_121' title='bbox 1121 1605 1458 1659; x_wconf 87' lang='lat' dir='ltr'><strong>orationibus</strong></span> <span class='ocrx_word' id='word_1_122' title='bbox 1509 1604 1791 1659; x_wconf 89' lang='lat' dir='ltr'><strong>reverendi</strong></span> <span class='ocrx_word' id='word_1_123' title='bbox 1844 1605 1948 1659; x_wconf 91' lang='lat' dir='ltr'><strong>mei</strong></span> <span class='ocrx_word' id='word_1_124' title='bbox 1990 1604 2095 1657; x_wconf 86' lang='lat' dir='ltr'><strong>fra-</strong></span> 
     </span>
    </p>
   </div>
   <div class='ocr_carea' id='block_1_18' title="bbox 516 1695 2096 1765">
    <p class='ocr_par' dir='ltr' id='par_1_18' title="bbox 516 1695 2096 1765">
     <span class='ocr_line' id='line_1_18' title="bbox 516 1695 2096 1765; baseline -0.002 -13"><span class='ocrx_word' id='word_1_125' title='bbox 516 1697 616 1752; x_wconf 87' lang='lat' dir='ltr'><strong>tris</strong></span> <span class='ocrx_word' id='word_1_126' title='bbox 642 1698 933 1762; x_wconf 88' lang='lat' dir='ltr'><strong>Brunonis,</strong></span> <span class='ocrx_word' id='word_1_127' title='bbox 958 1697 1183 1764; x_wconf 89' lang='lat' dir='ltr'><strong>piissimi</strong></span> <span class='ocrx_word' id='word_1_128' title='bbox 1214 1695 1392 1750; x_wconf 88' lang='lat' dir='ltr'><strong>Patris</strong></span> <span class='ocrx_word' id='word_1_129' title='bbox 1440 1696 1666 1750; x_wconf 82' lang='lat' dir='ltr'><strong>fratrum</strong></span> <span class='ocrx_word' id='word_1_130' title='bbox 1687 1736 1701 1757; x_wconf 97' lang='lat'><strong>,</strong></span> <span class='ocrx_word' id='word_1_131' title='bbox 1732 1697 1823 1765; x_wconf 91' lang='lat' dir='ltr'><strong>qui</strong></span> <span class='ocrx_word' id='word_1_132' title='bbox 1849 1696 2096 1749; x_wconf 90' lang='lat' dir='ltr'><strong>habitant</strong></span> 
     </span>
    </p>
   </div>
   <div class='ocr_carea' id='block_1_19' title="bbox 518 1782 2098 1854">
    <p class='ocr_par' dir='ltr' id='par_1_19' title="bbox 518 1782 2098 1854">
     <span class='ocr_line' id='line_1_19' title="bbox 518 1782 2098 1854; baseline -0.001 -10"><span class='ocrx_word' id='word_1_133' title='bbox 518 1791 572 1844; x_wconf 89' lang='lat' dir='ltr'><strong>in</strong></span> <span class='ocrx_word' id='word_1_134' title='bbox 602 1782 851 1844; x_wconf 85' lang='lat' dir='ltr'><strong>ccclesiis</strong></span> <span class='ocrx_word' id='word_1_135' title='bbox 887 1789 1100 1844; x_wconf 76' lang='lat' dir='ltr'><strong>Sancta:</strong></span> <span class='ocrx_word' id='word_1_136' title='bbox 1128 1788 1307 1843; x_wconf 68' lang='lat' dir='ltr'><strong>Maria:</strong></span> <span class='ocrx_word' id='word_1_137' title='bbox 1330 1788 1396 1844; x_wconf 87' lang='lat' dir='ltr'><strong>de</strong></span> <span class='ocrx_word' id='word_1_138' title='bbox 1426 1788 1646 1854; x_wconf 88' lang='lat' dir='ltr'><strong>Eremo,</strong></span> <span class='ocrx_word' id='word_1_139' title='bbox 1677 1797 1730 1843; x_wconf 91' lang='lat' dir='ltr'><strong>et</strong></span> <span class='ocrx_word' id='word_1_140' title='bbox 1758 1789 1942 1843; x_wconf 84' lang='lat' dir='ltr'><strong>Sancti</strong></span> <span class='ocrx_word' id='word_1_141' title='bbox 1977 1788 2098 1843; x_wconf 86' lang='lat' dir='ltr'><strong>Ste-</strong></span> 
     </span>
    </p>
   </div>
   <div class='ocr_carea' id='block_1_20' title="bbox 516 1880 2098 1951">
    <p class='ocr_par' dir='ltr' id='par_1_20' title="bbox 516 1880 2098 1951">
     <span class='ocr_line' id='line_1_20' title="bbox 516 1880 2098 1951; baseline 0.001 -19"><span class='ocrx_word' id='word_1_142' title='bbox 516 1881 679 1949; x_wconf 87' lang='lat' dir='ltr'><strong>phani</strong></span> <span class='ocrx_word' id='word_1_143' title='bbox 712 1880 1145 1951; x_wconf 85' lang='lat' dir='ltr'><strong>protomartyris,</strong></span> <span class='ocrx_word' id='word_1_144' title='bbox 1175 1894 1293 1948; x_wconf 64' lang='lat' dir='ltr'><strong>quae</strong></span> <span class='ocrx_word' id='word_1_145' title='bbox 1324 1880 1441 1934; x_wconf 73' lang='lat' dir='ltr'><strong>sita:</strong></span> <span class='ocrx_word' id='word_1_146' title='bbox 1500 1888 1628 1934; x_wconf 87' lang='lat' dir='ltr'><strong>sunt</strong></span> <span class='ocrx_word' id='word_1_147' title='bbox 1682 1880 1734 1935; x_wconf 92' lang='lat' dir='ltr'><strong>in</strong></span> <span class='ocrx_word' id='word_1_148' title='bbox 1788 1889 1929 1934; x_wconf 90' lang='lat' dir='ltr'><strong>terra</strong></span> <span class='ocrx_word' id='word_1_149' title='bbox 1979 1894 2098 1934; x_wconf 88' lang='lat' dir='ltr'><strong>mea</strong></span> 
     </span>
    </p>
   </div>
   <div class='ocr_carea' id='block_1_21' title="bbox 522 1968 2098 2040">
    <p class='ocr_par' dir='ltr' id='par_1_21' title="bbox 522 1968 2098 2040">
     <span class='ocr_line' id='line_1_21' title="bbox 522 1968 2098 2040; baseline 0 -18"><span class='ocrx_word' id='word_1_150' title='bbox 522 1969 663 2024; x_wconf 84' lang='lat' dir='ltr'><strong>inter</strong></span> <span class='ocrx_word' id='word_1_151' title='bbox 684 1970 959 2040; x_wconf 79' lang='lat' dir='ltr'><strong>oppidum,</strong></span> <span class='ocrx_word' id='word_1_152' title='bbox 1006 1970 1147 2038; x_wconf 92' lang='lat' dir='ltr'><strong>quod</strong></span> <span class='ocrx_word' id='word_1_153' title='bbox 1197 1969 1393 2024; x_wconf 90' lang='lat' dir='ltr'><strong>dicitur</strong></span> <span class='ocrx_word' id='word_1_154' title='bbox 1439 1968 1650 2024; x_wconf 89' lang='lat' dir='ltr'><strong>Stillum</strong></span> <span class='ocrx_word' id='word_1_155' title='bbox 1683 2010 1703 2036; x_wconf 79' lang='lat'><strong>,</strong></span> <span class='ocrx_word' id='word_1_156' title='bbox 1742 1977 1799 2023; x_wconf 89' lang='lat' dir='ltr'><strong>et</strong></span> <span class='ocrx_word' id='word_1_157' title='bbox 1841 1968 2098 2023; x_wconf 87' lang='lat' dir='ltr'><strong>Arenam.</strong></span> 
     </span>
    </p>
   </div>
   <div class='ocr_carea' id='block_1_22' title="bbox 520 2058 2099 2129">
    <p class='ocr_par' dir='ltr' id='par_1_22' title="bbox 520 2058 2099 2129">
     <span class='ocr_line' id='line_1_22' title="bbox 520 2058 2099 2129; baseline -0.002 -14"><span class='ocrx_word' id='word_1_158' title='bbox 520 2059 655 2115; x_wconf 88' lang='lat' dir='ltr'><strong>Cum</strong></span> <span class='ocrx_word' id='word_1_159' title='bbox 683 2076 857 2115; x_wconf 88' lang='lat' dir='ltr'><strong>essem</strong></span> <span class='ocrx_word' id='word_1_160' title='bbox 899 2061 951 2114; x_wconf 93' lang='lat' dir='ltr'><strong>in</strong></span> <span class='ocrx_word' id='word_1_161' title='bbox 980 2061 1259 2114; x_wconf 78' lang='lat' dir='ltr'><strong>obsidione</strong></span> <span class='ocrx_word' id='word_1_162' title='bbox 1300 2060 1498 2129; x_wconf 74' lang='lat' dir='ltr'><strong>Capuze</strong></span> <span class='ocrx_word' id='word_1_163' title='bbox 1543 2059 1801 2114; x_wconf 84' lang='lat' dir='ltr'><strong>Kalendis</strong></span> <span class='ocrx_word' id='word_1_164' title='bbox 1846 2058 2056 2113; x_wconf 84' lang='lat' dir='ltr'><strong>Martiis</strong></span> <span class='ocrx_word' id='word_1_165' title='bbox 2085 2099 2099 2123; x_wconf 85' lang='lat'><strong>,</strong></span> 
     </span>
    </p>
   </div>
   <div class='ocr_carea' id='block_1_23' title="bbox 521 2149 2103 2222">
    <p class='ocr_par' dir='ltr' id='par_1_23' title="bbox 521 2149 2103 2222">
     <span class='ocr_line' id='line_1_23' title="bbox 521 2149 2103 2222; baseline -0.001 -17"><span class='ocrx_word' id='word_1_166' title='bbox 521 2160 578 2205; x_wconf 92' lang='lat' dir='ltr'><strong>et</strong></span> <span class='ocrx_word' id='word_1_167' title='bbox 607 2154 965 2222; x_wconf 57' lang='lat' dir='ltr'><strong>praefecissem</strong></span> <span class='ocrx_word' id='word_1_168' title='bbox 995 2153 1280 2222; x_wconf 88' lang='lat' dir='ltr'><strong>Sergium,</strong></span> <span class='ocrx_word' id='word_1_169' title='bbox 1340 2152 1562 2205; x_wconf 91' lang='lat' dir='ltr'><strong>natione</strong></span> <span class='ocrx_word' id='word_1_170' title='bbox 1601 2149 1871 2215; x_wconf 67' lang='lat' dir='ltr'><strong>Gratcum,</strong></span> <span class='ocrx_word' id='word_1_171' title='bbox 1900 2150 2103 2221; x_wconf 85' lang='lat' dir='ltr'><strong>princi-</strong></span> 
     </span>
    </p>
   </div>
   <div class='ocr_carea' id='block_1_24' title="bbox 522 2240 2106 2313">
    <p class='ocr_par' dir='ltr' id='par_1_24' title="bbox 522 2240 2106 2313">
     <span class='ocr_line' id='line_1_24' title="bbox 522 2240 2106 2313; baseline -0.003 -17"><span class='ocrx_word' id='word_1_172' title='bbox 522 2257 644 2313; x_wconf 85' lang='lat' dir='ltr'><strong>pem</strong></span> <span class='ocrx_word' id='word_1_173' title='bbox 699 2259 862 2313; x_wconf 89' lang='lat' dir='ltr'><strong>super</strong></span> <span class='ocrx_word' id='word_1_174' title='bbox 918 2244 1183 2297; x_wconf 78' lang='lat' dir='ltr'><strong>durentos</strong></span> <span class='ocrx_word' id='word_1_175' title='bbox 1230 2242 1532 2311; x_wconf 89' lang='lat' dir='ltr'><strong>armigeros</strong></span> <span class='ocrx_word' id='word_1_176' title='bbox 1585 2240 1821 2293; x_wconf 87' lang='lat' dir='ltr'><strong>nationis</strong></span> <span class='ocrx_word' id='word_1_177' title='bbox 1875 2254 2005 2301; x_wconf 69' lang='lat' dir='ltr'><strong>suae,</strong></span> <span class='ocrx_word' id='word_1_178' title='bbox 2051 2246 2106 2293; x_wconf 92' lang='lat' dir='ltr'><strong>et</strong></span> 
     </span>
    </p>
   </div>
   <div class='ocr_carea' id='block_1_25' title="bbox 525 2326 2105 2398">
    <p class='ocr_par' dir='ltr' id='par_1_25' title="bbox 525 2326 2105 2398">
     <span class='ocr_line' id='line_1_25' title="bbox 525 2326 2105 2398; baseline -0.001 -15"><span class='ocrx_word' id='word_1_179' title='bbox 525 2332 803 2385; x_wconf 77' lang='lat' dir='ltr'><strong>exercitus</strong></span> <span class='ocrx_word' id='word_1_180' title='bbox 834 2331 1183 2386; x_wconf 80' lang='lat' dir='ltr'><strong>excubiarum</strong></span> <span class='ocrx_word' id='word_1_181' title='bbox 1218 2329 1558 2398; x_wconf 87' lang='lat' dir='ltr'><strong>magistrum;</strong></span> <span class='ocrx_word' id='word_1_182' title='bbox 1589 2327 1680 2396; x_wconf 90' lang='lat' dir='ltr'><strong>qui</strong></span> <span class='ocrx_word' id='word_1_183' title='bbox 1704 2326 1959 2381; x_wconf 88' lang='lat' dir='ltr'><strong>Sataniea</strong></span> <span class='ocrx_word' id='word_1_184' title='bbox 1993 2342 2105 2395; x_wconf 85' lang='lat' dir='ltr'><strong>pcr-</strong></span> 
     </span>
    </p>
   </div>
   <div class='ocr_carea' id='block_1_26' title="bbox 526 2417 2108 2489">
    <p class='ocr_par' dir='ltr' id='par_1_26' title="bbox 526 2417 2108 2489">
     <span class='ocr_line' id='line_1_26' title="bbox 526 2417 2108 2489; baseline -0.001 -17"><span class='ocrx_word' id='word_1_185' title='bbox 526 2420 779 2473; x_wconf 84' lang='lat' dir='ltr'><strong>suasione</strong></span> <span class='ocrx_word' id='word_1_186' title='bbox 814 2428 1137 2489; x_wconf 67' lang='lat' dir='ltr'><strong>prteventus,</strong></span> <span class='ocrx_word' id='word_1_187' title='bbox 1169 2419 1318 2486; x_wconf 90' lang='lat' dir='ltr'><strong>prius</strong></span> <span class='ocrx_word' id='word_1_188' title='bbox 1343 2418 1441 2488; x_wconf 86' lang='lat' dir='ltr'><strong>ipsi</strong></span> <span class='ocrx_word' id='word_1_189' title='bbox 1474 2417 1716 2487; x_wconf 83' lang='lat' dir='ltr'><strong>principe</strong></span> <span class='ocrx_word' id='word_1_190' title='bbox 1749 2417 1945 2487; x_wconf 75' lang='lat' dir='ltr'><strong>Capua:</strong></span> <span class='ocrx_word' id='word_1_191' title='bbox 1987 2433 2108 2486; x_wconf 85' lang='lat' dir='ltr'><strong>pro-</strong></span> 
     </span>
    </p>
   </div>
   <div class='ocr_carea' id='block_1_27' title="bbox 529 2508 2109 2577">
    <p class='ocr_par' dir='ltr' id='par_1_27' title="bbox 529 2508 2109 2577">
     <span class='ocr_line' id='line_1_27' title="bbox 529 2508 2109 2577; baseline -0.001 -14"><span class='ocrx_word' id='word_1_192' title='bbox 529 2510 779 2564; x_wconf 85' lang='lat' dir='ltr'><strong>mittente</strong></span> <span class='ocrx_word' id='word_1_193' title='bbox 802 2511 916 2564; x_wconf 85' lang='lat' dir='ltr'><strong>auri</strong></span> <span class='ocrx_word' id='word_1_194' title='bbox 943 2525 1048 2563; x_wconf 92' lang='lat' dir='ltr'><strong>non</strong></span> <span class='ocrx_word' id='word_1_195' title='bbox 1083 2510 1346 2561; x_wconf 87' lang='lat' dir='ltr'><strong>modicam</strong></span> <span class='ocrx_word' id='word_1_196' title='bbox 1379 2508 1742 2577; x_wconf 90' lang='lat' dir='ltr'><strong>quantitatem</strong></span> <span class='ocrx_word' id='word_1_197' title='bbox 1772 2550 1786 2573; x_wconf 93' lang='lat'><strong>,</strong></span> <span class='ocrx_word' id='word_1_198' title='bbox 1837 2510 1902 2561; x_wconf 91' lang='lat' dir='ltr'><strong>ad</strong></span> <span class='ocrx_word' id='word_1_199' title='bbox 1956 2508 2109 2561; x_wconf 83' lang='lat' dir='ltr'><strong>inva-</strong></span> 
     </span>
    </p>
   </div>
   <div class='ocr_carea' id='block_1_28' title="bbox 529 2599 2111 2668">
    <p class='ocr_par' dir='ltr' id='par_1_28' title="bbox 529 2599 2111 2668">
     <span class='ocr_line' id='line_1_28' title="bbox 529 2599 2111 2668; baseline -0.001 -15"><span class='ocrx_word' id='word_1_200' title='bbox 529 2601 762 2654; x_wconf 88' lang='lat' dir='ltr'><strong>dendum</strong></span> <span class='ocrx_word' id='word_1_201' title='bbox 827 2615 913 2654; x_wconf 90' lang='lat' dir='ltr'><strong>me</strong></span> <span class='ocrx_word' id='word_1_202' title='bbox 964 2614 1250 2668; x_wconf 88' lang='lat' dir='ltr'><strong>meumque</strong></span> <span class='ocrx_word' id='word_1_203' title='bbox 1309 2600 1611 2653; x_wconf 81' lang='lat' dir='ltr'><strong>exercitum</strong></span> <span class='ocrx_word' id='word_1_204' title='bbox 1669 2607 1832 2653; x_wconf 87' lang='lat' dir='ltr'><strong>noctu</strong></span> <span class='ocrx_word' id='word_1_205' title='bbox 1904 2599 2111 2653; x_wconf 87' lang='lat' dir='ltr'><strong>aditum</strong></span> 
     </span>
    </p>
   </div>
   <div class='ocr_carea' id='block_1_29' title="bbox 530 2684 1392 2760">
    <p class='ocr_par' dir='ltr' id='par_1_29' title="bbox 530 2684 1392 2760">
     <span class='ocr_line' id='line_1_29' title="bbox 530 2684 1392 2760; baseline -0.001 -19"><span class='ocrx_word' id='word_1_206' title='bbox 530 2690 800 2760; x_wconf 86' lang='lat' dir='ltr'><strong>pollicitus</strong></span> <span class='ocrx_word' id='word_1_207' title='bbox 818 2684 906 2744; x_wconf 87' lang='lat' dir='ltr'><strong>est</strong></span> <span class='ocrx_word' id='word_1_208' title='bbox 933 2704 992 2743; x_wconf 91' lang='lat' dir='ltr'><strong>se</strong></span> <span class='ocrx_word' id='word_1_209' title='bbox 1022 2688 1392 2758; x_wconf 67' lang='lat' dir='ltr'><strong>praebiturum.</strong></span> 
     </span>
    </p>
   </div>
   <div class='ocr_carea' id='block_1_30' title="bbox 603 2777 2116 2850">
    <p class='ocr_par' dir='ltr' id='par_1_30' title="bbox 603 2777 2116 2850">
     <span class='ocr_line' id='line_1_30' title="bbox 603 2777 2116 2850; baseline -0.001 -15"><span class='ocrx_word' id='word_1_210' title='bbox 603 2781 692 2835; x_wconf 83' lang='lat'><strong>56.</strong></span> <span class='ocrx_word' id='word_1_211' title='bbox 737 2781 849 2835; x_wconf 78' lang='lat' dir='ltr'><strong>Nox</strong></span> <span class='ocrx_word' id='word_1_212' title='bbox 901 2779 1223 2850; x_wconf 86' lang='lat' dir='ltr'><strong>proditionis</strong></span> <span class='ocrx_word' id='word_1_213' title='bbox 1280 2780 1544 2843; x_wconf 86' lang='lat' dir='ltr'><strong>advenit,</strong></span> <span class='ocrx_word' id='word_1_214' title='bbox 1610 2777 1865 2849; x_wconf 87' lang='lat' dir='ltr'><strong>princeps</strong></span> <span class='ocrx_word' id='word_1_215' title='bbox 1916 2778 2116 2850; x_wconf 81' lang='lat' dir='ltr'><strong>Capuae</strong></span> 
     </span>
    </p>
   </div>
   <div class='ocr_carea' id='block_1_31' title="bbox 531 2870 2115 2943">
    <p class='ocr_par' dir='ltr' id='par_1_31' title="bbox 531 2870 2115 2943">
     <span class='ocr_line' id='line_1_31' title="bbox 531 2870 2115 2943; baseline -0.002 -16"><span class='ocrx_word' id='word_1_216' title='bbox 531 2872 755 2943; x_wconf 81' lang='lat' dir='ltr'><strong>ejusque</strong></span> <span class='ocrx_word' id='word_1_217' title='bbox 782 2873 1057 2927; x_wconf 78' lang='lat' dir='ltr'><strong>exercitus</strong></span> <span class='ocrx_word' id='word_1_218' title='bbox 1086 2872 1241 2941; x_wconf 78' lang='lat' dir='ltr'><strong>juxta</strong></span> <span class='ocrx_word' id='word_1_219' title='bbox 1266 2871 1588 2938; x_wconf 89' lang='lat' dir='ltr'><strong>promissum</strong></span> <span class='ocrx_word' id='word_1_220' title='bbox 1636 2878 1720 2924; x_wconf 91' lang='lat' dir='ltr'><strong>est</strong></span> <span class='ocrx_word' id='word_1_221' title='bbox 1774 2879 1997 2940; x_wconf 89' lang='lat' dir='ltr'><strong>paratus</strong></span> <span class='ocrx_word' id='word_1_222' title='bbox 2048 2870 2115 2925; x_wconf 86' lang='lat' dir='ltr'><strong>ad</strong></span> 
     </span>
    </p>
   </div>
   <div class='ocr_carea' id='block_1_32' title="bbox 535 2961 2116 3035">
    <p class='ocr_par' dir='ltr' id='par_1_32' title="bbox 535 2961 2116 3035">
     <span class='ocr_line' id='line_1_32' title="bbox 535 2961 2116 3035; baseline -0.001 -17"><span class='ocrx_word' id='word_1_223' title='bbox 535 2981 705 3030; x_wconf 89' lang='lat' dir='ltr'><strong>arma,</strong></span> <span class='ocrx_word' id='word_1_224' title='bbox 738 2967 973 3035; x_wconf 90' lang='lat' dir='ltr'><strong>dumque</strong></span> <span class='ocrx_word' id='word_1_225' title='bbox 1006 2980 1090 3018; x_wconf 89' lang='lat' dir='ltr'><strong>me</strong></span> <span class='ocrx_word' id='word_1_226' title='bbox 1121 2964 1303 3034; x_wconf 90' lang='lat' dir='ltr'><strong>sopori</strong></span> <span class='ocrx_word' id='word_1_227' title='bbox 1337 2962 1604 3018; x_wconf 85' lang='lat' dir='ltr'><strong>dedissem</strong></span> <span class='ocrx_word' id='word_1_228' title='bbox 1636 3004 1650 3029; x_wconf 94' lang='lat'><strong>,</strong></span> <span class='ocrx_word' id='word_1_229' title='bbox 1698 2961 1986 3032; x_wconf 85' lang='lat' dir='ltr'><strong>interjecto</strong></span> <span class='ocrx_word' id='word_1_230' title='bbox 2013 2963 2116 3017; x_wconf 87' lang='lat' dir='ltr'><strong>ali-</strong></span> 
     </span>
    </p>
   </div>
   <div class='ocr_carea' id='block_1_33' title="bbox 2193 489 3719 564">
    <p class='ocr_par' dir='ltr' id='par_1_33' title="bbox 2193 489 3719 564">
     <span class='ocr_line' id='line_1_33' title="bbox 2193 489 3719 564; baseline 0.002 -18"><span class='ocrx_word' id='word_1_231' title='bbox 2193 502 2305 546; x_wconf 91' lang='lat' dir='ltr'><strong>tum</strong></span> <span class='ocrx_word' id='word_1_232' title='bbox 2334 501 2389 547; x_wconf 91' lang='lat' dir='ltr'><strong>et</strong></span> <span class='ocrx_word' id='word_1_233' title='bbox 2411 491 2724 555; x_wconf 82' lang='lat' dir='ltr'><strong>clamorem,</strong></span> <span class='ocrx_word' id='word_1_234' title='bbox 2752 489 3019 559; x_wconf 83' lang='lat' dir='ltr'><strong>fugientes</strong></span> <span class='ocrx_word' id='word_1_235' title='bbox 3062 490 3257 559; x_wconf 90' lang='lat' dir='ltr'><strong>impius</strong></span> <span class='ocrx_word' id='word_1_236' title='bbox 3306 489 3516 560; x_wconf 75' lang='lat' dir='ltr'><strong>Sergius</strong></span> <span class='ocrx_word' id='word_1_237' title='bbox 3533 492 3719 564; x_wconf 77' lang='lat' dir='ltr'><strong>ejusque</strong></span> 
     </span>
    </p>
   </div>
   <div class='ocr_carea' id='block_1_34' title="bbox 2190 582 3720 657">
    <p class='ocr_par' dir='ltr' id='par_1_34' title="bbox 2190 582 3720 657">
     <span class='ocr_line' id='line_1_34' title="bbox 2190 582 3720 657; baseline 0 -14"><span class='ocrx_word' id='word_1_238' title='bbox 2190 601 2452 657; x_wconf 85' lang='lat' dir='ltr'><strong>sequaces</strong></span> <span class='ocrx_word' id='word_1_239' title='bbox 2472 584 2743 640; x_wconf 88' lang='lat' dir='ltr'><strong>subsecuti</strong></span> <span class='ocrx_word' id='word_1_240' title='bbox 2768 591 2895 638; x_wconf 91' lang='lat' dir='ltr'><strong>sunt</strong></span> <span class='ocrx_word' id='word_1_241' title='bbox 2921 583 3219 653; x_wconf 89' lang='lat' dir='ltr'><strong>principem</strong></span> <span class='ocrx_word' id='word_1_242' title='bbox 3248 582 3458 653; x_wconf 66' lang='lat' dir='ltr'><strong>Capuae,</strong></span> <span class='ocrx_word' id='word_1_243' title='bbox 3482 598 3720 653; x_wconf 83' lang='lat' dir='ltr'><strong>sperantes</strong></span> 
     </span>
    </p>
   </div>
   <div class='ocr_carea' id='block_1_35' title="bbox 2190 672 3723 747">
    <p class='ocr_par' dir='ltr' id='par_1_35' title="bbox 2190 672 3723 747">
     <span class='ocr_line' id='line_1_35' title="bbox 2190 672 3723 747; baseline -0.002 -14"><span class='ocrx_word' id='word_1_244' title='bbox 2190 693 2252 733; x_wconf 90' lang='lat' dir='ltr'><strong>se</strong></span> <span class='ocrx_word' id='word_1_245' title='bbox 2280 678 2333 732; x_wconf 92' lang='lat' dir='ltr'><strong>in</strong></span> <span class='ocrx_word' id='word_1_246' title='bbox 2363 677 2563 731; x_wconf 88' lang='lat' dir='ltr'><strong>dictam</strong></span> <span class='ocrx_word' id='word_1_247' title='bbox 2596 675 2875 730; x_wconf 91' lang='lat' dir='ltr'><strong>civitatem</strong></span> <span class='ocrx_word' id='word_1_248' title='bbox 2913 672 3225 744; x_wconf 87' lang='lat' dir='ltr'><strong>confugium</strong></span> <span class='ocrx_word' id='word_1_249' title='bbox 3278 674 3561 730; x_wconf 89' lang='lat' dir='ltr'><strong>habituros.</strong></span> <span class='ocrx_word' id='word_1_250' title='bbox 3585 677 3723 747; x_wconf 85' lang='lat' dir='ltr'><strong>Cepe-</strong></span> 
     </span>
    </p>
   </div>
   <div class='ocr_carea' id='block_1_36' title="bbox 2190 763 3725 823">
    <p class='ocr_par' dir='ltr' id='par_1_36' title="bbox 2190 763 3725 823">
     <span class='ocr_line' id='line_1_36' title="bbox 2190 763 3725 823; baseline -0.001 -1"><span class='ocrx_word' id='word_1_251' title='bbox 2190 776 2319 823; x_wconf 85' lang='lat' dir='ltr'><strong>runt</strong></span> <span class='ocrx_word' id='word_1_252' title='bbox 2345 775 2524 821; x_wconf 88' lang='lat' dir='ltr'><strong>autem</strong></span> <span class='ocrx_word' id='word_1_253' title='bbox 2555 765 2754 819; x_wconf 90' lang='lat' dir='ltr'><strong>milites</strong></span> <span class='ocrx_word' id='word_1_254' title='bbox 2781 765 2953 819; x_wconf 91' lang='lat' dir='ltr'><strong>nostri</strong></span> <span class='ocrx_word' id='word_1_255' title='bbox 2991 764 3135 818; x_wconf 91' lang='lat' dir='ltr'><strong>inter</strong></span> <span class='ocrx_word' id='word_1_256' title='bbox 3159 763 3465 818; x_wconf 85' lang='lat' dir='ltr'><strong>vulneratos</strong></span> <span class='ocrx_word' id='word_1_257' title='bbox 3503 774 3553 817; x_wconf 71' lang='lat' dir='ltr'><strong>et</strong></span> <span class='ocrx_word' id='word_1_258' title='bbox 3592 781 3725 820; x_wconf 80' lang='lat' dir='ltr'><strong>sanos</strong></span> 
     </span>
    </p>
   </div>
   <div class='ocr_carea' id='block_1_37' title="bbox 2192 852 3725 924">
    <p class='ocr_par' dir='ltr' id='par_1_37' title="bbox 2192 852 3725 924">
     <span class='ocr_line' id='line_1_37' title="bbox 2192 852 3725 924; baseline -0.002 -13"><span class='ocrx_word' id='word_1_259' title='bbox 2192 863 2411 912; x_wconf 91' lang='lat' dir='ltr'><strong>centum</strong></span> <span class='ocrx_word' id='word_1_260' title='bbox 2438 858 2720 924; x_wconf 80' lang='lat' dir='ltr'><strong>sexaginta</strong></span> <span class='ocrx_word' id='word_1_261' title='bbox 2746 854 2881 908; x_wconf 94' lang='lat' dir='ltr'><strong>duos</strong></span> <span class='ocrx_word' id='word_1_262' title='bbox 2914 852 3084 923; x_wconf 74' lang='grc'><strong>(140),</strong></span> <span class='ocrx_word' id='word_1_263' title='bbox 3139 853 3339 922; x_wconf 91' lang='lat' dir='ltr'><strong>quibus</strong></span> <span class='ocrx_word' id='word_1_264' title='bbox 3396 861 3451 907; x_wconf 90' lang='lat' dir='ltr'><strong>et</strong></span> <span class='ocrx_word' id='word_1_265' title='bbox 3505 854 3725 908; x_wconf 83' lang='lat' dir='ltr'><strong>visionem</strong></span> 
     </span>
    </p>
   </div>
   <div class='ocr_carea' id='block_1_38' title="bbox 2192 946 3096 1016">
    <p class='ocr_par' dir='ltr' id='par_1_38' title="bbox 2192 946 3096 1016">
     <span class='ocr_line' id='line_1_38' title="bbox 2192 946 3096 1016; baseline -0.006 -15"><span class='ocrx_word' id='word_1_266' title='bbox 2192 947 2361 1004; x_wconf 85' lang='lat' dir='ltr'><strong>fuisse</strong></span> <span class='ocrx_word' id='word_1_267' title='bbox 2391 963 2575 1002; x_wconf 83' lang='lat' dir='ltr'><strong>veram</strong></span> <span class='ocrx_word' id='word_1_268' title='bbox 2602 946 3096 1016; x_wconf 88' lang='lat' dir='ltr'><strong>comprobavimus.</strong></span> 
     </span>
    </p>
   </div>
   <div class='ocr_carea' id='block_1_39' title="bbox 2264 1036 3727 1105">
    <p class='ocr_par' dir='ltr' id='par_1_39' title="bbox 2264 1036 3727 1105">
     <span class='ocr_line' id='line_1_39' title="bbox 2264 1036 3727 1105; baseline -0.005 -7"><span class='ocrx_word' id='word_1_269' title='bbox 2264 1043 2354 1098; x_wconf 85' lang='lat'><strong>57.</strong></span> <span class='ocrx_word' id='word_1_270' title='bbox 2392 1042 2665 1096; x_wconf 85' lang='lat' dir='ltr'><strong>Reversus</strong></span> <span class='ocrx_word' id='word_1_271' title='bbox 2710 1055 2853 1103; x_wconf 90' lang='lat' dir='ltr'><strong>sum,</strong></span> <span class='ocrx_word' id='word_1_272' title='bbox 2884 1039 2996 1093; x_wconf 91' lang='lat' dir='ltr'><strong>Deo</strong></span> <span class='ocrx_word' id='word_1_273' title='bbox 3026 1037 3239 1093; x_wconf 84' lang='lat' dir='ltr'><strong>volente</strong></span> <span class='ocrx_word' id='word_1_274' title='bbox 3263 1079 3279 1105; x_wconf 97' lang='lat'><strong>,</strong></span> <span class='ocrx_word' id='word_1_275' title='bbox 3328 1036 3571 1093; x_wconf 84' lang='lat' dir='ltr'><strong>vicesima</strong></span> <span class='ocrx_word' id='word_1_276' title='bbox 3618 1053 3727 1092; x_wconf 83' lang='lat' dir='ltr'><strong>nona</strong></span> 
     </span>
    </p>
   </div>
   <div class='ocr_carea' id='block_1_40' title="bbox 2192 1129 3729 1201">
    <p class='ocr_par' dir='ltr' id='par_1_40' title="bbox 2192 1129 3729 1201">
     <span class='ocr_line' id='line_1_40' title="bbox 2192 1129 3729 1201; baseline -0.003 -12"><span class='ocrx_word' id='word_1_277' title='bbox 2192 1133 2317 1189; x_wconf 77' lang='lat' dir='ltr'><strong>Julii</strong></span> <span class='ocrx_word' id='word_1_278' title='bbox 2349 1133 2549 1187; x_wconf 90' lang='lat' dir='ltr'><strong>mensis</strong></span> <span class='ocrx_word' id='word_1_279' title='bbox 2578 1131 2931 1201; x_wconf 83' lang='lat' dir='ltr'><strong>Squillacium</strong></span> <span class='ocrx_word' id='word_1_280' title='bbox 2950 1171 2965 1197; x_wconf 95' lang='lat'><strong>,</strong></span> <span class='ocrx_word' id='word_1_281' title='bbox 2993 1130 3292 1201; x_wconf 70' lang='lat' dir='ltr'><strong>prmhabita</strong></span> <span class='ocrx_word' id='word_1_282' title='bbox 3324 1129 3499 1199; x_wconf 88' lang='lat' dir='ltr'><strong>Capua</strong></span> <span class='ocrx_word' id='word_1_283' title='bbox 3527 1130 3729 1193; x_wconf 81' lang='lat' dir='ltr'><strong>civitate,</strong></span> 
     </span>
    </p>
   </div>
   <div class='ocr_carea' id='block_1_41' title="bbox 2193 1220 3734 1293">
    <p class='ocr_par' dir='ltr' id='par_1_41' title="bbox 2193 1220 3734 1293">
     <span class='ocr_line' id='line_1_41' title="bbox 2193 1220 3734 1293; baseline -0.003 -13"><span class='ocrx_word' id='word_1_284' title='bbox 2193 1226 2287 1280; x_wconf 89' lang='lat' dir='ltr'><strong>ubi</strong></span> <span class='ocrx_word' id='word_1_285' title='bbox 2338 1224 2413 1279; x_wconf 87' lang='lat' dir='ltr'><strong>fui</strong></span> <span class='ocrx_word' id='word_1_286' title='bbox 2465 1239 2563 1293; x_wconf 88' lang='lat' dir='ltr'><strong>per</strong></span> <span class='ocrx_word' id='word_1_287' title='bbox 2590 1224 2920 1292; x_wconf 90' lang='lat' dir='ltr'><strong>quindenam</strong></span> <span class='ocrx_word' id='word_1_288' title='bbox 2955 1221 3271 1275; x_wconf 88' lang='lat' dir='ltr'><strong>continuam</strong></span> <span class='ocrx_word' id='word_1_289' title='bbox 3302 1230 3576 1291; x_wconf 66' lang='lat' dir='ltr'><strong>aegrotans.</strong></span> <span class='ocrx_word' id='word_1_290' title='bbox 3604 1220 3734 1276; x_wconf 80' lang='lat' dir='ltr'><strong>\‘enit</strong></span> 
     </span>
    </p>
   </div>
   <div class='ocr_carea' id='block_1_42' title="bbox 2194 1314 3735 1385">
    <p class='ocr_par' dir='ltr' id='par_1_42' title="bbox 2194 1314 3735 1385">
     <span class='ocr_line' id='line_1_42' title="bbox 2194 1314 3735 1385; baseline -0.002 -13"><span class='ocrx_word' id='word_1_291' title='bbox 2194 1332 2325 1372; x_wconf 89' lang='lat' dir='ltr'><strong>vero</strong></span> <span class='ocrx_word' id='word_1_292' title='bbox 2343 1316 2454 1385; x_wconf 92' lang='lat' dir='ltr'><strong>jam</strong></span> <span class='ocrx_word' id='word_1_293' title='bbox 2477 1317 2654 1372; x_wconf 89' lang='lat' dir='ltr'><strong>dictus</strong></span> <span class='ocrx_word' id='word_1_294' title='bbox 2672 1314 2998 1370; x_wconf 87' lang='lat' dir='ltr'><strong>venerabilis</strong></span> <span class='ocrx_word' id='word_1_295' title='bbox 3015 1314 3195 1369; x_wconf 86' lang='lat' dir='ltr'><strong>Bruno</strong></span> <span class='ocrx_word' id='word_1_296' title='bbox 3212 1329 3334 1368; x_wconf 92' lang='lat' dir='ltr'><strong>cum</strong></span> <span class='ocrx_word' id='word_1_297' title='bbox 3351 1323 3570 1383; x_wconf 89' lang='lat' dir='ltr'><strong>quatuor</strong></span> <span class='ocrx_word' id='word_1_298' title='bbox 3582 1315 3639 1368; x_wconf 86' lang='lat' dir='ltr'><strong>de</strong></span> <span class='ocrx_word' id='word_1_299' title='bbox 3652 1314 3735 1369; x_wconf 84' lang='lat' dir='ltr'><strong>fra-</strong></span> 
     </span>
    </p>
   </div>
   <div class='ocr_carea' id='block_1_43' title="bbox 2198 1406 3737 1479">
    <p class='ocr_par' dir='ltr' id='par_1_43' title="bbox 2198 1406 3737 1479">
     <span class='ocr_line' id='line_1_43' title="bbox 2198 1406 3737 1479; baseline -0.003 -15"><span class='ocrx_word' id='word_1_300' title='bbox 2198 1409 2371 1464; x_wconf 90' lang='lat' dir='ltr'><strong>tribus</strong></span> <span class='ocrx_word' id='word_1_301' title='bbox 2391 1410 2528 1476; x_wconf 91' lang='lat' dir='ltr'><strong>suis,</strong></span> <span class='ocrx_word' id='word_1_302' title='bbox 2554 1409 2646 1479; x_wconf 90' lang='lat' dir='ltr'><strong>qui</strong></span> <span class='ocrx_word' id='word_1_303' title='bbox 2670 1424 2757 1463; x_wconf 91' lang='lat' dir='ltr'><strong>me</strong></span> <span class='ocrx_word' id='word_1_304' title='bbox 2780 1408 2894 1463; x_wconf 89' lang='lat' dir='ltr'><strong>suis</strong></span> <span class='ocrx_word' id='word_1_305' title='bbox 2920 1408 3126 1462; x_wconf 85' lang='lat' dir='ltr'><strong>sanctis</strong></span> <span class='ocrx_word' id='word_1_306' title='bbox 3164 1406 3477 1476; x_wconf 89' lang='lat' dir='ltr'><strong>devotisque</strong></span> <span class='ocrx_word' id='word_1_307' title='bbox 3499 1407 3737 1477; x_wconf 84' lang='lat' dir='ltr'><strong>colloquiis</strong></span> 
     </span>
    </p>
   </div>
   <div class='ocr_carea' id='block_1_44' title="bbox 2194 1498 3735 1556">
    <p class='ocr_par' dir='ltr' id='par_1_44' title="bbox 2194 1498 3735 1556">
     <span class='ocr_line' id='line_1_44' title="bbox 2194 1498 3735 1556; baseline -0.001 0"><span class='ocrx_word' id='word_1_308' title='bbox 2194 1501 2457 1556; x_wconf 90' lang='lat' dir='ltr'><strong>consolati</strong></span> <span class='ocrx_word' id='word_1_309' title='bbox 2494 1508 2640 1556; x_wconf 87' lang='lat' dir='ltr'><strong>sunt.</strong></span> <span class='ocrx_word' id='word_1_310' title='bbox 2693 1499 2793 1555; x_wconf 89' lang='lat' dir='ltr'><strong>Cui</strong></span> <span class='ocrx_word' id='word_1_311' title='bbox 2828 1500 3131 1555; x_wconf 87' lang='lat' dir='ltr'><strong>reverendo</strong></span> <span class='ocrx_word' id='word_1_312' title='bbox 3162 1498 3294 1554; x_wconf 81' lang='lat' dir='ltr'><strong>Viro</strong></span> <span class='ocrx_word' id='word_1_313' title='bbox 3331 1498 3582 1554; x_wconf 90' lang='lat' dir='ltr'><strong>visionem</strong></span> <span class='ocrx_word' id='word_1_314' title='bbox 3608 1499 3735 1555; x_wconf 87' lang='lat' dir='ltr'><strong>retuli</strong></span> 
     </span>
    </p>
   </div>
   <div class='ocr_carea' id='block_1_45' title="bbox 2196 1592 3739 1664">
    <p class='ocr_par' dir='ltr' id='par_1_45' title="bbox 2196 1592 3739 1664">
     <span class='ocr_line' id='line_1_45' title="bbox 2196 1592 3739 1664; baseline -0.003 -16"><span class='ocrx_word' id='word_1_315' title='bbox 2196 1603 2251 1648; x_wconf 93' lang='lat' dir='ltr'><strong>et</strong></span> <span class='ocrx_word' id='word_1_316' title='bbox 2279 1593 2509 1648; x_wconf 88' lang='lat' dir='ltr'><strong>humiles</strong></span> <span class='ocrx_word' id='word_1_317' title='bbox 2531 1594 2733 1664; x_wconf 78' lang='lat' dir='ltr'><strong>gratias</strong></span> <span class='ocrx_word' id='word_1_318' title='bbox 2759 1593 2867 1662; x_wconf 88' lang='lat' dir='ltr'><strong>egi,</strong></span> <span class='ocrx_word' id='word_1_319' title='bbox 2901 1592 2992 1663; x_wconf 92' lang='lat' dir='ltr'><strong>qui</strong></span> <span class='ocrx_word' id='word_1_320' title='bbox 3026 1593 3093 1647; x_wconf 91' lang='lat' dir='ltr'><strong>de</strong></span> <span class='ocrx_word' id='word_1_321' title='bbox 3119 1604 3204 1646; x_wconf 85' lang='lat' dir='ltr'><strong>me</strong></span> <span class='ocrx_word' id='word_1_322' title='bbox 3220 1592 3383 1645; x_wconf 91' lang='lat' dir='ltr'><strong>etiam</strong></span> <span class='ocrx_word' id='word_1_323' title='bbox 3403 1592 3627 1653; x_wconf 87' lang='lat' dir='ltr'><strong>absente,</strong></span> <span class='ocrx_word' id='word_1_324' title='bbox 3648 1592 3739 1645; x_wconf 84' lang='lat' dir='ltr'><strong>suis</strong></span> 
     </span>
    </p>
   </div>
   <div class='ocr_carea' id='block_1_46' title="bbox 2198 1681 3736 1747">
    <p class='ocr_par' dir='ltr' id='par_1_46' title="bbox 2198 1681 3736 1747">
     <span class='ocr_line' id='line_1_46' title="bbox 2198 1681 3736 1747; baseline 0 -12"><span class='ocrx_word' id='word_1_325' title='bbox 2198 1682 2252 1736; x_wconf 85' lang='lat' dir='ltr'><strong>in</strong></span> <span class='ocrx_word' id='word_1_326' title='bbox 2281 1682 2616 1736; x_wconf 85' lang='lat' dir='ltr'><strong>orationibus</strong></span> <span class='ocrx_word' id='word_1_327' title='bbox 2641 1697 2829 1737; x_wconf 92' lang='lat' dir='ltr'><strong>curam</strong></span> <span class='ocrx_word' id='word_1_328' title='bbox 2861 1682 3156 1736; x_wconf 89' lang='lat' dir='ltr'><strong>habuisset.</strong></span> <span class='ocrx_word' id='word_1_329' title='bbox 3190 1681 3293 1747; x_wconf 81' lang='lat' dir='ltr'><strong>Qui</strong></span> <span class='ocrx_word' id='word_1_330' title='bbox 3323 1697 3381 1736; x_wconf 89' lang='lat' dir='ltr'><strong>se</strong></span> <span class='ocrx_word' id='word_1_331' title='bbox 3404 1683 3655 1736; x_wconf 85' lang='lat' dir='ltr'><strong>humiliter</strong></span> <span class='ocrx_word' id='word_1_332' title='bbox 3671 1698 3736 1735; x_wconf 87' lang='lat' dir='ltr'><strong>as-</strong></span> 
     </span>
    </p>
   </div>
   <div class='ocr_carea' id='block_1_47' title="bbox 2201 1771 3740 1843">
    <p class='ocr_par' dir='ltr' id='par_1_47' title="bbox 2201 1771 3740 1843">
     <span class='ocr_line' id='line_1_47' title="bbox 2201 1771 3740 1843; baseline -0.002 -17"><span class='ocrx_word' id='word_1_333' title='bbox 2201 1774 2391 1838; x_wconf 88' lang='lat' dir='ltr'><strong>seruit,</strong></span> <span class='ocrx_word' id='word_1_334' title='bbox 2422 1788 2528 1828; x_wconf 90' lang='lat' dir='ltr'><strong>non</strong></span> <span class='ocrx_word' id='word_1_335' title='bbox 2562 1773 2734 1843; x_wconf 90' lang='lat' dir='ltr'><strong>ipsum</strong></span> <span class='ocrx_word' id='word_1_336' title='bbox 2771 1771 2957 1837; x_wconf 89' lang='lat' dir='ltr'><strong>fuisse,</strong></span> <span class='ocrx_word' id='word_1_337' title='bbox 2992 1788 3153 1841; x_wconf 71' lang='lat' dir='ltr'><strong>quem</strong></span> <span class='ocrx_word' id='word_1_338' title='bbox 3185 1772 3390 1826; x_wconf 88' lang='lat' dir='ltr'><strong>vidisse</strong></span> <span class='ocrx_word' id='word_1_339' title='bbox 3427 1772 3634 1836; x_wconf 86' lang='lat' dir='ltr'><strong>credidi,</strong></span> <span class='ocrx_word' id='word_1_340' title='bbox 3667 1772 3740 1825; x_wconf 86' lang='lat' dir='ltr'><strong>sed</strong></span> 
     </span>
    </p>
   </div>
   <div class='ocr_carea' id='block_1_48' title="bbox 2201 1862 3739 1935">
    <p class='ocr_par' dir='ltr' id='par_1_48' title="bbox 2201 1862 3739 1935">
     <span class='ocr_line' id='line_1_48' title="bbox 2201 1862 3739 1935; baseline -0.002 -17"><span class='ocrx_word' id='word_1_341' title='bbox 2201 1864 2294 1919; x_wconf 89' lang='lat' dir='ltr'><strong>Dei</strong></span> <span class='ocrx_word' id='word_1_342' title='bbox 2314 1864 2692 1935; x_wconf 86' lang='lat' dir='ltr'><strong>angelum,qui</strong></span> <span class='ocrx_word' id='word_1_343' title='bbox 2708 1872 2849 1918; x_wconf 89' lang='lat' dir='ltr'><strong>astat</strong></span> <span class='ocrx_word' id='word_1_344' title='bbox 2865 1864 3201 1933; x_wconf 87' lang='lat' dir='ltr'><strong>principibus</strong></span> <span class='ocrx_word' id='word_1_345' title='bbox 3227 1862 3739 1933; x_wconf 80' lang='lat' dir='ltr'><strong>temporebel|i(lll).</strong></span> 
     </span>
    </p>
   </div>
   <div class='ocr_carea' id='block_1_49' title="bbox 2201 1955 3740 2026">
    <p class='ocr_par' dir='ltr' id='par_1_49' title="bbox 2201 1955 3740 2026">
     <span class='ocr_line' id='line_1_49' title="bbox 2201 1955 3740 2026; baseline -0.001 -17"><span class='ocrx_word' id='word_1_346' title='bbox 2201 1956 2407 2026; x_wconf 81' lang='lat' dir='ltr'><strong>Rogavi</strong></span> <span class='ocrx_word' id='word_1_347' title='bbox 2432 1971 2647 2026; x_wconf 90' lang='lat' dir='ltr'><strong>quoque</strong></span> <span class='ocrx_word' id='word_1_348' title='bbox 2682 1956 2853 2025; x_wconf 91' lang='lat' dir='ltr'><strong>ipsum</strong></span> <span class='ocrx_word' id='word_1_349' title='bbox 2886 1955 3181 2018; x_wconf 87' lang='lat' dir='ltr'><strong>humiliter,</strong></span> <span class='ocrx_word' id='word_1_350' title='bbox 3209 1964 3268 2007; x_wconf 93' lang='lat' dir='ltr'><strong>ut</strong></span> <span class='ocrx_word' id='word_1_351' title='bbox 3299 1964 3571 2024; x_wconf 89' lang='lat' dir='ltr'><strong>propterea</strong></span> <span class='ocrx_word' id='word_1_352' title='bbox 3593 1955 3649 2007; x_wconf 87' lang='lat' dir='ltr'><strong>de</strong></span> <span class='ocrx_word' id='word_1_353' title='bbox 3675 1970 3740 2008; x_wconf 86' lang='lat' dir='ltr'><strong>re-</strong></span> 
     </span>
    </p>
   </div>
   <div class='ocr_carea' id='block_1_50' title="bbox 2202 2045 3743 2115">
    <p class='ocr_par' dir='ltr' id='par_1_50' title="bbox 2202 2045 3743 2115">
     <span class='ocr_line' id='line_1_50' title="bbox 2202 2045 3743 2115; baseline -0.003 -13"><span class='ocrx_word' id='word_1_354' title='bbox 2202 2048 2306 2102; x_wconf 91' lang='lat' dir='ltr'><strong>bus</strong></span> <span class='ocrx_word' id='word_1_355' title='bbox 2352 2047 2487 2102; x_wconf 86' lang='lat' dir='ltr'><strong>meis</strong></span> <span class='ocrx_word' id='word_1_356' title='bbox 2528 2048 2580 2101; x_wconf 90' lang='lat' dir='ltr'><strong>in</strong></span> <span class='ocrx_word' id='word_1_357' title='bbox 2614 2054 2757 2101; x_wconf 91' lang='lat' dir='ltr'><strong>terra</strong></span> <span class='ocrx_word' id='word_1_358' title='bbox 2806 2046 3166 2115; x_wconf 84' lang='lat' dir='ltr'><strong>Squillacensi</strong></span> <span class='ocrx_word' id='word_1_359' title='bbox 3213 2058 3431 2101; x_wconf 89' lang='lat' dir='ltr'><strong>sumere</strong></span> <span class='ocrx_word' id='word_1_360' title='bbox 3478 2045 3743 2115; x_wconf 90' lang='lat' dir='ltr'><strong>dignaretur</strong></span> 
     </span>
    </p>
   </div>
   <div class='ocr_carea' id='block_1_51' title="bbox 2204 2136 3743 2211">
    <p class='ocr_par' dir='ltr' id='par_1_51' title="bbox 2204 2136 3743 2211">
     <span class='ocr_line' id='line_1_51' title="bbox 2204 2136 3743 2211; baseline -0.003 -17"><span class='ocrx_word' id='word_1_361' title='bbox 2204 2140 2385 2211; x_wconf 87' lang='lat' dir='ltr'><strong>largos</strong></span> <span class='ocrx_word' id='word_1_362' title='bbox 2402 2139 2663 2203; x_wconf 90' lang='lat' dir='ltr'><strong>redditus,</strong></span> <span class='ocrx_word' id='word_1_363' title='bbox 2687 2154 2821 2208; x_wconf 92' lang='lat' dir='ltr'><strong>quos</strong></span> <span class='ocrx_word' id='word_1_364' title='bbox 2846 2138 3391 2202; x_wconf 85' lang='lat' dir='ltr'><strong>donabam,&#39;renuens</strong></span> <span class='ocrx_word' id='word_1_365' title='bbox 3412 2136 3519 2201; x_wconf 88' lang='lat' dir='ltr'><strong>ille,</strong></span> <span class='ocrx_word' id='word_1_366' title='bbox 3545 2137 3743 2205; x_wconf 71' lang='lat' dir='ltr'><strong>recipere</strong></span> 
     </span>
    </p>
   </div>
   <div class='ocr_carea' id='block_1_52' title="bbox 2207 2228 3741 2299">
    <p class='ocr_par' dir='ltr' id='par_1_52' title="bbox 2207 2228 3741 2299">
     <span class='ocr_line' id='line_1_52' title="bbox 2207 2228 3741 2299; baseline -0.003 -16"><span class='ocrx_word' id='word_1_367' title='bbox 2207 2229 2348 2284; x_wconf 85' lang='lat' dir='ltr'><strong>nolle</strong></span> <span class='ocrx_word' id='word_1_368' title='bbox 2374 2229 2609 2293; x_wconf 88' lang='lat' dir='ltr'><strong>dicebat,</strong></span> <span class='ocrx_word' id='word_1_369' title='bbox 2632 2231 2774 2299; x_wconf 76' lang='lat' dir='ltr'><strong>quod</strong></span> <span class='ocrx_word' id='word_1_370' title='bbox 2808 2230 2873 2283; x_wconf 91' lang='lat' dir='ltr'><strong>ad</strong></span> <span class='ocrx_word' id='word_1_371' title='bbox 2899 2231 2999 2283; x_wconf 88' lang='lat' dir='ltr'><strong>hoc</strong></span> <span class='ocrx_word' id='word_1_372' title='bbox 3026 2228 3251 2283; x_wconf 91' lang='lat' dir='ltr'><strong>domum</strong></span> <span class='ocrx_word' id='word_1_373' title='bbox 3279 2230 3359 2283; x_wconf 90' lang='lat' dir='ltr'><strong>sui</strong></span> <span class='ocrx_word' id='word_1_374' title='bbox 3388 2228 3552 2298; x_wconf 90' lang='lat' dir='ltr'><strong>patris</strong></span> <span class='ocrx_word' id='word_1_375' title='bbox 3578 2244 3741 2281; x_wconf 30' lang='lat' dir='ltr'><strong>meant.</strong></span> 
     </span>
    </p>
   </div>
   <div class='ocr_carea' id='block_1_53' title="bbox 2206 2317 3746 2389">
    <p class='ocr_par' dir='ltr' id='par_1_53' title="bbox 2206 2317 3746 2389">
     <span class='ocr_line' id='line_1_53' title="bbox 2206 2317 3746 2389; baseline -0.002 -17"><span class='ocrx_word' id='word_1_376' title='bbox 2206 2333 2316 2389; x_wconf 89' lang='lat' dir='ltr'><strong>que</strong></span> <span class='ocrx_word' id='word_1_377' title='bbox 2355 2319 2657 2385; x_wconf 87' lang='lat' dir='ltr'><strong>dimiserat,</strong></span> <span class='ocrx_word' id='word_1_378' title='bbox 2703 2328 2760 2373; x_wconf 88' lang='lat' dir='ltr'><strong>ut</strong></span> <span class='ocrx_word' id='word_1_379' title='bbox 2788 2320 3012 2373; x_wconf 90' lang='lat' dir='ltr'><strong>omnino</strong></span> <span class='ocrx_word' id='word_1_380' title='bbox 3051 2320 3118 2373; x_wconf 88' lang='lat' dir='ltr'><strong>de</strong></span> <span class='ocrx_word' id='word_1_381' title='bbox 3160 2320 3327 2373; x_wconf 89' lang='lat' dir='ltr'><strong>rebus</strong></span> <span class='ocrx_word' id='word_1_382' title='bbox 3355 2318 3616 2371; x_wconf 65' lang='lat' dir='ltr'><strong>extraneis</strong></span> <span class='ocrx_word' id='word_1_383' title='bbox 3640 2317 3746 2370; x_wconf 87' lang='lat' dir='ltr'><strong>liber</strong></span> 
     </span>
    </p>
   </div>
   <div class='ocr_carea' id='block_1_54' title="bbox 2208 2410 3745 2467">
    <p class='ocr_par' dir='ltr' id='par_1_54' title="bbox 2208 2410 3745 2467">
     <span class='ocr_line' id='line_1_54' title="bbox 2208 2410 3745 2467; baseline -0.003 -3"><span class='ocrx_word' id='word_1_384' title='bbox 2208 2410 2508 2467; x_wconf 88' lang='lat' dir='ltr'><strong>deserviret</strong></span> <span class='ocrx_word' id='word_1_385' title='bbox 2538 2410 2647 2466; x_wconf 91' lang='lat' dir='ltr'><strong>Deo</strong></span> <span class='ocrx_word' id='word_1_386' title='bbox 2678 2421 2885 2465; x_wconf 93' lang='lat' dir='ltr'><strong>nostro.</strong></span> <span class='ocrx_word' id='word_1_387' title='bbox 2913 2411 3011 2465; x_wconf 86' lang='lat' dir='ltr'><strong>Hic</strong></span> <span class='ocrx_word' id='word_1_388' title='bbox 3041 2410 3221 2465; x_wconf 87' lang='lat' dir='ltr'><strong>fuerat</strong></span> <span class='ocrx_word' id='word_1_389' title='bbox 3252 2412 3303 2465; x_wconf 94' lang='lat' dir='ltr'><strong>in</strong></span> <span class='ocrx_word' id='word_1_390' title='bbox 3337 2420 3447 2465; x_wconf 89' lang='lat' dir='ltr'><strong>tnta</strong></span> <span class='ocrx_word' id='word_1_391' title='bbox 3479 2413 3624 2464; x_wconf 89' lang='lat' dir='ltr'><strong>domo</strong></span> <span class='ocrx_word' id='word_1_392' title='bbox 3652 2425 3745 2462; x_wconf 84' lang='lat' dir='ltr'><strong>mea</strong></span> 
     </span>
    </p>
   </div>
   <div class='ocr_carea' id='block_1_55' title="bbox 2210 2504 3748 2576">
    <p class='ocr_par' dir='ltr' id='par_1_55' title="bbox 2210 2504 3748 2576">
     <span class='ocr_line' id='line_1_55' title="bbox 2210 2504 3748 2576; baseline -0.003 -16"><span class='ocrx_word' id='word_1_393' title='bbox 2210 2506 2366 2576; x_wconf 88' lang='lat' dir='ltr'><strong>quasi</strong></span> <span class='ocrx_word' id='word_1_394' title='bbox 2403 2506 2610 2576; x_wconf 90' lang='lat' dir='ltr'><strong>primus</strong></span> <span class='ocrx_word' id='word_1_395' title='bbox 2647 2514 2702 2559; x_wconf 89' lang='lat' dir='ltr'><strong>et</strong></span> <span class='ocrx_word' id='word_1_396' title='bbox 2739 2521 2965 2575; x_wconf 85' lang='lat' dir='ltr'><strong>magnus</strong></span> <span class='ocrx_word' id='word_1_397' title='bbox 2996 2504 3165 2575; x_wconf 72' lang='lat' dir='ltr'><strong>(H2).</strong></span> <span class='ocrx_word' id='word_1_398' title='bbox 3217 2504 3457 2560; x_wconf 91' lang='lat' dir='ltr'><strong>Tandem</strong></span> <span class='ocrx_word' id='word_1_399' title='bbox 3502 2505 3584 2558; x_wconf 78' lang='lat' dir='ltr'><strong>vix</strong></span> <span class='ocrx_word' id='word_1_400' title='bbox 3614 2505 3670 2557; x_wconf 85' lang='lat' dir='ltr'><strong>ab</strong></span> <span class='ocrx_word' id='word_1_401' title='bbox 3699 2518 3748 2555; x_wconf 88' lang='lat' dir='ltr'><strong>eo</strong></span> 
     </span>
    </p>
   </div>
   <div class='ocr_carea' id='block_1_56' title="bbox 2214 2594 3748 2668">
    <p class='ocr_par' dir='ltr' id='par_1_56' title="bbox 2214 2594 3748 2668">
     <span class='ocr_line' id='line_1_56' title="bbox 2214 2594 3748 2668; baseline -0.005 -14"><span class='ocrx_word' id='word_1_402' title='bbox 2214 2598 2508 2668; x_wconf 89' lang='lat' dir='ltr'><strong>impetrare</strong></span> <span class='ocrx_word' id='word_1_403' title='bbox 2537 2598 2706 2667; x_wconf 93' lang='lat' dir='ltr'><strong>potui,</strong></span> <span class='ocrx_word' id='word_1_404' title='bbox 2737 2606 2795 2651; x_wconf 91' lang='lat' dir='ltr'><strong>ut</strong></span> <span class='ocrx_word' id='word_1_405' title='bbox 2827 2597 2999 2667; x_wconf 89' lang='lat' dir='ltr'><strong>gratis</strong></span> <span class='ocrx_word' id='word_1_406' title='bbox 3035 2594 3410 2667; x_wconf 80' lang='lat' dir='ltr'><strong>acquiesceret</strong></span> <span class='ocrx_word' id='word_1_407' title='bbox 3438 2610 3634 2651; x_wconf 89' lang='lat' dir='ltr'><strong>sumere</strong></span> <span class='ocrx_word' id='word_1_408' title='bbox 3660 2608 3748 2648; x_wconf 83' lang='lat' dir='ltr'><strong>mo—</strong></span> 
     </span>
    </p>
   </div>
   <div class='ocr_carea' id='block_1_57' title="bbox 2214 2688 2842 2744">
    <p class='ocr_par' dir='ltr' id='par_1_57' title="bbox 2214 2688 2842 2744">
     <span class='ocr_line' id='line_1_57' title="bbox 2214 2688 2842 2744; baseline -0.002 0"><span class='ocrx_word' id='word_1_409' title='bbox 2214 2688 2394 2744; x_wconf 89' lang='lat' dir='ltr'><strong>dicum</strong></span> <span class='ocrx_word' id='word_1_410' title='bbox 2423 2704 2618 2743; x_wconf 91' lang='lat' dir='ltr'><strong>munus</strong></span> <span class='ocrx_word' id='word_1_411' title='bbox 2644 2704 2842 2744; x_wconf 85' lang='lat' dir='ltr'><strong>meum.</strong></span> 
     </span>
    </p>
   </div>
   <div class='ocr_carea' id='block_1_58' title="bbox 2285 2777 3754 2847">
    <p class='ocr_par' dir='ltr' id='par_1_58' title="bbox 2285 2777 3754 2847">
     <span class='ocr_line' id='line_1_58' title="bbox 2285 2777 3754 2847; baseline -0.002 -14"><span class='ocrx_word' id='word_1_412' title='bbox 2285 2780 2375 2835; x_wconf 77' lang='lat'><strong>58.</strong></span> <span class='ocrx_word' id='word_1_413' title='bbox 2424 2780 2625 2835; x_wconf 90' lang='lat' dir='ltr'><strong>Donavi</strong></span> <span class='ocrx_word' id='word_1_414' title='bbox 2677 2781 2820 2834; x_wconf 89' lang='lat' dir='ltr'><strong>enim</strong></span> <span class='ocrx_word' id='word_1_415' title='bbox 2869 2779 3045 2835; x_wconf 88' lang='lat' dir='ltr'><strong>eidem</strong></span> <span class='ocrx_word' id='word_1_416' title='bbox 3096 2778 3245 2834; x_wconf 85' lang='lat' dir='ltr'><strong>Patri</strong></span> <span class='ocrx_word' id='word_1_417' title='bbox 3296 2778 3532 2833; x_wconf 85' lang='lat' dir='ltr'><strong>Brunoni</strong></span> <span class='ocrx_word' id='word_1_418' title='bbox 3573 2777 3754 2847; x_wconf 82' lang='lat' dir='ltr'><strong>ejusque</strong></span> 
     </span>
    </p>
   </div>
   <div class='ocr_carea' id='block_1_59' title="bbox 2218 2869 3755 2940">
    <p class='ocr_par' dir='ltr' id='par_1_59' title="bbox 2218 2869 3755 2940">
     <span class='ocr_line' id='line_1_59' title="bbox 2218 2869 3755 2940; baseline -0.002 -16"><span class='ocrx_word' id='word_1_419' title='bbox 2218 2869 2620 2925; x_wconf 73' lang='lat' dir='ltr'><strong>succe.~soribus</strong></span> <span class='ocrx_word' id='word_1_420' title='bbox 2647 2870 2712 2923; x_wconf 93' lang='lat' dir='ltr'><strong>ad</strong></span> <span class='ocrx_word' id='word_1_421' title='bbox 2758 2871 3067 2925; x_wconf 83' lang='lat' dir='ltr'><strong>habendum</strong></span> <span class='ocrx_word' id='word_1_422' title='bbox 3118 2871 3169 2924; x_wconf 92' lang='lat' dir='ltr'><strong>in</strong></span> <span class='ocrx_word' id='word_1_423' title='bbox 3210 2880 3553 2940; x_wconf 90' lang='lat' dir='ltr'><strong>perpetuum,</strong></span> <span class='ocrx_word' id='word_1_424' title='bbox 3590 2870 3755 2937; x_wconf 82' lang='lat' dir='ltr'><strong>absque</strong></span> 
     </span>
    </p>
   </div>
   <div class='ocr_carea' id='block_1_60' title="bbox 2219 2960 3754 3030">
    <p class='ocr_par' dir='ltr' id='par_1_60' title="bbox 2219 2960 3754 3030">
     <span class='ocr_line' id='line_1_60' title="bbox 2219 2960 3754 3030; baseline -0.005 -15"><span class='ocrx_word' id='word_1_425' title='bbox 2219 2960 2502 3030; x_wconf 91' lang='lat' dir='ltr'><strong>temporali</strong></span> <span class='ocrx_word' id='word_1_426' title='bbox 2542 2961 2764 3015; x_wconf 89' lang='lat' dir='ltr'><strong>servitio</strong></span> <span class='ocrx_word' id='word_1_427' title='bbox 2805 2961 3194 3017; x_wconf 86' lang='lat' dir='ltr'><strong>monasterium</strong></span> <span class='ocrx_word' id='word_1_428' title='bbox 3223 2960 3415 3017; x_wconf 76' lang='lat' dir='ltr'><strong>Sancti</strong></span> <span class='ocrx_word' id='word_1_429' title='bbox 3455 2960 3625 3015; x_wconf 84' lang='lat' dir='ltr'><strong>Jacobi</strong></span> <span class='ocrx_word' id='word_1_430' title='bbox 3660 2974 3754 3013; x_wconf 87' lang='lat' dir='ltr'><strong>cum</strong></span> 
     </span>
    </p>
   </div>
   <div class='ocr_carea' id='block_1_61' title="bbox 535 3049 3756 3151">
    <p class='ocr_par' dir='ltr' id='par_1_61' title="bbox 535 3049 3756 3151">
     <span class='ocr_line' id='line_1_61' title="bbox 535 3049 3756 3151; baseline 0 -40"><span class='ocrx_word' id='word_1_431' title='bbox 535 3068 739 3128; x_wconf 86' lang='lat' dir='ltr'><strong>quanto</strong></span> <span class='ocrx_word' id='word_1_432' title='bbox 770 3060 943 3113; x_wconf 90' lang='lat' dir='ltr'><strong>noctis</strong></span> <span class='ocrx_word' id='word_1_433' title='bbox 990 3057 1187 3127; x_wconf 88' lang='lat' dir='ltr'><strong>spatio,</strong></span> <span class='ocrx_word' id='word_1_434' title='bbox 1219 3056 1391 3110; x_wconf 90' lang='lat' dir='ltr'><strong>astitit</strong></span> <span class='ocrx_word' id='word_1_435' title='bbox 1434 3055 1593 3110; x_wconf 87' lang='lat' dir='ltr'><strong>cubili</strong></span> <span class='ocrx_word' id='word_1_436' title='bbox 1636 3071 1758 3112; x_wconf 92' lang='lat' dir='ltr'><strong>meo</strong></span> <span class='ocrx_word' id='word_1_437' title='bbox 1781 3058 2000 3128; x_wconf 90' lang='lat' dir='ltr'><strong>quidam</strong></span> <span class='ocrx_word' id='word_1_438' title='bbox 2030 3073 2117 3113; x_wconf 89' lang='lat' dir='ltr'><strong>se-</strong></span> <span class='ocrx_word' id='word_1_439' title='bbox 2145 3094 2187 3151; x_wconf 65' lang='grc' dir='ltr'>ϐ</span> <span class='ocrx_word' id='word_1_440' title='bbox 2219 3061 2419 3116; x_wconf 89' lang='lat' dir='ltr'><strong>castro,</strong></span> <span class='ocrx_word' id='word_1_441' title='bbox 2467 3061 2522 3106; x_wconf 89' lang='lat' dir='ltr'><strong>et</strong></span> <span class='ocrx_word' id='word_1_442' title='bbox 2566 3053 2873 3121; x_wconf 87' lang='lat' dir='ltr'><strong>complures</strong></span> <span class='ocrx_word' id='word_1_443' title='bbox 2919 3068 3028 3115; x_wconf 90' lang='lat' dir='ltr'><strong>res,</strong></span> <span class='ocrx_word' id='word_1_444' title='bbox 3071 3052 3460 3122; x_wconf 88' lang='lat' dir='ltr'><strong>compluraque</strong></span> <span class='ocrx_word' id='word_1_445' title='bbox 3494 3053 3621 3107; x_wconf 79' lang='lat' dir='ltr'><strong>b0tta</strong></span> <span class='ocrx_word' id='word_1_446' title='bbox 3656 3049 3756 3111; x_wconf 65' lang='lat' dir='ltr'><strong>alia.</strong></span> 
     </span>
    </p>
   </div>
   <div class='ocr_carea' id='block_1_62' title="bbox 537 3146 2118 3213">
    <p class='ocr_par' dir='ltr' id='par_1_62' title="bbox 537 3146 2118 3213">
     <span class='ocr_line' id='line_1_62' title="bbox 537 3146 2118 3213; baseline 0 -10"><span class='ocrx_word' id='word_1_447' title='bbox 537 3164 641 3203; x_wconf 80' lang='lat' dir='ltr'><strong>nex</strong></span> <span class='ocrx_word' id='word_1_448' title='bbox 673 3149 950 3204; x_wconf 88' lang='lat' dir='ltr'><strong>revercndi</strong></span> <span class='ocrx_word' id='word_1_449' title='bbox 985 3148 1185 3213; x_wconf 89' lang='lat' dir='ltr'><strong>vultus,</strong></span> <span class='ocrx_word' id='word_1_450' title='bbox 1213 3147 1454 3201; x_wconf 88' lang='lat' dir='ltr'><strong>vestibus</strong></span> <span class='ocrx_word' id='word_1_451' title='bbox 1506 3146 1695 3201; x_wconf 89' lang='lat' dir='ltr'><strong>scissis</strong></span> <span class='ocrx_word' id='word_1_452' title='bbox 1724 3187 1738 3211; x_wconf 84' lang='lat'><strong>,</strong></span> <span class='ocrx_word' id='word_1_453' title='bbox 1790 3164 1895 3202; x_wconf 90' lang='lat' dir='ltr'><strong>non</strong></span> <span class='ocrx_word' id='word_1_454' title='bbox 1935 3148 2118 3203; x_wconf 88' lang='lat' dir='ltr'><strong>valens</strong></span> 
     </span>
    </p>
   </div>
   <div class='ocr_carea' id='block_1_63' title="bbox 541 3237 2115 3311">
    <p class='ocr_par' dir='ltr' id='par_1_63' title="bbox 541 3237 2115 3311">
     <span class='ocr_line' id='line_1_63' title="bbox 541 3237 2115 3311; baseline 0 -18"><span class='ocrx_word' id='word_1_455' title='bbox 541 3242 806 3311; x_wconf 84' lang='lat' dir='ltr'><strong>laerymas</strong></span> <span class='ocrx_word' id='word_1_456' title='bbox 852 3241 1157 3293; x_wconf 89' lang='lat' dir='ltr'><strong>continere.</strong></span> <span class='ocrx_word' id='word_1_457' title='bbox 1215 3237 1313 3292; x_wconf 90' lang='lat' dir='ltr'><strong>Cui</strong></span> <span class='ocrx_word' id='word_1_458' title='bbox 1362 3253 1485 3291; x_wconf 90' lang='lat' dir='ltr'><strong>cmn</strong></span> <span class='ocrx_word' id='word_1_459' title='bbox 1540 3237 1592 3290; x_wconf 90' lang='lat' dir='ltr'><strong>in</strong></span> <span class='ocrx_word' id='word_1_460' title='bbox 1647 3238 1765 3291; x_wconf 88' lang='lat' dir='ltr'><strong>visu</strong></span> <span class='ocrx_word' id='word_1_461' title='bbox 1828 3239 2115 3293; x_wconf 88' lang='lat' dir='ltr'><strong>dicerem:</strong></span> 
     </span>
    </p>
   </div>
   <div class='ocr_carea' id='block_1_64' title="bbox 540 3329 2121 3402">
    <p class='ocr_par' dir='ltr' id='par_1_64' title="bbox 540 3329 2121 3402">
     <span class='ocr_line' id='line_1_64' title="bbox 540 3329 2121 3402; baseline 0.002 -18"><span class='ocrx_word' id='word_1_462' title='bbox 540 3334 671 3401; x_wconf 72' lang='lat' dir='ltr'><strong>Qua:</strong></span> <span class='ocrx_word' id='word_1_463' title='bbox 717 3350 876 3387; x_wconf 86' lang='lat' dir='ltr'><strong>causa</strong></span> <span class='ocrx_word' id='word_1_464' title='bbox 927 3330 1205 3402; x_wconf 81' lang='lat' dir='ltr'><strong>ploratus?</strong></span> <span class='ocrx_word' id='word_1_465' title='bbox 1254 3329 1345 3385; x_wconf 86' lang='lat' dir='ltr'><strong>Sic</strong></span> <span class='ocrx_word' id='word_1_466' title='bbox 1395 3331 1513 3384; x_wconf 90' lang='lat' dir='ltr'><strong>ait:</strong></span> <span class='ocrx_word' id='word_1_467' title='bbox 1547 3330 1675 3385; x_wconf 90' lang='lat' dir='ltr'><strong>Fleo</strong></span> <span class='ocrx_word' id='word_1_468' title='bbox 1725 3332 1936 3387; x_wconf 89' lang='lat' dir='ltr'><strong>animas</strong></span> <span class='ocrx_word' id='word_1_469' title='bbox 1969 3332 2121 3387; x_wconf 86' lang='lat' dir='ltr'><strong>Chri-</strong></span> 
     </span>
    </p>
   </div>
   <div class='ocr_carea' id='block_1_65' title="bbox 476 3420 2123 3493">
    <p class='ocr_par' dir='ltr' id='par_1_65' title="bbox 476 3420 2123 3493">
     <span class='ocr_line' id='line_1_65' title="bbox 476 3420 2123 3493; baseline 0 -15"><span class='ocrx_word' id='word_1_470' title='bbox 476 3482 485 3491; x_wconf 32' lang='lat'><em>.</em></span> <span class='ocrx_word' id='word_1_471' title='bbox 542 3424 866 3486; x_wconf 78' lang='lat' dir='ltr'><strong>Stianorum,</strong></span> <span class='ocrx_word' id='word_1_472' title='bbox 901 3434 1058 3493; x_wconf 87' lang='lat' dir='ltr'><strong>teque</strong></span> <span class='ocrx_word' id='word_1_473' title='bbox 1079 3437 1201 3476; x_wconf 93' lang='lat' dir='ltr'><strong>cum</strong></span> <span class='ocrx_word' id='word_1_474' title='bbox 1244 3421 1347 3475; x_wconf 93' lang='lat' dir='ltr'><strong>illis</strong></span> <span class='ocrx_word' id='word_1_475' title='bbox 1370 3420 1549 3475; x_wconf 91' lang='lat' dir='ltr'><strong>simul.</strong></span> <span class='ocrx_word' id='word_1_476' title='bbox 1580 3421 1822 3492; x_wconf 78' lang='lat' dir='ltr'><strong>Exsurge</strong></span> <span class='ocrx_word' id='word_1_477' title='bbox 1846 3425 2123 3493; x_wconf 86' lang='lat' dir='ltr'><strong>quampri-</strong></span> 
     </span>
    </p>
   </div>
   <div class='ocr_carea' id='block_1_66' title="bbox 542 3512 2124 3581">
    <p class='ocr_par' dir='ltr' id='par_1_66' title="bbox 542 3512 2124 3581">
     <span class='ocr_line' id='line_1_66' title="bbox 542 3512 2124 3581; baseline 0.003 -13"><span class='ocrx_word' id='word_1_478' title='bbox 542 3530 713 3577; x_wconf 88' lang='lat' dir='ltr'><strong>mum,</strong></span> <span class='ocrx_word' id='word_1_479' title='bbox 744 3528 897 3568; x_wconf 91' lang='lat' dir='ltr'><strong>sume</strong></span> <span class='ocrx_word' id='word_1_480' title='bbox 926 3529 1101 3578; x_wconf 91' lang='lat' dir='ltr'><strong>arma,</strong></span> <span class='ocrx_word' id='word_1_481' title='bbox 1131 3513 1175 3565; x_wconf 93' lang='lat' dir='ltr'><strong>si</strong></span> <span class='ocrx_word' id='word_1_482' title='bbox 1204 3512 1420 3567; x_wconf 91' lang='lat' dir='ltr'><strong>liberari</strong></span> <span class='ocrx_word' id='word_1_483' title='bbox 1470 3514 1612 3567; x_wconf 92' lang='lat' dir='ltr'><strong>Deus</strong></span> <span class='ocrx_word' id='word_1_484' title='bbox 1639 3515 1967 3581; x_wconf 85' lang='lat' dir='ltr'><strong>permiserit,</strong></span> <span class='ocrx_word' id='word_1_485' title='bbox 2004 3525 2124 3572; x_wconf 86' lang='lat' dir='ltr'><strong>tuo-</strong></span> 
     </span>
    </p>
   </div>
   <div class='ocr_carea' id='block_1_67' title="bbox 549 3604 2122 3675">
    <p class='ocr_par' dir='ltr' id='par_1_67' title="bbox 549 3604 2122 3675">
     <span class='ocr_line' id='line_1_67' title="bbox 549 3604 2122 3675; baseline 0.003 -16"><span class='ocrx_word' id='word_1_486' title='bbox 549 3620 779 3675; x_wconf 86' lang='lat' dir='ltr'><strong>rumque</strong></span> <span class='ocrx_word' id='word_1_487' title='bbox 805 3605 1017 3657; x_wconf 87' lang='lat' dir='ltr'><strong>animas</strong></span> <span class='ocrx_word' id='word_1_488' title='bbox 1049 3613 1437 3673; x_wconf 84' lang='lat' dir='ltr'><strong>pugnatorum.</strong></span> <span class='ocrx_word' id='word_1_489' title='bbox 1486 3604 1584 3658; x_wconf 82' lang='lat' dir='ltr'><strong>llic</strong></span> <span class='ocrx_word' id='word_1_490' title='bbox 1628 3605 1756 3659; x_wconf 88' lang='lat' dir='ltr'><strong>mihi</strong></span> <span class='ocrx_word' id='word_1_491' title='bbox 1806 3621 1902 3675; x_wconf 86' lang='lat' dir='ltr'><strong>per</strong></span> <span class='ocrx_word' id='word_1_492' title='bbox 1950 3617 2122 3662; x_wconf 88' lang='lat' dir='ltr'><strong>totum</strong></span> 
     </span>
    </p>
   </div>
   <div class='ocr_carea' id='block_1_68' title="bbox 544 3695 2125 3765">
    <p class='ocr_par' dir='ltr' id='par_1_68' title="bbox 544 3695 2125 3765">
     <span class='ocr_line' id='line_1_68' title="bbox 544 3695 2125 3765; baseline 0.004 -18"><span class='ocrx_word' id='word_1_493' title='bbox 544 3696 849 3761; x_wconf 80' lang='lat' dir='ltr'><strong>videbatur,</strong></span> <span class='ocrx_word' id='word_1_494' title='bbox 905 3695 1070 3750; x_wconf 86' lang='lat' dir='ltr'><strong>veluti</strong></span> <span class='ocrx_word' id='word_1_495' title='bbox 1114 3695 1159 3748; x_wconf 92' lang='lat' dir='ltr'><strong>si</strong></span> <span class='ocrx_word' id='word_1_496' title='bbox 1219 3704 1356 3749; x_wconf 89' lang='lat' dir='ltr'><strong>esset</strong></span> <span class='ocrx_word' id='word_1_497' title='bbox 1408 3710 1505 3765; x_wconf 89' lang='lat' dir='ltr'><strong>per</strong></span> <span class='ocrx_word' id='word_1_498' title='bbox 1559 3695 1741 3750; x_wconf 87' lang='lat' dir='ltr'><strong>oumia</strong></span> <span class='ocrx_word' id='word_1_499' title='bbox 1800 3699 2125 3754; x_wconf 83' lang='lat' dir='ltr'><strong>venerabilis</strong></span> 
     </span>
    </p>
   </div>
   <div class='ocr_carea' id='block_1_69' title="bbox 547 3786 2125 3859">
    <p class='ocr_par' dir='ltr' id='par_1_69' title="bbox 547 3786 2125 3859">
     <span class='ocr_line' id='line_1_69' title="bbox 547 3786 2125 3859; baseline 0.002 -17"><span class='ocrx_word' id='word_1_500' title='bbox 547 3787 708 3842; x_wconf 85' lang='lat' dir='ltr'><strong>Pater</strong></span> <span class='ocrx_word' id='word_1_501' title='bbox 732 3788 931 3841; x_wconf 89' lang='lat' dir='ltr'><strong>Bruno.</strong></span> <span class='ocrx_word' id='word_1_502' title='bbox 964 3786 1382 3857; x_wconf 82' lang='lat' dir='ltr'><strong>Expergefactus</strong></span> <span class='ocrx_word' id='word_1_503' title='bbox 1401 3802 1518 3841; x_wconf 91' lang='lat' dir='ltr'><strong>sum</strong></span> <span class='ocrx_word' id='word_1_504' title='bbox 1546 3802 1667 3841; x_wconf 93' lang='lat' dir='ltr'><strong>cum</strong></span> <span class='ocrx_word' id='word_1_505' title='bbox 1705 3797 1912 3843; x_wconf 88' lang='lat' dir='ltr'><strong>terrore</strong></span> <span class='ocrx_word' id='word_1_506' title='bbox 1936 3791 2125 3859; x_wconf 84' lang='lat' dir='ltr'><strong>grandi</strong></span> 
     </span>
    </p>
   </div>
   <div class='ocr_carea' id='block_1_70' title="bbox 547 3877 2127 3949">
    <p class='ocr_par' dir='ltr' id='par_1_70' title="bbox 547 3877 2127 3949">
     <span class='ocr_line' id='line_1_70' title="bbox 547 3877 2127 3949; baseline 0.003 -18"><span class='ocrx_word' id='word_1_507' title='bbox 547 3879 858 3948; x_wconf 88' lang='lat' dir='ltr'><strong>provisione</strong></span> <span class='ocrx_word' id='word_1_508' title='bbox 885 3892 1207 3948; x_wconf 87' lang='lat' dir='ltr'><strong>pavescens.</strong></span> <span class='ocrx_word' id='word_1_509' title='bbox 1244 3877 1387 3932; x_wconf 90' lang='lat' dir='ltr'><strong>lllico</strong></span> <span class='ocrx_word' id='word_1_510' title='bbox 1416 3879 1617 3949; x_wconf 91' lang='lat' dir='ltr'><strong>sumpsi</strong></span> <span class='ocrx_word' id='word_1_511' title='bbox 1644 3895 1795 3934; x_wconf 91' lang='lat' dir='ltr'><strong>arma</strong></span> <span class='ocrx_word' id='word_1_512' title='bbox 1817 3922 1831 3947; x_wconf 92' lang='lat'><strong>,</strong></span> <span class='ocrx_word' id='word_1_513' title='bbox 1882 3882 2127 3937; x_wconf 87' lang='lat' dir='ltr'><strong>clamans</strong></span> 
     </span>
    </p>
   </div>
   <div class='ocr_carea' id='block_1_71' title="bbox 550 3971 2122 4042">
    <p class='ocr_par' dir='ltr' id='par_1_71' title="bbox 550 3971 2122 4042">
     <span class='ocr_line' id='line_1_71' title="bbox 550 3971 2122 4042; baseline 0 -15"><span class='ocrx_word' id='word_1_514' title='bbox 550 3971 831 4038; x_wconf 86' lang='lat' dir='ltr'><strong>militibus,</strong></span> <span class='ocrx_word' id='word_1_515' title='bbox 867 3980 923 4025; x_wconf 90' lang='lat' dir='ltr'><strong>ut</strong></span> <span class='ocrx_word' id='word_1_516' title='bbox 948 3971 1137 4024; x_wconf 88' lang='lat' dir='ltr'><strong>armati</strong></span> <span class='ocrx_word' id='word_1_517' title='bbox 1167 3984 1336 4039; x_wconf 88' lang='lat' dir='ltr'><strong>equos</strong></span> <span class='ocrx_word' id='word_1_518' title='bbox 1361 3971 1809 4039; x_wconf 88' lang='lat' dir='ltr'><strong>conscenderent,</strong></span> <span class='ocrx_word' id='word_1_519' title='bbox 1841 3974 2122 4042; x_wconf 83' lang='lat' dir='ltr'><strong>visionem,</strong></span> 
     </span>
    </p>
   </div>
   <div class='ocr_carea' id='block_1_72' title="bbox 624 4147 2128 4222">
    <p class='ocr_par' dir='ltr' id='par_1_72' title="bbox 624 4147 2128 4222">
     <span class='ocr_line' id='line_1_72' title="bbox 624 4147 2128 4222; baseline 0.003 -18"><span class='ocrx_word' id='word_1_520' title='bbox 624 4150 771 4222; x_wconf 74' lang='grc'><strong>(137)</strong></span> <span class='ocrx_word' id='word_1_521' title='bbox 810 4149 941 4217; x_wconf 69' lang='lat' dir='ltr'><strong>Qum</strong></span> <span class='ocrx_word' id='word_1_522' title='bbox 975 4148 1066 4203; x_wconf 93' lang='lat' dir='ltr'><strong>hic</strong></span> <span class='ocrx_word' id='word_1_523' title='bbox 1103 4147 1167 4202; x_wconf 89' lang='lat' dir='ltr'><strong>de</strong></span> <span class='ocrx_word' id='word_1_524' title='bbox 1193 4147 1410 4203; x_wconf 91' lang='lat' dir='ltr'><strong>comitis</strong></span> <span class='ocrx_word' id='word_1_525' title='bbox 1453 4148 1672 4220; x_wconf 72' lang='lat' dir='ltr'><strong>ltogerii</strong></span> <span class='ocrx_word' id='word_1_526' title='bbox 1714 4166 1842 4219; x_wconf 87' lang='lat' dir='ltr'><strong>erga</strong></span> <span class='ocrx_word' id='word_1_527' title='bbox 1885 4153 1940 4208; x_wconf 90' lang='lat' dir='ltr'><strong>S.</strong></span> <span class='ocrx_word' id='word_1_528' title='bbox 1991 4154 2128 4209; x_wconf 89' lang='lat' dir='ltr'><strong>Bru-</strong></span> 
     </span>
    </p>
   </div>
   <div class='ocr_carea' id='block_1_73' title="bbox 552 4230 2127 4291">
    <p class='ocr_par' dir='ltr' id='par_1_73' title="bbox 552 4230 2127 4291">
     <span class='ocr_line' id='line_1_73' title="bbox 552 4230 2127 4291; baseline 0 -13"><span class='ocrx_word' id='word_1_529' title='bbox 552 4238 749 4278; x_wconf 84' lang='lat' dir='ltr'><strong>nouem</strong></span> <span class='ocrx_word' id='word_1_530' title='bbox 779 4230 1126 4274; x_wconf 79' lang='lat' dir='ltr'><strong>veneratione</strong></span> <span class='ocrx_word' id='word_1_531' title='bbox 1156 4234 1364 4272; x_wconf 70' lang='lat' dir='ltr'><strong>SUIlllllu</strong></span> <span class='ocrx_word' id='word_1_532' title='bbox 1393 4235 1456 4273; x_wconf 91' lang='lat' dir='ltr'><strong>ac</strong></span> <span class='ocrx_word' id='word_1_533' title='bbox 1497 4235 1683 4276; x_wconf 87' lang='lat' dir='ltr'><strong>amore</strong></span> <span class='ocrx_word' id='word_1_534' title='bbox 1725 4237 2127 4291; x_wconf 67' lang='lat' dir='ltr'><strong>lllClllOl‘alllUl&#39;,</strong></span> 
     </span>
    </p>
   </div>
   <div class='ocr_carea' id='block_1_74' title="bbox 553 4292 2134 4365">
    <p class='ocr_par' dir='ltr' id='par_1_74' title="bbox 553 4292 2134 4365">
     <span class='ocr_line' id='line_1_74' title="bbox 553 4292 2134 4365; baseline 0.003 -20"><span class='ocrx_word' id='word_1_535' title='bbox 553 4293 768 4347; x_wconf 84' lang='lat' dir='ltr'><strong>veritati</strong></span> <span class='ocrx_word' id='word_1_536' title='bbox 805 4308 936 4346; x_wconf 87' lang='lat' dir='ltr'><strong>sane</strong></span> <span class='ocrx_word' id='word_1_537' title='bbox 972 4293 1214 4359; x_wconf 86' lang='lat' dir='ltr'><strong>apprime</strong></span> <span class='ocrx_word' id='word_1_538' title='bbox 1260 4301 1589 4365; x_wconf 77' lang='lat' dir='ltr'><strong>consonant,</strong></span> <span class='ocrx_word' id='word_1_539' title='bbox 1619 4292 1692 4344; x_wconf 91' lang='lat' dir='ltr'><strong>uti</strong></span> <span class='ocrx_word' id='word_1_540' title='bbox 1743 4293 1957 4349; x_wconf 89' lang='lat' dir='ltr'><strong>abunde</strong></span> <span class='ocrx_word' id='word_1_541' title='bbox 2007 4311 2134 4365; x_wconf 91' lang='lat' dir='ltr'><strong>pro-</strong></span> 
     </span>
    </p>
   </div>
   <div class='ocr_carea' id='block_1_75' title="bbox 553 4362 2132 4444">
    <p class='ocr_par' dir='ltr' id='par_1_75' title="bbox 553 4362 2132 4444">
     <span class='ocr_line' id='line_1_75' title="bbox 553 4362 2132 4444; baseline 0.002 -25"><span class='ocrx_word' id='word_1_542' title='bbox 553 4368 714 4444; x_wconf 55' lang='lat' dir='ltr'><strong>bant,</strong></span> <span class='ocrx_word' id='word_1_543' title='bbox 746 4379 866 4433; x_wconf 72' lang='lat' dir='ltr'><strong>qua:</strong></span> <span class='ocrx_word' id='word_1_544' title='bbox 908 4369 1203 4417; x_wconf 85' lang='lat' dir='ltr'><strong>comment.</strong></span> <span class='ocrx_word' id='word_1_545' title='bbox 1251 4362 1436 4429; x_wconf 73' lang='lat' dir='ltr'><strong>praevii</strong></span> <span class='ocrx_word' id='word_1_546' title='bbox 1467 4362 1600 4417; x_wconf 90' lang='lat' dir='ltr'><strong>locis</strong></span> <span class='ocrx_word' id='word_1_547' title='bbox 1634 4377 1741 4418; x_wconf 89' lang='lat' dir='ltr'><strong>non</strong></span> <span class='ocrx_word' id='word_1_548' title='bbox 1788 4368 1973 4435; x_wconf 87' lang='lat' dir='ltr'><strong>paucis</strong></span> <span class='ocrx_word' id='word_1_549' title='bbox 2008 4362 2132 4422; x_wconf 68' lang='grc' dir='ltr'><strong>’ὼε-</strong></span> 
     </span>
    </p>
   </div>
   <div class='ocr_carea' id='block_1_76' title="bbox 556 4450 720 4488">
    <p class='ocr_par' dir='ltr' id='par_1_76' title="bbox 556 4450 720 4488">
     <span class='ocr_line' id='line_1_76' title="bbox 556 4450 720 4488; baseline -0.006 -1"><span class='ocrx_word' id='word_1_550' title='bbox 556 4450 720 4488; x_wconf 58' lang='grc' dir='ltr'>θυι-ιιι.</span> 
     </span>
    </p>
   </div>
   <div class='ocr_carea' id='block_1_77' title="bbox 628 4524 2136 4598">
    <p class='ocr_par' dir='ltr' id='par_1_77' title="bbox 628 4524 2136 4598">
     <span class='ocr_line' id='line_1_77' title="bbox 628 4524 2136 4598; baseline 0.003 -20"><span class='ocrx_word' id='word_1_551' title='bbox 628 4526 775 4598; x_wconf 73' lang='grc'><strong>(1⁸58)</strong></span> <span class='ocrx_word' id='word_1_552' title='bbox 814 4525 888 4578; x_wconf 91' lang='lat' dir='ltr'><strong>De</strong></span> <span class='ocrx_word' id='word_1_553' title='bbox 934 4526 1241 4587; x_wconf 87' lang='lat' dir='ltr'><strong>occasione,</strong></span> <span class='ocrx_word' id='word_1_554' title='bbox 1270 4539 1378 4596; x_wconf 77' lang='lat' dir='ltr'><strong>qua</strong></span> <span class='ocrx_word' id='word_1_555' title='bbox 1424 4524 1639 4580; x_wconf 89' lang='lat' dir='ltr'><strong>obsidio</strong></span> <span class='ocrx_word' id='word_1_556' title='bbox 1668 4526 1783 4581; x_wconf 68' lang='lat' dir='ltr'><strong>hcce</strong></span> <span class='ocrx_word' id='word_1_557' title='bbox 1812 4528 2136 4598; x_wconf 88' lang='lat' dir='ltr'><strong>contigerit,</strong></span> 
     </span>
    </p>
   </div>
   <div class='ocr_carea' id='block_1_78' title="bbox 557 4597 2137 4669">
    <p class='ocr_par' dir='ltr' id='par_1_78' title="bbox 557 4597 2137 4669">
     <span class='ocr_line' id='line_1_78' title="bbox 557 4597 2137 4669; baseline 0.003 -22"><span class='ocrx_word' id='word_1_558' title='bbox 557 4597 936 4669; x_wconf 85' lang='lat' dir='ltr'><strong>periculoque,</strong></span> <span class='ocrx_word' id='word_1_559' title='bbox 974 4598 1115 4664; x_wconf 91' lang='lat' dir='ltr'><strong>quod</strong></span> <span class='ocrx_word' id='word_1_560' title='bbox 1150 4597 1307 4665; x_wconf 86' lang='lat' dir='ltr'><strong>hujus</strong></span> <span class='ocrx_word' id='word_1_561' title='bbox 1359 4608 1602 4669; x_wconf 84' lang='lat' dir='ltr'><strong>tempore</strong></span> <span class='ocrx_word' id='word_1_562' title='bbox 1648 4612 1830 4651; x_wconf 90' lang='lat' dir='ltr'><strong>comes</strong></span> <span class='ocrx_word' id='word_1_563' title='bbox 1876 4597 2137 4669; x_wconf 69' lang='lat' dir='ltr'><strong>tinget-ius</strong></span> 
     </span>
    </p>
   </div>
   <div class='ocr_carea' id='block_1_79' title="bbox 558 4665 2139 4736">
    <p class='ocr_par' dir='ltr' id='par_1_79' title="bbox 558 4665 2139 4736">
     <span class='ocr_line' id='line_1_79' title="bbox 558 4665 2139 4736; baseline 0.003 -17"><span class='ocrx_word' id='word_1_564' title='bbox 558 4681 625 4719; x_wconf 84' lang='lat' dir='ltr'><strong>ex</strong></span> <span class='ocrx_word' id='word_1_565' title='bbox 656 4667 983 4733; x_wconf 74' lang='lat' dir='ltr'><strong>proditione,</strong></span> <span class='ocrx_word' id='word_1_566' title='bbox 1010 4670 1060 4719; x_wconf 90' lang='lat' dir='ltr'><strong>in</strong></span> <span class='ocrx_word' id='word_1_567' title='bbox 1085 4680 1143 4719; x_wconf 88' lang='lat' dir='ltr'><strong>se</strong></span> <span class='ocrx_word' id='word_1_568' title='bbox 1175 4677 1389 4736; x_wconf 87' lang='lat' dir='ltr'><strong>parata,</strong></span> <span class='ocrx_word' id='word_1_569' title='bbox 1418 4665 1580 4720; x_wconf 83' lang='lat' dir='ltr'><strong>fuerit</strong></span> <span class='ocrx_word' id='word_1_570' title='bbox 1612 4670 1908 4736; x_wconf 81' lang='lat' dir='ltr'><strong>expositus,</strong></span> <span class='ocrx_word' id='word_1_571' title='bbox 1938 4665 2139 4724; x_wconf 73' lang='lat' dir='ltr'><strong>vitiosis</strong></span> 
     </span>
    </p>
   </div>
   <div class='ocr_carea' id='block_1_80' title="bbox 559 4737 1710 4806">
    <p class='ocr_par' dir='ltr' id='par_1_80' title="bbox 559 4737 1710 4806">
     <span class='ocr_line' id='line_1_80' title="bbox 559 4737 1710 4806; baseline -0.002 -16"><span class='ocrx_word' id='word_1_572' title='bbox 559 4738 933 4790; x_wconf 87' lang='lat' dir='ltr'><strong>commentarii</strong></span> <span class='ocrx_word' id='word_1_573' title='bbox 977 4738 1159 4804; x_wconf 64' lang='lat' dir='ltr'><strong>pra-vii</strong></span> <span class='ocrx_word' id='word_1_574' title='bbox 1197 4753 1344 4790; x_wconf 88' lang='lat' dir='ltr'><strong>ttmn.</strong></span> <span class='ocrx_word' id='word_1_575' title='bbox 1377 4737 1481 4791; x_wconf 83' lang='grc'><strong>655</strong></span> <span class='ocrx_word' id='word_1_576' title='bbox 1510 4747 1563 4790; x_wconf 90' lang='lat' dir='ltr'><strong>et</strong></span> <span class='ocrx_word' id='word_1_577' title='bbox 1594 4753 1710 4806; x_wconf 87' lang='lat' dir='ltr'><strong>seq.</strong></span> 
     </span>
    </p>
   </div>
   <div class='ocr_carea' id='block_1_81' title="bbox 633 4825 2140 4896">
    <p class='ocr_par' dir='ltr' id='par_1_81' title="bbox 633 4825 2140 4896">
     <span class='ocr_line' id='line_1_81' title="bbox 633 4825 2140 4896; baseline 0.005 -18"><span class='ocrx_word' id='word_1_578' title='bbox 633 4826 781 4895; x_wconf 77' lang='grc'><strong>(159)</strong></span> <span class='ocrx_word' id='word_1_579' title='bbox 823 4825 1055 4880; x_wconf 86' lang='lat' dir='ltr'><strong>Litteras</strong></span> <span class='ocrx_word' id='word_1_580' title='bbox 1086 4828 1248 4879; x_wconf 79' lang='lat' dir='ltr'><strong>hasce</strong></span> <span class='ocrx_word' id='word_1_581' title='bbox 1288 4843 1381 4880; x_wconf 82' lang='lat' dir='ltr'><strong>seu</strong></span> <span class='ocrx_word' id='word_1_582' title='bbox 1419 4828 1653 4896; x_wconf 87' lang='lat' dir='ltr'><strong>diploma</strong></span> <span class='ocrx_word' id='word_1_583' title='bbox 1696 4828 1748 4881; x_wconf 91' lang='lat' dir='ltr'><strong>in</strong></span> <span class='ocrx_word' id='word_1_584' title='bbox 1802 4841 2140 4885; x_wconf 88' lang='lat' dir='ltr'><strong>commenta-</strong></span> 
     </span>
    </p>
   </div>
   <div class='ocr_carea' id='block_1_82' title="bbox 564 4896 2139 4966">
    <p class='ocr_par' dir='ltr' id='par_1_82' title="bbox 564 4896 2139 4966">
     <span class='ocr_line' id='line_1_82' title="bbox 564 4896 2139 4966; baseline 0.002 -14"><span class='ocrx_word' id='word_1_585' title='bbox 564 4896 705 4952; x_wconf 81' lang='lat' dir='ltr'><strong>rium</strong></span> <span class='ocrx_word' id='word_1_586' title='bbox 739 4897 997 4964; x_wconf 59' lang='lat' dir='ltr'><strong>praevium</strong></span> <span class='ocrx_word' id='word_1_587' title='bbox 1024 4913 1172 4949; x_wconf 91' lang='lat' dir='ltr'><strong>num.</strong></span> <span class='ocrx_word' id='word_1_588' title='bbox 1197 4897 1296 4950; x_wconf 78' lang='grc'><strong>657</strong></span> <span class='ocrx_word' id='word_1_589' title='bbox 1326 4908 1381 4951; x_wconf 92' lang='lat' dir='ltr'><strong>et</strong></span> <span class='ocrx_word' id='word_1_590' title='bbox 1406 4914 1498 4950; x_wconf 76' lang='lat' dir='ltr'><strong>sex</strong></span> <span class='ocrx_word' id='word_1_591' title='bbox 1528 4914 1679 4966; x_wconf 85' lang='lat' dir='ltr'><strong>seqq.</strong></span> <span class='ocrx_word' id='word_1_592' title='bbox 1714 4901 1868 4953; x_wconf 86' lang='lat' dir='ltr'><strong>intuli</strong></span> <span class='ocrx_word' id='word_1_593' title='bbox 1900 4917 1915 4964; x_wconf 90' lang='lat'><strong>;</strong></span> <span class='ocrx_word' id='word_1_594' title='bbox 1951 4903 2002 4955; x_wconf 92' lang='lat' dir='ltr'><strong>id</strong></span> <span class='ocrx_word' id='word_1_595' title='bbox 2040 4918 2139 4955; x_wconf 81' lang='lat' dir='ltr'><strong>au-</strong></span> 
     </span>
    </p>
   </div>
   <div class='ocr_carea' id='block_1_83' title="bbox 564 4967 2142 5036">
    <p class='ocr_par' dir='ltr' id='par_1_83' title="bbox 564 4967 2142 5036">
     <span class='ocr_line' id='line_1_83' title="bbox 564 4967 2142 5036; baseline 0.004 -17"><span class='ocrx_word' id='word_1_596' title='bbox 564 4976 673 5021; x_wconf 87' lang='lat' dir='ltr'><strong>tem</strong></span> <span class='ocrx_word' id='word_1_597' title='bbox 708 4982 812 5019; x_wconf 91' lang='lat' dir='ltr'><strong>non</strong></span> <span class='ocrx_word' id='word_1_598' title='bbox 843 4981 985 5020; x_wconf 89' lang='lat' dir='ltr'><strong>anno</strong></span> <span class='ocrx_word' id='word_1_599' title='bbox 1016 4967 1151 5021; x_wconf 74' lang='lat'><strong>1098</strong></span> <span class='ocrx_word' id='word_1_600' title='bbox 1172 5007 1185 5029; x_wconf 89' lang='lat'><strong>,</strong></span> <span class='ocrx_word' id='word_1_601' title='bbox 1215 4983 1321 5036; x_wconf 88' lang='lat' dir='ltr'><strong>quo</strong></span> <span class='ocrx_word' id='word_1_602' title='bbox 1340 5007 1354 5031; x_wconf 91' lang='lat'><strong>,</strong></span> <span class='ocrx_word' id='word_1_603' title='bbox 1384 4970 1833 5036; x_wconf 85' lang='lat' dir='ltr'><strong>quemadmodqu</strong></span> <span class='ocrx_word' id='word_1_604' title='bbox 1867 4986 2142 5026; x_wconf 86' lang='lat' dir='ltr'><strong>commen—</strong></span> 
     </span>
    </p>
   </div>
   <div class='ocr_carea' id='block_1_84' title="bbox 566 5036 2137 5111">
    <p class='ocr_par' dir='ltr' id='par_1_84' title="bbox 566 5036 2137 5111">
     <span class='ocr_line' id='line_1_84' title="bbox 566 5036 2137 5111; baseline 0.003 -21"><span class='ocrx_word' id='word_1_605' title='bbox 566 5036 690 5111; x_wconf 83' lang='lat' dir='ltr'><strong>tarii</strong></span> <span class='ocrx_word' id='word_1_606' title='bbox 721 5037 906 5111; x_wconf 73' lang='lat' dir='ltr'><strong>pracvii</strong></span> <span class='ocrx_word' id='word_1_607' title='bbox 933 5036 961 5108; x_wconf 83' lang='lat'>§</span> <span class='ocrx_word' id='word_1_608' title='bbox 988 5037 1309 5111; x_wconf 50' lang='lat' dir='ltr'><strong>fidprobavi</strong></span> <span class='ocrx_word' id='word_1_609' title='bbox 1329 5078 1343 5111; x_wconf 78' lang='lat'><strong>,_</strong></span> <span class='ocrx_word' id='word_1_610' title='bbox 1364 5038 1574 5092; x_wconf 89' lang='lat' dir='ltr'><strong>obsidio</strong></span> <span class='ocrx_word' id='word_1_611' title='bbox 1592 5037 1848 5111; x_wconf 82' lang='lat' dir='ltr'><strong>Capuana</strong></span> <span class='ocrx_word' id='word_1_612' title='bbox 1881 5044 2137 5111; x_wconf 84' lang='lat' dir='ltr'><strong>contigit,</strong></span> 
     </span>
    </p>
   </div>
   <div class='ocr_carea' id='block_1_85' title="bbox 564 5106 2138 5180">
    <p class='ocr_par' dir='ltr' id='par_1_85' title="bbox 564 5106 2138 5180">
     <span class='ocr_line' id='line_1_85' title="bbox 564 5106 2138 5180; baseline 0.004 -18"><span class='ocrx_word' id='word_1_613' title='bbox 564 5106 842 5180; x_wconf 12' lang='lat' dir='ltr'><strong>sedianno</strong></span> <span class='ocrx_word' id='word_1_614' title='bbox 874 5106 1013 5161; x_wconf 74' lang='grc'><strong>1099</strong></span> <span class='ocrx_word' id='word_1_615' title='bbox 1051 5108 1234 5180; x_wconf 85' lang='lat' dir='ltr'><strong>datum</strong></span> <span class='ocrx_word' id='word_1_616' title='bbox 1274 5106 1459 5175; x_wconf 90' lang='lat' dir='ltr'><strong>fuisse,</strong></span> <span class='ocrx_word' id='word_1_617' title='bbox 1490 5106 1744 5178; x_wconf 85' lang='lat' dir='ltr'><strong>probant,</strong></span> <span class='ocrx_word' id='word_1_618' title='bbox 1787 5125 1906 5180; x_wconf 72' lang='lat' dir='ltr'><strong>qua:</strong></span> <span class='ocrx_word' id='word_1_619' title='bbox 1949 5106 2138 5168; x_wconf 80' lang='lat' dir='ltr'><strong>eodem</strong></span> 
     </span>
    </p>
   </div>
   <div class='ocr_carea' id='block_1_86' title="bbox 568 5179 1310 5249">
    <p class='ocr_par' dir='ltr' id='par_1_86' title="bbox 568 5179 1310 5249">
     <span class='ocr_line' id='line_1_86' title="bbox 568 5179 1310 5249; baseline -0.003 -16"><span class='ocrx_word' id='word_1_620' title='bbox 568 5179 598 5249; x_wconf 59' lang='grc' dir='ltr'>ᾗ</span> <span class='ocrx_word' id='word_1_621' title='bbox 630 5179 700 5233; x_wconf 71' lang='grc'><strong>60</strong></span> <span class='ocrx_word' id='word_1_622' title='bbox 729 5180 926 5233; x_wconf 79' lang='lat' dir='ltr'><strong>adduxi</strong></span> <span class='ocrx_word' id='word_1_623' title='bbox 958 5180 1010 5233; x_wconf 93' lang='lat' dir='ltr'><strong>in</strong></span> <span class='ocrx_word' id='word_1_624' title='bbox 1051 5179 1310 5232; x_wconf 90' lang='lat' dir='ltr'><strong>medium.</strong></span> 
     </span>
    </p>
   </div>
   <div class='ocr_carea' id='block_1_87' title="bbox 640 5270 2143 5344">
    <p class='ocr_par' dir='ltr' id='par_1_87' title="bbox 640 5270 2143 5344">
     <span class='ocr_line' id='line_1_87' title="bbox 640 5270 2143 5344; baseline 0.003 -18"><span class='ocrx_word' id='word_1_625' title='bbox 640 5271 1090 5344; x_wconf 68' lang='lat' dir='ltr'><strong>(140)Fueritne</strong></span> <span class='ocrx_word' id='word_1_626' title='bbox 1136 5270 1280 5344; x_wconf 87' lang='lat' dir='ltr'><strong>inter</strong></span> <span class='ocrx_word' id='word_1_627' title='bbox 1337 5280 1563 5341; x_wconf 90' lang='lat' dir='ltr'><strong>captos,</strong></span> <span class='ocrx_word' id='word_1_628' title='bbox 1615 5288 1684 5329; x_wconf 89' lang='lat' dir='ltr'><strong>an</strong></span> <span class='ocrx_word' id='word_1_629' title='bbox 1737 5272 1859 5344; x_wconf 88' lang='lat' dir='ltr'><strong>fuga</strong></span> <span class='ocrx_word' id='word_1_630' title='bbox 1905 5279 2143 5331; x_wconf 86' lang='lat' dir='ltr'><strong>evaserit</strong></span> 
     </span>
    </p>
   </div>
   <div class='ocr_carea' id='block_1_88' title="bbox 567 5341 2136 5415">
    <p class='ocr_par' dir='ltr' id='par_1_88' title="bbox 567 5341 2136 5415">
     <span class='ocr_line' id='line_1_88' title="bbox 567 5341 2136 5415; baseline 0.003 -18"><span class='ocrx_word' id='word_1_631' title='bbox 567 5341 892 5415; x_wconf 81' lang='lat' dir='ltr'><strong>proditiOuis</strong></span> <span class='ocrx_word' id='word_1_632' title='bbox 919 5348 1026 5397; x_wconf 81' lang='lat' dir='ltr'><strong>dux</strong></span> <span class='ocrx_word' id='word_1_633' title='bbox 1060 5341 1281 5415; x_wconf 81' lang='lat' dir='ltr'><strong>Sergius</strong></span> <span class='ocrx_word' id='word_1_634' title='bbox 1307 5383 1319 5403; x_wconf 90' lang='lat'><strong>,</strong></span> <span class='ocrx_word' id='word_1_635' title='bbox 1362 5354 1694 5415; x_wconf 85' lang='lat' dir='ltr'><strong>compertum</strong></span> <span class='ocrx_word' id='word_1_636' title='bbox 1736 5341 1876 5399; x_wconf 74' lang='lat' dir='ltr'><strong>haud</strong></span> <span class='ocrx_word' id='word_1_637' title='bbox 1924 5348 2136 5413; x_wconf 87' lang='lat' dir='ltr'><strong>habeo;</strong></span> 
     </span>
    </p>
   </div>
   <div class='ocr_carea' id='block_1_89' title="bbox 568 5412 2140 5486">
    <p class='ocr_par' dir='ltr' id='par_1_89' title="bbox 568 5412 2140 5486">
     <span class='ocr_line' id='line_1_89' title="bbox 568 5412 2140 5486; baseline 0.002 -18"><span class='ocrx_word' id='word_1_638' title='bbox 568 5412 712 5485; x_wconf 76' lang='lat' dir='ltr'><strong>quod</strong></span> <span class='ocrx_word' id='word_1_639' title='bbox 752 5416 796 5468; x_wconf 92' lang='lat' dir='ltr'><strong>si</strong></span> <span class='ocrx_word' id='word_1_640' title='bbox 829 5414 1045 5486; x_wconf 76' lang='lat' dir='ltr'><strong>interim</strong></span> <span class='ocrx_word' id='word_1_641' title='bbox 1080 5414 1223 5466; x_wconf 90' lang='lat' dir='ltr'><strong>inter</strong></span> <span class='ocrx_word' id='word_1_642' title='bbox 1263 5423 1454 5482; x_wconf 85' lang='lat' dir='ltr'><strong>captos</strong></span> <span class='ocrx_word' id='word_1_643' title='bbox 1495 5430 1616 5468; x_wconf 84' lang='lat' dir='ltr'><strong>vere</strong></span> <span class='ocrx_word' id='word_1_644' title='bbox 1645 5412 1846 5480; x_wconf 86' lang='lat' dir='ltr'><strong>fuerit,</strong></span> <span class='ocrx_word' id='word_1_645' title='bbox 1891 5412 2140 5486; x_wconf 80' lang='lat' dir='ltr'><strong>oportet,</strong></span> 
     </span>
    </p>
   </div>
   <div class='ocr_carea' id='block_1_90' title="bbox 568 5483 2142 5551">
    <p class='ocr_par' dir='ltr' id='par_1_90' title="bbox 568 5483 2142 5551">
     <span class='ocr_line' id='line_1_90' title="bbox 568 5483 2142 5551; baseline 0.003 -12"><span class='ocrx_word' id='word_1_646' title='bbox 568 5483 629 5539; x_wconf 83' lang='lat' dir='ltr'><strong>ut</strong></span> <span class='ocrx_word' id='word_1_647' title='bbox 674 5486 884 5539; x_wconf 85' lang='lat' dir='ltr'><strong>veniam</strong></span> <span class='ocrx_word' id='word_1_648' title='bbox 932 5500 964 5538; x_wconf 89' lang='lat' dir='ltr'><strong>a</strong></span> <span class='ocrx_word' id='word_1_649' title='bbox 1007 5483 1239 5551; x_wconf 82' lang='lat' dir='ltr'><strong>Rogerio</strong></span> <span class='ocrx_word' id='word_1_650' title='bbox 1288 5486 1487 5539; x_wconf 85' lang='lat' dir='ltr'><strong>Comite</strong></span> <span class='ocrx_word' id='word_1_651' title='bbox 1530 5501 1635 5539; x_wconf 93' lang='lat' dir='ltr'><strong>non</strong></span> <span class='ocrx_word' id='word_1_652' title='bbox 1677 5483 2007 5550; x_wconf 81' lang='lat' dir='ltr'><strong>obtinuerit,</strong></span> <span class='ocrx_word' id='word_1_653' title='bbox 2049 5490 2142 5543; x_wconf 89' lang='lat' dir='ltr'><strong>sed</strong></span> 
     </span>
    </p>
   </div>
   <div class='ocr_carea' id='block_1_91' title="bbox 569 5555 2139 5625">
    <p class='ocr_par' dir='ltr' id='par_1_91' title="bbox 569 5555 2139 5625">
     <span class='ocr_line' id='line_1_91' title="bbox 569 5555 2139 5625; baseline 0.001 -15"><span class='ocrx_word' id='word_1_654' title='bbox 569 5565 745 5610; x_wconf 88' lang='lat' dir='ltr'><strong>morte</strong></span> <span class='ocrx_word' id='word_1_655' title='bbox 780 5555 942 5611; x_wconf 88' lang='lat' dir='ltr'><strong>fuerit</strong></span> <span class='ocrx_word' id='word_1_656' title='bbox 985 5555 1275 5617; x_wconf 87' lang='lat' dir='ltr'><strong>multatus,</strong></span> <span class='ocrx_word' id='word_1_657' title='bbox 1320 5566 1441 5609; x_wconf 76' lang='lat' dir='ltr'><strong>eam</strong></span> <span class='ocrx_word' id='word_1_658' title='bbox 1493 5571 1687 5611; x_wconf 89' lang='lat' dir='ltr'><strong>nomen</strong></span> <span class='ocrx_word' id='word_1_659' title='bbox 1719 5557 1834 5625; x_wconf 84' lang='lat' dir='ltr'><strong>ejus</strong></span> <span class='ocrx_word' id='word_1_660' title='bbox 1875 5558 2018 5611; x_wconf 91' lang='lat' dir='ltr'><strong>inter</strong></span> <span class='ocrx_word' id='word_1_661' title='bbox 2046 5574 2139 5612; x_wconf 86' lang='lat' dir='ltr'><strong>ca-</strong></span> 
     </span>
    </p>
   </div>
   <div class='ocr_carea' id='block_1_92' title="bbox 569 5625 2140 5698">
    <p class='ocr_par' dir='ltr' id='par_1_92' title="bbox 569 5625 2140 5698">
     <span class='ocr_line' id='line_1_92' title="bbox 569 5625 2140 5698; baseline 0.002 -19"><span class='ocrx_word' id='word_1_662' title='bbox 569 5636 691 5698; x_wconf 83' lang='lat' dir='ltr'><strong>ptos</strong></span> <span class='ocrx_word' id='word_1_663' title='bbox 724 5625 1046 5698; x_wconf 73' lang='lat' dir='ltr'><strong>proditionis</strong></span> <span class='ocrx_word' id='word_1_664' title='bbox 1080 5625 1347 5698; x_wconf 64' lang='lat' dir='ltr'><strong>Capuana:</strong></span> <span class='ocrx_word' id='word_1_665' title='bbox 1396 5642 1535 5691; x_wconf 90' lang='lat' dir='ltr'><strong>reos,</strong></span> <span class='ocrx_word' id='word_1_666' title='bbox 1575 5643 1707 5696; x_wconf 86' lang='lat' dir='ltr'><strong>quos</strong></span> <span class='ocrx_word' id='word_1_667' title='bbox 1743 5642 1932 5682; x_wconf 85' lang='lat' dir='ltr'><strong>omnes</strong></span> <span class='ocrx_word' id='word_1_668' title='bbox 1965 5629 2140 5698; x_wconf 73' lang='lat' dir='ltr'><strong>Roge-</strong></span> 
     </span>
    </p>
   </div>
   <div class='ocr_carea' id='block_1_93' title="bbox 571 5695 2139 5769">
    <p class='ocr_par' dir='ltr' id='par_1_93' title="bbox 571 5695 2139 5769">
     <span class='ocr_line' id='line_1_93' title="bbox 571 5695 2139 5769; baseline 0.003 -19"><span class='ocrx_word' id='word_1_669' title='bbox 571 5695 687 5750; x_wconf 79' lang='lat' dir='ltr'><strong>i&#39;ius</strong></span> <span class='ocrx_word' id='word_1_670' title='bbox 711 5695 768 5751; x_wconf 88' lang='lat' dir='ltr'><strong>S.</strong></span> <span class='ocrx_word' id='word_1_671' title='bbox 809 5696 1045 5752; x_wconf 85' lang='lat' dir='ltr'><strong>Brunoni</strong></span> <span class='ocrx_word' id='word_1_672' title='bbox 1083 5695 1490 5769; x_wconf 79' lang='lat' dir='ltr'><strong>Turritauaeque</strong></span> <span class='ocrx_word' id='word_1_673' title='bbox 1523 5695 1706 5755; x_wconf 77' lang='lat' dir='ltr'><strong>eretno</strong></span> <span class='ocrx_word' id='word_1_674' title='bbox 1739 5700 1792 5753; x_wconf 92' lang='lat' dir='ltr'><strong>in</strong></span> <span class='ocrx_word' id='word_1_675' title='bbox 1824 5695 2139 5756; x_wconf 76' lang='lat' dir='ltr'><strong>servitutem</strong></span> 
     </span>
    </p>
   </div>
   <div class='ocr_carea' id='block_1_94' title="bbox 2220 3144 3756 3214">
    <p class='ocr_par' dir='ltr' id='par_1_94' title="bbox 2220 3144 3756 3214">
     <span class='ocr_line' id='line_1_94' title="bbox 2220 3144 3756 3214; baseline -0.005 -13"><span class='ocrx_word' id='word_1_676' title='bbox 2220 3160 2344 3201; x_wconf 90' lang='lat' dir='ltr'><strong>cum</strong></span> <span class='ocrx_word' id='word_1_677' title='bbox 2382 3144 2732 3214; x_wconf 90' lang='lat' dir='ltr'><strong>amplissimis</strong></span> <span class='ocrx_word' id='word_1_678' title='bbox 2763 3144 3126 3208; x_wconf 90' lang='lat' dir='ltr'><strong>libertatibus,</strong></span> <span class='ocrx_word' id='word_1_679' title='bbox 3161 3145 3213 3198; x_wconf 92' lang='lat' dir='ltr'><strong>in</strong></span> <span class='ocrx_word' id='word_1_680' title='bbox 3246 3144 3412 3199; x_wconf 89' lang='lat' dir='ltr'><strong>dictis</strong></span> <span class='ocrx_word' id='word_1_681' title='bbox 3442 3144 3627 3198; x_wconf 90' lang='lat' dir='ltr'><strong>litteris</strong></span> <span class='ocrx_word' id='word_1_682' title='bbox 3662 3156 3756 3209; x_wconf 89' lang='lat' dir='ltr'><strong>spc-</strong></span> 
     </span>
    </p>
   </div>
   <div class='ocr_carea' id='block_1_95' title="bbox 2221 3232 3759 3306">
    <p class='ocr_par' dir='ltr' id='par_1_95' title="bbox 2221 3232 3759 3306">
     <span class='ocr_line' id='line_1_95' title="bbox 2221 3232 3759 3306; baseline -0.006 -15"><span class='ocrx_word' id='word_1_683' title='bbox 2221 3234 2377 3291; x_wconf 89' lang='lat' dir='ltr'><strong>ciﬁce</strong></span> <span class='ocrx_word' id='word_1_684' title='bbox 2423 3235 2730 3290; x_wconf 89' lang='lat' dir='ltr'><strong>declaratis.</strong></span> <span class='ocrx_word' id='word_1_685' title='bbox 2781 3235 3092 3291; x_wconf 58' lang='lat' dir='ltr'><strong>{Ediﬁcavit</strong></span> <span class='ocrx_word' id='word_1_686' title='bbox 3142 3237 3330 3306; x_wconf 91' lang='lat' dir='ltr'><strong>itaque</strong></span> <span class='ocrx_word' id='word_1_687' title='bbox 3380 3236 3565 3291; x_wconf 83' lang='lat' dir='ltr'><strong>beatus</strong></span> <span class='ocrx_word' id='word_1_688' title='bbox 3612 3232 3759 3287; x_wconf 87' lang='lat' dir='ltr'><strong>Bruuo</strong></span> 
     </span>
    </p>
   </div>
   <div class='ocr_carea' id='block_1_96' title="bbox 2223 3328 3759 3401">
    <p class='ocr_par' dir='ltr' id='par_1_96' title="bbox 2223 3328 3759 3401">
     <span class='ocr_line' id='line_1_96' title="bbox 2223 3328 3759 3401; baseline -0.007 -15"><span class='ocrx_word' id='word_1_689' title='bbox 2223 3330 2355 3387; x_wconf 90' lang='lat' dir='ltr'><strong>inibi</strong></span> <span class='ocrx_word' id='word_1_690' title='bbox 2399 3331 2581 3401; x_wconf 88' lang='lat' dir='ltr'><strong>vigore</strong></span> <span class='ocrx_word' id='word_1_691' title='bbox 2625 3330 2937 3385; x_wconf 89' lang='lat' dir='ltr'><strong>donationis</strong></span> <span class='ocrx_word' id='word_1_692' title='bbox 2981 3330 3253 3400; x_wconf 70' lang='lat' dir='ltr'><strong>praedicta:</strong></span> <span class='ocrx_word' id='word_1_693' title='bbox 3309 3332 3482 3401; x_wconf 91' lang='lat' dir='ltr'><strong>primo</strong></span> <span class='ocrx_word' id='word_1_694' title='bbox 3520 3328 3759 3385; x_wconf 81' lang='lat' dir='ltr'><strong>ecclesiam</strong></span> 
     </span>
    </p>
   </div>
   <div class='ocr_carea' id='block_1_97' title="bbox 2224 3417 3759 3493">
    <p class='ocr_par' dir='ltr' id='par_1_97' title="bbox 2224 3417 3759 3493">
     <span class='ocr_line' id='line_1_97' title="bbox 2224 3417 3759 3493; baseline -0.004 -16"><span class='ocrx_word' id='word_1_695' title='bbox 2224 3423 2512 3492; x_wconf 86' lang='lat' dir='ltr'><strong>quamdam</strong></span> <span class='ocrx_word' id='word_1_696' title='bbox 2544 3423 2608 3477; x_wconf 89' lang='lat' dir='ltr'><strong>ad</strong></span> <span class='ocrx_word' id='word_1_697' title='bbox 2643 3424 2902 3477; x_wconf 90' lang='lat' dir='ltr'><strong>honorem</strong></span> <span class='ocrx_word' id='word_1_698' title='bbox 2945 3424 3117 3477; x_wconf 72' lang='lat' dir='ltr'><strong>beata:</strong></span> <span class='ocrx_word' id='word_1_699' title='bbox 3162 3423 3351 3478; x_wconf 71' lang='lat' dir='ltr'><strong>Maria:</strong></span> <span class='ocrx_word' id='word_1_700' title='bbox 3387 3421 3603 3493; x_wconf 88' lang='lat' dir='ltr'><strong>virginis</strong></span> <span class='ocrx_word' id='word_1_701' title='bbox 3638 3417 3759 3486; x_wconf 76' lang='lat' dir='ltr'><strong>juxta</strong></span> 
     </span>
    </p>
   </div>
   <div class='ocr_carea' id='block_1_98' title="bbox 2226 3511 3760 3586">
    <p class='ocr_par' dir='ltr' id='par_1_98' title="bbox 2226 3511 3760 3586">
     <span class='ocr_line' id='line_1_98' title="bbox 2226 3511 3760 3586; baseline -0.007 -16"><span class='ocrx_word' id='word_1_702' title='bbox 2226 3516 2537 3586; x_wconf 88' lang='lat' dir='ltr'><strong>speluncam</strong></span> <span class='ocrx_word' id='word_1_703' title='bbox 2570 3530 2661 3571; x_wconf 91' lang='lat' dir='ltr'><strong>seu</strong></span> <span class='ocrx_word' id='word_1_704' title='bbox 2695 3527 2910 3570; x_wconf 88' lang='lat' dir='ltr'><strong>antrum</strong></span> <span class='ocrx_word' id='word_1_705' title='bbox 2954 3517 3220 3585; x_wconf 89' lang='lat' dir='ltr'><strong>quoddam</strong></span> <span class='ocrx_word' id='word_1_706' title='bbox 3264 3518 3681 3574; x_wconf 88' lang='lat' dir='ltr'><strong>subterraneum,</strong></span> <span class='ocrx_word' id='word_1_707' title='bbox 3721 3511 3760 3560; x_wconf 88' lang='lat' dir='ltr'><strong>in</strong></span> 
     </span>
    </p>
   </div>
   <div class='ocr_carea' id='block_1_99' title="bbox 2226 3596 3763 3676">
    <p class='ocr_par' dir='ltr' id='par_1_99' title="bbox 2226 3596 3763 3676">
     <span class='ocr_line' id='line_1_99' title="bbox 2226 3596 3763 3676; baseline -0.007 -16"><span class='ocrx_word' id='word_1_708' title='bbox 2226 3621 2333 3676; x_wconf 91' lang='lat' dir='ltr'><strong>quo</strong></span> <span class='ocrx_word' id='word_1_709' title='bbox 2360 3605 2507 3660; x_wconf 88' lang='lat' dir='ltr'><strong>solus</strong></span> <span class='ocrx_word' id='word_1_710' title='bbox 2535 3606 2650 3674; x_wconf 89' lang='lat' dir='ltr'><strong>ipse</strong></span> <span class='ocrx_word' id='word_1_711' title='bbox 2684 3605 2954 3660; x_wconf 88' lang='lat' dir='ltr'><strong>manebat.</strong></span> <span class='ocrx_word' id='word_1_712' title='bbox 2989 3604 3210 3658; x_wconf 85' lang='lat' dir='ltr'><strong>Demum</strong></span> <span class='ocrx_word' id='word_1_713' title='bbox 3241 3620 3376 3659; x_wconf 82' lang='lat' dir='ltr'><strong>vero</strong></span> <span class='ocrx_word' id='word_1_714' title='bbox 3413 3604 3609 3673; x_wconf 89' lang='lat' dir='ltr'><strong>pariter</strong></span> <span class='ocrx_word' id='word_1_715' title='bbox 3630 3596 3763 3655; x_wconf 73' lang='lat' dir='ltr'><strong>:edill-</strong></span> 
     </span>
    </p>
   </div>
   <div class='ocr_carea' id='block_1_100' title="bbox 2227 3693 3766 3771">
    <p class='ocr_par' dir='ltr' id='par_1_100' title="bbox 2227 3693 3766 3771">
     <span class='ocr_line' id='line_1_100' title="bbox 2227 3693 3766 3771; baseline -0.008 -19"><span class='ocrx_word' id='word_1_716' title='bbox 2227 3695 2373 3752; x_wconf 90' lang='lat' dir='ltr'><strong>cavit</strong></span> <span class='ocrx_word' id='word_1_717' title='bbox 2392 3695 2679 3751; x_wconf 84' lang='lat' dir='ltr'><strong>ecclesiam</strong></span> <span class='ocrx_word' id='word_1_718' title='bbox 2706 3696 2885 3759; x_wconf 88' lang='lat' dir='ltr'><strong>aliam,</strong></span> <span class='ocrx_word' id='word_1_719' title='bbox 2918 3713 2947 3749; x_wconf 90' lang='lat' dir='ltr'><strong>a</strong></span> <span class='ocrx_word' id='word_1_720' title='bbox 2976 3697 3257 3771; x_wconf 74' lang='lat' dir='ltr'><strong>superiore</strong></span> <span class='ocrx_word' id='word_1_721' title='bbox 3287 3712 3397 3750; x_wconf 93' lang='lat' dir='ltr'><strong>non</strong></span> <span class='ocrx_word' id='word_1_722' title='bbox 3427 3697 3577 3765; x_wconf 88' lang='lat' dir='ltr'><strong>longe</strong></span> <span class='ocrx_word' id='word_1_723' title='bbox 3601 3693 3766 3747; x_wconf 84' lang='lat' dir='ltr'><strong>distan-</strong></span> 
     </span>
    </p>
   </div>
   <div class='ocr_carea' id='block_1_101' title="bbox 2228 3780 3766 3857">
    <p class='ocr_par' dir='ltr' id='par_1_101' title="bbox 2228 3780 3766 3857">
     <span class='ocr_line' id='line_1_101' title="bbox 2228 3780 3766 3857; baseline -0.004 -16"><span class='ocrx_word' id='word_1_724' title='bbox 2228 3794 2359 3853; x_wconf 89' lang='lat' dir='ltr'><strong>tem,</strong></span> <span class='ocrx_word' id='word_1_725' title='bbox 2408 3802 2528 3841; x_wconf 91' lang='lat' dir='ltr'><strong>cum</strong></span> <span class='ocrx_word' id='word_1_726' title='bbox 2584 3789 2837 3857; x_wconf 85' lang='lat' dir='ltr'><strong>contiguo</strong></span> <span class='ocrx_word' id='word_1_727' title='bbox 2888 3786 2961 3840; x_wconf 91' lang='lat' dir='ltr'><strong>illi</strong></span> <span class='ocrx_word' id='word_1_728' title='bbox 3013 3787 3348 3841; x_wconf 85' lang='lat' dir='ltr'><strong>monasterio</strong></span> <span class='ocrx_word' id='word_1_729' title='bbox 3399 3788 3498 3842; x_wconf 91' lang='lat' dir='ltr'><strong>sub</strong></span> <span class='ocrx_word' id='word_1_730' title='bbox 3547 3780 3766 3839; x_wconf 82' lang='lat' dir='ltr'><strong>vocabulo</strong></span> 
     </span>
    </p>
   </div>
   <div class='ocr_carea' id='block_1_102' title="bbox 2231 3870 3761 3950">
    <p class='ocr_par' dir='ltr' id='par_1_102' title="bbox 2231 3870 3761 3950">
     <span class='ocr_line' id='line_1_102' title="bbox 2231 3870 3761 3950; baseline -0.003 -17"><span class='ocrx_word' id='word_1_731' title='bbox 2231 3876 2420 3933; x_wconf 88' lang='lat' dir='ltr'><strong>Sancti</strong></span> <span class='ocrx_word' id='word_1_732' title='bbox 2458 3879 2720 3947; x_wconf 86' lang='lat' dir='ltr'><strong>Stephani</strong></span> <span class='ocrx_word' id='word_1_733' title='bbox 2746 3880 3166 3949; x_wconf 81' lang='lat' dir='ltr'><strong>protomartyris</strong></span> <span class='ocrx_word' id='word_1_734' title='bbox 3196 3879 3375 3950; x_wconf 66' lang='lat' dir='ltr'><strong>(MS),</strong></span> <span class='ocrx_word' id='word_1_735' title='bbox 3407 3878 3458 3933; x_wconf 92' lang='lat' dir='ltr'><strong>in</strong></span> <span class='ocrx_word' id='word_1_736' title='bbox 3487 3893 3588 3948; x_wconf 92' lang='lat' dir='ltr'><strong>quo</strong></span> <span class='ocrx_word' id='word_1_737' title='bbox 3615 3870 3761 3930; x_wconf 66' lang='lat' dir='ltr'><strong>caeteri</strong></span> 
     </span>
    </p>
   </div>
   <div class='ocr_carea' id='block_1_103' title="bbox 2230 3962 3767 4041">
    <p class='ocr_par' dir='ltr' id='par_1_103' title="bbox 2230 3962 3767 4041">
     <span class='ocr_line' id='line_1_103' title="bbox 2230 3962 3767 4041; baseline -0.008 -14"><span class='ocrx_word' id='word_1_738' title='bbox 2230 3969 2430 4027; x_wconf 87' lang='lat' dir='ltr'><strong>fratres</strong></span> <span class='ocrx_word' id='word_1_739' title='bbox 2475 3969 2807 4037; x_wconf 88' lang='lat' dir='ltr'><strong>habitabant,</strong></span> <span class='ocrx_word' id='word_1_740' title='bbox 2849 3979 2904 4025; x_wconf 90' lang='lat' dir='ltr'><strong>et</strong></span> <span class='ocrx_word' id='word_1_741' title='bbox 2953 3971 3053 4027; x_wconf 90' lang='lat' dir='ltr'><strong>sub</strong></span> <span class='ocrx_word' id='word_1_742' title='bbox 3097 3986 3227 4027; x_wconf 92' lang='lat' dir='ltr'><strong>cura</strong></span> <span class='ocrx_word' id='word_1_743' title='bbox 3265 3980 3323 4026; x_wconf 86' lang='lat' dir='ltr'><strong>et</strong></span> <span class='ocrx_word' id='word_1_744' title='bbox 3369 3970 3618 4041; x_wconf 88' lang='lat' dir='ltr'><strong>regimine</strong></span> <span class='ocrx_word' id='word_1_745' title='bbox 3660 3962 3767 4018; x_wconf 86' lang='lat' dir='ltr'><strong>tanti</strong></span> 
     </span>
    </p>
   </div>
   <div class='ocr_carea' id='block_1_104' title="bbox 2232 4150 3768 4233">
    <p class='ocr_par' dir='ltr' id='par_1_104' title="bbox 2232 4150 3768 4233">
     <span class='ocr_line' id='line_1_104' title="bbox 2232 4150 3768 4233; baseline -0.005 -27"><span class='ocrx_word' id='word_1_746' title='bbox 2232 4150 2404 4233; x_wconf 76' lang='lat' dir='ltr'><strong>dedit,</strong></span> <span class='ocrx_word' id='word_1_747' title='bbox 2431 4151 2571 4222; x_wconf 90' lang='lat' dir='ltr'><strong>apud</strong></span> <span class='ocrx_word' id='word_1_748' title='bbox 2597 4151 2890 4207; x_wconf 90' lang='lat' dir='ltr'><strong>Surianum</strong></span> <span class='ocrx_word' id='word_1_749' title='bbox 2916 4152 2968 4207; x_wconf 92' lang='lat' dir='ltr'><strong>in</strong></span> <span class='ocrx_word' id='word_1_750' title='bbox 3008 4151 3221 4207; x_wconf 92' lang='lat' dir='ltr'><strong>illorum</strong></span> <span class='ocrx_word' id='word_1_751' title='bbox 3252 4151 3483 4207; x_wconf 87' lang='lat' dir='ltr'><strong>elencbo</strong></span> <span class='ocrx_word' id='word_1_752' title='bbox 3516 4163 3616 4204; x_wconf 90' lang='lat' dir='ltr'><strong>non</strong></span> <span class='ocrx_word' id='word_1_753' title='bbox 3642 4155 3768 4212; x_wconf 79' lang='lat' dir='ltr'><strong>repe-</strong></span> 
     </span>
    </p>
   </div>
   <div class='ocr_carea' id='block_1_105' title="bbox 2233 4231 2426 4275">
    <p class='ocr_par' dir='ltr' id='par_1_105' title="bbox 2233 4231 2426 4275">
     <span class='ocr_line' id='line_1_105' title="bbox 2233 4231 2426 4275; baseline -0.01 0"><span class='ocrx_word' id='word_1_754' title='bbox 2233 4231 2373 4275; x_wconf 83' lang='lat' dir='ltr'><strong>rtatu</strong></span> <span class='ocrx_word' id='word_1_755' title='bbox 2384 4238 2426 4274; x_wconf 91' lang='lat' dir='ltr'><strong>r.</strong></span> 
     </span>
    </p>
   </div>
   <div class='ocr_carea' id='block_1_106' title="bbox 2305 4289 3772 4362">
    <p class='ocr_par' dir='ltr' id='par_1_106' title="bbox 2305 4289 3772 4362">
     <span class='ocr_line' id='line_1_106' title="bbox 2305 4289 3772 4362; baseline -0.029 12"><span class='ocrx_word' id='word_1_756' title='bbox 2305 4292 2452 4362; x_wconf 63' lang='grc' dir='ltr'>(Ηί)</span> <span class='ocrx_word' id='word_1_757' title='bbox 2496 4293 2570 4347; x_wconf 73' lang='lat' dir='ltr'><strong>ne</strong></span> <span class='ocrx_word' id='word_1_758' title='bbox 2612 4293 2967 4361; x_wconf 66' lang='grc' dir='ltr'><strong>θβῐιπῖιῖοηθ,</strong></span> <span class='ocrx_word' id='word_1_759' title='bbox 3013 4308 3042 4347; x_wconf 85' lang='lat' dir='ltr'><strong>a</strong></span> <span class='ocrx_word' id='word_1_760' title='bbox 3078 4292 3277 4348; x_wconf 86' lang='lat' dir='ltr'><strong>comite</strong></span> <span class='ocrx_word' id='word_1_761' title='bbox 3306 4290 3536 4362; x_wconf 84' lang='lat' dir='ltr'><strong>Rogerio</strong></span> <span class='ocrx_word' id='word_1_762' title='bbox 3559 4289 3641 4344; x_wconf 85' lang='lat' dir='ltr'><strong>hic</strong></span> <span class='ocrx_word' id='word_1_763' title='bbox 3672 4298 3772 4362; x_wconf 47' lang='lat' dir='ltr'><strong>nar:</strong></span> 
     </span>
    </p>
   </div>
   <div class='ocr_carea' id='block_1_107' title="bbox 2234 4352 3770 4436">
    <p class='ocr_par' dir='ltr' id='par_1_107' title="bbox 2234 4352 3770 4436">
     <span class='ocr_line' id='line_1_107' title="bbox 2234 4352 3770 4436; baseline -0.003 -20"><span class='ocrx_word' id='word_1_764' title='bbox 2234 4352 2373 4423; x_wconf 48' lang='lat' dir='ltr'><strong>rat‘a,</strong></span> <span class='ocrx_word' id='word_1_765' title='bbox 2413 4352 2534 4436; x_wconf 69' lang='lat' dir='ltr'><strong>qtae</strong></span> <span class='ocrx_word' id='word_1_766' title='bbox 2580 4352 2704 4416; x_wconf 72' lang='lat' dir='ltr'><strong>huic</strong></span> <span class='ocrx_word' id='word_1_767' title='bbox 2731 4364 2922 4436; x_wconf 86' lang='lat' dir='ltr'><strong>fuerit.</strong></span> <span class='ocrx_word' id='word_1_768' title='bbox 2956 4352 3071 4418; x_wconf 83' lang='lat' dir='ltr'><strong>non</strong></span> <span class='ocrx_word' id='word_1_769' title='bbox 3114 4379 3230 4436; x_wconf 86' lang='lat' dir='ltr'><strong>per_</strong></span> <span class='ocrx_word' id='word_1_770' title='bbox 3254 4352 3770 4436; x_wconf 29' lang='lat' dir='ltr'><strong>SaBrunonemtbt‘d</strong></span> 
     </span>
    </p>
   </div>
   <div class='ocr_carea' id='block_1_108' title="bbox 2159 4428 3773 4503">
    <p class='ocr_par' dir='ltr' id='par_1_108' title="bbox 2159 4428 3773 4503">
     <span class='ocr_line' id='line_1_108' title="bbox 2159 4428 3773 4503; baseline -0.007 -18"><span class='ocrx_word' id='word_1_771' title='bbox 2159 4435 2212 4496; x_wconf 84' lang='lat' dir='ltr'><strong>D</strong></span> <span class='ocrx_word' id='word_1_772' title='bbox 2239 4447 2336 4503; x_wconf 86' lang='lat' dir='ltr'><strong>per</strong></span> <span class='ocrx_word' id='word_1_773' title='bbox 2360 4428 2627 4501; x_wconf 77' lang='lat' dir='ltr'><strong>angelum,</strong></span> <span class='ocrx_word' id='word_1_774' title='bbox 2661 4435 2759 4487; x_wconf 92' lang='lat' dir='ltr'><strong>sub</strong></span> <span class='ocrx_word' id='word_1_775' title='bbox 2786 4435 2902 4500; x_wconf 85' lang='lat' dir='ltr'><strong>ejus</strong></span> <span class='ocrx_word' id='word_1_776' title='bbox 2926 4428 3193 4503; x_wconf 38' lang='lat' dir='ltr'><strong>specie—ac</strong></span> <span class='ocrx_word' id='word_1_777' title='bbox 3220 4433 3407 4488; x_wconf 87' lang='lat' dir='ltr'><strong>habitu</strong></span> <span class='ocrx_word' id='word_1_778' title='bbox 3435 4431 3628 4493; x_wconf 83' lang='lat' dir='ltr'><strong>oblata,</strong></span> <span class='ocrx_word' id='word_1_779' title='bbox 3656 4428 3773 4478; x_wconf 72' lang='lat' dir='ltr'><strong>vide-</strong></span> 
     </span>
    </p>
   </div>
   <div class='ocr_carea' id='block_1_109' title="bbox 2241 4504 3273 4571">
    <p class='ocr_par' dir='ltr' id='par_1_109' title="bbox 2241 4504 3273 4571">
     <span class='ocr_line' id='line_1_109' title="bbox 2241 4504 3273 4571; baseline -0.003 -12"><span class='ocrx_word' id='word_1_780' title='bbox 2241 4504 2317 4559; x_wconf 89' lang='lat' dir='ltr'><strong>sis</strong></span> <span class='ocrx_word' id='word_1_781' title='bbox 2348 4505 2723 4557; x_wconf 89' lang='lat' dir='ltr'><strong>commentarii</strong></span> <span class='ocrx_word' id='word_1_782' title='bbox 2753 4505 2934 4571; x_wconf 59' lang='lat' dir='ltr'><strong>prtevii</strong></span> <span class='ocrx_word' id='word_1_783' title='bbox 2969 4520 3115 4556; x_wconf 88' lang='lat' dir='ltr'><strong>num.</strong></span> <span class='ocrx_word' id='word_1_784' title='bbox 3150 4504 3273 4557; x_wconf 67' lang='grc'>644.</span> 
     </span>
    </p>
   </div>
   <div class='ocr_carea' id='block_1_110' title="bbox 2313 4564 3772 4644">
    <p class='ocr_par' dir='ltr' id='par_1_110' title="bbox 2313 4564 3772 4644">
     <span class='ocr_line' id='line_1_110' title="bbox 2313 4564 3772 4644; baseline -0.003 -17"><span class='ocrx_word' id='word_1_785' title='bbox 2313 4573 2460 4644; x_wconf 60' lang='grc' dir='ltr'><strong>(ιη)</strong></span> <span class='ocrx_word' id='word_1_786' title='bbox 2499 4564 2847 4641; x_wconf 72' lang='lat' dir='ltr'><strong>Consequens</strong></span> <span class='ocrx_word' id='word_1_787' title='bbox 2881 4591 2945 4626; x_wconf 80' lang='lat' dir='ltr'><strong>ex</strong></span> <span class='ocrx_word' id='word_1_788' title='bbox 2989 4575 3072 4627; x_wconf 84' lang='lat' dir='ltr'><strong>his</strong></span> <span class='ocrx_word' id='word_1_789' title='bbox 3102 4576 3281 4627; x_wconf 86' lang='lat' dir='ltr'><strong>verbis</strong></span> <span class='ocrx_word' id='word_1_790' title='bbox 3312 4589 3417 4627; x_wconf 91' lang='lat' dir='ltr'><strong>non</strong></span> <span class='ocrx_word' id='word_1_791' title='bbox 3445 4579 3545 4638; x_wconf 90' lang='lat' dir='ltr'><strong>est,</strong></span> <span class='ocrx_word' id='word_1_792' title='bbox 3568 4577 3623 4644; x_wconf 80' lang='lat' dir='ltr'><strong>ut</strong></span> <span class='ocrx_word' id='word_1_793' title='bbox 3657 4564 3772 4639; x_wconf 53' lang='lat' dir='ltr'><strong>Sa&quot;;</strong></span> 
     </span>
    </p>
   </div>
   <div class='ocr_carea' id='block_1_111' title="bbox 2241 4642 3773 4703">
    <p class='ocr_par' dir='ltr' id='par_1_111' title="bbox 2241 4642 3773 4703">
     <span class='ocr_line' id='line_1_111' title="bbox 2241 4642 3773 4703; baseline -0.006 -3"><span class='ocrx_word' id='word_1_794' title='bbox 2241 4642 2361 4700; x_wconf 84' lang='lat' dir='ltr'><strong>ctus</strong></span> <span class='ocrx_word' id='word_1_795' title='bbox 2389 4654 2513 4696; x_wconf 89' lang='lat' dir='ltr'><strong>ante</strong></span> <span class='ocrx_word' id='word_1_796' title='bbox 2536 4660 2691 4696; x_wconf 89' lang='lat' dir='ltr'><strong>suum</strong></span> <span class='ocrx_word' id='word_1_797' title='bbox 2735 4644 2787 4696; x_wconf 87' lang='lat' dir='ltr'><strong>in</strong></span> <span class='ocrx_word' id='word_1_798' title='bbox 2815 4645 3155 4698; x_wconf 89' lang='lat' dir='ltr'><strong>Carthusiam</strong></span> <span class='ocrx_word' id='word_1_799' title='bbox 3194 4660 3469 4698; x_wconf 84' lang='lat' dir='ltr'><strong>secessum</strong></span> <span class='ocrx_word' id='word_1_800' title='bbox 3510 4644 3559 4696; x_wconf 91' lang='lat' dir='ltr'><strong>in</strong></span> <span class='ocrx_word' id='word_1_801' title='bbox 3596 4642 3773 4703; x_wconf 73' lang='lat' dir='ltr'><strong>ltogt&#39;rtl</strong></span> 
     </span>
    </p>
   </div>
   <div class='ocr_carea' id='block_1_112' title="bbox 2243 4711 3774 4783">
    <p class='ocr_par' dir='ltr' id='par_1_112' title="bbox 2243 4711 3774 4783">
     <span class='ocr_line' id='line_1_112' title="bbox 2243 4711 3774 4783; baseline -0.009 -15"><span class='ocrx_word' id='word_1_802' title='bbox 2243 4715 2457 4768; x_wconf 90' lang='lat' dir='ltr'><strong>comitis</strong></span> <span class='ocrx_word' id='word_1_803' title='bbox 2501 4715 2650 4766; x_wconf 87' lang='lat' dir='ltr'><strong>curia</strong></span> <span class='ocrx_word' id='word_1_804' title='bbox 2682 4726 2926 4768; x_wconf 80' lang='lat' dir='ltr'><strong>versatus</strong></span> <span class='ocrx_word' id='word_1_805' title='bbox 2963 4715 3272 4783; x_wconf 85' lang='lat' dir='ltr'><strong>aliquandiu</strong></span> <span class='ocrx_word' id='word_1_806' title='bbox 3315 4715 3498 4768; x_wconf 81' lang='lat' dir='ltr'><strong>fuerit.</strong></span> <span class='ocrx_word' id='word_1_807' title='bbox 3533 4711 3628 4766; x_wconf 81' lang='lat' dir='ltr'><strong>Adi</strong></span> <span class='ocrx_word' id='word_1_808' title='bbox 3655 4720 3774 4760; x_wconf 83' lang='lat' dir='ltr'><strong>com-</strong></span> 
     </span>
    </p>
   </div>
   <div class='ocr_carea' id='block_1_113' title="bbox 2242 4784 3252 4853">
    <p class='ocr_par' dir='ltr' id='par_1_113' title="bbox 2242 4784 3252 4853">
     <span class='ocr_line' id='line_1_113' title="bbox 2242 4784 3252 4853; baseline -0.002 -14"><span class='ocrx_word' id='word_1_809' title='bbox 2242 4784 2497 4839; x_wconf 86' lang='lat' dir='ltr'><strong>mentarii</strong></span> <span class='ocrx_word' id='word_1_810' title='bbox 2529 4786 2711 4851; x_wconf 79' lang='lat' dir='ltr'><strong>przevii</strong></span> <span class='ocrx_word' id='word_1_811' title='bbox 2743 4802 2888 4837; x_wconf 90' lang='lat' dir='ltr'><strong>num.</strong></span> <span class='ocrx_word' id='word_1_812' title='bbox 2916 4786 3010 4839; x_wconf 76' lang='grc'><strong>571</strong></span> <span class='ocrx_word' id='word_1_813' title='bbox 3053 4795 3108 4838; x_wconf 81' lang='lat' dir='ltr'><strong>et</strong></span> <span class='ocrx_word' id='word_1_814' title='bbox 3140 4800 3252 4853; x_wconf 89' lang='lat' dir='ltr'><strong>seq.</strong></span> 
     </span>
    </p>
   </div>
   <div class='ocr_carea' id='block_1_114' title="bbox 2314 4848 3778 4925">
    <p class='ocr_par' dir='ltr' id='par_1_114' title="bbox 2314 4848 3778 4925">
     <span class='ocr_line' id='line_1_114' title="bbox 2314 4848 3778 4925; baseline -0.001 -18"><span class='ocrx_word' id='word_1_815' title='bbox 2314 4855 2463 4925; x_wconf 78' lang='grc'><strong>(145)</strong></span> <span class='ocrx_word' id='word_1_816' title='bbox 2504 4848 2739 4908; x_wconf 79' lang='lat' dir='ltr'><strong>Sanetus</strong></span> <span class='ocrx_word' id='word_1_817' title='bbox 2762 4856 2999 4924; x_wconf 87' lang='lat' dir='ltr'><strong>quidem,</strong></span> <span class='ocrx_word' id='word_1_818' title='bbox 3036 4867 3091 4909; x_wconf 92' lang='lat' dir='ltr'><strong>ut</strong></span> <span class='ocrx_word' id='word_1_819' title='bbox 3125 4848 3243 4925; x_wconf 76' lang='lat'><strong>§53</strong></span> <span class='ocrx_word' id='word_1_820' title='bbox 3276 4848 3778 4925; x_wconf 42' lang='lat' dir='ltr'><strong>commentariiﬂlm?‘</strong></span> 
     </span>
    </p>
   </div>
   <div class='ocr_carea' id='block_1_115' title="bbox 2241 4917 3774 4993">
    <p class='ocr_par' dir='ltr' id='par_1_115' title="bbox 2241 4917 3774 4993">
     <span class='ocr_line' id='line_1_115' title="bbox 2241 4917 3774 4993; baseline -0.008 -14"><span class='ocrx_word' id='word_1_821' title='bbox 2241 4917 2520 4987; x_wconf 45' lang='lat' dir='ltr'><strong>vii‘doc&#39;ui,</strong></span> <span class='ocrx_word' id='word_1_822' title='bbox 2564 4935 2760 4993; x_wconf 57' lang='lat' dir='ltr'><strong>praeter</strong></span> <span class='ocrx_word' id='word_1_823' title='bbox 2781 4917 3102 4988; x_wconf 56' lang='lat' dir='ltr'><strong>&#39;ecclesiam,</strong></span> <span class='ocrx_word' id='word_1_824' title='bbox 3125 4917 3493 4982; x_wconf 50' lang='lat' dir='ltr'><strong>&quot;sanctissimae</strong></span> <span class='ocrx_word' id='word_1_825' title='bbox 3524 4917 3774 4993; x_wconf 81' lang='lat' dir='ltr'><strong>DeiGeui-</strong></span> 
     </span>
    </p>
   </div>
   <div class='ocr_carea' id='block_1_116' title="bbox 2243 4991 3778 5067">
    <p class='ocr_par' dir='ltr' id='par_1_116' title="bbox 2243 4991 3778 5067">
     <span class='ocr_line' id='line_1_116' title="bbox 2243 4991 3778 5067; baseline -0.004 -17"><span class='ocrx_word' id='word_1_826' title='bbox 2243 4996 2365 5050; x_wconf 88' lang='lat' dir='ltr'><strong>trici</strong></span> <span class='ocrx_word' id='word_1_827' title='bbox 2411 4991 2643 5059; x_wconf 37' lang='lat' dir='ltr'><strong>sacra—iu,</strong></span> <span class='ocrx_word' id='word_1_828' title='bbox 2690 5011 2851 5063; x_wconf 89' lang='lat' dir='ltr'><strong>quam</strong></span> <span class='ocrx_word' id='word_1_829' title='bbox 2899 4997 2950 5049; x_wconf 92' lang='lat' dir='ltr'><strong>in</strong></span> <span class='ocrx_word' id='word_1_830' title='bbox 2999 4997 3287 5050; x_wconf 88' lang='lat' dir='ltr'><strong>Turritana</strong></span> <span class='ocrx_word' id='word_1_831' title='bbox 3331 5010 3516 5067; x_wconf 90' lang='lat' dir='ltr'><strong>eremo</strong></span> <span class='ocrx_word' id='word_1_832' title='bbox 3552 4991 3778 5067; x_wconf 51' lang='lat' dir='ltr'><strong>priuso&quot;</strong></span> 
     </span>
    </p>
   </div>
   <div class='ocr_carea' id='block_1_117' title="bbox 2243 5059 3779 5136">
    <p class='ocr_par' dir='ltr' id='par_1_117' title="bbox 2243 5059 3779 5136">
     <span class='ocr_line' id='line_1_117' title="bbox 2243 5059 3779 5136; baseline -0.005 -16"><span class='ocrx_word' id='word_1_833' title='bbox 2243 5076 2540 5129; x_wconf 80' lang='lat' dir='ltr'><strong>struxerat,</strong></span> <span class='ocrx_word' id='word_1_834' title='bbox 2588 5059 2873 5120; x_wconf 84' lang='lat' dir='ltr'><strong>ecclesiam</strong></span> <span class='ocrx_word' id='word_1_835' title='bbox 2924 5067 3181 5131; x_wconf 89' lang='lat' dir='ltr'><strong>alteram,</strong></span> <span class='ocrx_word' id='word_1_836' title='bbox 3241 5069 3300 5121; x_wconf 89' lang='lat' dir='ltr'><strong>S.</strong></span> <span class='ocrx_word' id='word_1_837' title='bbox 3350 5059 3619 5136; x_wconf 82' lang='lat' dir='ltr'><strong>Stephano</strong></span> <span class='ocrx_word' id='word_1_838' title='bbox 3662 5059 3779 5136; x_wconf 49' lang='lat' dir='ltr'><strong>dicar</strong></span> 
     </span>
    </p>
   </div>
   <div class='ocr_carea' id='block_1_118' title="bbox 2245 5126 3780 5207">
    <p class='ocr_par' dir='ltr' id='par_1_118' title="bbox 2245 5126 3780 5207">
     <span class='ocr_line' id='line_1_118' title="bbox 2245 5126 3780 5207; baseline -0.004 -16"><span class='ocrx_word' id='word_1_839' title='bbox 2245 5146 2375 5200; x_wconf 86' lang='lat' dir='ltr'><strong>tam,</strong></span> <span class='ocrx_word' id='word_1_840' title='bbox 2407 5126 2708 5201; x_wconf 64' lang='lat' dir='ltr'><strong>exstruxit;</strong></span> <span class='ocrx_word' id='word_1_841' title='bbox 2740 5151 2925 5190; x_wconf 89' lang='lat' dir='ltr'><strong>verum</strong></span> <span class='ocrx_word' id='word_1_842' title='bbox 2952 5138 3035 5192; x_wconf 90' lang='lat' dir='ltr'><strong>vel</strong></span> <span class='ocrx_word' id='word_1_843' title='bbox 3074 5126 3237 5191; x_wconf 86' lang='lat' dir='ltr'><strong>unam</strong></span> <span class='ocrx_word' id='word_1_844' title='bbox 3268 5137 3350 5192; x_wconf 81' lang='lat' dir='ltr'><strong>vel</strong></span> <span class='ocrx_word' id='word_1_845' title='bbox 3378 5126 3596 5207; x_wconf 71' lang='lat' dir='ltr'><strong>alteram</strong></span> <span class='ocrx_word' id='word_1_846' title='bbox 3623 5126 3780 5207; x_wconf 27' lang='lat' dir='ltr'><strong>edd&quot;?</strong></span> 
     </span>
    </p>
   </div>
   <div class='ocr_carea' id='block_1_119' title="bbox 2243 5204 3775 5279">
    <p class='ocr_par' dir='ltr' id='par_1_119' title="bbox 2243 5204 3775 5279">
     <span class='ocr_line' id='line_1_119' title="bbox 2243 5204 3775 5279; baseline -0.012 -18"><span class='ocrx_word' id='word_1_847' title='bbox 2243 5208 2347 5261; x_wconf 89' lang='lat' dir='ltr'><strong>bus</strong></span> <span class='ocrx_word' id='word_1_848' title='bbox 2397 5208 2547 5261; x_wconf 87' lang='lat' dir='ltr'><strong>hisce</strong></span> <span class='ocrx_word' id='word_1_849' title='bbox 2600 5209 2881 5267; x_wconf 80' lang='lat' dir='ltr'><strong>ecclesiis.</strong></span> <span class='ocrx_word' id='word_1_850' title='bbox 2937 5209 3013 5262; x_wconf 93' lang='lat' dir='ltr'><strong>uti</strong></span> <span class='ocrx_word' id='word_1_851' title='bbox 3066 5210 3154 5279; x_wconf 87' lang='lat' dir='ltr'><strong>hic</strong></span> <span class='ocrx_word' id='word_1_852' title='bbox 3206 5208 3533 5279; x_wconf 82' lang='lat' dir='ltr'><strong>biographus</strong></span> <span class='ocrx_word' id='word_1_853' title='bbox 3581 5204 3775 5279; x_wconf 60' lang='grc' dir='ltr'><strong>ἱιιιιιρειιΣ</strong></span> 
     </span>
    </p>
   </div>
   <div class='ocr_carea' id='block_1_120' title="bbox 2243 5275 3780 5349">
    <p class='ocr_par' dir='ltr' id='par_1_120' title="bbox 2243 5275 3780 5349">
     <span class='ocr_line' id='line_1_120' title="bbox 2243 5275 3780 5349; baseline 0 -18"><span class='ocrx_word' id='word_1_854' title='bbox 2243 5279 2453 5349; x_wconf 79' lang='lat' dir='ltr'><strong>exstrui</strong></span> <span class='ocrx_word' id='word_1_855' title='bbox 2504 5293 2610 5331; x_wconf 91' lang='lat' dir='ltr'><strong>non</strong></span> <span class='ocrx_word' id='word_1_856' title='bbox 2652 5281 2803 5347; x_wconf 87' lang='lat' dir='ltr'><strong>prius</strong></span> <span class='ocrx_word' id='word_1_857' title='bbox 2845 5290 3077 5349; x_wconf 75' lang='lat' dir='ltr'><strong>emptam</strong></span> <span class='ocrx_word' id='word_1_858' title='bbox 3123 5275 3324 5342; x_wconf 51' lang='lat' dir='ltr'><strong>fuisse:</strong></span> <span class='ocrx_word' id='word_1_859' title='bbox 3359 5275 3519 5347; x_wconf 84' lang='lat' dir='ltr'><strong>quam</strong></span> <span class='ocrx_word' id='word_1_860' title='bbox 3553 5286 3670 5349; x_wconf 71' lang='lat' dir='ltr'><strong>cum</strong></span> <span class='ocrx_word' id='word_1_861' title='bbox 3705 5275 3780 5349; x_wconf 35' lang='lat'><strong>[&quot;3&quot;</strong></span> 
     </span>
    </p>
   </div>
   <div class='ocr_carea' id='block_1_121' title="bbox 2243 5340 3779 5418">
    <p class='ocr_par' dir='ltr' id='par_1_121' title="bbox 2243 5340 3779 5418">
     <span class='ocr_line' id='line_1_121' title="bbox 2243 5340 3779 5418; baseline -0.007 -13"><span class='ocrx_word' id='word_1_862' title='bbox 2243 5348 2503 5417; x_wconf 83' lang='lat' dir='ltr'><strong>diploma,</strong></span> <span class='ocrx_word' id='word_1_863' title='bbox 2544 5340 2685 5417; x_wconf 74' lang='lat' dir='ltr'><strong>quod</strong></span> <span class='ocrx_word' id='word_1_864' title='bbox 2728 5366 2889 5418; x_wconf 85' lang='lat' dir='ltr'><strong>supra</strong></span> <span class='ocrx_word' id='word_1_865' title='bbox 2933 5340 2999 5404; x_wconf 75' lang='lat' dir='ltr'><strong>ex</strong></span> <span class='ocrx_word' id='word_1_866' title='bbox 3042 5358 3196 5418; x_wconf 91' lang='lat' dir='ltr'><strong>parte</strong></span> <span class='ocrx_word' id='word_1_867' title='bbox 3230 5340 3317 5404; x_wconf 85' lang='lat' dir='ltr'><strong>hic</strong></span> <span class='ocrx_word' id='word_1_868' title='bbox 3348 5340 3779 5418; x_wconf 52' lang='lat' dir='ltr'><strong>récitatunﬂnw</strong></span> 
     </span>
    </p>
   </div>
   <div class='ocr_carea' id='block_1_122' title="bbox 2244 5406 3779 5487">
    <p class='ocr_par' dir='ltr' id='par_1_122' title="bbox 2244 5406 3779 5487">
     <span class='ocr_line' id='line_1_122' title="bbox 2244 5406 3779 5487; baseline 0 -16"><span class='ocrx_word' id='word_1_869' title='bbox 2244 5406 2470 5482; x_wconf 76' lang='lat' dir='ltr'><strong>tionem,</strong></span> <span class='ocrx_word' id='word_1_870' title='bbox 2493 5406 2687 5473; x_wconf 23' lang='lat' dir='ltr'><strong>Vin&#39;hoc</strong></span> <span class='ocrx_word' id='word_1_871' title='bbox 2714 5406 3055 5487; x_wconf 54' lang='lat' dir='ltr'><strong>expressam;</strong></span> <span class='ocrx_word' id='word_1_872' title='bbox 3078 5420 3136 5475; x_wconf 92' lang='lat' dir='ltr'><strong>S.</strong></span> <span class='ocrx_word' id='word_1_873' title='bbox 3167 5420 3403 5475; x_wconf 89' lang='lat' dir='ltr'><strong>Brunoni</strong></span> <span class='ocrx_word' id='word_1_874' title='bbox 3430 5406 3779 5487; x_wconf 55' lang='lat' dir='ltr'><strong>contesRW“</strong></span> 
     </span>
    </p>
   </div>
   <div class='ocr_carea' id='block_1_123' title="bbox 2245 5481 3778 5560">
    <p class='ocr_par' dir='ltr' id='par_1_123' title="bbox 2245 5481 3778 5560">
     <span class='ocr_line' id='line_1_123' title="bbox 2245 5481 3778 5560; baseline -0.011 -17"><span class='ocrx_word' id='word_1_875' title='bbox 2245 5489 2361 5544; x_wconf 88' lang='lat' dir='ltr'><strong>rius</strong></span> <span class='ocrx_word' id='word_1_876' title='bbox 2395 5481 2633 5552; x_wconf 74' lang='lat' dir='ltr'><strong>feeisset,</strong></span> <span class='ocrx_word' id='word_1_877' title='bbox 2663 5481 2807 5543; x_wconf 74' lang='lat' dir='ltr'><strong>omni</strong></span> <span class='ocrx_word' id='word_1_878' title='bbox 2848 5492 3009 5542; x_wconf 84' lang='lat' dir='ltr'><strong>dubio</strong></span> <span class='ocrx_word' id='word_1_879' title='bbox 3034 5481 3221 5560; x_wconf 82' lang='lat' dir='ltr'><strong>procul</strong></span> <span class='ocrx_word' id='word_1_880' title='bbox 3263 5505 3291 5542; x_wconf 88' lang='lat' dir='ltr'><strong>a</strong></span> <span class='ocrx_word' id='word_1_881' title='bbox 3332 5490 3551 5543; x_wconf 81' lang='lat' dir='ltr'><strong>veritate</strong></span> <span class='ocrx_word' id='word_1_882' title='bbox 3579 5481 3778 5560; x_wconf 48' lang='lat' dir='ltr'><strong>alierum:</strong></span> 
     </span>
    </p>
   </div>
   <div class='ocr_carea' id='block_1_124' title="bbox 2245 5538 3781 5631">
    <p class='ocr_par' dir='ltr' id='par_1_124' title="bbox 2245 5538 3781 5631">
     <span class='ocr_line' id='line_1_124' title="bbox 2245 5538 3781 5631; baseline -0.002 -17"><span class='ocrx_word' id='word_1_883' title='bbox 2245 5538 3488 5631; x_wconf 41' lang='grc' dir='ltr'><strong>ρει,..ιε..ιηίξάιίεςιῖηί-ίέδιτίιιίέξιῑξιιιί·μή...</strong></span> <span class='ocrx_word' id='word_1_884' title='bbox 3536 5569 3668 5631; x_wconf 56' lang='grc' dir='ltr'>φρει.</span> <span class='ocrx_word' id='word_1_885' title='bbox 3696 5538 3781 5631; x_wconf 50' lang='grc' dir='ltr'><strong>εδει</strong></span> 
     </span>
    </p>
   </div>
   <div class='ocr_carea' id='block_1_125' title="bbox 2244 5617 3784 5703">
    <p class='ocr_par' dir='ltr' id='par_1_125' title="bbox 2244 5617 3784 5703">
     <span class='ocr_line' id='line_1_125' title="bbox 2244 5617 3784 5703; baseline -0.008 -21"><span class='ocrx_word' id='word_1_886' title='bbox 2244 5639 2301 5683; x_wconf 91' lang='lat' dir='ltr'><strong>et</strong></span> <span class='ocrx_word' id='word_1_887' title='bbox 2334 5617 2507 5685; x_wconf 45' lang='lat' dir='ltr'><strong>&#39;binis&#39;</strong></span> <span class='ocrx_word' id='word_1_888' title='bbox 2555 5617 2723 5703; x_wconf 32' lang='lat' dir='ltr'><strong>seqq:</strong></span> <span class='ocrx_word' id='word_1_889' title='bbox 2762 5617 2903 5686; x_wconf 72' lang='lat' dir='ltr'><strong>dicta</strong></span> <span class='ocrx_word' id='word_1_890' title='bbox 2955 5617 3483 5703; x_wconf 62' lang='lat' dir='ltr'><strong>expentlcrit.&#39;liaud</strong></span> <span class='ocrx_word' id='word_1_891' title='bbox 3536 5617 3784 5678; x_wconf 66' lang='lat' dir='ltr'><strong>difﬁculter</strong></span> 
     </span>
    </p>
   </div>
   <div class='ocr_carea' id='block_1_126' title="bbox 2247 5712 2521 5769">
    <p class='ocr_par' dir='ltr' id='par_1_126' title="bbox 2247 5712 2521 5769">
     <span class='ocr_line' id='line_1_126' title="bbox 2247 5712 2521 5769; baseline 0.011 -17"><span class='ocrx_word' id='word_1_892' title='bbox 2247 5712 2521 5769; x_wconf 85' lang='lat' dir='ltr'><strong>agnoscet.</strong></span> 
     </span>
    </p>
   </div>
  </div>
