3860 6326
92 430 160 483 Sil

1570 412 1769 471 ACTA.

3200 411 3305 466 52?.

92 540 225 595 Patris
257 537 464 593 Christo
517 535 741 590 Domino
780 532 1084 588 militabant
1113 532 1283 604 (144).
1321 531 1453 586 Cmn
1485 529 1608 600 qui—
1640 534 1685 585 Α
1711 523 1881 577 Judas
1904 522 2092 586 etiam,
2121 522 2261 576 ﬁlius
2286 522 2625 591 perditionis,
2653 525 2839 578 vivens
2866 524 3125 578 miracula
3151 524 3298 586 fecit,

91 634 161 687 bas
182 630 280 700 ipse
303 642 476 697 usque
503 627 574 682 ad
611 627 748 681 diem
792 625 985 681 mortis
1013 639 1124 679 suae
1160 622 1530 694 perseveravit
1563 622 1614 674 in

90 737 133 774 ea
154 719 531 782 observatione,
578 731 736 786 quam
789 717 938 786 prius
979 722 1220 783 coeperat
1255 723 1310 768 et
1359 715 1618 768 docuerat

91 813 128 863 it:
145 807 420 872 Carthasia,
461 821 566 862 nec
597 805 890 861 declinavit
923 821 988 861 ex
1025 797 1110 859 ea.
1163 803 1397 860 Veniens
1435 813 1616 857 autem

90 901 136 954 ad
159 907 379 964 mortem,
405 900 592 954 sciens
643 899 785 968 quod
820 899 966 953 venit
1000 899 1132 952 hora
1167 899 1305 967 ejus,
1338 907 1398 952 ut
1440 907 1617 952 trans-

93 1001 155 1044 eat
189 1004 245 1044 ex
271 989 370 1044 hoc
414 989 621 1044 mundo
646 992 710 1043 ad
738 989 974 1053 Patrem,
1014 989 1326 1044 convocatis
1357 988 1618 1042 fratribus

91 1083 185 1146 suis,
207 1082 266 1136 ab
290 1081 516 1136 infantia
560 1083 800 1152 singulas
828 1091 1014 1137 :etates
1052 1098 1178 1136 suas
1220 1082 1515 1145 recensuit,
1560 1090 1616 1135 et

93 1169 212 1223 totius
225 1171 471 1240 temporis
495 1173 580 1224 sui
607 1172 831 1226 scientia
854 1181 907 1226 et
932 1173 1198 1227 sententia
1223 1174 1441 1242 dignum
1466 1172 1614 1242 (HS)

92 1259 403 1325 proclamavit,
435 1261 740 1314 exhortans
769 1276 862 1315 eos
890 1271 945 1315 et
988 1263 1287 1317 admonens
1331 1264 1397 1317 ad
1439 1262 1617 1316 chari-

91 1357 212 1402 tatem
233 1358 282 1403 et
310 1349 674 1405 humilitatem
701 1360 756 1404 et
783 1351 845 1404 ad
877 1355 1358 1420 perseverantiam.

137 1439 206 1492 59.
241 1439 421 1494 Postea
457 1457 594 1496 vero
631 1443 786 1497 fidem
819 1459 973 1497 suam
1004 1444 1069 1498 de
1107 1443 1376 1501 Trinitate
1401 1457 1616 1517 protra-

92 1535 151 1581 clo
177 1537 222 1582 et
253 1529 516 1599 profundo
547 1548 800 1588 sermone
828 1535 1080 1603 exposuit
1108 1545 1163 1590 et
1195 1539 1462 1593 conclusit
1487 1540 1564 1594 sic
1597 1558 1610 1594 :

92 1617 217 1674 Credo
239 1623 792 1702 etiamsacramenta,
831 1641 948 1694 quae
981 1637 1169 1682 sancta
1210 1630 1383 1684 credit
1429 1641 1484 1686 et
1528 1647 1617 1687 ve-

93 1723 258 1766 neratur
301 1713 568 1782 Ecclesia,
617 1726 673 1771 et
707 1720 1026 1774 nominatim
1075 1737 1269 1790 panem
1313 1733 1368 1778 et
1407 1723 1616 1790 vinum,

94 1818 177 1870 quze
217 1815 598 1859 consecrantur
641 1807 695 1860 in
753 1807 933 1873 altari,
986 1818 1107 1878 post
1148 1814 1613 1868 consecrationem

1722 617 1813 685 qui
1848 624 1899 669 et
1929 631 2052 670 cunt
2081 616 2294 669 caeteris
2337 615 2594 685 apostolis
2620 615 2868 683 ejiciendi
2913 616 3174 668 dazmonia
3205 631 3296 683 po-

1724 716 1966 762 testatem
2009 708 2242 778 accepit.
2289 707 2440 762 Multi
2485 709 2648 762 etiam
2699 709 2790 762 alii
2837 709 2990 778 signa
3035 708 3302 774 fecerunt,

1720 816 1820 855 nec
1857 810 2034 854 tamen
2066 801 2136 856 ob
2181 802 2280 855 hoc
2307 802 2628 866 sanctiores,
2683 802 2792 856 imo
2831 803 3012 872 potius
3071 802 3307 856 deteriu-

1721 906 1808 947 res
1834 900 1887 947 et
1918 892 2338 947 damnabiliores
2376 891 2554 947 effecti
2586 901 2732 948 sunt.
2784 893 2884 960 Qui
2917 909 3039 949 cum
3081 896 3130 948 in
3159 893 3302 962 judi-

1721 987 1805 1040 cio
1846 986 2028 1040 dicent
2074 1003 2086 1038 :
2127 1004 2144 1037 ι
2203 985 2447 1049 Domine,
2493 984 2739 1050 Domine,
2788 1001 2966 1040 nonne
2999 986 3050 1039 in
3090 1001 3307 1042 nomtne

1723 1087 1814 1131 tuo
1849 1075 2309 1146 prophetavimus,
2347 1084 2402 1130 et
2443 1076 2496 1128 in
2530 1075 2748 1129 nomine
2777 1086 2867 1130 tuo
2897 1077 3158 1130 dmmonia
3196 1077 3305 1145 eje-

1721 1168 1914 1232 eimus,
1964 1177 2019 1220 et
2061 1167 2111 1220 in
2156 1168 2372 1220 nomine
2413 1175 2504 1220 tuo
2533 1167 2764 1222 virtutes
2805 1167 3001 1221 multas
3043 1168 3302 1222 feetmus?

1719 1254 2085 1328 Respondebit
2115 1257 2218 1312 illis
2251 1257 2504 1312 Dominus
2532 1276 2544 1311 :
2572 1257 2706 1325 Quia
2740 1274 2843 1312 non
2877 1259 3000 1313 novi
3029 1275 3142 1314 vos.
3177 1260 3302 1316 Dis-

1718 1349 1893 1402 cedite
1920 1363 1951 1402 a
1980 1361 2088 1413 me,
2124 1363 2312 1402 omnes
2341 1349 2574 1417 operarii
2606 1348 2905 1417 iniquitatis
2930 1350 3129 1421 (148).)
3160 1351 3297 1407 llinc

1720 1449 1822 1505 est,
1863 1443 2030 1510 quod,
2073 1455 2193 1493 cum
2241 1441 2416 1494 eidem
2449 1439 2676 1496 Domino
2717 1441 2963 1508 discipuli
3017 1441 3304 1497 redeuntes

1720 1529 1965 1585 dicerent
2018 1549 2030 1583 :
2075 1551 2091 1580 ‹
2123 1531 2382 1597 Domine,
2447 1532 2608 1585 etiam
2648 1531 2908 1586 daemonia
2944 1533 3306 1603 subjiciuntur

1721 1619 1877 1674 nobis
1923 1620 1975 1674 in
2022 1621 2238 1674 nomine
2285 1630 2396 1685 tuo,
2452 1621 2528 1674 ait
2586 1621 2692 1675 illis
2745 1639 2759 1674 :
2837 1621 3012 1676 Nolite
3069 1623 3306 1692 gaudere

1721 1714 1846 1782 quia
1880 1713 2102 1782 spiritus
2132 1711 2490 1780 subjiciuntur
2520 1715 2692 1769 vobis.
2729 1735 2747 1767 1
2777 1715 2841 1768 Et
2871 1725 3122 1786 tanquam
3149 1732 3300 1786 qua:-

1723 1813 1904 1858 rerent
1938 1820 1952 1858 :
1991 1825 2008 1855 ι
2044 1806 2100 1859 ln
2133 1820 2238 1875 quo
2265 1821 2416 1876 ergo,
2443 1808 2699 1875 magister
2723 1809 2885 1872 bone,
2914 1810 3304 1876 gaudebimus?

96 1907 228 1946 rerum
247 1910 429 1965 corpus
453 1912 584 1952 esse
611 1899 818 1952 Domini
850 1899 1019 1954 nostri
1040 1900 1166 1956 Jesu
1191 1903 1413 1971 Christi,
1432 1922 1615 1960 veram

1722 1897 1774 1950 In
1809 1898 1940 1962 hoc,
1990 1897 2182 1966 inquit,
2237 1897 2496 1966 gaudete,
2533 1897 2656 1966 quia
2692 1901 2909 1953 nomina
2944 1909 3118 1954 vestra
3153 1901 3294 1954 seri-

95 1999 256 2037 carnem
279 1994 328 2040 et
353 2002 546 2076 verum
581 1991 921 2060 sanguinem,
954 2006 1073 2060 quae
1098 2002 1153 2047 et
1185 2009 1283 2050 nos
1318 1999 1617 2067 accipimus

96 2074 130 2121 in
150 2074 482 2130 remissionem
501 2074 876 2147 peccatorum,
905 2090 958 2136 et
989 2082 1040 2136 in
1065 2097 1159 2152 spe
1187 2085 1378 2142 salutis
1401 2098 1618 2143 aeternae

99 2163 460 2233 lllﬁ).Proxima
481 2177 669 2223 autem
690 2171 775 2226 die
804 2171 1080 2227 Dominica
1109 2185 1294 2230 sancta
1319 2177 1405 2231 illa
1435 2179 1619 2234 anima

97 2267 210 2308 carne
233 2259 387 2312 soluta
415 2269 500 2316 est
533 2263 710 2331 pridie
736 2263 917 2320 Nonas
941 2267 1209 2333 Octobris,
1235 2285 1378 2324 anno
1405 2271 1616 2328 Domini

99 2344 316 2403 millesimo
336 2354 646 2407 centesimo
670 2356 867 2424 primo.
893 2355 1102 2427 Corpus
1125 2373 1253 2413 vero
1276 2359 1394 2428 ejus
1419 2361 1617 2418 fratres

100 2433 238 2489 ibidem
257 2439 550 2498 honorifice
582 2444 963 2501 condiderunt.
1001 2449 1084 2502 Ad
1121 2448 1274 2517 cujus
1304 2452 1615 2522 sepulcrum

101 2526 170 2581 tale
193 2527 270 2582 fuit
295 2535 606 2604 appositum
634 2538 987 2607 epitaphium.

102 2613 251 2675 Primus
271 2625 318 2677 in
341 2626 436 2679 hac
459 2644 643 2683 eremo
667 2627 864 2686 Christi
887 2634 1142 2701 fundator
1166 2636 1316 2691 ovilia

148 2707 372 2769 Pramerui
393 2720 537 2786 ﬁeri,
565 2721 654 2789 qui
678 2732 820 2791 legor
839 2724 937 2777 hoc
957 2726 1176 2781 tumulo.

105 2799 226 2856 limae
249 2809 360 2861 mihi
388 2827 606 2871 nomen.
633 2817 858 2883 genitrix
894 2815 1186 2887 Aiemania,
1224 2839 1405 2894 meque

151 2893 386 2955 Transtulit
415 2905 484 2956 ad
510 2903 771 2961 Calabros
793 2919 944 2977 grata
965 2913 1110 2980 quies
1129 2915 1307 2968 eremi.

106 2984 240 3041 Doctor
254 3009 402 3061 eram,
425 3013 608 3062 prer
633 2996 852 3065 Christi,
884 3001 964 3053 vir
988 3014 1142 3057 notus
1175 3005 1226 3057 in
1255 3006 1395 3070 orbe,

151 3084 333 3158 Desuper
359 3093 490 3147 illud
527 3107 662 3161 erat,
700 3101 893 3168 gratia,
924 3119 1026 3156 non
1060 3106 1320 3158 meritum.

106 3173 233 3233 Carnis
253 3185 401 3240 vincla
426 3190 548 3243 dies
576 3190 813 3247 Octobris
841 3205 987 3249 sexta
1011 3197 1238 3262 resolvit,

150 3267 320 3338 Spiritui
341 3281 598 3349 requiem,
630 3285 720 3353 qui
750 3285 876 3353 legis
907 3287 1028 3353 ista,
1058 3298 1171 3356 pete
1192 3287 1362 3359 (147).

151 3361 214 3414 60.
245 3363 378 3422 Hanc
420 3381 611 3426 autem
649 3375 765 3444 ejus
793 3388 1037 3432 sanctam
1072 3379 1238 3432 vitam
1272 3391 1615 3452 mortemque

108 3453 324 3514 pretiosam
345 3473 535 3517 secuta
565 3474 687 3520 sunt
712 3467 968 3523 miracula
995 3470 1182 3537 multa,
1211 3487 1331 3540 quae
1353 3471 1616 3529 Dominus

108 3546 260 3610 gloriosi
297 3556 370 3612 sui
409 3559 752 3618 confessoris
796 3564 1276 3622 intercessionibus
1322 3576 1378 3623 et
1409 3569 1617 3624 meritis

107 3643 254 3704 "Pentri
298 3645 553 3718 dignatus
604 3661 704 3717 est,
758 3655 1005 3724 quamvis
1055 3656 1320 3711 miracula
1366 3669 1614 3713 sanctum

110 3742 176 3782 non
206 3732 394 3805 faciant,
429 3757 559 3796 cum
587 3759 691 3799 non
724 3755 883 3816 neget
910 3747 1204 3816 Apostolus
1249 3758 1461 3804 montes
1498 3751 1616 3806 sine

107 3819 302 3908 claritate
328 3846 480 3898 posse
514 3834 818 3890 transferri.
853 3836 919 3890 Et
947 3847 1234 3908 prepterea
1263 3855 1369 3892 non
1409 3848 1535 3895 sunt
1561 3839 1614 3895 in

14 3903 18 3916 '
111 3905 244 3965 talibus
263 3918 554 3987 expetenda
586 3935 680 3975 seu
711 3903 999 3992 quaerenda
1029 3903 1317 3992 miracula,
1349 3941 1468 3995 qua:
1490 3943 1613 3981 cum

109 3998 217 4056 malis
239 4020 440 4074 possunt
461 4013 658 4068 haberi
690 4015 1020 4069 communia.
1051 4015 1186 4070 Nam
1219 4026 1274 4072 et
1306 4019 1446 4088 magi
1477 4018 1616 4073 Pila--

110 4091 234 4146 raonis
272 4095 722 4158 incantationibus
771 4105 884 4160 suis
931 4105 1097 4160 multa
1142 4107 1294 4178 signa
1339 4106 1609 4164 fecerunt.

146 4217 263 4295 ,(111)
282 4224 331 4281 ln
353 4233 685 4289 monasterio
712 4233 816 4289 isto
838 4236 1154 4302 monachos,
1175 4243 1299 4291 vitae
1320 4237 1614 4294 eremiticze

111 4300 233 4378 [litatis
265 4309 424 4378 aptos,
469 4313 695 4357 sanctus
735 4307 1082 4378 constituisse
1113 4300 1358 4378 putatur,
1403 4309 1610 4378 eisque,

111 4367 292 4445 Ξρτεπιει
317 4370 410 4445 sibi
438 4382 658 4445 s_ervata
683 4376 1028 4443 praefectura,
1050 4367 1354 4431 La'nvinum
1374 4367 1610 4445 prarfecii

321 4440 414 4494 Adi
441 4437 749 4500 Comment.
782 4461 946 4516 praev.
985 4437 1135 4501 num.
1170 4447 1293 4513 69.5,
1342 4437 1468 4513 6'26,
1509 4449 1613 4504 645

135 4569 429 4658 :jlfSLQuid
470 4585 837 4643 verosimilius
874 4587 1059 4658 phrasi
1112 4587 1216 4644 hac
1253 4588 1608 4658 signiﬁcetur,
1644 4571 1689 4626 Ῑ)

113 4637 563 4725 τῑιξςξῑξξοβιηωθηὶζ
581 4637 627 4725 ’ῥ
635 4637 767 4710 ὧὲῖ
779 4637 966 4711 Fuﬁi:
980 4637 1104 4712 iis.

157 4709 267 4796 lljfi)
306 4709 567 4796 Integram
595 4709 736 4780 'lidei
797 4709 1186 4796 professionem
1210 4768 1225 4794 ,
1273 4743 1303 4782 a
1363 4727 1612 4786 Brunone

265 4788 494 4862 proximo
545 4788 844 4862 emissam',
901 4813 1002 4854 nec
1053 4788 1234 4854 tamen
1295 4799 1442 4855 hisce
1492 4815 1614 4854 ver-

117 4842 516 4972 ?ﬁuljer'tuin‘atam
1295 4842 1451 4924 .

160 4989 416 5081 ρεῖῃιίρ,
438 5007 525 5081 Δ1111
556 5007 869 5081 etiamaliis
894 5009 1027 5081 locis
1060 5009 1354 5074 nonnuilis,
1391 5024 1420 5063 a
1455 5009 1610 5066 Basi-

118 5049 231 5150 uggsi
255 5049 416 5150 χ.
437 5049 1420 5150 uarias
1445 5049 1609 5150 ast.

412 5135 654 5220 nonnihil
699 5135 961 5206 dissonat‘
985 5135 1254 5220 posterior
1293 5135 1612 5207 Parisiensis

118 5204 365 5285 E9552";
413 5215 550 5272 hanc
594 5227 800 5284 autem,
838 5204 940 5276 etsi
974 5204 1078 5276 rion
1110 5222 1220 5285 hic,
1264 5204 1610 5277 alibitamen

119 5267 298 5359 ξιξίψφ.
327 5267 443 5339 cum
470 5286 728 5344 lectiones
755 5267 1270 5359 melioresvmagisve
1309 5291 1612 5348 arridentes

117 5333 297 5430 fitﬁt;
314 5368 446 5430 sum‘
465 5333 1214 5430 sciuit}:qISBIiVI'JEuBE'iiB
1239 5333 1444 5416 isthmc
1463 5333 1610 5417 ian‘lj

297 5431 350 5476 ut
370 5415 1386 5502 pritnazvum'ejusitextumiscrupulose
1415 5415 1612 5502 ubiq‘ié

120 5483 302 5556 “primi,
329 5483 543 5552 multum
575 5483 811 5556 intersit.

165 5548 547 5624 (148111011611111
575 5548 1007 5629 Ξῖἶῖέιῗῇθιιιιωί
1042 5590 1140 5641 vn,
1165 5573 1239 5628 22
1265 5581 1322 5629 et
1353 5587 1466 5644 seq.

169 5617 280 5695 1119)
316 5630 458 5692 Luca:
486 5657 534 5695 Χ,
569 5641 659 5695 eo.

353 5649 458 5692 ηοω
486 5657 534 5700 x,
569 5649 659 5697 ‘20.

169 5691 872 5785 (ntali-nsanctoruminumero
901 5714 956 5769 S.
988 5714 1251 5770 Thomam
1283 5715 1609 5785 Aquinatem

125 5763 376 5856 ῗῗῗῗὶδὲἶη
406 5780 476 5856 "1i
503 5763 884 5856 abaa".a;'ta
902 5763 1611 5856 itte—ui'i"1it§r-iiil'£iit§]ié

127 5834 260 5886 sancto
300 5834 378 5896 illo
421 5834 932 5912 Ecclesiae—doctore
981 5857 1218 5927 egimus,
1263 5834 1447 5911 videre
1492 5866 1608 5922 est,

303 5933 544 6004 l’a'raOL.
596 5947 778 6009 CLII.

1721 2003 1806 2060 pta
1835 1999 1960 2046 sunt
1989 1991 2040 2044 in
2066 1989 2219 2044 cwlis
2248 1991 2418 2059 (H9).
2453 2011 2469 2041 1

1791 2084 1877 2137 Gl.
1922 2083 2067 2136 Multi
2099 2099 2226 2138 vero
2253 2098 2283 2138 e
2324 2085 2597 2140 contrario
2636 2086 2808 2140 sancti
2846 2095 2988 2150 sunt,
3035 2103 3062 2140 a
3105 2087 3302 2158 quibus

1721 2172 1865 2227 nulla
1898 2172 1979 2227 vel
2010 2189 2179 2243 pauca
2210 2173 2349 2228 facta
2384 2175 2635 2243 leguntur
2667 2177 2945 2243 miracula,
2975 2178 3114 2232 sicut
3152 2193 3302 2232 com-

1719 2265 1901 2333 plures
1928 2274 2215 2336 martyres,
2247 2265 2314 2319 de
2354 2280 2582 2336 quorum
2622 2269 2911 2323 sanctitate
2939 2268 3115 2323 nullus
3144 2267 3300 2322 dubi-

1722 2368 1815 2412 tat.
1849 2356 2166 2428 Complurcs
2193 2359 2356 2412 etiam
2388 2357 2751 2425 confessores,
2791 2362 2880 2431 qui
2921 2363 2986 2416 ad
3027 2362 3149 2418 fidei
3176 2363 3301 2416 illu-

1720 2447 2070 2500 ruinationem
2103 2446 2278 2502 multa
2301 2449 2656 2517 scripserunt,
2689 2450 2738 2504 in
2775 2451 3069 2507 eminentia
3099 2453 3304 2508 doctri-

1721 2554 1820 2601 nae,
1861 2540 2162 2594 sanctitatis
2202 2540 2576 2610 probationem
2629 2544 2912 2611 habentes,
2957 2555 3014 2600 ut
3048 2545 3307 2617 Augusti-

1718 2647 1860 2694 nus,
1903 2631 2197 2701 Gregorius
2247 2641 2303 2685 et
2361 2632 2584 2688 similes.
2642 2633 2793 2689 Unde
2851 2652 2972 2690 cum
3031 2637 3084 2690 in
3138 2653 3305 2692 cano-

1721 2723 1990 2777 nizatione
2047 2723 2221 2777 sancti
2270 2721 2493 2778 'l‘homte
2548 2726 2835 2795 Aquinatis
2895 2729 2961 2782 de
3026 2729 3304 2784 miraculis

1718 2817 2044 2882 q‘umrerent,
2114 2815 2395 2884 respondit
2431 2831 2568 2884 papa
2613 2832 2716 2871 non
2747 2832 2868 2873 esse
2905 2817 2971 2873 de
3006 2819 3086 2874 eis
3129 2821 3306 2889 inqui-

1721 2907 1965 2959 reudum.
1997 2904 2130 2959 Nam
2173 2914 2252 2960 tot
2300 2907 2557 2961 miracula
2607 2907 2754 2972 fecit,
2805 2918 2936 2977 quot
2977 2911 3303 2978 quarstiout-s

1721 2999 2031 3051 terminavit
2057 2998 2228 3068 (150).
2259 2998 2445 3054 Plures
2475 3001 2639 3068 igitur
2664 3001 2903 3065 fuerunt,
2925 3003 3016 3072 qui
3048 3004 3098 3057 in
3119 3019 3304 3057 eremo

1719 3089 1970 3145 vixerunt
2000 3090 2051 3144 iu
2096 3091 2392 3161 asperitate
2433 3094 2556 3146 vitae
2591 3109 2618 3146 a
2663 3097 3078 3151 conversatione
3122 3097 3302 3152 homi-

1721 3195 1846 3233 num
1874 3179 2127 3251 clongati,
2167 3182 2218 3236 in
2249 3183 2505 3237 continua
2538 3199 2714 3254 pugna
2756 3194 2944 3240 contra
2977 3190 3301 3243 tentationes

1719 3279 1773 3325 et
1816 3271 1946 3325 vitia
1983 3282 2415 3342 perseverantes,
2446 3275 2652 3343 scipsos
2681 3275 3037 3346 abnegantes,
3066 3288 3300 3348 patrem,

1719 3371 1970 3428 matrem,
2015 3374 2070 3418 et
2104 3365 2308 3425 omnia,
2347 3381 2466 3434 qtue
2497 3367 2876 3434 possederant,
2910 3368 3299 3438 relinquentes,

1718 3468 1933 3507 crucem
1981 3469 2134 3509 suam
2190 3467 2492 3525 portantes,
2549 3465 2601 3511 et
2653 3456 2930 3512 Christum
2990 3470 3301 3528 sequentes,

1718 3545 1856 3599 sicut
1891 3544 2088 3602 Paulus
2128 3547 2334 3616 primus
2372 3548 2622 3612 eremita,
2657 3546 2810 3616 cujus
2841 3558 3087 3616 respectu
3133 3552 3304 3604 Anto-

1719 3639 1840 3692 nius
1905 3637 1978 3692 ait
2029 3653 2088 3693 se
2132 3639 2305 3693 solum
2355 3640 2603 3694 monachi
2650 3655 2843 3710 gerere
2884 3655 3104 3695 nomen.
3151 3641 3303 3698 Sicut

1711 3738 1772 3785 ‘et
1825 3731 2127 3797 Arsenius,
2201 3732 2475 3796 Hilarion,
2555 3732 2896 3800 Macharius,
2957 3733 3199 3791 Eulalius
3245 3745 3303 3790 et

1717 3826 1896 3878 cmteri
1951 3825 2152 3895 plures.
2209 3826 2364 3882 Sicut
2415 3838 2469 3882 et
2525 3828 2614 3883 hic
2663 3837 2820 3898 pater
2868 3835 3059 3884 noster
3106 3829 3300 3885 beatus

1719 3917 1938 3983 Bruno,
1998 3919 2088 3988 qui
2146 3934 2252 3973 non
2314 3919 2494 3974 minus
2542 3919 2757 3975 cteteris
2814 3921 3013 4000 fecisse
3061 3921 3298 3977 videtur.

1707 4011 1924 4078 'Quibus
1975 4013 2225 4068 omnibus
2267 4012 2464 4068 sufficit
2495 4029 2593 4084 pro
2638 4014 2948 4070 sanctitatis
2987 4016 3300 4071 testimonio

1717 4101 1940 4157 verbum
1990 4103 2203 4158 Domini
2262 4103 2492 4160 dicentis
2541 4105 2595 4160 in
2647 4087 2881 4162 oersona
2938 4103 3234 4162 Sapientia:
3281 4125 3296 4162 :

1715 4233 1952 4308 Joannes
1995 4235 2301 4308 XXllﬂpapa
2337 4238 2620 4307 ascripsit;
2682 4240 2771 4295 hic
2805 4250 2984 4294 autem
3028 4240 3099 4295 de
3131 4242 3298 4296 mira-

1715 4305 1872 4380 culis,
1904 4305 2390 4380 qme_S.__'l‘homas
2413 4305 2706 4380 patrasset,
2734 4326 2838 4380 non
2867 4325 2992 4380 esse,
3018 4309 3298 4380 inquiren-

1716 4376 1864 4440 dum,
1913 4377 2054 4431 haud
2098 4376 2254 4441 dixit,
2301 4376 2634 4432 sed—contra
2678 4376 3109 4447 diligentissime"
3136 4381 3188 4434 in
3232 4397 3300 4437 ea

1719 4447 1847 4500 fecit
1883 4447 2101 4517 inquiri.
2150 4447 2341 4517 Liquet
2367 4449 2416 4500 id
2445 4457 2558 4502 tum
2580 4464 2610 4502 e
2639 4450 2768 4502 dicti
2797 4449 2988 4502 Sancti
3007 4452 3300 4508 eanoniza—

1717 4517 1880 4572 tionis
1907 4516 2074 4580 bulla,
2109 4516 2242 4574 tom.
2266 4519 2285 4572 1
2310 4518 2529 4591 Bullarii
2561 4534 2591 4591 a
2612 4519 2840 4591 Laertia
2870 4519 3182 4576 Clterubino
3214 4524 3297 4578 in-

1715 4599 1881 4652 serta,
1921 4596 2034 4660 tum
2065 4602 2131 4641 ex
2158 4589 2962 4660 processuinquisitionis'facta’
2984 4607 3140 4660 super
3167 4593 3294 4660 vita,
3327 4607 3336 4619 '

1715 4657 2103 4728 conversatione
2129 4667 2175 4711 et
2200 4658 2469 4728 miraculis
2493 4657 2656 4728 recol.
2682 4657 2836 4712 metri.
2875 4659 2946 4728 fr.
2987 4659 3201 4716 Thomrc
3230 4657 3296 4718 de

1717 4729 1965 4797 Aquino;
1995 4727 2063 4782 ad
2089 4727 2369 4800 praefatum
2399 4729 2430 4781 7
2457 4727 2634 4783 Martii
2662 4729 2802 4784 diem
2834 4727 2885 4784 in
2914 4732 3096 4800 operis
3123 4735 3297 4791 nostri

1717 4800 1949 4876 primum
1989 4799 2199 4876 mensis
2243 4798 2655 4876 hujus__tomum
2691 4814 2832 4876 pag.
2881 4798 3092 4876 68_tiet_
3137 4817 3293 4876 seqq.

1719 4869 1885 4923 illato.
1920 4869 2002 4922 Ad
2028 4869 2144 4939 haec
2180 4870 2286 4939 etsi.
2316 4867 2564 4937 quidem,
2595 4867 3049 4939 quemadmodum
3080 4872 3134 4927 in
3163 4867 3297 4929 cuti-

1715 4941 1913 5007 scripta
1946 4955 1976 4992 a
2006 4953 2064 4993 se
2092 4937 2151 4994 S.
2185 4938 2404 4993 Thoma'
2427 4937 2713 5010 Aquiuatis
2743 4940 2884 5004 Vita,
2915 4942 3091 4996 eidem
3117 4943 3296 5000 Martii

1717 5019 1862 5062 tumo
1897 5010 2039 5079 apud
2090 5025 2189 5063 nos
2240 5011 2485 5070 intexta,
2540 5026 2690 5065 num.
2742 5011 2806 5066 81
2861 5011 3184 5069 Guilielmus
3230 5017 3298 5070 de

1717 5080 1918 5143 Thoco,
1938 5088 2129 5152 auctor
2147 5083 2510 5152 syncltronrus,
2539 5082 2817 5137 memoriae
2839 5085 3035 5152 prodit,
3059 5083 3297 5141 Joannes

1715 5165 1852 5231 papa
1883 5150 2354 5231 Domiuieanortnu
2394 5151 2688 5231 deputatis,
2718 5155 2807 5222 qui
2839 5150 2908 5231 ad
2939 5169 3088 5216 eum,
3128 5164 3185 5231 ut
3213 5155 3296 5209 in-

1713 5220 1854 5292 quiri
1893 5221 1944 5274 in
1985 5220 2042 5275 8.
2073 5220 2295 5292 Thema:
2341 5221 2602 5276 miracula
2645 5220 2939 5292 apostolica
2973 5224 3298 5292 auctoritate

1708 5290 1944 5364 juberet,
1972 5291 2299 5364 postulatum
2330 5301 2610 5364 venerant,
2643 5290 2820 5348 divino
2859 5295 3066 5364 amatus
3095 5291 3297 5360 Spiritu

1715 5361 1934 5428 dixerit,
1967 5363 2339 5432 seseicredere
2387 5361 2446 5416 S.
2478 5362 2698 5418 Thema:
2719 5361 3023 5417 doctrinam
3057 5377 3162 5417 non
3193 5379 3293 5432 po-

1717 5432 1888 5503 tuisse
1913 5445 2036 5486 esse
2065 5431 2500 5503 sinemiraculo,
2531 5434 2744 5503 aliaque
2773 5434 2970 5490 deinde
3011 5431 3293 5500 nonnulla,

1715 5516 1832 5569 qua:
1879 5502 2020 5556 banc
2065 5501 2356 5571 plurimum
2405 5501 2808 5568 commendant,
2863 5504 2917 5557 in
2967 5503 3298 5562 consistorio

1713 5586 1898 5642 coram
1927 5571 2295 5627 cardiualibus
2318 5575 2625 5641 protulerit,
2658 5573 2803 5626 illum
2831 5582 3033 5640 tamen,
3059 5589 3181 5642 quas
3201 5575 3294 5631 hic

1714 5641 1987 5715 Puteanus
2020 5643 2227 5705 scribit,
2273 5645 2339 5697 de
2370 5643 2428 5696 S.
2456 5643 2661 5698 Thoma
2693 5644 3015 5715 asseruisse,
3045 5641 3294 5715 nuspiam

1715 5711 1958 5776 invenio;
1997 5727 2174 5780 neque
2205 5728 2337 5767 vero
2373 5729 2402 5764 a
2439 5714 2695 5782 pontiﬁce
2723 5713 2837 5779 illo,
2870 5723 2949 5768 tot
2979 5714 3126 5770 hunc
3149 5711 3292 5773 Sans

1713 5791 1859 5856 etum
1891 5782 2086 5856 fecisse
2113 5783 2392 5844 miracula,
2421 5793 2553 5856 quot
2571 5785 2898 5852 quaestiones
2922 5785 3290 5856 terminasset,

1715 5855 1913 5910 dictum
1948 5852 2130 5917 fuisse,
2156 5861 2239 5905 sat
2272 5855 2574 5909 verosimile
2605 5865 2845 5910 autumo.

2817 5953 2886 6010 17
