3860 6326
558 360 663 414 6‘25-

1352 350 1409 406 S.
1451 346 1799 403 BRUNONIS
1834 337 2483 402 CARTHUSIANORUM
2522 330 3007 393 INSTITUTORIS
3682 336 3760 394 iiii

559 491 577 522 ι
626 468 727 537 Qui
801 464 1079 521 elucidant
1130 476 1216 516 me
1289 464 1461 519 vitam
1528 470 1785 519 aeternam
1863 458 2139 513 habebunt
2170 458 2216 515 Α
2244 454 2571 511 conveniens
2595 450 2839 508 Officium
2877 448 2930 503 in
2959 447 3217 502 honorem
3245 445 3408 514 ipsius
3432 455 3607 517 agatur
3631 458 3675 504 et
3694 452 3764 507 de-

559 559 725 635 (ιδι).
782 577 799 608 ι

627 650 716 704 {32.
759 648 827 701 Et
896 649 1091 701 iterum
1142 646 1208 702 de
1268 648 1455 702 eadem
1519 645 1785 716 sapientia
1855 643 2083 712 loquens
2122 681 2137 706 ,

565 757 582 791 ι
626 753 790 806 supra
820 736 1074 802 salutem,
1107 737 1308 807 inquit,
1332 747 1387 792 et
1415 737 1649 807 speciem
1693 735 1855 791 dilexi
1885 734 2029 787 illam
2065 749 2077 784 ι
2116 750 2134 783 ι

562 838 614 883 ct
650 828 902 897 proposui
953 842 1051 896 pro
1082 827 1201 882 luce
1248 829 1449 883 habere
1491 828 1637 881 illam
1666 867 1680 892 ,
1720 839 1884 896 quam
1916 824 2033 879 sine
2074 822 2140 876 ﬁ-

563 923 740 977 ctione
766 921 960 985 didici,
1005 930 1060 975 et
1092 921 1210 975 sine
1242 920 1445 975 invidia
1473 920 1849 982 communico,
1885 926 1941 972 et
1970 918 2141 972 hone-

565 1024 761 1069 statem
790 1012 931 1068 illius
970 1027 1077 1066 non
1111 1011 1387 1066 abscondi.
1425 1012 1676 1065 lnlinitus
1705 1010 1850 1065 enim
1896 1016 1979 1063 est
2027 1008 2147 1062 the-

2244 551 2530 609 cantetur,
2580 550 2635 597 et
2678 548 2737 594 ut
2780 539 2847 593 de
2893 549 2957 591 eo
3000 534 3190 590 diebus
3232 535 3452 605 singulis
3492 551 3766 596 commemo-

2246 638 2513 692 rationem
2571 634 2753 688 facere
2802 630 3103 685 valeamus.
3166 628 3312 683 luem
3366 628 3520 683 etiam
3572 633 3765 699 pontifex

2245 729 2462 784 domum
2496 726 2812 797 praedictam
2860 721 3031 777 sancti
3074 718 3372 790 Stephani,
3405 736 3555 791 quam
3581 722 3651 793 (ut
3680 725 3764 795 jam

2245 836 2387 892 saepe
2412 821 2617 877 dictum
2644 818 2751 889 est)
2776 820 2971 872 beatus
2998 812 3183 869 Bruno
3207 822 3363 882 pater
3402 823 3574 868 noster
3600 813 3644 868 in
3680 815 3769 870 ﬁni-

2247 913 2347 968 bus
2378 912 2643 969 Calabriac
2674 921 2795 980 post
2822 917 3062 964 erectam
3098 905 3250 975 prius
3295 919 3390 974 per
3428 918 3543 958 eum
3584 904 3769 959 Cartlm-

2247 1006 2383 1061 siam
2418 1002 2773 1067 fundaverat,
2805 1009 2860 1056 et
2908 1000 2961 1053 in
2993 1013 3099 1068 qua
3150 1010 3349 1064 corpus
3398 994 3509 1063 ejus
3545 996 3768 1049 conditum

563 1123 758 1163 saurus
791 1106 935 1178 ejus,
962 1120 1069 1177 quo
1107 1105 1199 1175 qui
1229 1105 1310 1160 usi
1337 1112 1500 1169 sunt,
1534 1104 1826 1174 participes
1857 1100 1986 1156 facti
2021 1106 2148 1154 sunt
2243 1097 2389 1168 jacet
2425 1094 2606 1167 (158),
2646 1108 2747 1164 per
2783 1090 3083 1147 monachos
3128 1086 3353 1141 alterius
3402 1085 3595 1140 ordinis
3629 1085 3770 1139 multis

565 1200 821 1256 amicitiae
868 1198 995 1263 Dei,
1054 1205 1276 1268 propter
1326 1196 1627 1267 disciplina:
1677 1195 1818 1251 dona
1871 1205 2147 1248 commen—

566 1292 676 1347 dati
726 1290 894 1362 (l52).
964 1290 1031 1343 Et
1062 1289 1114 1343 in
1163 1288 1491 1358 Evangelio,
1531 1302 1652 1343 cum
1694 1286 1920 1340 dixisset
1960 1283 2146 1337 Simon

567 1384 760 1439 Petrus
791 1384 859 1438 ad
888 1382 1202 1437 Christum:
1243 1398 1261 1431 ‹
1296 1380 1437 1435 Ecce
1468 1394 1568 1435 nos
1594 1377 1911 1447 reliquimus
1940 1373 2146 1437 omnia,

572 1482 625 1529 et
660 1474 829 1529 secuti
864 1488 1050 1529 sumus
1081 1483 1153 1539 te,
1185 1471 1313 1541 quid
1335 1485 1463 1542 ergo
1495 1470 1597 1526 erit
1628 1468 1815 1523 nobis?
1848 1486 1863 1517 ι
1904 1466 2150 1534 Respon-

568 1567 683 1621 dit:
724 1586 741 1618 ι
777 1565 1006 1632 Omnis,
1057 1564 1150 1634 qui
1202 1562 1485 1631 reliquerit
1528 1563 1777 1626 domum,
1816 1557 1899 1613 vel
1932 1556 2149 1620 fratres,

568 1658 653 1713 vel
693 1672 931 1721 sorores,
963 1665 1057 1710 aut
1092 1663 1333 1725 patrem,
1360 1663 1453 1707 aut
1483 1662 1711 1707 matrem
1734 1694 1749 1716 ,
1780 1660 1872 1704 aut
1901 1662 2149 1712 uxorem,

567 1756 662 1802 aut
715 1748 875 1813 ﬁlios,
926 1755 1019 1801 aut
1060 1760 1219 1814 agros
1257 1752 1479 1814 propter
1509 1758 1702 1797 nomen
1742 1756 1943 1805 meum,
1968 1748 2151 1793 centu-

2251 1189 2410 1244 annis
2452 1195 2809 1257 occupatam,
2852 1182 3032 1239 ordini
3079 1189 3267 1235 nostro
3312 1176 3569 1242 restituit‘,
3612 1186 3659 1231 et
3697 1177 3771 1229 sub

2250 1298 2380 1338 cura
2398 1281 2553 1353 juxta
2580 1279 2742 1334 ritum
2762 1317 2776 1343 ,
2817 1290 2996 1331 mores
3025 1288 3090 1329 ac
3112 1270 3380 1342 regularia
3410 1269 3634 1324 instituta
3666 1266 3773 1334 ejus-

2252 1374 2375 1430 dem
2442 1371 2615 1428 nostri
2677 1368 2885 1427 ordinis
2940 1366 3234 1436 rcgendam
3305 1370 3363 1417 et
3426 1359 3771 1431 gubernandam

2253 1446 2571 1530 commisit,
2607 1470 2772 1535 prout
2806 1461 2858 1515 in
2909 1459 3141 1526 desuper
3188 1452 3449 1510 confectis
3486 1450 3775 1519 litterisapo-

2253 1558 2460 1615 stolicis
2497 1557 2811 1613 continetur
2851 1551 3020 1623 (159).

2324 1650 2415 1704 64.
2454 1648 2804 1704 Gaudeamus
2834 1643 3018 1711 itaque
3047 1652 3238 1694 omnes
3263 1678 3277 1703 ,
3309 1634 3415 1691 mei
3456 1630 3772 1695 dilectissimi,

2256 1743 2586 1813 gaudeamus
2625 1751 2820 1794 omnes
2864 1735 2918 1788 in
2966 1731 3225 1796 Domino,
3277 1728 3417 1783 diem
3455 1725 3634 1780 festum
3668 1720 3775 1778 cele-

570 1841 715 1910 plum
746 1840 977 1909 accipiet
1004 1847 1059 1893 et
1092 1802 1539 1890 vitam-aeternam
1579 1833 1877 1904 possidebit
1927 1802 2095 1901 (155).
2127 1850 2146 1883 ι
2184 1802 2227 1861 Β
2256 1802 2477 1890 brantes
2522 1833 2625 1888 sub
2664 1832 2871 1884 honore
2917 1825 3060 1881 beati
3099 1822 3282 1877 Patris
3324 1818 3490 1874 nostri
3529 1815 3773 1876 Brunonis,

572 1930 637 1983 Et
667 1931 861 1984 iterum
893 1929 959 1981 ad
1005 1926 1297 1995 discipulos
1328 1941 1495 1981 suos:
1536 1944 1553 1975 ι
1606 1926 1775 1978 Amen
1832 1922 1955 1976 diro
2003 1922 2154 1976 vobis

574 2021 697 2091 quia
722 2036 839 2084 vos,
871 2020 959 2089 qui
987 2019 1157 2074 secuti
1182 2018 1316 2073 estis
1346 2033 1451 2083 me,
1509 2016 1560 2070 in
1590 2014 2001 2086 regeneratione
2031 2028 2155 2068 cum

573 2112 774 2167 sederit
801 2111 969 2166 Filius
1000 2109 1231 2164 hominis
1259 2109 1311 2162 in
1341 2108 1468 2163 sede
1499 2106 1797 2176 majestatis
1825 2121 1968 2170 suae,
2002 2106 2156 2160 sede-

572 2203 700 2258 bitis
730 2212 785 2257 et
814 2218 911 2257 vos
942 2217 1103 2272 super
1131 2200 1287 2255 sedes
1317 2199 1601 2254 duodecim
1622 2239 1636 2264 ,
1667 2197 1982 2265 judicantes
2023 2196 2156 2251 duo-

574 2294 747 2349 decim
778 2293 950 2352 tribus
975 2292 1140 2348 lsrael
1174 2291 1344 2362 (151).
1383 2310 1401 2342 ι
1443 2291 1510 2344 Et
1557 2291 1624 2343 ad
1661 2288 2061 2343 adolescentem
2091 2288 2159 2345 de

574 2386 684 2440 vita
732 2395 934 2441 aeterna
983 2387 1409 2455 interrogantem
1448 2384 1551 2436 ait:
1590 2400 1607 2433 ι
1644 2381 1702 2435 Si
1752 2381 1833 2436 vis
1880 2381 2158 2451 perfectus

574 2492 716 2537 esse,
744 2477 883 2531 vade
914 2485 969 2531 et
998 2475 1171 2529 vende
1197 2474 1404 2539 omnia,
1438 2488 1558 2542 quae
1592 2471 1757 2526 habes
1779 2510 1793 2535 ,
1839 2479 1894 2525 et
1920 2471 1984 2523 da
2021 2484 2157 2539 pau-

575 2568 817 2639 peribus,
852 2576 908 2623 et
938 2566 1090 2631 veni,
1137 2579 1368 2636 sequere
1399 2578 1518 2630 me,
1558 2570 1613 2618 et
1661 2561 1888 2617 habebis
1935 2561 2157 2616 thesau-

577 2676 697 2714 rum
732 2660 785 2714 in
822 2658 959 2714 coelo
989 2657 1158 2729 (155).
1196 2675 1212 2707 ι

649 2753 737 2807 65.
782 2752 874 2807 llis
906 2752 1085 2822 itaque
1117 2750 1245 2805 solis
1279 2748 1586 2805 sanctitatis
1621 2745 1791 2818 patris
1821 2746 1991 2802 nostri
2020 2743 2159 2799 Bru-

577 2845 735 2900 nonis
781 2844 1109 2901 tesdmoniis
1154 2842 1535 2898 sanctissimus
1581 2854 1718 2910 papa
1752 2847 1954 2903 noster,
1988 2838 2163 2893 domi-

578 2956 679 2996 nus
752 2939 863 2995 Leo
916 2938 1161 2994 decimus
1222 2938 1325 2992 hoc
1393 2945 1631 3005 tempore
1691 2932 1937 3003 pontifex
1988 2931 2161 2987 Maxi-

578 3051 699 3091 mus
748 3033 921 3106 (156),
974 3034 1093 3088 sine
1142 3032 1320 3101 aliqua
1374 3027 1760 3084 miraculorum
1814 3025 2164 3096 inquisitione

2257 1926 2323 1981 de
2361 1926 2517 1996 cujus
2571 1920 2917 1978 solemnitate
2942 1916 3193 1991 gaudent
3230 1910 3404 1982 angeli
3447 1920 3496 1965 et
3528 1907 3775 1963 collaudant

2256 2019 2453 2074 Filium
2499 2016 2612 2071 Dei.
2649 2014 2777 2069 Haec
2816 2023 3051 2079 namque
3080 2016 3164 2062 est
3192 2005 3311 2061 dies
3340 2004 3459 2069 illa,
3500 2015 3643 2071 quam
3681 1996 3775 2050 fecit

2260 2111 2539 2167 Dominus.
2596 2108 2755 2171 Dies,
2805 2104 3059 2173 inquam,
3111 2099 3238 2164 illa,
3285 2112 3404 2167 quae
3435 2095 3499 2149 ab
3538 2089 3709 2163 angelis
3738 2088 3776 2141 in

2259 2203 2411 2258 coelis
2440 2200 2717 2262 continua,
2764 2212 2796 2251 a
2828 2195 2985 2251 nobis
3024 2207 3152 2249 vero
3186 2191 3242 2245 in
3287 2192 3447 2244 terris
3485 2186 3548 2241 ad
3582 2183 3660 2238 Dei
3693 2181 3777 2234 lau-

2260 2294 2383 2350 dem
2427 2302 2484 2348 ct
2510 2291 2645 2346 tanti
2675 2288 2855 2344 Patris
2884 2286 3205 2343 memoriam
3238 2296 3417 2337 annua
3443 2277 3692 2335 devotione
3711 2287 3774 2327 re-

2260 2387 2473 2443 colitur.
2527 2383 2875 2439 Exsultemus
2925 2380 3088 2451 igitur
3141 2385 3196 2432 et
3242 2376 3483 2430 laetemur
3527 2371 3574 2426 in
3623 2382 3702 2432 ea,
3740 2374 3779 2416 et

2260 2476 2617 2548 omnipotenti
2658 2476 2799 2541 Deo,
2832 2473 2925 2544 qui
2964 2486 3062 2542 per
3090 2483 3247 2525 suam
3286 2460 3682 2521 misericordiam
3706 2456 3777 2510 hu-

2254 2569 2347 2640 jus
2384 2578 2585 2625 nostrte
2616 2566 2820 2622 militiae
2852 2565 3044 2621 ducem
3076 2571 3129 2617 et
3155 2560 3455 2632 principem
3484 2554 3632 2609 tantis
3653 2564 3704 2604 ac
3721 2558 3779 2640 ta-

2262 2639 2405 2719 libus
2432 2662 2587 2718 donis
2612 2668 2669 2716 et
2696 2658 2889 2731 gratiis
2925 2655 3187 2728 praevenit
3215 2654 3271 2707 in
3300 2652 3385 2706 via
3408 2690 3424 2717 ,
3460 2656 3512 2703 et
3552 2643 3691 2700 tantis
3712 2639 3779 2694 do-

2264 2753 2409 2809 t-ibus
2452 2767 2516 2807 ac
2563 2758 2713 2805 tanta
2763 2748 2937 2821 gloria
2991 2746 3186 2802 deinde
3242 2737 3595 2799 remuneravit
3636 2736 3679 2789 in
3713 2745 3778 2801 pa-

2265 2846 2403 2912 tria,
2454 2846 2645 2916 dignas
2671 2882 2686 2908 ,
2743 2856 2879 2912 quas
2930 2852 3222 2910 possumus
3250 2878 3265 2901 ,
3308 2834 3490 2889 laudes
3537 2837 3586 2883 et
3627 2822 3780 2896 gratias

2265 2937 2542 2995 humiliter
2568 2935 2892 2997 referamus,
2914 2940 2972 2987 et
2995 2930 3242 2999 ejusdem
3265 2927 3439 2984 sancti
3461 2923 3632 2979 merita
3648 2916 3780 2987 dignis

2265 3030 2554 3086 efferamus
2588 3029 2806 3083 laudum
2831 3023 3140 3097 praeconiis.
3180 3021 3514 3089 Praeceptum
3542 3014 3668 3070 enim
3705 3010 3777 3064 ha-

576 3138 886 3193 contentus,
922 3125 1142 3196 dignum
1182 3124 1481 3178 arbitratus
1520 3129 1605 3175 est
1642 3118 1923 3183 etrationi
1969 3132 2161 3173 conso-
2189 3145 2234 3207 ρ
2264 3125 2457 3179 bemus
2505 3123 2571 3178 de
2613 3119 2947 3177 honorandis
2994 3114 3315 3188 parentibus
3347 3152 3363 3178 ,
3410 3110 3593 3166 nedum
3627 3116 3777 3160 carna-

581 3238 744 3287 num,
788 3235 911 3274 eum
933 3258 947 3283 ,
981 3232 1141 3288 quem
1170 3217 1313 3271 Deus
1346 3215 1509 3268 tantis
1546 3214 1598 3267 in
1647 3212 1748 3266 hoc
1778 3211 1976 3266 sreculo
2007 3209 2161 3265 donis

580 3314 858 3384 insignivit
880 3321 934 3367 et
962 3309 1173 3380 gratiis,
1200 3322 1342 3362 nunc
1364 3316 1699 3374 assumptum
1725 3304 1777 3357 in
1799 3301 1967 3358 emlos
1992 3300 2164 3355 tnaxi-

580 3406 685 3460 mis
732 3403 1065 3459 ell‘erendum
1116 3399 1429 3470 praeconiis,
1462 3406 1522 3451 ut
1567 3396 1655 3452 cui
1711 3394 1911 3449 viventi
1942 3394 2167 3449 dederat

583 3498 940 3565 Omnipotens
965 3509 1058 3549 cor
1085 3492 1153 3545 ad
1182 3499 1512 3562 prmceptum
1553 3499 1607 3542 et
1650 3486 1821 3558 legem
1850 3487 1974 3541 vitae
2002 3494 2056 3541 et
2087 3486 2167 3542 di-

582 3588 854 3658 sciplinae,
883 3586 1058 3640 eidem
1089 3599 1231 3638 nunc
1252 3622 1266 3648 ,
1298 3584 1438 3653 apud
1480 3582 1733 3636 thronum
1761 3579 1957 3634 divina:
1983 3578 2168 3650 gloriae

582 3678 917 3751 quiescenti,
962 3675 1157 3731 debita:
1197 3673 1501 3729 devotionis
1537 3671 1857 3742 obsequium
1889 3671 2169 3741 impenda-

584 3782 673 3827 tur
702 3771 757 3825 in
789 3770 970 3826 terris.
1018 3767 1085 3822 Et
1111 3774 1395 3837 propterea
1426 3764 1597 3819 voluit
1622 3765 1765 3819 idem
1798 3762 2038 3834 pontifex
2065 3802 2080 3827 ,
2113 3770 2169 3817 et

595 3858 751 3920 nobis
790 3870 845 3919 et
884 3860 1063 3916 ordini
1109 3870 1293 3917 nostro
1338 3857 1632 3928 apostolica
1674 3855 2001 3911 auctoritate
2042 3868 2171 3909 con-

586 3955 752 4013 cessit
778 3993 794 4023 ,
820 3963 879 4010 ut
919 3954 972 4010 iu
1001 3952 1228 4025 singulis
1254 3951 1501 4007 domibus
1540 3949 1707 4004 totius
1755 3948 1927 4004 nostri
1964 3944 2171 4001 ordinis

586 4057 645 4105 et
679 4063 867 4104 earum
893 4045 1140 4102 ecclesiis
1168 4044 1266 4100 seu
1294 4042 1512 4113 capellis
1552 4041 1751 4096 festum
1788 4038 2032 4111 ejusdem
2074 4053 2171 4109 pa-

592 4140 691 4197 tris
728 4137 899 4194 nostri
940 4135 1210 4191 Brunonis
1244 4131 1576 4189 confessoris
1616 4130 1774 4186 annis
1813 4127 2042 4200 singulis
2083 4127 2173 4182 die

587 4239 743 4290 sexta
786 4228 992 4287 mensis
1020 4225 1297 4293 Octobris,
1325 4239 1431 4295 qua
1461 4224 1548 4279 die
1577 4222 1668 4279 illa
1705 4220 1822 4292 ejus
1854 4221 2014 4276 beata
2053 4218 2171 4273 ani~

586 4340 711 4390 ma,
756 4321 941 4380 carnis
971 4318 1203 4377 vinculis
1245 4326 1441 4384 exuta,
1474 4315 1543 4372 ad
1569 4312 1813 4372 coelestia
1858 4326 2025 4384 regna
2067 4310 2172 4367 tli-

588 4416 797 4488 gravit,
852 4412 1169 4471 solemniter
1217 4409 1433 4468 colatur
1474 4407 1670 4479 (157),
1719 4413 1776 4462 et
1817 4418 2059 4475 congrua
2108 4416 2176 4458 ac

2266 3215 2427 3281 libus,
2458 3214 2553 3269 sed
2588 3221 2641 3268 et
2677 3221 2827 3265 tanto
2873 3208 3045 3279 magis
3088 3207 3210 3271 his,
3252 3204 3346 3275 qui
3392 3217 3485 3257 nos
3526 3199 3576 3253 in
3610 3192 3778 3251 Christo

2266 3313 2607 3376 genuerunt,
2642 3300 3036 3373 spiritualibus.
3091 3297 3249 3353 Unde
3278 3296 3531 3366 scriptum
3580 3297 3651 3344 est
3690 3283 3779 3353 quia

2268 3395 2439 3466 gloria
2478 3394 2715 3450 hominis
2743 3409 2809 3449 ex
2840 3393 3046 3447 honore
3071 3388 3247 3459 patris
3276 3386 3359 3443 sui
3393 3391 3501 3449 est,
3530 3389 3577 3435 et
3602 3376 3781 3433 dedccns

2269 3488 2365 3542 lilii
2405 3496 2561 3558 pater
2597 3486 2714 3541 sine
2759 3487 3004 3549 honore;
3054 3490 3109 3538 et
3144 3481 3308 3552 quia,
3352 3477 3441 3548 qui
3486 3476 3686 3530 honorat
3718 3480 3783 3558 pf!-

2272 3556 2422 3635 trem
2438 3595 2625 3645 suum,
2659 3578 2769 3633 vita
2797 3576 2940 3631 vivet
2971 3572 3241 3645 longiori,
3278 3581 3333 3627 et
3370 3562 3716 3639 jucundabitur
3745 3556 3783 3609 in

2273 3671 2419 3736 filiis,
2448 3679 2503 3726 et
2531 3671 2586 3724 in
2621 3670 2708 3725 die
2732 3666 2999 3741 orationis
3043 3678 3155 3721 sua:
3182 3661 3523 3723 exaudietur,
3566 3661 3614 3711 et
3644 3660 3784 3741 Supet"

2272 3766 2452 3820 veniet
2488 3763 2539 3819 ei
2578 3759 2886 3818 benedictio
2918 3740 2963 3813 at
2998 3757 3136 3823 Deo,
3177 3762 3235 3811 et
3275 3748 3570 3810 benedictio
3608 3742 3722 3800 illius
3745 3737 3784 3791 ia

2273 3857 2568 3913 novissimo
2600 3861 2784 3910 manet
2810 3850 2979 3922 (160).

2343 3948 2432 4003 65.
2474 3947 2713 4019 Agamus
2748 3921 2969 4014 insuper
2997 3942 3106 3997 Deo
3135 3939 3328 3996 laudes
3364 3947 3418 3993 et
3449 3931 3651 4007 gratias,
3687 3921 3785 3994 qui.

2273 4042 2415 4098 sicut
2451 4048 2577 4112 post
2598 4037 3021 4110 quadringentos
3051 4041 3107 4088 et
3146 4031 3365 4102 triginta
3404 4036 3615 4082 annosa
3647 4024 3786 4084 ΜΡΝ·

2275 4132 2539 4189 missione
2570 4129 2713 4185 facta
2763 4126 3021 4193 Abralne,
3075 4124 3215 4179 ﬁlios
3279 4118 3443 4177 lsrael
3492 4129 3583 4187 per
3618 4114 3786 4165 manu!“

2274 4222 2449 4298 Moysi
2508 4222 2575 4279 de
2623 4220 2886 4279 servitute
2931 4216 3319 4289 Egyptiorum
3365 4200 3788 4298 liberavit,

2273 4290 2421 4375 nunc
2463 4328 2586 4390 post
2640 4315 2865 4373 totidem
2925 4325 3097 4368 annos
3123 4351 3139 4377 ,
3178 4307 3593 4381 quadringentos
3630 4290 3786 4390 scilice'

2265 4421 2332 4471 et
2360 4380 2580 4483 triginta
2602 4450 2619 4479 ,
2656 4410 2802 4466 hunc
2826 4406 3050 4462 Patrem
3082 4380 3331 4459 nostrum
3353 4438 3367 4466 ,
3393 4405 3447 4454 et
3471 4409 3563 4466 per
3585 4401 3686 4446 eum
3705 4380 3775 4436 ῐιιη

589 4480 1090 4565 ἇθὺίιανόενοιίοηθ
1117 4501 1445 4568 celebretur,
1470 4498 1697 4571 ejusque
1720 4509 1921 4567 corpus
1964 4502 2021 4550 et
2061 4506 2173 4549 me-
2198 4488 2253 4553 D
2277 4480 2460 4563 data“;
2482 4505 2700 4562 domum
2738 4498 3050 4572 praedictam
3073 4493 3245 4551 mea
3269 4486 3523 4562 διοριιεηί
3539 4496 3625 4572 μγ
3643 4480 3789 4572 inanes

591 4597 768 4655 moria
809 4595 987 4670 dignis
1038 4596 1094 4653 in
1153 4594 1383 4653 Domino
1430 4589 1684 4649 laudibus
1729 4593 2062 4658 veneretur,
2118 4590 2175 4644 et

668 4776 813 4849 (l5l)
855 4776 1391 4849 Ecclesiasticixstv,
1418 4773 1567 4849 3}.”
1668 4810 1676 4818 .

693 4842 815 4917 152)
855 4848 1144 4917 Sapientiae
1167 4861 1264 4913 vn,
1282 4847 1383 4917 10,
1410 4842 1596 4901 15-14.

692 4915 816 4991 155)
858 4915 1107 4991 blattbtei
1123 4932 1241 4983 χιι,
1269 4915 1362 4972 29.

694 4988 816 5054 154)
855 4989 1011 5054 lbid.,
1041 4988 1110 5042 27
1142 4997 1198 5043 et
1223 5000 1340 5054 seq.

691 5054 815 5121 155)
854 5058 931 5115 Ita
955 5058 1069 5115 fere
1094 5059 1259 5114 etiam
1287 5054 1444 5121 ibid.,
1470 5055 1563 5109 21.

669 5118 815 5205 (156)
857 5129 1088 5205 Scripsit
1132 5118 1517 5205 hang_§aneti
1554 5122 1723 5205 nostri
1756 5118 2179 5205 Vit’am_Puteaf

594 5192 697 5257 nus
749 5192 891 5257 anno
943 5192 1163 5255 circiter
1211 5197 1381 5262 I515;
1443 5194 1551 5251 Leo
1598 5203 1779 5249 autem
1822 5192 1868 5247 X
1912 5193 1980 5246 ab
2033 5203 2179 5262 anno

594 5273 734 5328 1515
784 5274 849 5328 ad
898 5284 1099 5325 annum
1147 5282 1317 5339 usque
1364 5265 1495 5321 1521
1554 5264 1611 5320 S.
1669 5263 1816 5319 Petri
1860 5261 2177 5317 cathedram

594 5346 895 5400 occunavit.

666 5361 988 5486 lEunt
1018 5410 1207 5486 Leo}
1234 5424 1372 5483 papa
1401 5413 1646 5486 sanctum
1678 5412 1922 5486 nostrum
1954 5399 2178 5486 canopi:

593 5477 810 5540 zationé
834 5499 931 5539 nec
964 5481 1200 5548 formali,
1232 5477 1334 5537 nec
1361 5477 1747 5551 tequipollenti,
1794 5487 1915 5551 qua)
1945 5481 2178 5551 utraque

596 5557 775 5611 cultus
802 5563 1126 5625 praeceptum
1159 5541 1446 5625 importat,
1478 5541 1684 5625 sanctis
1725 5541 2059 5625 ascripserit,
2081 5541 2177 5620 sed

596 5611 829 5690 tantum',
870 5634 929 5680 ut
978 5611 1352 5679 commentarii
1384 5611 1571 5691 praevii
1616 5618 1643 5691 ᾗ
1694 5616 1883 5691 ultimo
1931 5611 2174 5691 probavi,

597 5682 997 5765 beatiﬁcatione
1022 5682 1410 5765 aaquipollenti',
1437 5705 1534 5761 per
1554 5682 1724 5765 solam
1748 5682 1945 5765 cultus,
1969 5697 2089 5753 qua:
2123 5682 2176 5763 in

599 5752 890 5822 cardiualis
942 5752 1221 5834 Papiéns-is
1281 5752 1502 5830 litteris,
1547 5756 1935 5815 Commentarii
1988 5752 2176 5824 ’pratvii

795 4994 816 5203 ξ

2277 4557 2887 4666 ξίέιῖιῖἱῖέέῑεὶειδῐίε,
2913 4584 3150 4645 Romani
3188 4557 3503 4656 pontillcis,
3542 4561 3715 4629 Christi
3749 4557 3789 4612 in

2280 4770 2410 4846 με
2431 4767 2593 4835 δείξει
2619 4742 3788 4846 «primum_vs.ree§!99sn&?2:m

2280 4803 2309 4846 3
2339 4803 2410 4826 ειν
2431 4803 2593 4835 unm,
2619 4803 2744 4838 σιγι
2757 4803 2966 4828 ιιι-ηιμ,
2997 4803 3409 4834 run-"ww"-..
3439 4803 3539 4809 -_-,
3577 4803 3591 4815 ,
3702 4803 3718 4806 -
3756 4803 3764 4811 ,

2272 4845 2417 4914 phus
2454 4850 2661 4914 noster,
2680 4852 2823 4914 qua:
2858 4832 3080 4914 veritati
3093 4902 3105 4913 υ
3118 4838 3399 4914 accurate
3413 4803 3790 4914 optimum

2278 4873 2417 4914 lluua
2454 4873 2661 4906 ..υυιυη
2701 4873 2823 4907 qu...
2867 4873 3073 4889 .ν.......
3118 4873 3375 4886 -..ν-.-.ν
3417 4873 3560 4881 --η-ν
3765 4873 3772 4879 .

2278 4927 2385 4968 non
2409 4909 2621 4974 scribit,
2648 4907 2694 4963 si
2724 4921 2823 4976 per
2846 4902 3106 4976 praeteriti
3143 4873 3788 4976 temporisverbgt‘njﬂ'f

2277 4954 2873 5047 ἰὶἷὲἱιῖῑίίῖἶῖιῑίιῆςῐιζ
2885 4954 3057 5044 ὶιῖιὲιὶῑ
3071 4954 3185 5042 per
3208 4954 3472 5040 plantaria
3504 4956 3668 5015 itidem
3689 4954 3788 5000 tem-

2276 5050 2678 5124 porisxetlzum
2705 5048 2957 5124 ίηίιρξιπίι·
3217 5122 3253 5124 η
3291 5123 3294 5124 ,
3420 5092 3634 5124 ε

2350 5080 3179 5194 (15ἐῖἥὲἓό’ξὶἴιῗίξῖιῖἶέξιοτυηε
3209 5105 3391 5194 sancti,
3405 5080 3788 5194 PP'PPEJSJI'IJ

2278 5164 3116 5267 ritahvaVISr-Stephani:ecélesia
3166 5175 3459 5267 honorifice
3500 5164 3787 5267 ἑῇς.ῐέᾘί

2280 5221 2457 5248 ΙΊιὶΙΙΙα
2492 5221 2551 5245 σε
2590 5221 2848 5259 υιῠγιιιιιιι
2888 5221 3116 5240 Qun-uin“
3166 5221 3458 5235 "VI-VI-uvv
3501 5221 3575 5225 --κ
3760 5221 3766 5227 .

2278 5278 2468 5319 verum
2496 5262 2549 5315 in
2578 5258 2809 5315 ecclesia
2841 5256 2900 5310 S.
2945 5254 3129 5309 Maria:
3169 5221 3769 5319 verosimiliuggl‘fﬁffg

2279 5297 3468 5392 nisiKt't'atiiH."‘K‘Zfi'MittiﬁﬁiraéviEum.
3497 5307 3585 5364 731
3612 5311 3659 5360 et
3679 5297 3789 5351 bim

2278 5419 2499 5545 δαῗῗὲθ)
2537 5468 2890 5545 Bellen“!
2912 5465 3127 5545 ιίιιετθε.
3146 5432 3787 5545 anastohsaaﬂﬁib'lil“;

2350 5503 2499 5545 μυξη
2537 5503 2745 5525 unum"
2785 5503 2880 5523 δνιι
2912 5503 3119 5520 num-uo
3146 5503 3488 5530 ..γυνη-η--.
3523 5503 3544 5518 τ

2264 5542 2523 5615 pontifex
2552 5541 2644 5595 ille
2672 5538 2823 5615 fecit,
2852 5533 3239 5615 Commentarii
3278 5526 3461 5602 praevii
3488 5531 3623 5577 num.
3645 5503 3728 5564 754
3748 5504 3789 5554 οι

2284 5605 2454 5671 iribus
2478 5627 2631 5682 seqq.
2660 5611 2907 5682 integras
2925 5605 3074 5682 dedi.

2354 5652 2906 5757 ξ’ῐξοῗὲιὶὶὶιιόᾞῖῗίὲἶ
2925 5652 3292 5733 ἐὲἔὶἐιείαειίοῑ
3327 5684 3408 5736 ιιι,
3440 5664 3493 5731 6,
3526 5660 3575 5727 -ι,
3604 5652 3678 5709 ts.
