3860 6326
110 394 208 451 525

1650 401 1848 458 ACTA.

3262 417 3368 474 526

113 510 266 566 terris
308 509 541 579 vicarii,
588 511 654 568 de
708 526 871 567 manu
922 512 1223 569 alienorum
1279 514 1577 578 redimere,
1636 525 1691 573 et
1721 520 1767 575 A
1796 528 1875 583 te,
1905 519 2234 589 poterimus,
2287 522 2752 595 imitemurbujus
2781 525 2958 585 Patris
3000 531 3170 587 nostri
3220 533 3373 593 beati

110 601 201 656 sub
228 601 394 657 nostri
430 603 643 658 ordinis
672 604 1072 674 possessionem
1124 612 1179 660 et
1206 605 1572 662 obedientiam
1606 623 1689 663 re-

110 695 322 750 stituere
352 696 609 766 dignatus
649 705 752 753 est.
785 695 886 753 Tot
915 698 1060 752 enim
1102 699 1229 752 anni
1252 732 1268 763 -,
1303 699 1686 772 quadringenti

109 787 301 841 scilicet
326 797 383 842 et
413 788 631 859 triginta
652 828 667 854 ,
695 798 1060 844 numerantur
1094 791 1163 845 ab
1197 789 1439 858 ejusdem
1478 793 1688 848 ordinis

109 877 283 941 initio,
331 878 492 947 quasi
542 878 777 947 quodam
827 880 1010 935 divino
1051 882 1356 951 praesagio,
1404 898 1576 951 usque
1618 885 1687 939 ad

106 982 295 1022 annum
326 967 679 1024 millesimum
715 970 1209 1041 quingentesimum
1252 982 1508 1042 quartum
1542 974 1688 1029 deei-

109 1074 237 1112 mum
274 1058 463 1130 (Nil),
507 1075 616 1131 quo
656 1075 800 1116 anno
843 1062 983 1117 idem
1027 1062 1269 1131 pontifex
1298 1064 1545 1119 eumdem
1581 1065 1680 1119 Pa-

108 1158 231 1205 trem
261 1160 516 1207 nostrum
543 1163 599 1207 et
635 1153 839 1208 dictam
879 1152 995 1222 ejus
1040 1155 1291 1220 domum,
1347 1156 1400 1209 in
1446 1171 1585 1225 qua,
1629 1168 1687 1211 ut

101 1242 198 1311 jam
226 1259 374 1313 saepe
422 1245 626 1300 dictum
666 1254 780 1310 est,
830 1247 1083 1302 conditus
1114 1246 1289 1314 jacet,
1344 1263 1374 1302 a
1425 1250 1684 1318 prmdicta

105 1333 357 1389 servitute
388 1334 658 1391 liberavit.
683 1336 750 1391 Et
771 1338 899 1406 quia
930 1346 1056 1394 tunc
1082 1340 1372 1395 Dominum
1400 1341 1451 1394 in
1480 1344 1684 1398 sanctis

106 1422 232 1490 eius,
256 1433 322 1480 et
350 1437 570 1481 sanctos
601 1428 653 1481 in
704 1427 935 1484 Domino
966 1430 1127 1500 digne
1161 1445 1486 1485 veneramur
1511 1442 1563 1487 et
1591 1448 1685 1489 co-

105 1513 279 1581 limus,
316 1532 440 1571 cum
472 1527 787 1574 sanctorum
817 1520 1048 1577 virtutes
1080 1529 1134 1577 et
1171 1538 1353 1578 mores
1405 1524 1684 1580 imitamur

106 1611 151 1658 et
186 1606 495 1676 sequimur,
522 1607 663 1662 sicut
686 1618 742 1663 et
768 1608 858 1664 ille
885 1610 1054 1665 Deum
1081 1610 1322 1681 perfecte
1349 1611 1553 1680 diligit,
1587 1614 1680 1682 qui

106 1694 206 1765 ejus
235 1698 502 1753 mandata
531 1700 789 1757 custodit.

162 1786 241 1842 66.
290 1788 584 1860 Propterea
611 1832 627 1857 ,
677 1794 1016 1850 venerabiles
1052 1804 1240 1865 patres
1281 1804 1335 1851 et
1381 1795 1578 1854 fratres
1626 1800 1678 1853 in

1791 609 2062 667 Brunonis
2092 628 2272 671 mores
2317 625 2373 671 et
2416 618 2665 688 vestigia.
2726 618 2893 676 Decet
2922 622 3066 676 enim
3121 622 3262 680 filios
3300 628 3373 683 si-

1791 703 1946 759 miles
1971 719 2090 761 esse
2122 708 2294 777 patri,
2324 724 2445 764 eum
2479 710 2738 768 Dominus
2758 752 2773 777 ,
2803 713 2868 767 de
2898 714 3075 783 seipso
3102 714 3331 787 loquens
3352 758 3371 787 ,

1790 793 1932 848 dicat
1964 811 2068 850 non
2098 812 2256 867 posse
2284 798 2477 854 Filium
2507 818 2537 856 a
2579 818 2636 857 se
2663 803 2847 859 facere
2888 806 3183 877 quidquam
3208 848 3224 874 ,
3262 808 3372 865 nisi
3470 803 3481 810 ’

1787 886 1929 955 quod
1959 887 2154 943 viderit
2178 889 2390 945 Patrem
2420 891 2727 949 facientem.
2760 895 2826 950 Et
2854 896 2998 965 quod
3035 912 3373 968 qumcunque

1789 975 1877 1030 ille
1902 975 2251 1042 fecerit,ha3c
2265 989 2319 1035 et
2342 980 2481 1037 filius
2511 984 2758 1039 similiter
2786 984 2950 1041 faciat
2976 986 3147 1057 (162).
3175 988 3374 1056 Quem-

1788 1064 2077 1119 admodum
2144 1067 2305 1136 igitur
2349 1068 2437 1124 ille
2492 1071 2647 1135 fecit,
2687 1073 2758 1127 ita
2808 1083 2862 1129 et
2911 1091 3008 1131 nos
3050 1076 3256 1146 pariter
3291 1077 3373 1133 fa-

1784 1155 2012 1211 ciamus.
2040 1156 2457 1215 CarthuSienses
2483 1162 2625 1216 enim
2657 1177 2844 1218 sumus
2863 1206 2876 1228 ,
2906 1175 2961 1219 et
2987 1182 3016 1221 a
3041 1165 3332 1223 Carthusia
3353 1209 3369 1233 ,

1787 1257 1846 1303 ut
1894 1249 2007 1319 jam
2069 1249 2412 1317 audivimus,
2460 1268 2661 1309 nomen
2702 1258 3035 1325 accepimus.
3082 1258 3373 1316 Carthusia

1785 1350 1966 1396 autem
2008 1339 2165 1410 juxta
2220 1343 2601 1415 etymologiam
2648 1347 2732 1401 sui
2784 1349 3021 1404 nominis
3075 1352 3372 1407 secundum

1785 1431 2173 1501 Hieronymum
2231 1431 2282 1485 in
2334 1432 2781 1504 interpretatione
2831 1436 3222 1494 Hebraicorum
3273 1456 3372 1495 no-

1783 1521 1989 1576 minum
2016 1520 2161 1575 dicta
2192 1528 2278 1574 est
2306 1536 2336 1575 a
2367 1524 2612 1590 ehartus,
2645 1528 2789 1596 quod
2828 1528 3220 1599 interpretatur
3253 1546 3372 1599 per-

1784 1613 1913 1681 fecte
1942 1620 2175 1675 vocatus,
2216 1611 2301 1666 vel
2340 1614 2571 1684 perfecta
2604 1619 2838 1696 uacatio;
2862 1628 2928 1696 .et
2969 1621 3054 1686 ia,
3103 1621 3247 1689 quod
3286 1630 3371 1677 est

1781 1704 2031 1760 dominus
2076 1700 2163 1757 vel
2198 1706 2521 1772 dominator,
2572 1695 2725 1779 quasi
2771 1725 2800 1764 a
2848 1695 3076 1767 Domino
3121 1712 3370 1781 perlecta

1780 1801 2018 1866 vacatio;
2050 1810 2105 1855 et
2153 1802 2276 1856 inde
2313 1800 2707 1857 Carthusianus
2747 1802 2921 1857 dictus
2959 1811 3073 1869 est,
3108 1811 3365 1873 tanquam

104 1876 301 1935 Christo
350 1882 731 1950 dilectissimi,
773 1885 818 1940 si
863 1888 975 1941 veri
1022 1888 1117 1941 tilii
1163 1903 1381 1956 sumus,
1428 1906 1533 1944 non
1581 1892 1674 1945 de-
1710 1884 1750 1938 Β
1782 1893 2063 1949 aDomino
2082 1893 2323 1965 perfecte
2342 1894 2428 1950 vel
2451 1893 2516 1949 ad
2539 1894 2932 1965 perfectionem
2956 1895 3363 1969 vocatus(l63).

106 1984 323 2039 generes,
351 1988 669 2045 sequamur,
696 1985 751 2031 et
780 1987 1042 2048 quantum
1062 2019 1077 2047 ,
1111 1979 1338 2036 Domino
1371 1996 1672 2051 cooperan-

162 2149 299 2230 (εει)
338 2153 505 2230 Anno
552 2153 758 2211 scilicet
806 2157 963 2230 1084,
1024 2173 1129 2228 quo
1175 2169 1397 2214 sanctus
1445 2160 1669 2229 ejusque

109 2220 820 2303 socii.Carthusi:e_et_-e_mum
844 2220 1076 2303 primum
1105 2240 1232 2282 sunt
1255 2220 1504 2301 ingressi,
1536 2220 1670 2285 Car-

109 2290 378 2369 musiensis
401 2295 535 2369 ordo
563 2295 775 2369 initium
812 2290 1086 2369 accepisse
1115 2290 1389 2355 censetur.

162 2360 295 2431 (162)
334 2361 564 2419 Joannis
598 2382 647 2428 v,
689 2366 777 2422 19.

161 2431 303 2513 ςιθςν),
339 2432 461 2513 Non
492 2451 663 2513 pauca
691 2437 885 2513 adhuc,
918 2453 1038 2513 qua:
1062 2453 1166 2493 non
1193 2453 1348 2513 secus
1376 2447 1539 2513 atque
1554 2441 1666 2510 jam

108 2499 207 2582 data
244 2502 385 2557 Vita:
415 2499 789 2582 _S‘.-Bru_nonis
819 2499 1037 2563 nomine
1080 2512 1288 2565 notavit
1324 2499 1668 2582 vulgavitque

108 2567 373 2651 Puteanus,
414 2574 505 2629 hic
531 2576 891 2651 adjiciuntur;
926 2594 1110 2633 verum
1152 2596 1275 2634 eum
1314 2567 1447 2635 nihil
1485 2567 1663 2651 plane,

110 2642 222 2727 quod
247 2658 277 2696 a
319 2642 755 2727 sancto'gestum
792 2642 884 2727 sit,
924 2651 1376 2727 complectantur,
1423 2642 1664 2727 tantum;

109 2726 191 2794 que
216 2729 331 2794 una.
362 2730 490 2769 cum
525 2718 615 2794 iis,
648 2732 768 2786 quae
798 2720 971 2794 tribus
999 2720 1203 2794 ultimis
1235 2722 1475 2794 numeris
1505 2724 1664 2776 modo

111 2781 176 2834 hic
215 2783 359 2862 dedi,
406 2781 716 2862 orationem
760 2789 826 2842 ad
872 2788 1263 2862 Carthusianos
1307 2793 1663 2847 hortatoriam

108 2858 526 2930 constituant,_ab
548 2858 655 2930 iis,
684 2873 802 2930 cum
837 2860 1033 2913 merito
1061 2876 1158 2929 pro
1190 2872 1344 2930 parte
1382 2862 1514 2916 Vitae
1540 2879 1665 2917 sau-

109 2925 162 2997 c_ti
182 2925 561 2997 nostrighaberi
596 2927 736 2980 haud
764 2939 986 2997 queant,
1019 2925 1365 2986 recensendis
1388 2933 1662 2988 abstinen-

109 2989 206 3071 dum
240 2994 389 3071 duxi.
436 2996 512 3049 Ea
553 2989 797 3071 interim,
838 2989 1040 3071 quae'in
1088 3001 1173 3055 hic
1204 3003 1599 3071 suppeditatum
1632 3018 1660 3055 a

109 3056 372 3142 giograplio
395 3076 592 3142 nostro
608 3056 906 3142 Carthasim
927 3056 1663 3142 etymologiat'n'Theophilus

110 3126 410 3208 ilafnaudtts
451 3136 505 3208 in
560 3136 756 3208 Stylita
798 3126 1049 3208 mystic'o,
1102 3126 1298 3208 puncto
1329 3142 1381 3207 4,
1430 3126 1579 3195 ιιιῖιιι.
1630 3144 1661 3196 9

109 3201 343 3281 eliservat,
378 3201 688 3281 _lubetAliic_
733 3201 920 3281 lecturi
968 3201 1286 3279 proponere.
1343 3201 1434 3266 Sic
1480 3213 1661 3281 itaque

110 3270 285 3351 ibidem.
303 3275 472 3351 habet
504 3295 516 3329 :
548 3276 816 3351 Quidquid
844 3281 911 3332 sit
946 3270 1010 3333 de
1041 3270 1175 3333 vocis
1213 3283 1539 3351 (Carthasim
1573 3270 1657 3335 iii-

110 3343 981 3419 miruniioriginatione'primteva,
1027 3352 1145 3418 quis
1179 3343 1320 3419 neget
1365 3354 1432 3404 ad
1473 3354 1658 3406 verita-

1769 2164 1857 2233 qui
1879 2158 2458 2233 sciatn,rante_apulsos
2482 2158 2605 2212 illuc
2646 2158 2705 2213 S.
2736 2157 3043 2233 ‘Brunonem
3076 2174 3137 2211 ac
3187 2152 3358 2211 socios

1768 2228 1821 2288 id
1860 2233 1978 2303 jam
2013 2232 2174 2303 fuisse
2209 2230 2598 2303 locounomen,
2629 2241 2684 2282 ut
2728 2228 2886 2303 liquet
2916 2245 2985 2303 ex
3012 2244 3212 2303 cap._tx
3242 2238 3367 2303 et};

1770 2296 2020 2356 Actorum
2044 2320 2071 2353 a
2097 2300 2258 2354 Surio
2283 2299 2489 2353 scilicet
2516 2296 2785 2353 editorum
2830 2299 2888 2352 S.
2915 2296 3206 2352 Brundnis.
3238 2296 3363 2350 Nisi

1769 2373 1955 2441 si'post
1997 2376 2299 2424 sanctorum
2329 2368 2436 2421 illic
2468 2369 2841 2441 habitationem
2872 2378 2917 2421 et
2960 2377 3201 2441 eajceptas
3241 2366 3357 2441 illic

1770 2436 1938 2496 ab'eis
1968 2441 2346 2494 macerationes
2377 2449 2422 2492 et
2464 2438 2791 2492 contusiones
2819 2438 3054 2497 corporis
3068 2436 3091 2500 ,⁷
3134 2436 3356 2505 contigit

1767 2513 1991 2567 inditam
2042 2523 2167 2563 tunc
2214 2508 2615 2579 appellationem
2664 2508 2944 2561 retrotralti
2990 2508 3058 2579 ad
3116 2517 3355 2579 tempus,

1765 2586 2072 2651 priusquam
2091 2598 2120 2634 a
2145 2576 2355 2651 Sanctis
2380 2578 2714 2651 incoleretur,
2739 2578 2997 2651 siquando
3020 2578 3083 2630 de
3107 2576 3362 2651 anteriori

1767 2645 1857 2705 illo
1884 2645 2112 2719 tempore
2142 2649 2392 2703 incideret
2427 2665 2617 2719 sermo.
2663 2645 2947 2719 Namripsa
2980 2663 3185 2717 quoque
3216 2645 3361 2719 Scri-

1765 2732 1921 2790 ptura
1956 2716 2261 2789 plerumque
2289 2719 2503 2772 nomina
2534 2718 2765 2771 lucorum
2796 2716 3019 2790 desumit
3049 2735 3078 2770 a
3104 2716 3361 2786 posterio-

1769 2787 1910 2845 ribus
1949 2787 2235 2852 eventibus,
2270 2798 2323 2841 ut
2344 2792 2463 2854 fuse
2493 2789 2823 2857 prosequitur
2848 2787 2907 2841 S.
2935 2787 3359 2857 Chrysostomus.

1768 2862 2018 2926 Quamvis
2067 2860 2227 2929 igitur
2269 2860 2473 2929 notatio
2501 2859 2724 2910 nominis
2769 2857 3088 2923 Cartltusia’,
3131 2874 3161 2909 a
3203 2871 3360 2909 carne
3412 2904 3415 2907 .

1766 2941 1883 2985 tusa
1918 2940 1965 2983 et
1989 2928 2282 2991 maserata,
2315 2928 2477 2981 videri
2511 2929 2669 2995 possit
2710 2929 2941 2990 incerta;
2986 2936 3159 2979 tamen
3209 2935 3359 2978 nota-

1765 3002 1894 3054 tioni
1936 3000 2015 3053 illi
2061 2999 2295 3069 subjecta
2342 2999 2486 3050 notio
2522 2998 2798 3069 perspicue
2826 3007 2916 3069 est
2957 2997 3026 3069 ad
3069 2997 3356 3049 veritatem.

1766 3071 2008 3135 Quadrat
2041 3065 2167 3123 sane
2195 3069 2360 3121 multo
2392 3068 2577 3136 magis,
2624 3083 2784 3135 quant
2818 3066 2912 3136 illa
2951 3065 3079 3130 alia,
3126 3082 3219 3136 pro
3252 3080 3359 3136 qua

1764 3134 1910 3208 (post
1949 3139 2250 3208 Puteanum
2280 3134 2619 3208 nctnpevhic)
2638 3134 2838 3206 satagit
2869 3134 3072 3208 Petrus
3100 3135 3354 3208 ‘Sutoris,

1763 3203 2005 3264 d'erivans
2039 3206 2336 3263 Cartltusite
2384 3203 2711 3269 vocabulum,
2762 3203 2793 3258 ὰ
2843 3204 3039 3273 duplici
3092 3203 3354 3257 Hebraica

1763 3297 1903 3344 voce,
1952 3294 2178 3350 quarum
2218 3277 2384 3350 altera
2417 3275 2634 3331 Caurus
2672 3277 2821 3350 juxta
2851 3274 2917 3350 Δ8.
2971 3274 3354 3350 "ierant/gnum

1766 3344 2050 3418 perfectam
2074 3349 2397 3403 vocationem
2425 3356 2605 3418 sonet;
2631 3347 2819 3418 altera,
2841 3347 2937 3398 hoc
2960 3356 3057 3408 est,
3085 3360 3159 3406 ιΑ.
3176 3344 3354 3418 Deum

110 3415 185 3460 lat
204 3414 398 3488 dixisse
416 3414 563 3480 eum,
587 3418 674 3486 qui
698 3416 993 3473 Carthusia:
1015 3414 1200 3473 nomen
1236 3414 1266 3474 ἷι
1290 3438 1447 3476 carne
1473 3433 1589 3476 lusa
1613 3434 1659 3475 et
1692 3425 1731 3480 C
1766 3414 2023 3488 designet,
2055 3420 2209 3488 itaiut
2234 3432 2414 3488 sensus
2438 3417 2524 3477 sit,
2559 3416 2896 3488 (Jarthusiam
2928 3432 3036 3468 esse
3066 3414 3351 3488 perfectam

110 3493 339 3557 gereretur
364 3487 568 3538 dictum
609 3488 789 3550 videri,
818 3490 1129 3557 a/ﬁt‘tnavit?
1164 3490 1479 3545 l’rimtvt'am
1521 3494 1658 3546 hunc

112 3546 237 3610 [tisse
263 3556 667 3625 originationem
693 3546 1043 3627 ltujusuvocis,
1067 3577 1297 3614 asserere
1331 3578 1431 3615 non
1460 3564 1651 3624 ausim,

1766 3481 2089 3543 vocationem
2122 3487 2238 3541 Dei.
2265 3486 2389 3540 Haec
2417 3488 2551 3541 adde
2583 3487 2668 3551 iis,
2695 3500 2813 3555 qum
2835 3481 3137 3540 Comment.
3162 3481 3354 3554 prmvii

1767 3575 1913 3613 num.
1950 3559 2021 3613 28
2057 3558 2199 3615 dicta
2224 3565 2368 3613 sunt.

111 3711 2698 3741 Ἢ

1196 3896 1545 4015 VITA
1667 3895 2265 4041 TERTIA,

504 4161 554 4221 E
580 4161 747 4225 Vitis
779 4178 894 4241 per
927 4163 1285 4225 Puteanum
1320 4171 1380 4227 et
1420 4164 1969 4227 Blomenvennam
2009 4162 2291 4242 scriptis,
2326 4178 2361 4225 a
2390 4162 2583 4226 Surio
2616 4161 2903 4225 collecta.

578 4536 806 4597 CAPUT
852 4537 1142 4595 PRIMUM.

120 4642 380 4717 Defunctus,
407 4668 523 4707 sese
557 4652 889 4723 damnatum,
932 4669 960 4707 e
989 4657 1180 4723 feretro
1219 4652 1422 4722 publice
1450 4653 1659 4721 procla-

169 4733 278 4788 mat;
312 4722 599 4793 spectaculi
629 4723 789 4793 hujus
820 4722 1091 4793 occasione
1130 4724 1185 4777 in
1225 4723 1559 4777 solitudinem
1589 4724 1659 4777 ad

166 4792 497 4863 penitentiam
518 4792 775 4863 agendam
796 4794 1033 4849 secedere
1048 4792 1287 4849 Sanctus
1308 4793 1513 4858 statuit,
1538 4809 1657 4847 cum

168 4859 341 4932 {liquot
389 4863 532 4926 aliis,
556 4859 701 4932 :quos
742 4865 813 4917 ad
849 4865 988 4918 idem
1030 4862 1331 4932 faciendum
1369 4866 1549 4928 movit,
1589 4865 1659 4917 ad

174 4925 425 4999 nugonem
451 4970 470 4998 ,
542 4925 1094 5056 Gratianoziolitanu'm
1156 4934 1492 5003 episcopum,
1535 4925 1659 4988 'iter

174 5003 351 5056 arripit.
396 5002 716 5056 beuianeaue
751 5020 783 5056 a
851 5004 948 5056 hoc
984 5003 1256 5056 excipitur.

172 5003 351 5072 arripit,
396 5003 716 5073 benigneque
751 5003 816 5057 ab
851 5004 948 5058 hoc
984 5003 1256 5073 excipitur.

174 5113 214 5167 l.
240 5113 585 5174 Beatissimus
629 5116 845 5182 Bruno,
878 5117 1018 5173 sacri
1050 5117 1397 5174 Carthasiani
1426 5119 1661 5175 instituti

127 5201 292 5266 primus
316 5217 509 5263 auctor
528 5216 585 5263 et
614 5208 968 5275 architectus,
999 5208 1221 5265 natione
1252 5208 1578 5276 Germanus,
1607 5211 1661 5265 in

131 5288 282 5364 insigni
318 5296 539 5354 Colonia
563 5297 859 5370 Agrippina
890 5309 1141 5369 parentes
1169 5300 1356 5356 habuit
1384 5310 1439 5356 et
1462 5316 1662 5372 genere

129 5388 171 5432 et
210 5386 389 5445 virtute
433 5388 614 5446 claros
664 5389 835 5460 (164),
882 5390 1078 5461 quibus
1122 5400 1302 5446 tamen
1344 5391 1457 5457 ille,
1500 5401 1664 5464 atque

132 5470 235 5527 adeo
256 5478 339 5532 toti
365 5478 585 5535 familiae
610 5494 742 5547 sum,
770 5478 1031 5549 majorem
1067 5480 1191 5536 vita:
1214 5497 1326 5537 sua:
1348 5482 1653 5537 sanctimo-

132 5557 198 5613 nia
224 5567 384 5622 attulit
407 5568 773 5640 splendorem.
799 5571 882 5628 Ab
912 5571 1043 5642 ipsis
1071 5580 1252 5628 autem
1297 5573 1661 5644 incunabulis,

1693 4548 1738 4601 D
1764 4542 1937 4612 gratia
1966 4542 2059 4598 Dei
2091 4541 2240 4597 illum
2268 4549 2556 4612 cingente,
2587 4555 2804 4611 semper
2836 4541 2906 4597 ad
2933 4540 3157 4597 meliora
3182 4539 3348 4612 proli-

1760 4646 1887 4687 cere
1928 4632 2153 4699 studuit,
2185 4641 2245 4687 et
2274 4646 2396 4687 eum
2420 4632 2601 4687 adhuc
2628 4647 2760 4702 puer
2786 4641 2953 4698 esset,
2980 4631 3116 4687 nihil
3145 4645 3256 4702 prie
3282 4643 3344 4686 se

1763 4724 1975 4795 puerile
2004 4726 2148 4791 tulit,
2188 4726 2282 4781 sed
2313 4733 2530 4780 aetatem
2558 4740 2773 4781 morum
2812 4726 3087 4797 gravitate
3116 4725 3344 4780 vincens

1763 4825 1819 4873 et
1842 4818 1995 4888 quasi
2028 4817 2221 4873 lutum:
2256 4817 2532 4889 religionis
2572 4817 2848 4888 specimen
2886 4817 3157 4889 quoddam
3189 4816 3347 4891 exhi-

1763 4908 1933 4975 bens,
1986 4910 2282 4964 multorum
2328 4910 2716 4966 monachorum
2764 4919 2922 4981 pater
2963 4918 3021 4964 et
3066 4908 3350 4965 institutor

1767 4999 2027 5057 divinitus
2056 5001 2374 5072 parabatur.
2405 5000 2642 5059 Sortitus
2666 5015 2797 5058 vero
2818 5017 2848 5057 a
2873 5000 3102 5057 Domino
3123 5010 3208 5059 est
3232 5002 3349 5057 ani-

1767 5107 1910 5149 mam
1940 5092 2162 5160 bonam,
2191 5103 2252 5149 ut
2294 5093 2591 5165 Scriptura:
2629 5095 2811 5151 verbis
2842 5103 3081 5161 utamur,
3123 5094 3348 5164 prmclao

1768 5199 1886 5238 ram
1927 5185 2182 5251 indolem,
2221 5185 2430 5243 illustre
2473 5185 2774 5257 ingenium,
2824 5186 3147 5242 memoriam
3200 5191 3348 5236 tena-

1767 5289 1905 5339 cem,
1952 5276 2284 5331 voluntatem
2338 5277 2408 5331 ad
2460 5277 2665 5348 optima
2710 5290 2939 5347 quaeque
2986 5271 3345 5330 consectanda

1769 5365 2009 5422 studiose
2045 5381 2370 5437 propensam

1841 5482 1897 5537 2.
1937 5482 2123 5554 Itaque
2144 5483 2344 5541 missus
2368 5493 2452 5540 est
2476 5483 2748 5539 Lutetiam
2770 5479 3127 5542 Parisiorum,
3149 5483 3211 5530 ut
3235 5471 3349 5528 illic

1771 5578 1968 5636 litteris
1995 5588 2051 5636 et
2075 5579 2371 5652 disciplinis
2393 5577 2709 5634 liberalibus
2733 5574 3061 5631 erudiretur.
3089 5568 3191 5626 Ubi
3220 5575 3339 5622 tan-

187 5739 310 5828 ςίίξδ)
346 5747 799 5828 Ρθμεηενμηοηῇε
825 5751 1403 5828 ρτιιτίίιηρειιθηιὶιωε
1454 5769 1516 5811 ac
1563 5753 1727 5815 nobili
1780 5770 1978 5828 genere
2016 5769 2214 5813 vmesrs
2261 5749 2648 5810 Commentarii
2675 5747 2860 5821 praevii
2894 5746 2921 5821 §
2964 5746 3023 5816 2,
3063 5744 3139 5802 uti
3183 5738 3348 5797 etiam

138 5818 391 5872 annotanda
422 5822 473 5877 in
502 5822 715 5878 titulum
744 5818 1023 5880 funebrem
1048 5818 1137 5881 97.
