3860 6320
544 402 646 467 527

1334 405 1389 459 S.
1443 402 1789 460 BRUNOMS
1821 398 2469 458 CARTHUSIANORUM
2500 396 2991 454 lNSTlTUTORlS
3686 400 3769 461 528

542 537 658 581 tum
684 518 772 580 ille
799 516 1031 594 profecit
1054 514 1162 590 prce
1193 514 1402 573 cictcris
1424 514 1714 573 coaetaneis
1744 514 1877 578 suis,
1908 526 1969 569 ut
1989 515 2132 568 inter
2159 516 2205 574 Α
2240 521 2384 577 runt,
2414 527 2519 567 non
2543 512 2892 567 mediocriter
2912 509 3313 581 perterrefacti,
3339 509 3577 566 consulte
3596 514 3769 583 quidem

544 620 751 691 primos
776 613 1127 686 philosophos
1151 619 1532 665 numeraretur
1551 608 1723 679 (165),
1738 614 1793 660 et
1811 604 2118 660 scholarum

545 710 803 781 magister
830 705 1053 761 effectus
1083 704 1153 759 sit
1182 701 1350 773 (166).
1398 700 1476 754 Ad
1516 714 1684 754 sacrm
1714 712 1929 767 quoque
1969 698 2122 751 theo-

545 800 703 870 logia:
733 796 910 851 studia
949 808 1007 849 se
1038 791 1344 855 conferens,
1385 790 1435 842 in
1486 787 1748 857 theologis
1779 785 2124 841 doctissimus

547 896 602 941 et
638 884 1024 942 celeberrimus
1047 881 1264 936 habitus
1287 888 1390 943 est,
1420 886 1755 946 possuntque
1783 876 1829 931 ei
1863 876 1939 929 rei
1976 874 2126 929 testi-

548 979 788 1034 monium
820 975 962 1030 haud
998 974 1216 1043 vulgare
1258 971 1543 1041 perhibere
1588 969 1788 1037 scripta
1830 967 1968 1035 ejus,
2006 982 2126 1037 qua:

547 1078 767 1125 exstant
798 1067 965 1138 (167).
1006 1064 1131 1118 Fuit
1178 1077 1304 1117 vero
1339 1060 1500 1114 etiam
1552 1046 2128 1114 Remeusis'Ecclesim

548 1162 843 1215 canonicos
876 1158 1040 1229 (168).
1074 1157 1177 1210 Per
1220 1154 1271 1208 id
1312 1164 1523 1221 tempus
1560 1168 1684 1207 cum
1718 1152 1769 1206 in
1819 1150 2125 1222 hujusmodi

548 1251 766 1321 optimis
795 1248 985 1303 studiis
1024 1253 1334 1300 versaretur
1363 1244 1564 1307 Bruno,
1606 1243 1869 1314 Gregorio
1902 1243 1989 1297 VII
2021 1242 2129 1298 Ro-

546 1355 709 1394 mano
738 1338 990 1409 pontifice
1018 1336 1363 1389 sanctissimo
1396 1334 1569 1406 (169),
1600 1344 1653 1389 et
1695 1334 1928 1388 Henrico
1969 1335 2129 1389 tertio

548 1432 876 1500 imperatore
917 1425 1085 1497 (176),
1134 1427 1277 1480 circa
1313 1440 1510 1479 annum
1557 1426 1745 1478 salutis
1784 1424 2129 1479 millesimum

546 1523 934 1593 octogesimum
981 1521 1297 1595 secundum,
1349 1519 1570 1571 Parisiis
1614 1519 1918 1571 litterarum
1953 1517 2131 1571 studia

545 1601 939 1673 florebantfet
974 1620 1092 1664 erat
1132 1609 1237 1665 illic
1286 1617 1395 1663 tum
1444 1623 1634 1677 magna
1671 1608 1825 1661 turba
1864 1607 2133 1661 studioso-

543 1716 709 1766 rum,
767 1710 879 1755 tum
934 1715 1038 1753 non
1086 1699 1242 1769 pauci
1299 1699 1547 1752 doctores
1609 1696 1867 1766 insignes.
1922 1694 2133 1750 Accidit

544 1802 725 1846 autem
760 1804 891 1844 sane
920 1790 1246 1843 horrendum
1289 1796 1341 1840 et
1379 1786 1588 1841 sweulis
1628 1787 1877 1840 omnibus
1925 1799 2130 1840 memo-

2223 614 2277 659 et
2303 605 2525 675 provide
2552 605 2912 659 decreverunt
2934 604 3266 674 sepulturam
3298 601 3417 672 ejus
3445 603 3498 657 in
3529 603 3653 660 diem
3678 623 3772 666 cra.

2225 698 2425 750 stinum
2468 695 2844 761 differendam,
2875 704 2983 750 tam
3022 695 3297 750 inusitatae
3325 695 3402 749 rei
3436 694 3627 750 exitum
3659 712 3769 768 prae.

2226 788 2494 843 stolaturi.
2526 788 2709 842 Altera
2738 786 2880 853 luce,
2915 803 3035 841 cum
3055 786 3167 858 jam
3199 786 3329 840 facti
3358 786 3518 854 hujus
3541 786 3666 843 fama
3687 800 3770 847 tota

2236 880 2368 935 urbe
2395 889 2539 934 esset
2566 878 2781 945 diffusa,
2809 888 2864 934 et
2905 880 3146 934 omnium
3176 894 3340 934 aures
3373 878 3699 948 implevisset,
3723 884 3773 939 ad

2228 986 2345 1027 eam
2376 971 2656 1026 ecclesiam
2691 972 2969 1026 innumera
3008 986 3175 1042 prope
3230 971 3511 1025 hominum
3542 972 3774 1045 utriusque

2230 1078 2393 1118 sexus
2445 1064 2600 1118 turba
2648 1063 2926 1119 confluxit.
2988 1061 3125 1117 Tum
3174 1077 3306 1118 vero
3352 1063 3529 1118 denuo
3572 1067 3775 1136 repetitis

2231 1154 2509 1225 exsequiis
2537 1194 2549 1216 ,
2610 1164 2895 1224 postquam
2934 1154 3185 1210 lectionis
3233 1155 3557 1225 supradicta:
3604 1156 3775 1213 initium

2231 1245 2447 1299 recitari
2471 1245 2655 1314 coepit,
2686 1245 2825 1299 idem
2847 1243 3155 1307 defunctus,
3180 1255 3369 1299 erecto
3391 1245 3584 1315 capite,
3607 1245 3774 1318 ingenti

2236 1350 2425 1389 rursus
2451 1348 2583 1389 voce
2607 1333 2824 1400 clamat,
2850 1332 3018 1389 Jusro
3040 1334 3138 1388 DEI
3156 1349 3364 1389 JUDICIO
3384 1350 3657 1389 runtcnus
3677 1350 3773 1401 sua,

2233 1439 2467 1495 moxque
2537 1425 2587 1478 in
2667 1423 2925 1481 feretrum
3001 1440 3060 1479 se
3139 1426 3369 1494 reponit.
3445 1424 3778 1495 Corripiuntur

2233 1525 2474 1572 astantes
2519 1531 2709 1571 omnes
2759 1532 2967 1571 summa
3018 1526 3070 1569 et
3106 1516 3411 1570 incredibili
3444 1515 3775 1581 admiratione,

2233 1606 2671 1677 barrendumque
2698 1607 3063 1677 spectaculum
3088 1616 3313 1675 stupore
3325 1606 3491 1660 allicit
3516 1607 3775 1662 universos.

2236 1699 2340 1754 Sed
2376 1699 2500 1768 quia
2549 1709 2728 1753 tamen
2760 1697 2987 1753 necdum
3020 1713 3106 1764 ea,
3141 1714 3261 1767 qua:
3291 1698 3552 1753 hactenus
3583 1699 3776 1763 dixerat,

2237 1807 2295 1846 sc
2331 1790 2476 1859 justo
2522 1791 2615 1845 Dei
2652 1790 2857 1859 judicio
2910 1800 2963 1847 et
3012 1800 3350 1854 accusatum,
3400 1799 3455 1844 et
3495 1789 3775 1855 judicatum,

547 1884 774 1938 randum
815 1883 868 1937 in
908 1895 971 1935 ea
1011 1890 1121 1933 tum
1150 1880 1281 1934 urbe
1306 1878 1694 1949 spectaculum.
1722 1878 1864 1947 quod
1894 1877 2127 1932 Carthu-
2158 1878 2201 1933 B
2229 1894 2471 1953 apertam
2495 1883 2762 1939 habebant
2795 1882 3161 1941 damnationis
3192 1882 3310 1952 ejus
3334 1882 3773 1953 signiﬁcationem,

546 1975 715 2028 sianze
752 1974 877 2028 vita:
911 1972 1255 2028 instituenda:
1294 1971 1634 2025 occasionem
1667 1970 1919 2038 praebuit,
1951 1970 2134 2023 divina

546 2066 598 2119 id
631 2075 824 2137 agente
860 2064 1223 2137 providentia,
1255 2078 1375 2131 quae
1407 2060 1698 2116 multorum
1731 2061 1903 2116 voluit
1931 2076 2131 2116 consu-

546 2156 659 2211 lere
686 2157 867 2210 saluti.

615 2248 672 2303 ὅ.
712 2248 938 2316 Quidam
967 2248 1107 2304 enim
1140 2246 1295 2301 valde
1329 2245 1559 2300 celebris
1587 2244 1799 2309 doctor,
1836 2257 1946 2314 prie
1969 2250 2131 2298 caete-

547 2340 626 2396 ris
683 2341 850 2395 multa
908 2340 1153 2395 doctrina
1207 2347 1262 2392 et
1316 2338 1517 2391 eximia
1572 2352 1782 2391 morum
1848 2336 2132 2391 honestate

547 2433 867 2497 instructus,
919 2440 1177 2499 quantum
1221 2428 1438 2497 quidem
1481 2442 1547 2482 ex
1587 2426 1710 2479 vita:
1741 2426 2132 2481 consuetudine

547 2522 816 2585 homines,
846 2520 936 2590 qui
959 2528 1180 2574 externa
1207 2518 1317 2572 sola
1342 2518 1637 2581 intuentur,
1666 2516 1903 2587 pectoris
1931 2531 2131 2571 arcana

548 2612 736 2666 videre
763 2627 867 2666 non
895 2619 1139 2681 possunt,
1164 2608 1432 2678 conjicere
1458 2617 1512 2662 et
1540 2609 1851 2662 existimare
1876 2616 2127 2677 possent;

551 2711 663 2756 tum
689 2702 850 2757 etiam
880 2710 1006 2756 ante
1042 2701 1176 2756 alios
1205 2691 1349 2756 illius
1383 2700 1550 2770 ipsius
1579 2710 1634 2754 et
1664 2700 1925 2754 doctrina'
1951 2700 2131 2768 probi-

550 2794 677 2850 tatis
703 2809 864 2850 causa
894 2794 1213 2861 honoratus,
1256 2793 1310 2847 in
1354 2808 1573 2864 gravem
1622 2791 1868 2846 morbum
1916 2792 2126 2855 incidit,

479 2882 489 2891 ’
548 2895 605 2941 et
661 2886 798 2941 lecto
847 2885 1206 2950 decumbens,
1261 2886 1450 2939 morbo
1500 2884 1937 2954 ingravescente,
1988 2883 2128 2940 diem

546 2979 744 3035 clausit
773 2986 1097 3043 extremum,
1126 2986 1251 3032 ante
1292 2985 1499 3043 tamen,
1530 2992 1681 3031 more
1705 2975 2038 3041 Christiano,
2070 2984 2129 3030 ut

547 3070 635 3124 vir
668 3069 999 3136 catholicus,
1036 3066 1421 3125 ecclesiasticis
1464 3067 1705 3122 munitus
1748 3068 2127 3133 sacramentis,

548 3175 774 3228 cumque
806 3159 852 3213 ei
876 3173 941 3213 ex
964 3166 1178 3228 recepta
1210 3157 1350 3227 apud
1370 3156 1709 3211 Christianos
1737 3157 2128 3212 consuetudine

2239 1995 2358 2033 cum
2407 1987 2629 2046 possent
2673 1979 2838 2033 etiam
2882 1979 2936 2034 in
2978 1978 3173 2033 bonam
3207 1978 3379 2046 accipi
3416 1986 3639 2047 partem,
3669 1980 3777 2045 quod

2236 2069 2412 2138 primo
2439 2069 2655 2138 quidem
2686 2069 2871 2140 inique
2909 2070 2975 2122 ad
3015 2069 3218 2123 Christi
3261 2068 3495 2121 tribunal
3537 2079 3778 2121 accusatus

2235 2167 2380 2214 esset
2429 2160 2497 2212 ab
2535 2174 2620 2225 eo,
2664 2158 2754 2228 qui
2794 2160 3023 2227 perdere
3067 2166 3263 2213 cuncta
3298 2158 3540 2222 festinat,
3584 2165 3634 2211 et
3661 2159 3778 2226 quia

2236 2250 2415 2303 studio
2460 2248 2831 2303 calumniandi
2874 2248 3143 2313 diabolus,
3198 2248 3251 2302 id
3304 2258 3412 2312 est,
3464 2246 3779 2302 calumniator

2235 2349 2385 2396 recte
2442 2340 2617 2395 dictus
2666 2349 2771 2406 est,
2819 2351 3008 2409 postea
3058 2354 3186 2395 vero
3243 2340 3311 2394 ab
3363 2343 3482 2409 ejus
3534 2340 3780 2395 calumniis

2234 2430 2529 2500 aequissimi
2553 2428 2762 2485 Judicis
2787 2431 3057 2486 sententia
3084 2431 3392 2486 vindicatus
3416 2440 3582 2493 esset,
3607 2433 3779 2486 cunctis

2232 2524 2411 2579 visum
2448 2531 2551 2590 est,
2594 2522 2759 2579 etiam
2806 2522 2861 2578 in
2909 2523 3129 2579 tertium
3167 2523 3311 2577 diem
3354 2520 3470 2591 ejus
3500 2522 3780 2593 protrahere

2235 2613 2593 2685 sepulturam.

2304 2727 2358 2782 5.
2400 2727 2478 2782 Eo
2502 2735 2681 2783 autem
2719 2726 3087 2793 illucescente,
3128 2735 3236 2782 tota
3264 2727 3377 2783 fere
3409 2727 3603 2782 civitas
3626 2742 3780 2781 accur-

2233 2820 2324 2885 rit,
2359 2827 2469 2874 tam
2513 2819 2830 2874 inusitatum
2857 2827 2913 2874 et
2949 2818 3189 2874 terribile
3226 2818 3318 2873 Dei
3352 2816 3617 2887 judicium
3655 2832 3780 2871 nosse

2233 2913 2479 2982 cupiens,
2504 2926 2738 2980 cumque
2761 2912 2949 2967 eodem
2985 2911 3143 2966 modo
3176 2911 3507 2965 iterareutur
3534 2908 3783 2977 exsequia-

2234 3016 2352 3055 rum
2387 3002 2544 3069 ritus,
2577 3010 2633 3058 et
2671 3001 2738 3057 ad
2775 3000 3083 3067 lectionem,
3113 3016 3275 3070 quam
3301 3000 3565 3065 diximus,
3590 3012 3780 3070 perven-

2233 3100 2347 3146 tum
2376 3100 2539 3159 esset,

548 3250 790 3305 eelebres
829 3258 1156 3319 pararentur
1201 3248 1471 3317 exsequis)
1499 3247 1705 3302 funeris
1735 3247 1854 3316 ejus
1886 3249 2127 3304 cohone-
2157 3242 2201 3303 C
2236 3243 2367 3298 Tum
2390 3261 2597 3299 rursum
2620 3246 2893 3299 exanimus
2913 3246 3104 3315 feretro
3128 3252 3281 3313 caput
3303 3242 3487 3299 extulit
3518 3242 3645 3309 alto,

550 3344 726 3397 standi
753 3344 945 3414 gratia,
990 3343 1394 3413 magistrorum,
1426 3340 1817 3406 studiosorum,
1850 3350 1905 3395 et
1927 3342 2126 3397 civium

551 3433 738 3503 ingens
774 3434 993 3488 advenit
1018 3432 1334 3496 multitudo;
1369 3431 1564 3500 quibus
1606 3431 1768 3487 funus
1801 3432 1973 3501 ipsum
2001 3448 2130 3503 pro-

551 3526 924 3595 sequentibus,
955 3522 1194 3579 defuncti
1230 3524 1482 3577 exanime
1528 3538 1726 3592 corpus
1773 3524 1825 3578 in
1857 3524 2128 3594 templum,

554 3618 644 3671 ubi
692 3617 979 3688 sepultura:
1022 3617 1387 3671 mandandum
1435 3626 1573 3680 erat,
1623 3617 1829 3672 illatum
1857 3628 1961 3673 est.
1992 3619 2133 3674 Viris

554 3718 732 3763 autem
757 3708 1158 3773 ecclesiasticis,
1193 3709 1283 3778 qui
1313 3708 1379 3762 ad
1416 3708 1467 3763 id
1500 3709 1707 3763 invitati
1744 3709 1976 3777 fuerant,
2004 3710 2131 3765 soli-

558 3810 668 3853 tum
694 3799 926 3855 ofliciIun
955 3800 1339 3870 peragentibus
1368 3810 1424 3856 ct
1450 3815 1642 3869 preces
1669 3800 1809 3865 illas,
1839 3816 1974 3869 quas
2001 3802 2135 3871 vigi-

556 3891 655 3945 lias
691 3890 1064 3945 defunctorum
1101 3899 1320 3957 vocant,
1362 3890 1740 3955 recitantibus,
1779 3889 1870 3944 ubi
1914 3899 2135 3946 ventum

556 3992 639 4037 est
676 3983 741 4036 ad
775 3997 893 4036 eam
924 3981 1231 4047 lectionem,
1263 3982 1416 4052 cujus
1459 3982 1673 4037 initium
1714 3989 1820 4046 est,
1849 3981 2136 4053 Responde

559 4073 710 4138 mihi,
747 4072 813 4136 is,
855 4072 944 4141 qui
982 4080 1101 4126 erat
1126 4071 1234 4126 vita
1267 4070 1506 4137 functus,
1538 4072 1591 4125 in
1623 4071 1739 4141 ipso
1782 4070 1986 4126 feretro
2015 4086 2135 4127 cre-

561 4167 633 4219 xit
661 4180 740 4230 se,
776 4174 850 4231 et,
879 4164 1152 4233 paululum
1183 4164 1394 4220 elevato
1421 4165 1617 4234 capite,
1651 4165 1862 4221 cunctis
1899 4166 2138 4221 videnti-

556 4260 655 4312 bus
684 4266 737 4313 et
765 4257 1125 4321 audientibus,
1162 4266 1217 4312 et
1245 4258 1309 4312 ad
1344 4267 1547 4312 tantam
1584 4258 1663 4311 rei
1700 4258 1995 4314 novitatem
2029 4275 2137 4315 non

558 4348 830 4403 immerito
858 4347 1221 4417 stupentibus,
1253 4348 1357 4401 alta
1390 4357 1444 4403 ct
1482 4346 1752 4404 horrenda
1784 4362 1914 4403 voce
1944 4349 2081 4404 dixit
2119 4366 2132 4403 :

557 4439 720 4493 Jusro
754 4440 850 4493 DEI
881 4454 1086 4494 JUDICIO
1112 4454 1414 4495 accusares
1444 4454 1577 4506 sust;
1612 4448 1666 4494 et
1694 4439 1779 4494 his
1809 4440 1988 4506 dictis,
2019 4455 2139 4493 rur-

558 4545 651 4585 sus
677 4530 729 4585 in
756 4529 957 4584 feretro
982 4530 1230 4597 deposuit
1262 4539 1442 4599 caput.

628 4620 682 4672 4.
723 4618 822 4686 Qui
849 4634 975 4674 vero
1002 4619 1118 4690 ejus
1146 4621 1309 4675 verba
1337 4621 1646 4687 audierunt,
1678 4629 1732 4677 et
1769 4630 1954 4693 gestus
1987 4622 2137 4695 vide-

629 4768 776 4840 (165)
818 4768 1053 4843 Incepta_
1068 4769 1301 4843 Colonia:
1337 4772 1643 4843 Agrippina:
1683 4772 1949 4842 politioris
1994 4773 2138 4830 litte-

560 4839 763 4913 raturte
796 4840 974 4913 studia
1020 4839 1206 4913 Remis
1236 4839 1746 4907 absolvit—sanctus,
1792 4843 2137 4913 VTuronisque

560 4911 753 4963 deinde
771 4910 881 4984 sub
908 4908 1237 4984 Berenggario
1278 4913 1635 4984 philosophia:
1663 4912 1861 4981 placita
1887 4908 2134 4984 excepit,

560 4995 660 5033 nec
706 4979 880 5034 scitur
927 4979 1049 5034 ullis
1080 4979 1201 5035 aliis
1242 4982 1455 5037 altioris
1494 4979 1708 5037 ordinis
1749 4984 1990 5038 scientiis
2025 4979 2138 5039 1...;

561 5049 1063 5192 tetiaefa§ri§io§uim
1087 5066 1309 5121 operam
1340 5053 1571 5107 dedisse.
1612 5054 1712 5108 Adi
1744 5051 2135 5110 Commentarii

561 5137 743 5189 prtem
914 5136 943 5175 e
1035 5158 1049 5174 .

561 5129 743 5189 prtevit
785 5129 812 5189 ς
851 5129 884 5174 ὃ
914 5129 967 5175 et
994 5129 1049 5174 4.

629 5190 1037 5260 (l66)‘Parisiis
1094 5191 1255 5245 etiam
1307 5206 1579 5259 nunquam
1632 5192 1882 5248 docuisse
1931 5193 2138 5250 Bruno-

561 5276 709 5325 nem,
740 5259 1369 5332 verosimillimumsane
1398 5263 1580 5316 evadit
1609 5277 1676 5317 ex
1705 5263 1794 5328 iis,
1828 5279 1947 5332 qua:
1972 5264 2136 5321 Com-

561 5331 1026 5401 mentariipravii
1065 5330 1093 5401 §
1126 5332 1159 5385 8
1187 5330 1438 5401 disserui.

629 5401 778 5471 (167)
815 5400 940 5455 Haec
987 5401 1130 5471 inter
1173 5400 1504 5471 prtccipuum
1535 5401 1714 5457 locum
1755 5412 1940 5458 tenent
1974 5404 2136 5459 Com-

559 5468 811 5525 mentarii
861 5472 996 5533 duo,
1056 5468 1191 5522 alter
1244 5469 1297 5522 in
1346 5469 1617 5535 Psalmos,
1665 5472 1805 5527 alter
1850 5475 1902 5527 in
1950 5490 2139 5529 omnes

560 5540 815 5612 Sapauli
847 5538 1085 5612 apostoli
1127 5537 1401 5612 Epistolas
1439 5543 1802 5610 conscriptus,
1843 5546 1909 5597 de
1945 5546 2139 5612 quibus

562 5608 1062 5692 quidseutietdum
1094 5609 1196 5674 sit,
1228 5608 1613 5664 Commentarii
1648 5608 1830 5682 prmvii
1866 5614 1892 5685 §
1928 5608 1997 5668 42
2038 5632 2139 5668 ex-

598 5695 691 5739 OSll
702 5698 735 5733 Ιο

560 5695 781 5825 ῗῼῗῖὲέ)
820 5747 1178 5825 Yt__issintum
1218 5761 1349 5804 sane
1371 5750 1655 5825 hoc-esse
1705 5754 1965 5824 probant,
2020 5771 2137 5825 qum

561 5814 945 5873 Coinménlax’ii
978 5816 1159 5887 praevii
1189 5833 1335 5874 num.
1367 5819 1434 5875 81
1465 5821 1681 5878 adduxi.

2232 3334 2398 3405 Atque
2421 3334 2678 3401 infelicem
2700 3351 2754 3388 se
2780 3333 3200 3403 contemplando,
3231 3333 3461 3399 locutus,

2234 3425 2321 3480 Sic
2344 3426 2417 3478 ait
2442 3426 2693 3479 immenso
2718 3424 2861 3478 luctu
2884 3425 3171 3495 grandique
3203 3425 3361 3479 boatu
3386 3438 3404 3475 :

2235 3513 2446 3568 Parcite
2470 3514 2761 3581 funeribus,
2784 3515 2911 3568 mihi
2940 3514 3014 3568 nil
3042 3515 3285 3585 prodesse
3309 3514 3515 3569 valetis.

2241 3604 2355 3660 Ileu
2382 3605 2637 3674 infelicem
2664 3622 2759 3659 cur
2784 3622 2864 3660 me
2883 3622 3108 3676 genuere
3135 3608 3417 3676 parentes?

2235 3697 2314 3751 Ah
2340 3697 2359 3748 !
2385 3697 2542 3752 miser
2562 3706 2782 3751 teternos
2805 3698 2938 3751 vado
2970 3698 3254 3752 damnatus
3275 3698 3345 3751 ad
3368 3699 3542 3768 ignes.

2244 3784 2470 3856 Indeque
2508 3787 2755 3841 conticuit
2775 3802 2997 3852 semper,
3034 3788 3298 3852 iacuitque
3318 3789 3543 3843 supinus
3579 3789 3732 3859 (171).

2237 3933 2318 3988 Ad
2346 3947 2465 3989 eam
2495 3948 2681 3988 vocem
2712 3932 2834 4003 quis
2865 3941 2972 3988 tam
3001 3931 3175 4002 possit
3212 3944 3334 3987 esse
3363 3931 3552 3986 ferreo
3577 3938 3783 4000 pectore,

2241 4034 2299 4079 ut
2325 4040 2429 4080 non
2457 4034 2600 4081 totus
2629 4040 2659 4079 a
2692 4040 2751 4081 se
2795 4024 3070 4080 discedat?
3118 4025 3286 4080 Recte
3321 4023 3457 4079 dixit
3501 4022 3788 4092 Propheta:

2245 4137 2264 4170 1
2302 4117 2514 4174 Judicia
2551 4119 2646 4173 Dei
2686 4119 2914 4189 abyssus
2943 4118 3128 4173 multa.
3169 4137 3188 4168 1
3239 4116 3411 4172 Notus
3454 4125 3581 4171 erat
3614 4115 3690 4168 vir
3723 4112 3791 4166 ille

2241 4212 2386 4268 omni
2435 4210 2595 4281 plebi,
2635 4220 2839 4267 etcum
2870 4226 3031 4266 nemo
3076 4211 3142 4265 de
3187 4209 3279 4264 illo
3307 4209 3613 4279 quidquam
3647 4205 3793 4261 minus

2242 4303 2633 4373 suspicaretur,
2671 4302 2822 4374 justo
2868 4303 2960 4359 Dei
2986 4302 3193 4374 judicio
3235 4302 3555 4357 damnatum
3584 4314 3642 4355 se
3666 4296 3790 4353 dixit.

2241 4387 2550 4450 Penetravit
2576 4393 2665 4447 illa
2696 4392 2954 4448 terribilis
2981 4407 3105 4458 vox,
3136 4388 3291 4445 Justo
3319 4390 3411 4445 Dei
3440 4388 3649 4457 judicio
3674 4388 3795 4441 dan-

2242 4494 2402 4541 natus
2444 4501 2584 4548 sum,
2628 4498 2773 4555 ipsas
2814 4483 3017 4538 ossium
3069 4481 3331 4538 medullas
3391 4481 3795 4546 videbanturque

2169 4580 2215 4641 D
2242 4584 2481 4632 astantes
2502 4590 2692 4632 omnes
2717 4588 2854 4645 pene
2885 4573 3183 4629 exanimes.

2309 4770 2457 4896 (1619)
2497 4771 2631 4828 Vide
2674 4770 2814 4827 dicta
2856 4771 2923 4826 ad
2976 4779 3090 4826 not.
3146 4770 3217 4825 55
3279 4769 3416 4826 Vitae
3470 4766 3797 4841 pratccdeutis

2309 4859 2357 4896 n.
2427 4883 2440 4896 .

2237 4859 2357 4900 03D.
2391 4859 2440 4897 1.

2306 4859 2459 4983 l31.710.)
2494 4912 2754 4982 Princeps
2782 4912 2871 4967 hic
2894 4952 2908 4976 ,
2948 4913 3038 4980 qui
3072 4921 3183 4966 tum
3215 4911 3266 4965 in
3302 4908 3420 4964 Vita
3456 4906 3794 4983 praecedenti.

2240 4978 2353 5037 tum
2391 4978 2449 5038 in
2475 4983 2673 5043 altera,
2694 4978 2752 5036 'a
2783 4978 3197 5054 Blomenvenna
3221 4990 3475 5054 contexta
3497 5022 3531 5054 ,Α
3563 4978 3795 5054 Henricus

2238 5064 2457 5123 quartus
2487 5063 2732 5114 vocatur,
2780 5054 2962 5106 tertius
3010 5068 3039 5106 a
3077 5052 3237 5107 Surio
3270 5052 3338 5105 ad
3387 5051 3631 5123 plurium
3668 5051 3794 5123 scri-

2240 5118 2450 5195 ptorun}
2502 5124 2735 5195 aliorum,
2777 5122 3054 5190 exemplar
3118 5118 3402 5195 duntaxat
3434 5122 3526 5175 hic
3570 5118 3791 5195 dicitur,

2239 5191 2380 5261 quod
2411 5193 2697 5248 llenricum
2722 5194 2771 5257 l,
2798 5202 3151 5260 cognomento
3172 5192 3461 5261 Aucupem,
3488 5191 3583 5261 qui
3603 5231 3617 5253 ,
3635 5202 3796 5261 quain-

2240 5257 2321 5319 vis
2368 5266 2434 5318 ab
2483 5278 2625 5316 anno
2675 5262 2779 5317 9l9
2826 5257 2994 5330 usque
3029 5265 3095 5317 ad
3139 5257 3341 5315 annum
3370 5261 3475 5315 9'56
3507 5257 3797 5316 'Gcrmania:

2242 5350 2465 5404 regnum
2516 5334 2751 5404 tenuerit
2779 5374 2792 5398 ,
2843 5334 3133 5403 imperator
3182 5343 3363 5385 tamen
3408 5345 3687 5404 rntnquam
3722 5342 3795 5404 eo:

2240 5394 2465 5529 tr’onatus
2523 5401 2620 5457 fuit
2662 5443 2677 5470 ,
2733 5394 3150 5474 imperatoribus
3206 5394 3613 5457 accensendum
3673 5394 3793 5453 haud

2278 5483 2471 5527 uxent.

2278 5474 2471 5527 uxorit.

2312 5544 2458 5613 (171)
2498 5542 2751 5618 Carmina
2792 5544 2907 5618 haec
2959 5560 2989 5599 e
3031 5544 3317 5618 metrica,
3347 5543 3415 5598 de
3458 5533 3793 5618 qua-videsis

2242 5608 2687 5668 t‘onnnentarium
2743 5616 2999 5682 przevium
3052 5631 3199 5667 num.
3258 5614 3364 5676 19,
3421 5608 3600 5682 sancti
3651 5608 3788 5663 Vita.

2240 5701 2335 5755 per
2360 5684 2703 5755 Zaccltat'iam
2729 5680 3079 5739 Benedictum
3102 5684 3395 5752 descripta,
3414 5691 3543 5755 sunt
3571 5680 3789 5755 depth°

2240 5750 2364 5833 pta,
2416 5754 2624 5874 {pedica
2674 5753 2957 5811 dumtaxat
3005 5755 3060 5811 in
3106 5750 3363 5811 tertio'et
3404 5754 3601 5824 quinto
3639 5750 3785 5804 mull'

2243 5834 2386 5874 tione
2437 5832 2573 5874 acta.

2243 5826 2386 5879 tione
2416 5824 2573 5875 facta.
