3860 6320
85 247 180 303 529

1566 236 1768 294 ACTA.

3201 248 3305 304 550

146 361 195 416 6.
240 359 344 414 Non
389 357 532 413 enim
584 357 800 427 vulgare
848 354 950 410 illis
992 353 1394 425 proponebatur
1447 369 1630 410 exem-
1661 355 1707 412 A
1732 367 1876 409 nunc
1906 367 1972 408 ex
2002 353 2117 424 ejus
2146 369 2241 409 ore
2280 355 2585 418 audivimus
2618 357 2766 426 justo
2809 374 2930 413 eum
2973 361 3067 415 Dei
3099 359 3306 428 judicio

83 453 244 523 plum,
281 465 373 504 nec
402 457 516 502 erat
550 447 638 501 illa
673 462 756 501 res
783 445 984 500 ludicra
1019 453 1112 499 aut
1155 446 1306 516 parvi
1347 446 1627 500 momenti.

85 545 383 596 Damnatum
415 537 500 592 ille
534 552 595 592 se
629 536 775 604 justo
814 534 904 590 Dei
950 535 1157 604 judicio
1197 534 1490 601 clamabat,
1538 536 1630 604 qui

81 633 150 688 sic
178 634 312 686 inter
342 628 585 684 homines
609 628 803 682 vixisse
827 625 973 680 visus
1003 635 1166 690 esset,
1199 634 1256 679 ut
1285 623 1626 698 ah‘omnibus

80 731 284 778 sanctus
307 728 604 789 putaretur.
635 716 892 772 Dicebant
925 716 1028 772 alii.
1045 717 1110 771 ad
1134 716 1266 771 alios
1301 734 1314 770 :
1346 714 1405 771 Si
1432 716 1512 772 sic
1543 731 1634 772 ac-

81 814 200 869 cidit
241 813 360 868 huic
388 819 533 866 tanto
571 809 710 874 viro,
742 819 846 862 tam
881 808 1102 880 insigni,
1146 809 1274 879 quid
1309 823 1407 865 nos
1449 808 1636 864 miseri

81 916 378 977 exspectare
422 902 720 958 debemus?
764 900 1004 956 Tandem
1047 917 1111 957 ea
1165 910 1344 957 tamen
1392 903 1635 957 omnium

81 995 172 1051 fuit
215 993 492 1060 sententia,
540 991 975 1062 quandoquidem
1010 990 1099 1047 ille
1139 991 1316 1062 palam
1357 991 1637 1048 confessus

82 1098 234 1152 esset,
267 1102 321 1142 se
343 1087 487 1156 justo
511 1083 606 1138 Dei
628 1082 832 1158 judicio
861 1081 1279 1138 condemnatum
1306 1091 1362 1138 et
1389 1081 1637 1153 reproba-

83 1191 204 1245 tum,
236 1187 294 1233 ut
316 1176 457 1232 omni
485 1175 740 1232 Ecclesia:
770 1173 1024 1246 suffragio
1054 1184 1109 1230 et
1154 1174 1267 1245 ipsa
1295 1189 1510 1245 quoque
1547 1189 1636 1228 ec-

82 1271 363 1328 clesiastica
386 1269 662 1340 sepultura
693 1268 946 1338 indignus
973 1276 1312 1332 censeretur,
1339 1274 1393 1322 et
1427 1268 1480 1322 in
1519 1265 1638 1323 loco

82 1363 293 1434 profano
359 1361 412 1415 in
463 1359 806 1429 sterquilinio
871 1357 1229 1426 sepeliretur;
1282 1360 1426 1427 quod
1475 1358 1638 1411 etiam

85 1455 272 1508 factum
300 1461 375 1506 est
397 1449 569 1521 (172).
601 1449 763 1514 Sunt,
785 1447 875 1518 qui
904 1446 1192 1513 aﬂirment,
1227 1447 1296 1500 ob
1320 1455 1639 1516 perpetuam

85 1543 228 1613 hujus
265 1540 654 1613 expavescendi
689 1539 875 1608 judicii
911 1539 1250 1596 memoriam.
1286 1539 1354 1593 ab
1390 1553 1455 1593 eo
1501 1547 1638 1593 tem-

87 1649 202 1707 pore
245 1635 300 1689 in
348 1649 430 1700 ea,
477 1647 645 1703 quam
699 1633 859 1688 toties
900 1633 1013 1703 jam
1071 1633 1636 1692 commemoravimus,

1734 443 2169 498 condemnatum.
2206 445 2320 512 Qua
2351 447 2642 517 voce,Quid
2682 449 2850 516 possit
2896 458 2991 504 aut
3032 450 3161 515 dici,
3211 459 3305 503 aut

1736 532 1862 603 tingi
1913 533 2243 592 terribilius?
2292 535 2424 602 Quis
2472 538 2539 592 ad
2579 536 2696 606 ejus
2734 538 2975 593 auditum
3014 553 3121 594 non
3163 547 3308 596 totus

1734 626 2152 682 contremiscat?
2180 627 2318 694 Quid
2340 638 2424 684 est
2450 629 2591 684 enim
2619 631 2928 684 damnatum
2954 643 3096 695 esse,
3123 629 3228 685 nisi
3252 630 3307 686 in

1736 733 1798 772 ea
1845 718 2101 774 incidisse
2145 718 2306 784 mala,
2355 736 2475 792 qua:
2519 720 2665 775 nulla
2713 735 2865 774 mens
2899 734 3113 788 capere,
3161 720 3306 774 nulla

1736 809 1916 882 lingua
1954 810 2226 880 explicare
2253 813 2466 882 potest?
2509 811 2639 878 Qua:
2679 820 2854 866 tamen
2904 810 2950 863 si
2987 808 3310 878 quandoque

1739 901 1900 957 ﬁnem
1967 903 2248 970 haberent,
2307 914 2525 974 possent
2579 903 2768 957 saltem
2813 911 3084 969 utcunque
3137 899 3311 954 videri

1739 994 2069 1061 tolerabilia;
2102 994 2215 1064 jam
2257 1011 2384 1051 vero
2429 1012 2551 1050 cum
2598 995 2705 1050 sint
2735 995 2892 1064 longe
2927 991 3310 1056 acerbissima,

1739 1101 1838 1141 nec
1880 1087 2044 1141 ullum
2092 1103 2326 1156 unquam
2371 1089 2533 1142 etiam
2579 1098 2699 1159 post
2759 1088 2996 1142 infinitas
3045 1101 3312 1141 annorum

1741 1181 2013 1252 myriades
2060 1182 2220 1236 linem
2270 1182 2572 1252 accipiant,
2623 1198 2728 1238 non
2778 1192 3004 1250 possunt
3045 1196 3152 1236 non
3194 1195 3316 1235 esse

1741 1272 1982 1326 omnium
2031 1272 2320 1328 miserrimi
2360 1282 2416 1329 et
2452 1272 2830 1337 infelicissimi,
2875 1272 2965 1342 qui
3009 1272 3076 1326 ad
3117 1287 3180 1325 ea
3219 1271 3312 1326 de-

1743 1362 2048 1418 volvuntur.

1813 1521 1868 1576 9.
1907 1519 2200 1576 Videamus
2228 1535 2392 1586 nunc,
2423 1521 2620 1577 fratres
2643 1519 2772 1586 mei,
2799 1518 2926 1588 quid
2950 1517 3090 1588 apud
3115 1513 3317 1570 inferos

1746 1613 1916 1684 prosit
1957 1613 2004 1668 ei
2041 1624 2144 1667 tam
2176 1612 2344 1667 multo
2374 1612 2555 1669 labore
2585 1621 2738 1683 parta
2769 1609 3014 1676 scientia,
3044 1622 3167 1664 cum
3209 1605 3319 1661 illic

87 1727 320 1793 lectione,
364 1725 562 1782 omissa
619 1740 739 1779 esse
793 1725 898 1779 duo
954 1723 1068 1779 haec
1116 1723 1302 1787 verba,
1355 1722 1639 1792 Responde

1767 1706 2071 1774 .empiterna
2099 1704 2307 1760 laboret
2331 1706 2575 1760 Caecitate
2594 1714 2649 1758 et
2671 1702 3008 1775 ignorantia?
3029 1699 3168 1767 Quid
3189 1712 3320 1768 opes

85 1819 202 1873 mihi
227 1816 391 1889 (i73).
416 1817 535 1871 Fuit
557 1831 686 1871 sane
714 1815 895 1870 multis
923 1815 1112 1870 cllicax
1141 1815 1550 1870 incitamentum
1574 1813 1641 1869 ad

88 1909 234 1961 vitam
275 1907 618 1976 animumque
648 1904 1028 1976 corrigendum
1068 1913 1176 1959 tam
1210 1904 1512 1960 inauditum
1543 1905 1644 1960 mi-

89 1998 332 2052 raculum.

150 2131 195 2182 'l.
237 2128 371 2184 Nam
405 2139 460 2184 et
499 2131 618 2200 ipse
658 2129 982 2186 venerabilis
1013 2127 1214 2194 Bruno,
1248 2143 1372 2184 cum
1407 2142 1648 2197 praesens

94 2218 305 2285 adesset,
346 2231 399 2274 et
440 2220 553 2273 suis
603 2217 774 2275 oculis
815 2227 980 2288 atque
1023 2217 1247 2272 auribus
1274 2216 1457 2271 omnia
1504 2217 1647 2272 dicta

93 2311 319 2382 factaque
365 2311 654 2374 hausisset,
703 2311 928 2366 nimium
964 2309 1308 2364 formidando
1337 2309 1650 2378 obstupefa-

93 2411 194 2456 ctus
223 2401 491 2473 exemplo,
534 2411 682 2457 totus
709 2402 764 2456 in
793 2401 1060 2472 lacrymas
1111 2399 1405 2464 resolutus,
1457 2400 1652 2456 acerbe

96 2491 332 2565 plorabat,
369 2495 612 2566 cogitans
643 2510 824 2550 secum
851 2493 1021 2548 divini
1057 2492 1247 2564 judicii
1278 2492 1649 2558 severitatem,

98 2593 339 2648 incertum
367 2592 526 2662 hujus
555 2595 680 2647 vita:
702 2591 930 2654 exitum,
962 2598 1018 2646 ct
1041 2603 1205 2660 quam
1229 2588 1561 2644 horrendum
1584 2589 1656 2644 sit

99 2686 313 2742 incidere
363 2687 416 2741 in
472 2700 666 2740 manus
707 2683 797 2739 Dei
836 2682 1089 2752 viventis.
1145 2681 1392 2738 Territus
1427 2695 1557 2752 ergo
1601 2690 1658 2736 et

99 2778 364 2834 salubriter
403 2787 785 2850 compunctus,
828 2775 1120 2832 accersivit
1163 2773 1232 2832 ad
1271 2789 1330 2830 se
1371 2773 1657 2830 nonnullos

100 2887 154 2925 ex
195 2872 359 2942 magis
393 2870 754 2926 familiarilms
781 2868 945 2924 sociis
972 2880 1028 2924 et
1061 2866 1341 2937 discipulis
1368 2865 1504 2931 suis,
1546 2881 1660 2920 ma-

102 2966 300 3035 gistrum
328 2965 697 3030 Landuinum,
737 2963 978 3033 quipost
1001 2977 1123 3016 eum
1155 2961 1363 3029 primus
1391 2959 1493 3014 fuit
1524 2959 1659 3014 Car-

1743 1803 1797 1849 et
1827 1796 2013 1866 copitr,
2042 1811 2164 1850 cum
2194 1810 2290 1850 nec
2320 1811 2424 1849 una
2457 1794 2506 1850 ei
2537 1801 2787 1864 suppetat
2815 1807 2967 1862 aqua:
2997 1797 3172 1861 gutta,
3212 1801 3320 1857 qua

1745 1887 1918 1961 possit
1957 1889 2236 1943 mstuantis
2277 1888 2538 1958 gehenna:
2569 1885 2852 1940 ardoribus
2880 1895 3128 1938 exustam
3159 1878 3320 1934 refri--

1747 1993 1938 2048 gerare
1980 1979 2256 2049 linguam?
2293 1978 2430 2044 Quid
2467 1978 2700 2031 honores
2727 1984 2781 2030 et
2812 1973 3040 2048 deliciae,
3083 1965 3206 2027 eum
3244 1977 3325 2024 tot

1749 2087 1891 2126 nunc
1919 2072 1970 2126 in
1993 2087 2208 2126 onmem
2232 2070 2586 2125 aeternitatem
2613 2076 2838 2139 cogatur
2859 2065 3001 2120 ferre
3031 2069 3320 2127 tormenta,

1749 2175 1882 2238 quot
1912 2167 1966 2219 in
2010 2166 2208 2219 nmndo
2237 2163 2424 2218 habuit
2455 2159 2888 2216 oblectamenta?
2926 2157 3172 2213 Vidimus
3199 2168 3322 2209 cor-

1749 2277 1852 2332 pus
1900 2260 2015 2329 ejus
2043 2275 2164 2315 cum
2196 2273 2404 2312 summa
2439 2255 2733 2326 ignominia
2761 2252 2973 2322 sepeliri
3011 2251 3064 2304 in
3094 2247 3325 2318 sterqui-

1753 2355 1905 2420 linio,
1958 2353 2257 2423 cogitemus
2303 2350 2539 2404 animam
2591 2348 2706 2418 ejus
2761 2345 3069 2417 sulphureis
3116 2357 3328 2413 semper

1755 2460 2001 2501 arsuram
2034 2444 2287 2508 flammis,
2319 2442 2584 2513 sepultam
2630 2441 2682 2496 in
2726 2439 2958 2506 inferno,
3000 2437 3093 2492 ubi
3125 2436 3329 2492 vermis

1755 2555 1941 2596 eorum
1995 2555 2100 2594 non
2149 2537 2430 2599 morietur,
2481 2550 2579 2590 nec
2619 2533 2760 2604 ignis
2798 2531 3188 2602 exstinguetur,
3239 2527 3330 2582 ubi

1759 2631 1897 2701 ignis
1920 2629 2071 2685 smvit
2103 2625 2479 2690 intolerabilis,
2510 2624 2669 2680 fmtor
2698 2623 2905 2680 cruciat
2933 2616 3330 2682 abominabilis,

1758 2721 1912 2777 dolor
1938 2729 2114 2775 vastat
2143 2717 2446 2773 inelfabilis.
2487 2715 2793 2784 Cogitemus
2817 2713 2951 2778 haec,
2980 2710 3178 2765 fratres
3206 2708 3331 2772 mei,

1762 2827 1860 2867 nec
1901 2810 2287 2881 perfunctorie,
2330 2807 2423 2862 sed
2461 2805 2604 2862 serio
2640 2804 2962 2876 cogitemus,
3008 2808 3062 2855 et
3107 2797 3334 2854 salutari
3377 2847 3386 2854 .

1763 2903 2066 2957 animarum
2117 2911 2423 2955 nostrarum
2476 2894 2850 2966 amplectendo
2889 2888 3132 2946 remedio
3181 2886 3337 2941 nobis

1762 2999 2181 3070 pr05piciamus,
2212 3010 2276 3050 ne
2299 2994 2466 3048 etiam
2493 3006 2591 3045 nos
2615 3005 2736 3044 eum
2767 2987 2855 3041 illo
2879 2995 3183 3056 pereamus.
3210 2977 3340 3033 Uni-

105 3060 269 3114 ’δίδη
303 3058 613 3154 υπθῖθ9ί¹²⁵’
643 3058 757 3114 Sive
792 3056 961 3154 "_"i°"'
991 3053 1299 3154 (“08.5"”)
1298 3054 1493 3154 1'3"”?
1519 3051 1661 3154 υἷ’
1688 3046 1734 3108 c
2456 3079 2754 3136 remedium
2812 3046 2940 3132 vera
2992 3070 3336 3145 pmnitentia,

102 3164 292 3217 genscm
328 3159 382 3205 et
425 3149 698 3212 Dicnsem,
732 3147 922 3202 ambos
959 3143 1250 3200 canonicos
1297 3142 1484 3198 Sancti
1518 3141 1659 3205 Rufi,

105 3241 377 3312 lhigouem,
411 3257 574 3312 quem
607 3240 860 3297 dicebant
897 3237 1272 3308 Capellanum.
1324 3237 1466 3305 quod
1517 3235 1664 3290 solus

106 3333 222 3386 inter
239 3349 329 3389 eos
352 3332 920 3388 saccrdotioinitiatus
944 3338 1091 3386 esset
1113 3327 1284 3399 (1³14),
1314 3328 1448 3383 duos
1475 3327 1660 3392 laicus,

105 3426 346 3480 Andream
380 3434 439 3480 et
467 3425 789 3490 Guarinum,
818 3422 910 3494 qui
951 3431 1008 3478 et
1047 3422 1162 3492 ipse
1204 3422 1330 3476 huic
1360 3419 1666 3491 spectaculo

109 3516 461 3582 interfuerant,
507 3517 691 3586 aitque
734 3513 1192 3586 lacrymahundus
1219 3512 1287 3568 ad
1325 3527 1460 3568 eos:
1507 3510 1663 3576 Ecce,

109 3607 277 3662 fratres
304 3619 360 3665 et
403 3609 567 3664 amici
611 3611 735 3674 mei,
778 3608 832 3663 in
864 3607 1085 3663 Christo
1119 3606 1281 3661 unice
1317 3604 1494 3670 chari,
1534 3604 1672 3658 vidi-

110 3716 206 3754 mus
245 3716 339 3770 per
382 3702 490 3756 hos
529 3701 645 3756 dies
687 3710 740 3756 et
791 3700 1098 3756 audivimus
1149 3698 1464 3754 admiranda
1515 3697 1672 3766 plane

110 3801 244 3858 atque
277 3794 573 3862 stupenda,
607 3809 726 3864 qua:
760 3803 938 3848 tamen
973 3790 1130 3845 nobis
1173 3789 1386 3860 possint
1420 3803 1672 3857 magnam

111 3880 276 3937 alierre
303 3883 601 3937 utilitatem
628 3926 642 3949 ,
674 3884 716 3938 si
751 3883 844 3949 ita,
877 3889 1055 3951 utpar
1093 3891 1198 3947 est,
1226 3878 1463 3934 defuncti
1495 3878 1670 3947 hujus,

113 3977 259 4028 nodis
312 3975 576 4029 omnibus
625 3974 1019 4039 infelicissimi,
1075 3987 1180 4027 non
1231 3967 1532 4040 periculum
1585 3973 1677 4021 aut

114 4081 245 4119 Casus
279 4067 505 4133 dubius,
551 4068 643 4121 sed
688 4067 990 4122 certissima
1034 4062 1312 4118 damnatio
1358 4069 1549 4115 cautos
1579 4073 1676 4114 nos

113 4159 270 4221 iaciat,
309 4167 364 4210 et
395 4157 665 4212 sollicitos
701 4158 767 4211 ad
807 4157 1129 4226 placandum
1172 4152 1484 4216 Dominum,
1524 4147 1679 4219 cujus

115 4265 307 4302 manum
331 4250 582 4320 effugere
609 4264 767 4304 nemo
789 4258 987 4320 potest.

1765 3200 1887 3238 cum
1918 3183 2032 3252 ipse
2063 3179 2312 3234 Salvator
2345 3176 2524 3230 dicat:
2559 3194 2575 3223 ‹
2615 3170 2723 3225 Nisi
2757 3166 3133 3237 pmnitentiam
3164 3162 3340 3235 egeri-

1767 3276 1856 3340 tis,
1912 3288 2100 3329 onmes
2159 3269 2408 3325 similiter
2448 3264 2693 3336 peribitis
2730 3259 2898 3333 (175).
2949 3277 2967 3310 ι
3033 3256 3198 3314 Plena
3253 3264 3340 3310 est

1769 3367 2051 3437 Seriptura
2075 3363 2297 3420 vocibus
2319 3360 2382 3415 ad
2407 3355 2779 3430 paenitentiam
2803 3350 3163 3408 hortantibus.
3192 3347 3342 3402 lianc

1769 3463 1953 3530 itaque
1983 3474 2080 3513 nos
2113 3454 2521 3528 amplectamur,
2562 3448 2762 3502 fratres
2801 3441 3133 3506 charissimi,
3175 3439 3220 3494 si
3252 3454 3345 3493 vo-

1769 3528 1944 3606 lumus
1978 3551 2180 3620 justum
2214 3545 2306 3599 Dei
2334 3542 2567 3612 effugere
2605 3537 2892 3608 judicium.
2921 3533 3043 3587 Sint
3073 3529 3227 3585 nobis
3260 3528 3342 3582 la-

1771 3658 1968 3716 crymaa
2006 3650 2202 3696 nostra:
2233 3652 2398 3709 panes
2435 3636 2520 3689 die
2549 3649 2611 3688 ac
2652 3639 2830 3693 nocte,
2867 3636 2924 3682 et
2961 3626 3028 3680 iis
3073 3623 3347 3680 diluamus

1773 3739 1962 3792 sordes
1996 3741 2344 3806 peccatorum
2373 3735 2703 3783 nostrorum.

1849 3870 1934 3924 10.
1983 3864 2321 3944 Vocesjllm,
2385 3876 2521 3931 quas
2576 3858 2902 3921 audivimus,
2967 3869 3076 3909 non
3130 3858 3353 3921 pr0pter

1777 3960 1925 4016 illum
1955 3957 2114 4013 editze
2139 3963 2281 4019 sunt,
2309 3952 2399 4022 qui
2429 3949 2715 4006 defunctus
2739 3956 2838 4010 est,
2869 3946 2961 4000 sed
2985 3953 3205 4013 propter
3231 3955 3352 4004 nos,

1778 4061 1838 4108 ut
1885 4051 2037 4106 nobis
2078 4046 2394 4118 proficiant,
2446 4058 2580 4112 quos
2634 4040 2808 4096 adhuc
2858 4037 3039 4092 divina
3089 4029 3354 4104 patientia

1779 4141 2160 4214 longanimiter
2209 4144 2508 4207 exspectat.
2567 4133 2683 4187 Non
2748 4130 3078 4189 differamus,
3147 4136 3352 4190 quaeso,

1780 4237 1902 4290 vita:
1929 4231 2323 4290 correctionem
2353 4228 2418 4283 de
2445 4226 2532 4281 die
2573 4225 2626 4278 in
2655 4223 2819 4280 diem.
2863 4234 2983 4273 cum
3023 4214 3354 4275 nesciamus,

1783 4344 1888 4400 qua
1917 4328 2049 4382 hora
2081 4321 2338 4378 Dominus
2362 4329 2544 4373 noster
2569 4325 2827 4370 venturus
2851 4312 2941 4366 sit.
2973 4309 3074 4376 Qui
3097 4306 3264 4369 enim,
3298 4313 3360 4358 ut

172 4384 214 4437 8’
256 4385 492 4481 Elquis’
525 4384 776 4481 Quicum
809 4393 916 4481 iam
953 4396 1118 4481 sum?
1147 4383 1678 4481 δίΫῬθείοτθῑίίυξῗΨ
1712 4389 1758 4448 D
1784 4383 1861 4474 ait
1911 4415 2254 4473 beatissimus
2298 4408 2539 4481 pontifex
2587 4404 2901 4473 Gregorius,
2953 4397 3238 4470 poenitenti
3269 4411 3361 4450 ve-

116 4473 201 4526 talc
224 4477 538 4543 exemplum
571 4475 634 4526 ad
660 4474 920 4544 agendam
946 4470 1325 4541 paenitentiam
1355 4483 1460 4523 non
1493 4467 1684 4521 invitet

114 4567 272 4631 modo,
313 4567 410 4622 sed
459 4567 628 4621 etiam
680 4564 956 4634 impellat?
1007 4565 1115 4618 Aut
1163 4563 1284 4632 quis
1335 4573 1444 4616 tam
1499 4559 1683 4614 lethali

117 4671 310 4724 pressus
350 4660 424 4713 sit
475 4673 671 4712 somno
711 4656 966 4710 vitiorum
1032 4661 1092 4708 ut
1142 4652 1406 4722 deplorati
1452 4650 1686 4705 hominis

121 4750 256 4822 hujus
295 4752 560 4806 infaustis
600 4750 950 4815 clamoribus,
1022 4747 1128 4801 imo
1198 4757 1250 4800 et
1292 4743 1546 4800 tonitruis
1582 4757 1687 4796 non

121 4844 362 4898 excitetur
385 4853 444 4898 et
472 4840 807 4912 expergefiat
829 4840 893 4894 ad
917 4837 1210 4894 curandam
1243 4835 1471 4890 salutem
1500 4831 1690 4886 suam?

123 4935 356 4992 Novimus
415 4939 572 4992 hunc
622 4935 798 4989 virum
855 4932 1024 4988 multa
1067 4929 1330 5000 sapientia
1386 4926 1689 4998 praeditum,

125 5033 341 5087 maribus
373 5039 662 5094 ornatum,
685 5038 915 5095 castum,
952 5026 1227 5098 pudicmn,
1255 5025 1596 5094 prudentem,
1626 5020 1693 5074 ab

126 5123 350 5177 onmiLus
376 5123 709 5177 honoratum
753 5129 808 5174 et
833 5134 1026 5190 magno
1055 5119 1106 5171 in
1137 5117 1305 5171 uretio
1335 5113 1594 5170 habitum.
1628 5112 1695 5165 At

191 5407 326 5476 (172‘;
368 5406 508 5468 Aeli,
545 5418 667 5476 quae
695 5403 746 5457 in
787 5398 1493 5476 Aunotatis,praecedentis
1523 5397 1696 5452 sancti

136 5471 252 5531 Vua:
280 5477 444 5546 capiti
477 5477 506 5529 1
541 5471 820 5546 ειὼηειιιε,
859 5474 924 5527 ad
962 5481 1072 5546 no_t.
1104 5471 1171 5546 37
1203 5471 1343 5523 dicta
1374 5478 1516 5546 sunt.

198 5537 512 5616 (tim-Adi.
549 5559 673 5616 qum
719 5545 771 5598 in
810 5537 1189 5598 antecedentis
1231 5541 1402 5594 sancti
1444 5537 1578 5593 Viue
1608 5553 1699 5592 ca-

141 5620 262 5688 puti
294 5615 356 5672 ad
389 5626 490 5688 not
516 5615 612 5688 58.
648 5623 826 5688 notata
856 5624 1002 5688 sunt.

207 5689 341 5754 illi)
383 5687 462 5744 De
493 5686 723 5754 llugone
749 5685 1054 5756 Capellano,
1077 5682 1169 5754 qui
1194 5681 1340 5739 solus
1360 5695 1422 5736 ex
1455 5681 1539 5744 iis,
1567 5693 1700 5750 quos

1787 4513 1929 4567 niam
1959 4507 2264 4578 spopondit,
2303 4501 2546 4572 peccanti
2580 4500 2718 4556 diem
2757 4496 3055 4550 crastinum
3097 4505 3205 4546 non
3235 4505 3362 4560 pro-

1789 4600 1955 4654 misit.
2000 4597 2092 4652 llis
2129 4594 2308 4648 verbis
2335 4588 2642 4662 compuncti
2678 4595 2804 4641 sunt
2833 4584 2996 4638 corde
3037 4595 3228 4636 omnes
3264 4578 3361 4645 illi,

1789 4701 1843 4745 et
1873 4687 2082 4743 ardenti
2128 4683 2398 4740 desiderio
2433 4680 2723 4750 cupiebant
2761 4686 2890 4730 dare
2919 4689 2976 4728 se
3007 4670 3363 4742 poenitentia,

1791 4782 1884 4837 sed
1915 4779 2132 4833 modum
2162 4785 2217 4831 et
2257 4775 2431 4829 locum
2462 4769 2687 4826 necdum
2721 4767 2990 4821 videbant.
3027 4765 3211 4832 Itaque
3243 4775 3366 4830 per-

1794 4871 2034 4929 contanti
2068 4870 2136 4924 de
2161 4869 2246 4923 his
2269 4865 2570 4927 Lauduino,
2605 4861 2719 4914 viro
2745 4860 2904 4912 docto
2926 4865 2980 4910 et
3012 4854 3119 4924 pio,
3149 4860 3367 4908 sanctus

1795 4964 1975 5018 Bruno
2000 4959 2277 5030 respondit
2302 4976 2314 5011 :
2345 4953 2748 5026 Spectaculum,
2771 4948 2910 5019 quod
2939 4947 3192 5008 vidimus,
3222 4940 3370 5010 quod

1798 5068 1896 5108 nos
1925 5050 2130 5106 salubri
2163 5063 2395 5104 Inmrore
2424 5043 2622 5108 affecit,
2656 5040 2794 5111 quod
2821 5033 3164 5094 conturbavit
3192 5037 3246 5086 et
3273 5042 3369 5083 ex-

1801 5145 1993 5200 terruit
2021 5157 2142 5207 nos,
2171 5148 2223 5196 et
2250 5154 2423 5210 preme
2451 5137 2791 5206 sempiternae
2821 5127 3105 5187 formidine
3147 5117 3372 5175 adduxit

1805 5399 2024 5444 sanctus
2055 5385 2120 5439 ad
2152 5398 2210 5438 se
2250 5379 2583 5443 accersierit,
2616 5373 2921 5444 sacerdotio
2942 5369 3184 5444 initiatus
3210 5363 3376 5443 fuisse

1806 5440 1895 5514 hic
1915 5440 2143 5519 dicitur,
2185 5456 2422 5521 itemque
2451 5440 2731 5521 Landuino
2759 5453 2811 5521 et
2829 5443 2977 5521 aliis,
3007 5440 3094 5494 hic
3137 5440 3374 5521 receus'i-I-

2182 5499 2792 5586 columentariifprmii
2828 5512 2855 5584 ἓ
2902 5499 2975 5566 ἳίἶ
3014 5526 3044 5564 a
3083 5521 3230 5563 nuru.
3270 5499 3376 5558 454

1807 5597 2084 5668 usquead
2104 5595 2282 5668 finem.

1880 5655 2030 5741 (175)
2069 5665 2145 5720 lta
2179 5663 2288 5719 fere
2315 5661 2472 5717 Lucce
2503 5673 2624 5725 xm,
2654 5655 2707 5709 '5.
