3860 6320
500 259 596 315 53!
1317 256 1377 314 s.
1417 235 1768 317 naUNONts
1804 259 2453 337 CARTHUSIANORUM
2476 263 2960 339 insriruroms
3626 277 3712 336 δη

501 373 568 427 ad
611 369 1006 443 paenitentiam,
1057 372 1109 428 id
1140 372 1337 429 elliciat
1384 374 1438 430 in
1487 377 1664 440 nobis,
1714 384 1775 431 ut
1817 377 2074 447 mundum
2105 380 2150 439 Α
2182 377 2374 432 crebro
2404 379 2606 439 emensi
2648 394 2856 443 sumus.
2910 377 3030 437 Mox
3077 381 3245 445 etiam
3273 382 3424 454 litigo
3460 389 3710 449 sacerdos:

500 463 647 519 hunc
678 470 791 519 toto
818 471 1035 532 pectore
1061 473 1494 531 contemnamus,
1529 474 1584 520 et
1615 465 1789 536 quoad
1819 464 1935 535 ejus
1959 465 2076 537 fieri
2186 469 2400 537 Audivi,
2449 471 2641 542 inquit,
2679 480 2734 527 et
2762 486 2861 543 ego
2900 472 3064 536 multa
3114 475 3183 535 de
3230 475 3349 533 viro
3394 476 3511 544 hoc,
3554 481 3713 555 quippe

498 563 699 625 potest,
754 566 907 612 extra
954 556 1102 611 illum
1156 555 1516 629 aufugiamus.
1561 555 1855 635 Succurrat
1897 558 2075 625 nobis,
2183 559 2336 630 cujus
2362 561 2504 617 fama
2528 560 2642 631 jam
2679 563 2879 633 ubique
2921 564 3157 633 redolet;
3202 566 3482 642 habeoque
3507 569 3714 640 explora-

501 650 631 721 quid
671 653 737 709 de
780 667 840 709 se
885 653 1014 709 olim
1055 653 1255 710 dixerit
1290 654 1349 709 S.
1399 654 1597 731 David,»
1637 656 1988 713 contristatus
2025 657 2079 712 in
2182 652 2473 719 tissimum,
2503 667 2627 709 eum
2665 654 2844 710 virum
2888 668 3009 711 esse
3047 666 3319 723 sanctum,
3363 666 3419 712 et
3459 659 3716 723 animarum

500 742 893 799 exercitatione
921 758 1038 806 sua,
1072 753 1126 799 et
1152 744 1557 801 conturbatusa
1590 760 1722 802 voce
1765 747 1992 813 inimici,
2024 756 2081 804 et
2182 746 2343 802 saluti
2394 760 2738 819 summopere
2783 748 3127 816 studentem;
3181 764 3283 806 nec
3330 749 3565 818 dubium,
3611 755 3717 824 quin

502 851 531 886 a
576 832 923 891 tribulatione
964 838 1302 906 peccatoris;
1352 839 1570 907 quando
1622 853 1718 895 cor
1766 838 1884 910 ejus
1934 841 2079 897 intra
2182 837 2539 895 libentissime
2578 854 2678 896 nos
2725 849 3049 911 accepturus
3080 840 3172 908 sit,
3211 849 3268 897 et
3303 840 3476 897 modis
3511 843 3720 902 omnibus

502 924 680 993 ipsum
707 927 1087 983 conturbatum
1116 928 1237 993 fuit,
1286 936 1341 983 et
1380 926 1613 985 formido
1654 931 1847 988 mortis
1885 932 2083 988 cecidit
2183 930 2343 986 nobis
2385 945 2542 1002 opem
2570 930 2852 987 allaturus.
2884 931 2951 987 Et
2977 931 3103 988 licet
3131 946 3231 1004 ego
3253 932 3365 1004 jam
3390 931 3573 988 affecta
3596 944 3722 992 aetate

502 1032 667 1088 super
700 1033 847 1088 eum,
880 1019 1041 1076 timor
1069 1036 1282 1092 quoque
1308 1031 1363 1077 et
1393 1030 1595 1077 tremor
1624 1034 1888 1080 venerunt
1919 1039 2084 1096 super
2184 1033 2236 1078 et
2266 1021 2479 1078 infirma
2499 1022 2602 1078 sim
2626 1021 2955 1089 valetudine,
2987 1022 3184 1091 viaque
3209 1022 3327 1077 hate
3355 1022 3525 1077 ardua
3550 1031 3600 1077 et
3618 1021 3723 1082 dilli-

502 1121 648 1175 eum,
680 1116 735 1165 et
763 1118 1119 1167 contexerant
1155 1127 1276 1168 eum
1324 1112 1578 1181 tenebrae,
1618 1128 1739 1189 quae
1781 1104 2085 1183 omnia,ut
2185 1115 2327 1182 cilis,
2373 1114 2590 1187 quando
2638 1122 2818 1188 tamen
2865 1120 3017 1169 arcta
3059 1114 3146 1169 via
3195 1123 3297 1178 est,
3342 1128 3462 1183 qua!
3506 1113 3639 1169 ducit
3670 1116 3723 1179 ad

502 1200 697 1268 nostis,
728 1217 828 1259 nos
851 1217 1063 1272 quoque
1092 1204 1301 1273 experti
1332 1220 1541 1273 sumus,
1992 1193 1998 1196 i
2186 1209 2375 1283 vitam,
2424 1223 2524 1265 nec
2562 1207 2671 1273 ulla
2710 1216 2843 1275 aetas
2883 1221 3005 1263 sera
3046 1215 3131 1262 est
3166 1206 3233 1262 ad
3274 1205 3654 1277 paenitentiam,
3687 1207 3725 1264 si

576 1290 663 1345 “-
709 1310 729 1344 ι
777 1292 908 1359 Quis
946 1292 1092 1349 dabit
1128 1295 1281 1360 mihi,
1325 1296 1519 1366 inquit,
1560 1311 1767 1367 pennas
1807 1298 1947 1354 sicut
1992 1312 2083 1353 co-
2188 1300 2492 1359 statueritis
2514 1316 2580 1358 eo
2610 1300 2902 1372 proﬁcisci,
2932 1315 3030 1371 ego
3061 1314 3147 1355 me
3180 1299 3335 1355 vobis
3357 1298 3725 1370 comitemprte-

502 1379 722 1449 lumbae,
768 1392 822 1440 et
852 1384 1064 1453 volabo,
1129 1396 1184 1442 et
1214 1388 1594 1458 requiescam?
1643 1389 1801 1456 Ecce,
1834 1390 2081 1462 elongavi
2188 1394 2347 1461 bebo,
2380 1409 2480 1451 nec
2508 1395 2801 1464 Quidquam
2833 1407 2932 1449 nos
2960 1391 3257 1464 separabit,
3298 1390 3404 1458 nisi
3448 1389 3556 1446 sola
3591 1404 3722 1453 mors,

502 1472 736 1544 fugiens,
778 1486 834 1531 et
879 1477 1053 1531 mansi
1110 1477 1161 1531 in
1192 1478 1478 1555 solitudine
1502 1479 1670 1553 (176).
1700 1500 1719 1533 ›
1745 1479 1955 1549 Fugere
1987 1498 2084 1539 nos
2190 1484 2390 1542 Christi
2443 1485 2728 1543 charitate‘
2752 1484 3064 1555 perenniter
3107 1483 3395 1554 copulatas
3434 1489 3586 1550 atque
3626 1495 3727 1535 C0"-

503 1566 756 1623 admouet
795 1568 1071 1625 hominum
1122 1570 1482 1643 frequentiam
1530 1583 1586 1628 et
1631 1573 1890 1644 peccandi
1926 1588 2084 1629 occa-
2186 1580 2423 1651 junctos.
2477 1575 2732 1630 Eamdem
2792 1574 2959 1629 animi
3015 1572 3357 1641 alacritatem
3408 1579 3463 1626 et
3514 1569 3728 1639 prompti-

501 1659 701 1726 siones,
732 1671 788 1717 et
820 1662 1014 1735 degere
1041 1664 1094 1717 in
1124 1664 1435 1739 solitudine,
1462 1681 1580 1737 quae
1606 1665 1755 1722 locus
1784 1674 2081 1737 cstoppor-
2118 1729 2158 1739 _‘
2193 1669 2435 1723 tudinem
2490 1666 2787 1721 exhibuere
2837 1665 3002 1720 etiam
3056 1663 3303 1718 Andreas
3359 1670 3416 1717 et
3476 1658 3727 1723 Guarinus,

502 1758 665 1807 tunus
704 1729 922 1821 agenda:
948 1736 1297 1825 poenitentia,
1332 1729 1594 1811 virtulum
1633 1756 1868 1823 doctrix,
1901 1729 2085 1827 gloria:
2118 1729 2162 1785 Β
2190 1762 2438 1817 homines
2479 1758 2601 1814 laici
2641 1766 2694 1813 et
2725 1757 2923 1826 idiotas,
2960 1756 3346 1829 petieruntque
3392 1752 3617 1808 breviter
3652 1751 3727 1805 do-

501 1844 814 1900 revelatrix.
848 1847 981 1903 Eam
1019 1864 1146 1919 ergo
1183 1865 1279 1904 nos
1312 1866 1411 1921 par
1443 1860 1525 1906 est
1560 1850 1959 1914 studiosissime
2004 1850 2085 1905 in-
2189 1854 2321 1916 ceri,
2384 1865 2492 1922 quo
2540 1859 2699 1921 pacto
2754 1850 2946 1921 dignos
2998 1845 3335 1920 pmnitentiae
3400 1842 3600 1900 fructus
3646 1842 3729 1899 Deo

501 1937 744 2006 quirere,
770 1940 820 1994 in
844 1955 907 1995 ea
935 1940 1346 2013 diligentissime
1370 1944 1719 2009 commorari,
1745 1952 1797 1997 et
1824 1957 1994 2013 usque
2017 1944 2085 1999 ad
2190 1942 2469 1999 oll'errent.

502 2043 815 2097 supremum
848 2033 970 2105 vitae
1005 2034 1144 2089 diem
1175 2043 1327 2089 extra
1355 2048 1474 2089 eam
1517 2036 1707 2103 pedem
1736 2050 1842 2090 non
1871 2034 2084 2091 ell‘erre.
2260 2033 2348 2089 15.
2391 2033 2544 2101 Quod
2575 2048 2697 2089 cum
2744 2049 2773 2088 a
2822 2033 2982 2090 beato
3011 2033 3269 2088 Brunone
3300 2028 3503 2085 factum
3527 2033 3656 2082 esset
3685 2036 3727 2079 et

505 2118 781 2177 Habemus
807 2123 1050 2195 exempla
1081 2125 1132 2178 in
1178 2125 1294 2194 ipso
1332 2124 1633 2188 Salvatore,
1677 2141 1838 2196 quem
1872 2132 2089 2181 constat
2190 2126 2437 2196 quaedam
2470 2126 2636 2182 etiam
2671 2127 2737 2181 de
2780 2127 2905 2180 vita:
2946 2124 3107 2196 hujus
3155 2123 3451 2195 fragilitate
3492 2130 3544 2176 et
3579 2119 3732 2172 incon-

504 2227 649 2282 saepe
680 2214 894 2275 deserta
925 2217 1215 2287 expetiisse
1254 2216 1397 2281 loca,
1428 2226 1484 2271 ιιι
1517 2231 1614 2273 nos
1646 2218 1712 2272 ad
1742 2216 1937 2271 similia
1965 2230 2090 2286 pro-
2192 2219 2414 2282 stantia,
2445 2218 2511 2273 de
2537 2219 2721 2274 mundi
2757 2219 2996 2275 vanitate
3021 2227 3075 2273 et
3103 2216 3338 2279 fallacia,
3375 2214 3443 2269 de
3470 2212 3659 2267 incerto
3682 2212 3733 2266 ab

502 2314 745 2362 vocaret.
789 2306 1027 2373 Joannes
1057 2309 1321 2379 Baptista,
1367 2325 1472 2379 quo
1522 2309 1664 2365 inter
1698 2319 1853 2366 natos
1899 2308 2089 2366 mulie—
2192 2310 2296 2366 hac
2338 2310 2447 2365 vita
2487 2311 2657 2377 exitu,
2691 2312 2758 2367 de
2787 2310 3025 2366 doctoris
3057 2308 3263 2365 recenti
3296 2303 3631 2361 damnatione
3669 2301 3735 2355 itte

504 2411 627 2450 rum
651 2411 811 2463 nemo
851 2400 1089 2462 surrexit
1124 2400 1316 2469 major,
1352 2400 1404 2454 in
1435 2400 1665 2462 desertis
1693 2398 1796 2455 fuit
1825 2413 1996 2469 usque
2022 2400 2089 2455 ad
2194 2411 2691 2468 commemorasset,
2731 2402 2800 2458 ab
2827 2401 3071 2458 omnium
3102 2399 3274 2457 oculis
3300 2397 3484 2453 dulces
3512 2394 3738 2463 lacrymn-

510 2489 653 2544 diem
687 2491 1014 2547 ostensionis
1040 2506 1169 2547 suae.
1203 2491 1447 2563 Longum
1479 2492 1570 2558 sit,
1602 2502 1829 2549 cancros
1856 2478 2093 2549 comme-
2194 2510 2314 2550 rum
2364 2495 2522 2551 rivuli
2572 2496 2940 2561 dimanarunt,
2973 2508 3209 2562 moxque
3247 2492 3303 2546 in
3344 2502 3538 2545 novam
3570 2485 3736 2542 Christi

505 2598 721 2645 morare
745 2583 993 2640 homines
1017 2585 1413 2651 sanctissimos,
1448 2586 1539 2656 qui
1578 2600 1636 2641 se
1674 2586 1728 2640 in
1759 2584 1977 2639 intimas
2004 2600 2093 2641 so-
2194 2589 2382 2644 aeterni
2408 2588 2553 2657 regis
2574 2587 2822 2642 militiam
2860 2586 3023 2642 simul
3046 2599 3236 2641 omnes
3252 2581 3557 2650 conjurant,
3579 2588 3736 2646 rogant

510 2674 764 2747 titudines
795 2675 1137 2741 abdiderunt,
1180 2677 1312 2731 nihil
1342 2693 1463 2732 cum
1496 2678 1599 2733 hoc
1634 2677 1835 2734 mundo
1861 2676 2092 2733 fallacis-
2195 2681 2620 2751 omnipotentem
2669 2681 2858 2745 Deum,
2904 2687 2965 2734 ut
3009 2679 3156 2748 ipsos
3196 2677 3250 2731 iu
3280 2682 3472 2730 sancto
3500 2668 3735 2742 proposito

508 2765 651 2821 simo
676 2768 986 2843 commercii
1023 2768 1223 2824 habere
1253 2768 1511 2825 volentes.
1542 2769 1688 2823 Inter
1727 2768 1843 2825 hiec
1884 2767 2094 2823 inllam-
2197 2770 2502 2835 confirmet,
2536 2780 2592 2823 et
2616 2768 2864 2840 angelum
2890 2782 3059 2824 suum.
3075 2768 3276 2822 bonum
3309 2765 3378 2818 ad
3404 2762 3546 2831 ipsos
3574 2758 3738 2818 mittat,

511 2868 731 2933 mantur
779 2873 965 2915 eorum
1013 2860 1176 2915 animi
1205 2901 1219 2925 ,
1280 2869 1335 2915 et
1395 2862 1590 2916 ardent
1646 2860 1906 2916 solitariae
1969 2861 2095 2925 vita:
2198 2862 2289 2933 qui
2323 2862 2394 2918 sit
2428 2862 2640 2917 itineris
2665 2861 2794 2928 dux,
2824 2869 2878 2917 et
2910 2861 2977 2916 ad
3013 2860 3189 2915 locum
3217 2872 3330 2913 suae
3359 2852 3620 2925 majestati
3644 2864 3739 2920 gra-

512 2951 807 3019 dcsiderio;
843 2955 935 3009 sed
962 2968 1084 3007 cum
1114 2953 1380 3008 incertum
1411 2954 1698 3019 haberent,
1732 2969 1891 3023 quem
1926 2953 2095 3022 potis-
2199 2966 2313 3013 tum
2344 2956 2489 3026 ipsos
2518 2955 2797 3026 perducat.
2832 2953 3035 3009 Deinde
3062 2967 3184 3008 cum
3224 2951 3290 3007 de
3327 2949 3492 3003 rebus
3517 2956 3568 3001 et
3596 2941 3738 2997 facul-

510 3047 708 3100 simum
750 3045 924 3101 locum
974 3056 1311 3115 exvelerem.
1370 3056 1590 3102 sanctus
1634 3047 1814 3101 Bruno
1860 3046 2093 3114 aliquem
2126 3074 2169 3136 ρ
2202 3051 2404 3108 tatibus
2425 3052 2537 3107 suis
2566 3050 2996 3112 constituissent,
3022 3056 3078 3103 et
3108 3044 3290 3102 omnia
3320 3058 3416 3098 sua
3446 3050 3587 3096 recte
3614 3050 3741 3104 expe-

512 3137 688 3191 virum
728 3138 929 3192 bonum
961 3146 1017 3192 et
1048 3137 1258 3193 fidelem
1290 3138 1672 3206 inquirendum
1715 3136 1868 3201 dicit,
1898 3136 1990 3205 qui
2018 3150 2036 3189 ε

2219 3142 2485 3207 livissent,
2529 3141 2835 3195 vuledicunt
2875 3138 3064 3193 amicis
3097 3146 3151 3191 et
3183 3135 3344 3190 notis.
3386 3132 3454 3187 Et
3478 3138 3653 3186 saneto
3675 3139 3743 3180 eos

509 3229 686 3283 locum
714 3237 1075 3299 opportunum
1105 3229 1326 3284 indicet.
1355 3227 1492 3297 Tum
1520 3226 1781 3297 Stephani
1807 3228 1933 3291 duo,
1964 3225 2033 3279 Bu

2218 3235 2433 3289 lucente
2462 3231 2691 3295 Spiritu,
2738 3238 2900 3299 atque
2934 3228 3127 3298 angelo
3164 3224 3379 3280 Domini
3407 3220 3742 3277 antecedente,

511 3302 691 3392 gensis
717 3331 771 3376 et
800 3321 1046 3385 Diensis,
1078 3336 1186 3375 non
1224 3321 1403 3391 longe,
1434 3321 1603 3383 aiunt,
1637 3335 1668 3374 a
1708 3317 1979 3383 Valentia,
2012 3318 2098 3372 cui
2200 3322 2467 3393 dirigenle
2507 3337 2569 3376 ac
2600 3329 2942 3391 protegente,
2986 3318 3143 3387 longo
3181 3324 3237 3371 et
3273 3317 3506 3369 molesto
3544 3326 3602 3365 ac
3640 3309 3744 3362 duro

515 3424 761 3487 nostrum
792 3413 977 3469 Sancti
1025 3413 1144 3468 Βυῐί
1198 3414 1436 3469 αάἱιωτρι
1486 3413 1874 3469 monasterium
1926 3413 2097 3484 (177),
2204 3414 2483 3471 itineread
2506 3413 2878 3469 beatissimum
2910 3401 3745 3479 llugouem,episcopumGratia.

515 3508 647 3579 urbs
669 3514 752 3561 est
779 3504 1203 3575 GratianOpolis,
1240 3514 1296 3559 et
1322 3506 1373 3559 in
1397 3520 1460 3560 ea
1484 3505 1675 3561 beatus
1711 3505 1866 3576 Hugo
1888 3506 2101 3575 episco-
2203 3506 2592 3576 nopolitanum,
2656 3520 2715 3560 se
2769 3502 3054 3558 conferunt
3112 3499 3281 3571 (l79).
3347 3498 3405 3553 ln
3462 3498 3574 3566 ipso
3602 3502 3746 3548 autem

514 3614 634 3677 pus,
666 3613 827 3668 quem
852 3613 948 3653 nos
972 3613 1112 3669 saepe
1139 3599 1370 3653 vidimus
1393 3607 1448 3653 ct
1472 3598 1607 3653 bene
1630 3599 1904 3670 cognitum
1936 3598 2101 3678 habef
2205 3601 2401 3656 itinere
2440 3600 2506 3653 ad
2566 3598 2853 3667 quemdam
2905 3611 3115 3665 magnae
3165 3592 3447 3663 religionis
3506 3588 3745 3645 eremitam

520 3674 639 3747 litus
671 3692 837 3763 (178).
2086 3674 2091 3678 ’
2203 3690 2496 3756 divertunt,
2555 3701 2613 3743 ut
2675 3690 2742 3745 ab
2791 3702 2893 3752 co,
2951 3696 3208 3756 tanquam
3271 3694 3525 3753 experto,
3577 3681 3750 3735 discant

588 3783 675 3835 12.
719 3782 812 3837 Est
855 3782 942 3837 illc
974 3784 1054 3837 vir
1084 3784 1479 3849 sanctissimus,
1509 3782 1685 3852 justus
1727 3797 1790 3838 ac
1828 3791 2011 3838 rectus
2047 3791 2102 3837 et
2204 3783 2271 3837 de
2316 3783 2422 3837 vita
2467 3780 2709 3836 solitaria
2754 3779 2922 3849 (180).
2972 3779 3100 3849 Ejus
3139 3785 3323 3831 autem
3365 3772 3687 3830 sermonibus
3711 3776 3750 3822 et

517 3878 716 3933 timens
741 3879 932 3941 Deum,
966 3886 1127 3947 atque
1157 3880 1380 3932 inomni
1413 3879 1679 3933 virtutum
1704 3893 1905 3948 genere
1934 3876 2102 3947 probe
2204 3878 2310 3947 piis
2358 3874 2830 3930 adhortationibus
2880 3872 3174 3926 alacriores
3221 3868 3435 3932 ell‘ecti,
3493 3864 3749 3935 maiorique

519 3969 869 4024 exercitatus.
917 3970 972 4023 In
1019 3968 1135 4037 ejus
1171 3970 1391 4025 dioecesi
1422 3979 1547 4025 sunt
1577 3978 1787 4023 montes
1829 3967 2099 4033 altissimi,
2206 3985 2391 4026 amore
2421 3970 2473 4024 in
2502 3983 2619 4024 eam
2646 3968 2815 4022 vitam
2844 3965 3188 4032 inﬂammati,
3216 3969 3453 4034 pergunt
3480 3960 3558 4015 ire
3578 3956 3750 4012 Gratia-

520 4062 572 4114 in
623 4062 689 4115 iis
736 4062 951 4116 deserta
1001 4061 1117 4116 loca
1168 4060 1459 4131 permulta,
1519 4061 1587 4114 ab
1628 4060 1775 4113 onmi
1824 4059 2101 4113 hominum
2206 4064 2463 4135 nopoiim.

519 4154 908 4208 consuetudine
934 4163 987 4207 et
1010 4153 1344 4206 habitatione
1363 4160 1635 4220 separata,
1665 4158 1828 4219 atque
1851 4165 1913 4203 ea
1939 4166 2101 4205 causa
2278 4155 2363 4208 M.
2409 4153 2514 4207 Per
2544 4151 2684 4206 idem
2716 4159 2896 4205 autem
2946 4158 3156 4219 tempus
3202 4146 3338 4201 vidit
3378 4153 3596 4200 sanctus
3633 4140 3751 4209 llugo

518 4247 853 4315 pcenitenliaz
880 4246 1098 4314 agendae
1121 4246 1354 4298 maxime
1376 4254 1700 4313 opportuna.
1737 4244 1802 4297 Et
1832 4258 1953 4297 cum
1981 4258 2104 4298 san-
2206 4248 2489 4317 episcopus
2524 4246 2577 4300 in
2617 4245 2840 4310 somnis,
2874 4244 3039 4298 Deum
3073 4241 3127 4296 in
3156 4256 3220 4295 ea
3260 4254 3468 4304 eremo,
3502 4251 3614 4306 qua:
3648 4231 3752 4287 Car-

520 4348 640 4392 ctus
672 4338 958 4408 episc0pus
986 4336 1166 4391 verbis
1196 4345 1250 4390 et
1280 4335 1543 4405 exemplis
1583 4349 1776 4390 omnes
1813 4334 2005 4390 invitet
2036 4336 2103 4390 ad
2210 4336 2387 4393 thusia
2410 4336 2707 4399 dicebatur,
2739 4349 2851 4391 suae
2892 4333 3166 4404 majestati
3202 4332 3426 4387 domum
3454 4325 3752 4384 exaediﬁcan-

521 4429 897 4496 poenitentiam
926 4469 941 4491 ,
997 4427 1086 4483 ubi
1146 4429 1213 4483 ad
1269 4443 1392 4483 eum
1449 4428 1786 4491 venerimus,
1842 4429 2107 4485 adventus
2140 4422 2183 4476 D
2213 4440 2342 4496 tem,
2385 4437 2592 4498 septem
2622 4442 2838 4498 quoque
2868 4425 3053 4482 stellas
3082 4422 3264 4480 colore
3294 4420 3483 4487 rutilo,
3528 4419 3579 4473 in
3603 4415 3752 4471 urbem

523 4530 706 4575 noster
740 4522 793 4576 ei
820 4521 923 4575 erit
963 4521 1325 4589 gratissimus,
1365 4521 1637 4591 facietque
1670 4537 1770 4576 nos
1810 4523 1921 4575 voti
1961 4537 2109 4576 eom-
2213 4523 2524 4593 dispositas,
2563 4530 2616 4577 et
2646 4537 2675 4576 a
2720 4531 2863 4589 terra
2904 4518 3177 4590 paululum
3209 4516 3551 4584 sublevatas,
3584 4510 3645 4565 ab
3678 4506 3755 4563 illis

523 4622 697 4681 potes.
731 4613 827 4668 Est
856 4613 997 4669 enim
1040 4614 1432 4683 perhumanus,
1470 4614 1736 4685 benignus
1764 4622 1819 4668 et
1845 4614 2106 4669 clemens.
2213 4615 2523 4672 etelcstibus
2566 4615 2691 4681 situ,
2733 4621 2905 4681 motu,
2950 4612 3131 4668 colore
3173 4618 3229 4666 et
3266 4608 3553 4680 splendore
3592 4604 3755 4658 discre-

525 4704 801 4779 llabebitis
830 4714 1011 4761 autem
1048 4722 1146 4763 nos
1184 4705 1343 4775 hujus
1374 4706 1586 4763 itineris
1614 4707 1802 4772 duces,
1834 4705 1977 4775 quod
2011 4720 2109 4761 nos
2213 4718 2424 4781 parites,
2468 4709 2680 4763 itineris
2716 4708 2966 4769 ducatum
3006 4706 3110 4762 sibi
3157 4709 3485 4776 prastantes
3521 4697 3674 4759 ll8ll-
3710 4690 3757 4745 Ει

599 4934 744 5007 (176)
788 4934 1004 4991 Psalmo
1035 4951 1141 4995 ων,
1173 4937 1287 4990 0⁸8δ
1494 5003 1524 5007 Α
1554 5004 1568 5007 Α
1633 5003 1643 5007 _
1766 5001 1776 5007 _
2012 5002 2039 5007 _
2212 4931 2614 5007 Commentario
2637 4930 2837 5001 praevio
2863 4943 2892 5007 _a
2927 4942 3077 4983 num.
3106 4925 3213 5007 4M
3245 4924 3724 5007 discussumAeslz-h:

598 4997 744 5073 (177)
775 5007 830 5060 lu
856 5006 1186 5075 assignando
1210 5003 1525 5060 monasterii
1554 5003 1715 5071 hujus
1736 5001 1840 5075 situ
1862 5016 1983 5075 cum
2008 5002 2111 5075 [fu-
2254 5074 2259 5075 ί
2285 5002 2436 5074 (180)
2478 5002 2552 5075 De
2579 4997 2681 5056 hoc
2709 5001 2965 5065 cremita,
2988 5014 3028 5075 _a
3047 5006 3249 5075 sancto
3277 4997 3507 5064 ejusque
3551 4997 3754 5075 δίκης-χιι

530 5055 1645 5143 ieino'ét'etoiné’niiaiii'aTanai‘siéénioé
1666 5055 2111 5144 est,Suriushic
2211 5055 2813 5144 via—consultorquem
2861 5055 3507 5144 apud_lilomenvimn_am
3552 5055 3752 5144 cxt‘ligtt:

529 5129 697 5200 errat.
726 5129 826 5201 ᾸιΙί
860 5129 1248 5201 Commentarii
1271 5129 1455 5213 praevii
1490 5160 1638 5197 num.
1666 5129 1791 5196 456'.
1948 5212 1955 5213 ί
2214 5146 2328 5201 rieo
2377 5129 2614 5208 Kalbar',
2662 5129 2769 5196 non
2818 5129 3308 5213 apudPuteanum
3345 5134 3560 5213 etiam...
3602 5129 3756 5213 Suri":

603 5217 749 5285 (178)
792 5218 949 5279 Vide,
980 5231 1101 5284 qua:
1131 5216 1195 5268 de
1235 5202 1423 5285 sancto
1459 5215 1561 5268 hoc
1608 5212 2111 5285 Gratianopolitano
2213 5202 2632 5285 commemorari
2665 5202 2901 5277 invenii,
2941 5208 3143 5266 videsis
3171 5202 3562 5263 Commentarii
3606 5209 3754 5269 piam!

531 5281 787 5357 episcopo
816 5281 1173 5341 Annotatain
1206 5284 1570 5354 antiquiorem
1620 5284 1791 5339 sancti
1826 5281 1999 5337 Vitam
2043 5285 2110 5339 ad
2214 5283 2522 5358 numtﬁlé.
2615 5354 2625 5358 Α
2665 5354 2676 5358 _
2825 5353 2838 5358 _
3013 5350 3042 5358 Α
3110 5348 3157 5358 ﬂ
3309 5346 3321 5358 .
3398 5345 3434 5358 ﬂ
3601 5334 3730 5358 MA“

532 5334 1173 5433 ἶιὸξζῙ-ἓίιρῥὲξῇἷιὲἰίῖ.
1208 5334 1569 5433 ῖ“’”’Ἰ“’ξ⁷’⁷”
2214 5334 2550 5433 "Vimine
2579 5354 2786 5433 visione
2825 5353 2961 5417 hac.
3110 5346 3361 5433 Il‘tysoni.
3395 5334 3754 5433 Caluinam“;

590 5410 871 5502 (1719)
902 5427 1169 5502 Sanctus,
1199 5424 1328 5478 dato
1371 5426 1567 5502 entiam.
1600 5424 1999 5502 eum_prodigio
2025 5424 2112 5502 dc-
2215 5410 2341 5502 ratio
2368 5410 2623 5502 episcopo
2650 5465 2665 5489 ,
2701 5424 2907 5487 oblata,
2948 5410 3753 5502 adjunctisque,‘quibu-s‘gbigna

535 5478 870 5567 ruiiéii'Jiin'i
894 5478 1296 5567 sedainnatum
1326 5509 1355 5548 e
1390 5478 1594 5549 feretro
1626 5478 1955 5567 vociferatus
1980 5478 2105 5558 siti,
2216 5478 2385 5551 surio
2402 5478 2664 5567 binisque
2702 5510 2829 5567 eum,
2862 5478 3437 5567 praegressissancti'
3463 5478 3755 5567 nostribﬂitj'

534 5569 589 5620 in
618 5558 1131 5641 crcmtitn'pulsum_
1154 5563 1342 5641 fuisse,
1376 5572 1520 5641 recta
1555 5580 1704 5628 sese,
1738 5566 1815 5618 uti
1833 5565 1971 5641 _hic_
1993 5567 2111 5620 bio-
2214 5566 2452 5641 graphis3
2501 5558 2742 5641 [fu—team
2785 5558 3035 5641 videlicet
3062 5572 3117 5618 et
3164 5558 3754 5641 lilornenveppabruﬂ:

536 5616 1342 5706 graphus—iudicarevidetur,
1370 5616 2107 5706 adillugoit—ein,"Gratiano-
2351 5616 3204 5704 continentur“pricvii
3244 5645 3397 5684 num.
3447 5627 3552 5682 4‘25
3585 5616 3643 5678 ἐι
3679 5616 3753 5671 ιιι)-

538 5705 835 5779 politanum
889 5706 1239 5776 episc0pum,
1293 5722 1412 5762 cum
1469 5705 1628 5763 sociis
1676 5705 2000 5777 contulerit,
2056 5707 2109 5762 in
2215 5715 2344 5778 quot
2375 5722 2527 5777 seqq.
