3860 6326
143 281 213 337 553

1589 279 1792 338 ACTA.

3215 285 3317 341 554

141 409 226 451 cum
261 391 315 448 de
348 404 404 446 ea
444 388 650 447 visione
695 390 978 463 cogitaret,
1028 402 1235 464 septem
1273 394 1398 461 viri,
1447 396 1636 452 beatus
1665 399 1714 458 Α
1739 410 1955 453 oremus
1989 396 2231 468 qumdam
2262 396 2319 452 in
2354 396 2631 453 altissimis
2658 397 2950 463 montibus,
2981 413 3143 469 quam
3179 397 3317 456 Car-

138 485 267 538 Bruno
299 495 407 536 cum
448 494 545 535 sex
592 479 775 547 sociis,
814 481 883 536 ad
924 480 1069 537 fores
1119 482 1303 553 palatii
1348 484 1631 540 assistunt.

137 576 225 647 Ejus
254 573 319 630 rei
360 574 600 629 meminit
656 575 739 629 vir
780 577 1110 633 venerabilis
1160 578 1333 650 Guigo
1382 580 1437 635 in
1487 579 1631 648 Vita,

135 678 249 734 quam
285 663 501 732 scripsit,
547 663 786 734 ejusdem
834 665 978 722 beati
1026 667 1149 723 viri.
1195 669 1384 735 Adest,
1436 670 1631 741 inquit,

135 756 327 826 magister
357 755 548 822 Bruno,
583 757 664 812 vir
703 756 964 828 religione
999 760 1339 833 scientiaque
1369 762 1631 829 famosus,

134 846 362 903 honestatis
396 857 448 905 et
476 849 758 920 gravitatis
800 864 864 906 ac
902 851 1068 907 totius
1105 854 1440 911 maturitatis
1478 853 1632 925 quasi

132 938 330 1010 quoddam
369 938 735 997 simulacrum.
770 939 1015 998 Habebat
1043 953 1222 1005 autem
1252 945 1433 1003 socios
1470 959 1630 1014 supra

131 1038 419 1085 memoratos:
446 1032 758 1101 quaerebant
799 1048 930 1090 vero
968 1033 1145 1091 locum
1174 1036 1469 1093 eremiticze
1507 1036 1632 1093 vitae

129 1134 375 1192 congruum,
397 1120 736 1193 necdumque
760 1136 1097 1195 repererant.
1121 1125 1249 1184 Haec
1265 1126 1438 1200 Guigo
1457 1126 1628 1199 (la).

130 1207 221 1264 Cum
246 1224 354 1281 ergo
387 1210 691 1270 nuntiatum
726 1222 875 1271 esset
917 1215 1173 1289 episcopo
1231 1217 1384 1275 viros
1424 1226 1629 1290 septem

128 1309 345 1373 stareprte
372 1301 597 1372 foribus,
635 1305 729 1376 qui
775 1306 1000 1377 cupiant
1038 1323 1162 1365 cum
1209 1309 1330 1381 ipso
1370 1310 1631 1382 colloqui,

131 1393 342 1449 (colestim
380 1409 471 1450 eos
492 1394 652 1464 jubet
687 1397 978 1455 introduci.
1007 1400 1273 1471 Ingressis
1317 1401 1443 1470 illis,
1475 1411 1531 1459 et
1561 1403 1630 1461 ad

130 1483 245 1553 pedes
266 1483 364 1550 ejus
392 1485 669 1544 humiliter
685 1490 976 1560 prostratis
998 1500 1238 1562 optatam
1268 1492 1510 1561 impertit
1533 1496 1628 1551 be-

130 1574 428 1642 nedictionem,
462 1591 697 1648 cumque
746 1580 815 1635 ab
848 1595 914 1636 eo
971 1580 1164 1637 elevati
1206 1582 1415 1654 pariter
1439 1599 1629 1642 conse-

128 1667 287 1735 disserit,
312 1682 515 1723 causam
564 1669 832 1727 adventus
875 1686 1064 1729 eorum
1112 1671 1403 1746 diligenter
1448 1675 1630 1747 inqui-

130 1758 187 1812 rit.
241 1756 441 1816 Sanctus
486 1759 687 1827 Bruno,
756 1764 886 1835 quid
955 1764 1181 1824 Parisiis
1252 1768 1514 1825 vidissent
1570 1780 1628 1825 et

128 1850 366 1915 audissent,
418 1860 471 1906 et
533 1855 994 1923 quemadmodum
1064 1857 1167 1928 ipsi
1231 1858 1375 1914 inter
1431 1874 1492 1915 se
1559 1859 1627 1917 de

130 1938 201 1992 vita
235 1939 443 1995 solitaria
498 1943 906 2015 complectenda
955 1955 1144 2003 sancte
1198 1949 1624 2020 conspirassent,

129 2033 299 2101 exponit,
335 2041 384 2091 et
424 2034 599 2119 locum
644 2039 978 2110 paenitentiae
1018 2049 1204 2112 aptum
1245 2043 1382 2113 petit
1408 2042 1476 2099 ab
1513 2042 1629 2115 epi-

131 2139 257 2195 scopo.

174 2257 231 2311 l5.
261 2258 321 2313 At
342 2259 425 2317 ille
450 2276 561 2330 prae
600 2262 680 2318 rei
724 2263 964 2319 novitate
993 2264 1231 2335 primum
1259 2265 1622 2338 obstupescit;

130 2348 189 2402 sed
209 2358 363 2406 tamem
394 2364 647 2409 accurate
675 2355 1053 2425 contemplans
1083 2371 1273 2412 eorum
1314 2359 1626 2414 conversio-

131 2454 226 2505 ucm,
250 2443 387 2505 animi
426 2446 817 2514 constantiam,
856 2447 1010 2507 ardui
1050 2449 1333 2519 propositi,
1380 2450 1626 2520 pluribus

131 2533 365 2603 quandoque
398 2536 686 2604 profuturi,
723 2545 778 2592 et
808 2537 1004 2593 visioni
1052 2536 1164 2594 suae
1206 2540 1621 2607 accommodati,

129 2635 303 2691 magnam
340 2625 643 2693 utilitatem,
676 2642 801 2683 cum
830 2628 1031 2700 ingenti
1074 2631 1272 2699 gaudio
1299 2646 1393 2687 eos
1422 2632 1625 2702 ample-

130 2721 249 2780 xatur,
279 2725 323 2770 et
349 2732 445 2773 non
484 2719 648 2774 modo
681 2719 931 2787 libenter,
966 2723 1060 2778 sed
1099 2723 1265 2781 etiam
1312 2733 1624 2781 reverenter

128 2803 263 2871 excipit
299 2805 439 2874 illos,
490 2818 544 2863 et
595 2818 795 2865 tractat
845 2821 1195 2881 peramanter
1246 2828 1311 2868 ac
1370 2814 1619 2885 benigne.

129 2889 258 2949 Dirino
286 2911 477 2969 quoque
517 2899 727 2970 Spiritu
766 2916 888 2957 eum
927 2904 1175 2970 docente,
1227 2902 1474 2975 intelligit
1509 2905 1622 2975 jam

128 2988 327 3056 visionem,
380 2996 559 3063 eisque
619 3003 783 3051 totam
836 3006 1251 3063 commemorat,
1312 2999 1618 3069 locumque,

128 3093 231 3151 quem
250 3093 547 3154 expeterent,
584 3088 686 3142 sibi
719 3087 832 3156 jam
879 3088 1139 3144 divinitus
1185 3090 1616 3145 demonstratum
1645 3108 1691 3169 ο

128 3168 223 3222 dicit.
255 3172 441 3244 Septem
480 3179 629 3233 enim
677 3180 843 3242 viros,
889 3188 1102 3234 terrena
1143 3190 1481 3250 respuentes,
1525 3180 1620 3237 de-

128 3270 221 3315 serta
244 3264 337 3321 loca
374 3268 729 3340 inquirentes,
773 3280 826 3326 et
852 3286 950 3341 pro
991 3272 1293 3328 caelestium
1327 3274 1617 3340 desiderio,

127 3352 246 3408 studio
276 3371 328 3411 ac
362 3374 561 3426 amore,
612 3362 785 3417 instar
819 3361 1099 3417 stellarum
1147 3364 1434 3430 micantes,
1485 3366 1620 3420 nihil

127 3443 346 3512 ambigebat
372 3450 486 3516 illis,
517 3467 660 3523 quas
690 3452 922 3520 viderat,
950 3454 1119 3511 stellis
1152 3469 1275 3511 esse
1309 3456 1620 3529 designatos

127 3532 238 3603 (I83).
258 3536 416 3609 Itaque
440 3543 631 3599 volens
657 3559 751 3600 eos
781 3545 987 3600 hortari
1026 3546 1091 3601 ad
1131 3548 1617 3617 perseverantiam,

126 3638 201 3688 ιιυερ
222 3628 308 3683 sola
340 3632 538 3689 obtinet
571 3644 789 3691 aeterna:
831 3635 1022 3692 salutis
1058 3638 1425 3708 amplissimas
1452 3654 1617 3695 coro-

126 3728 199 3779 nas,
222 3732 271 3772 ex
295 3726 514 3791 apostolo
543 3725 714 3783 Paulo
747 3728 921 3783 locum
952 3728 1103 3785 illum
1135 3730 1380 3799 protulit,
1421 3731 1513 3785 ubi
1540 3731 1620 3787 sic

125 3805 170 3857 ait
188 3824 197 3859 :
218 3827 230 3858 ι
253 3809 431 3880 Sancti,
463 3819 661 3889 quibus
686 3820 880 3891 dignus
910 3836 1015 3875 non
1040 3831 1155 3877 erat
1182 3822 1430 3887 mundus,
1458 3840 1620 3896 egen-

126 3904 191 3961 tes,
213 3908 478 3975 augustiati,
507 3907 692 3965 afllicti
718 3911 1054 3969 circuierunt
1079 3913 1130 3966 in
1160 3913 1395 3978 melotis,
1424 3914 1475 3968 in
1505 3914 1620 3986 pel-

125 3986 215 4046 libus
242 4000 463 4068 caprinis,
518 4005 574 4058 in
607 4004 991 4063 solitudinibus
1024 4016 1294 4071 errantes,
1329 4008 1382 4061 in
1412 4010 1616 4063 monti-

124 4076 188 4171 ξας
219 4095 260 4139 et
304 4092 581 4159 speluncis,
632 4104 689 4150 et
741 4096 793 4149 in
847 4097 1102 4152 cavernis
1149 4106 1307 4154 terra:
1359 4099 1529 4171 (πει).
1593 4122 1611 4154 ι

124 4166 518 4271 llofumerempla,
552 4186 747 4255 inquit,
779 4188 953 4257 sequi,
996 4197 1053 4243 et
1083 4188 1136 4243 in
1165 4166 1619 4261 eorum‘vest'igiis

125 4272 319 4334 tusustere,
347 4271 605 4331 laudabile
640 4287 695 4331 et
736 4276 890 4331 valde
932 4277 1170 4333 salutare
1207 4287 1312 4343 est,
1352 4280 1446 4335 sed
1482 4279 1618 4335 difﬁ-

127 4351 193 4405 cile
213 4371 343 4425 certe,
382 4365 431 4421 in
455 4368 537 4423 his
567 4369 869 4437 praesertim
896 4370 1209 4440 regionibus
1241 4370 1469 4444 frigidis,
1498 4388 1617 4443 quae

126 4456 192 4497 non
207 4462 303 4506 sunt
326 4456 392 4510 uti
413 4457 679 4530 [Egyptus
717 4470 771 4514 ct
796 4460 1086 4517 Palaestina
1119 4462 1290 4533 (185).

169 4577 228 4633 16.
262 4582 403 4646 Vobis
440 4603 617 4649 autem
667 4594 818 4653 locus
870 4597 1129 4659 divinitus
1182 4598 1484 4673 assignatus
1533 4614 1616 4659 est

145 4797 548 4885 _(‘§?-).l‘litnirum
580 4832 707 4871 ntnn
743 4818 797 4873 Η
840 4818 890 4872 in
927 4820 1091 4875 citata
1131 4821 1220 4876 hic
1261 4836 1382 4876 mox
1428 4839 1457 4877 a
1505 4823 1608 4879 Su-

126 4874 243 4962 .Ti?"
261 4874 526 4962 ,ηυείξῐὲίδν
577 4886 1062 4962 δΐίηίηηορφιίιοιιί
1084 4874 1087 4875 ί
1110 4874 1386 4962 opacam".
1430 4874 1603 4960 ῖνίῐιῖ,

125 4940 221 4992 tomo
261 4940 480 5072 lAfrilis
508 4940 646 5026 apud
684 4974 783 5013 nos
814 4940 982 5027 edita,
1013 4940 1174 5030 quam
1197 5003 1212 5024 ,
1257 4940 1482 5031 jdbente
1525 4940 1608 5018 In:

126 5016 302 5068 lmenlto
365 5021 578 5072 Imma-
608 5030 951 5072 onuenrineil.
1011 5032 1106 5072 ΔιΙί
1157 5035 1319 5072 nlinm
1389 5049 1509 5072 ηιιηο
1558 5036 1608 5072 in

342 5016 380 5074 ll
415 5016 580 5103 papa,
608 5016 980 5103 conscripsit.'
1005 5016 1108 5103 A'di
1157 5016 1609 5103 etia'tnigquaeﬂin

127 5086 397 5145 antiquiorem
417 5086 494 5149 ἐί
516 5086 784 5154 Brunonis
810 5086 988 5155 Vitam
1020 5102 1088 5155 ad
1117 5086 1230 5158 ηόῑξ

308 5180 405 5267 ξῖπῑεί
447 5189 699 5267 pleraque
739 5191 1021 5267 Brutmnis
1069 5197 1294 5267 ejusque
1341 5199 1611 5255 sociorum

126 5242 279 5339 2ῗέἓᾷ
313 5242 551 5339 νμεοῖιον
598 5242 1615 5339 ἀτελιίῑιειορριίιθιιῗἜῐῖίέἷιοῦὖῗνὲὄὶἰὶ

126 5317 576 5429 ﬁliamfiliam}
609 5349 730 5402 quae
759 5335 845 5389 nuc
867 5317 1099 5417 “sunt;
1124 5317 1607 5429 δ”έῑδῑιῑέηκειςιςβ

165 5394 382 5479 “iuuanti-
407 5394 594 5465 refert,
628 5394 758 5458 vero
774 5394 1101 5479 neutiquam
1142 5394 1437 5479 appareant
1475 5410 1614 5465 absi-

130 5446 416 5561 E‘rmlinullp
461 5446 632 5561 tamen
675 5446 1018 5561 antiquitatis
1051 5446 1361 5561 testimonio
1404 5446 1611 5561 (ineunt

131 5527 291 5638 ξδτξέδτί·
344 5535 506 5606 Atque
576 5544 676 5597 hoc
738 5527 956 5611 quidem
1025 5550 1345 5604 nominatim
1406 5527 1605 5605 1locum

193 5604 524 5647 lllﬂfltmntnm
558 5614 621 5647 ml
672 5613 871 5647 tam...“
924 5635 949 5647 η
991 5618 1238 5647 nanum...
1284 5621 1345 5647 .t..
1393 5621 1605 5647 ,ιηημηη

259 5606 524 5671 tquantum
556 5614 621 5668 ad
672 5606 872 5670 factum
923 5635 951 5671 a
989 5618 1239 5675 Brunone
1282 5621 1347 5676 de
1390 5621 1609 5677 doctore

1738 488 1973 543 thusiam
2000 496 2212 545 vocant.
2248 488 2437 559 Ampla
2470 488 2560 544 illa
2586 489 2802 559 quidem
2821 532 2836 556 ,
2866 489 2959 545 sed
2981 505 3203 561 prorsus
3238 493 3319 547 in-

1736 576 1901 644 culta,
1935 585 2098 648 atque
2136 593 2167 633 a
2211 578 2427 637 nemine
2468 578 2732 644 habitata,
2774 578 2902 633 solis
2941 580 3069 635 feris
3106 583 3317 651 pervia,

1736 667 2046 725 hominibus
2080 685 2210 725 vero
2244 679 2299 725 et
2345 670 2557 726 caeteris
2596 670 2908 727 domesticis
2948 672 3317 730 animantibus

1736 767 1959 831 pr0ptcr
1982 759 2085 815 loci
2116 760 2460 831 asperitatem
2486 777 2624 832 pene
2652 761 2922 832 incognita
2942 770 2995 817 et
3016 762 3312 818 inaccessa.

1734 849 1885 906 Altas
1915 859 1969 905 et
1998 861 2254 920 tanquam
2286 851 2498 908 excisas
2535 851 2661 907 hinc
2694 851 2816 909 inde
2847 867 3008 923 rupes
3034 862 3088 909 et
3116 868 3315 924 scopu—

1733 943 1835 1009 los,
1896 944 2231 1015 arboresque
2285 944 2565 1001 silvestres
2616 954 2671 1001 et
2723 944 3071 1018 infrugiferas
3121 947 3313 1012 habet,

1733 1037 1925 1101 estque
1965 1044 2129 1101 supra
2170 1030 2390 1085 modum
2430 1029 2642 1101 frigida,
2688 1038 2745 1085 et
2774 1045 2969 1102 magna
3002 1031 3128 1085 anni
3160 1041 3317 1101 parte

1733 1120 1948 1177 nivibus
1984 1131 2198 1193 operta.
2237 1119 2376 1177 Tum
2418 1135 2634 1193 quoque
2674 1121 2810 1178 adeo
2854 1132 3150 1194 praerupta,
3200 1131 3310 1180 ste-

1732 1209 1851 1268 rilis
1874 1221 1932 1268 et
1972 1211 2308 1269 infructuosa
2356 1221 2469 1279 est,
2500 1220 2560 1269 ut
2594 1212 2729 1269 nihil
2765 1214 2820 1269 in
2871 1229 2937 1270 ea
2984 1229 3161 1285 neque
3203 1215 3314 1271 seri

1732 1318 1912 1376 neque
1936 1304 2068 1360 meti
2099 1304 2293 1376 possit.
2323 1304 2406 1360 Ad
2444 1318 2564 1361 eam
2604 1318 2733 1361 vero
2761 1304 2925 1361 etiam
2963 1320 3217 1361 accessus
3260 1313 3318 1362 et

1731 1391 1912 1451 aditus
1944 1392 2180 1452 dillicilis
2205 1403 2259 1451 et
2290 1394 2632 1468 periculosus
2658 1402 2743 1452 est
2770 1404 2995 1467 propter
3023 1396 3156 1452 duas
3177 1411 3319 1468 prac-

1732 1484 1909 1540 celsas
1947 1499 2149 1557 rupes,
2210 1499 2353 1557 ηοω,
2387 1501 2514 1543 cum
2564 1486 2767 1543 directe
2818 1486 2872 1542 in
2918 1482 3149 1544 sublime
3193 1502 3316 1544 sese

1732 1576 2051 1648 subrigant,
2084 1578 2140 1633 in
2184 1576 2303 1649 ipso
2332 1577 2538 1633 vertice
2585 1579 2972 1649 propemodum
3009 1577 3316 1634 coalescere

1734 1666 2015 1733 videntur,
2046 1668 2122 1723 ita
2171 1678 2231 1723 ut
2275 1669 2679 1724 introeuntibus
2719 1676 2776 1724 et
2818 1668 3031 1725 horrori
3094 1670 3203 1726 sint
3259 1680 3317 1725 et

1658 1744 1702 1805 Β
1732 1756 1948 1813 terrori.
1972 1756 2031 1813 In
2054 1755 2170 1827 ejus
2193 1758 2368 1814 medio
2391 1756 2641 1813 lluviolus
2661 1765 2745 1814 est
2761 1799 2776 1824 ,
2807 1759 2897 1830 qui
2917 1800 2932 1825 ,
2954 1774 3018 1815 ex
3042 1758 3316 1816 montibus

1729 1846 1837 1903 illis
1862 1846 2158 1915 collectus,
2195 1862 2317 1904 cum
2365 1848 2570 1921 ingenti
2603 1863 2880 1905 murmure
2909 1849 3080 1906 instar
3107 1858 3318 1907 torren-

1729 1940 1862 1997 tium
1892 1949 1985 1997 aut
2014 1956 2280 2014 aquarum
2316 1942 2696 1999 inundantium
2729 1926 2995 1999 decurrit?

1801 2076 1888 2131 I7.
1930 2075 1999 2132 Et
2048 2085 2109 2132 ut
2154 2076 2322 2132 multa
2378 2077 2570 2147 paucis
2617 2076 3109 2148 comprehendam,
3168 2088 3314 2134 tanta

1727 2175 1811 2223 est
1839 2164 1955 2235 ejus
1987 2168 2158 2223 eremi
2195 2168 2461 2238 asperitas
2491 2178 2546 2224 et
2576 2169 2773 2224 horror
2804 2178 3007 2233 tantus,
3036 2180 3095 2225 ut
3131 2184 3316 2225 carce-

1728 2259 1805 2314 ris
1856 2257 2138 2329 cujusdam
2185 2260 2399 2329 potius,
2454 2276 2617 2330 quam
2665 2262 2915 2316 humana:
2967 2261 3315 2317 habitationis

1727 2364 1924 2407 nomen
1964 2360 2269 2417 mereatur;
2303 2366 2405 2407 nec
2454 2351 2610 2407 facile
2638 2367 2769 2408 sane
2798 2352 3031 2419 videtur,
3068 2363 3125 2409 ut
3165 2356 3315 2424 quis-

1728 2457 1892 2512 quam
1927 2440 2037 2499 illic
2068 2443 2275 2511 absque
2305 2442 2561 2514 singulari
2592 2443 2685 2499 Dei
2718 2443 3067 2513 praepotentis
3111 2445 3317 2500 benefi-

1727 2532 1811 2588 cio
1841 2532 2110 2600 habitare,
2142 2543 2236 2591 aut
2278 2544 2426 2589 certe
2457 2536 2545 2589 diu
2587 2536 2885 2604 perdurare
2931 2544 3093 2605 queat
3140 2536 3310 2607 (186).

1727 2626 1906 2684 Nostis
1930 2638 2113 2684 autem
2159 2643 2257 2683 vos
2284 2627 2416 2698 ipsi,
2459 2628 2654 2683 fratres
2687 2630 2830 2693 mei,
2871 2644 3034 2700 quam
3076 2638 3233 2700 turpe
3259 2640 3315 2685 et

1724 2720 2045 2790 probrosum
2074 2720 2163 2786 sit,
2210 2727 2329 2789 post
2351 2720 2572 2774 missam
2605 2735 2823 2774 manum
2853 2723 2919 2777 ad
2950 2729 3193 2775 aratrum
3226 2738 3314 2776 re-

1726 2818 1811 2865 tro
1869 2812 2135 2880 aSpiccre.
2201 2809 2385 2866 Nostis
2428 2825 2651 2866 uxorem
2701 2810 2830 2875 Lot,
2881 2812 2972 2865 ubi
3027 2812 3311 2882 respexit,

1727 2903 1798 2957 ibi
1826 2902 2158 2968 constitisse,
2188 2912 2243 2958 et
2273 2904 2323 2956 in
2363 2902 2493 2958 salis
2525 2911 2760 2957 statuam
2797 2917 3115 2958 conversam
3163 2918 3311 2968 esse,

1724 3001 1784 3047 ut
1815 3008 1912 3047 suo
1938 2994 2232 3062 prudentes
2257 2993 2505 3048 condiret
2526 2993 2794 3063 exemplo.
2830 2993 2954 3047 Ilacc
2976 3003 3030 3048 et
3054 2995 3311 3063 pleraque

1724 3081 1828 3135 alia
1872 3096 1995 3135 cum
2028 3082 2257 3136 dixisset
2292 3081 2382 3136 ille
2411 3081 2760 3137 beatissimus
2786 3082 3036 3148 antistes,
3082 3083 3138 3137 S.
3179 3083 3314 3137 Bru-

1725 3190 1793 3230 no
1823 3175 2138 3244 respondit:
2173 3173 2380 3228 Revera
2413 3174 2674 3230 terribilis
2701 3184 2781 3229 est
2815 3174 2966 3230 locus
3006 3177 3126 3242 iste,
3159 3193 3312 3232 reve-

1726 3267 2047 3322 rcndissime
2092 3274 2281 3337 pater,
2327 3275 2382 3322 et
2425 3274 2610 3335 posset
2664 3281 2759 3321 sua
2816 3266 2916 3321 ista
2972 3268 3311 3323 innnanitate

1722 3360 2030 3414 absterrere
2054 3373 2170 3425 nos,
2196 3358 2241 3414 si
2270 3374 2367 3414 nos
2393 3359 2493 3415 huc
2516 3358 2622 3414 alio
2644 3359 2828 3415 animo
2850 3360 3291 3425 accessissemus,

1720 3465 1880 3519 quam
1931 3458 1990 3505 ut
2044 3450 2169 3505 talis
2219 3450 2375 3506 nobis
2429 3451 2585 3506 detur
2632 3449 2821 3516 locus,
2865 3451 3046 3506 omnia
3095 3451 3298 3507 Clu-isti

1719 3557 1904 3598 amore
1950 3542 2190 3613 perferre
2233 3543 2596 3613 cupientibus.
2642 3544 2708 3598 Et
2756 3544 2883 3607 licet
2933 3545 3153 3617 fragiles
3213 3563 3313 3602 nos

1720 3632 1888 3687 simus
1914 3641 1969 3689 et
2001 3632 2202 3687 infirmi
2237 3648 2390 3699 sane,
2418 3643 2660 3693 attamen
2692 3636 2875 3692 divina
2918 3636 3042 3692 freti
3093 3639 3307 3694 miseri-

1721 3724 1944 3787 cordia,
1994 3739 2101 3795 qua
2148 3740 2248 3780 nos
2300 3725 2528 3780 nitimur
2575 3735 2630 3781 et
2672 3742 2778 3782 non
2818 3728 3024 3784 viribus
3070 3731 3309 3795 nostris,

1721 3814 1884 3891 plano
1912 3815 2070 3871 nobis
2110 3817 2502 3885 persuademus
2529 3858 2543 3883 ,
2585 3818 2678 3888 qui
2729 3820 2885 3876 nobis
2931 3822 3176 3890 praestitit
3208 3824 3313 3878 huc

1720 3905 1973 3960 veniendi
2020 3906 2263 3959 animum
2312 3916 2367 3963 et
2415 3918 2720 3978 promptam
2774 3911 3107 3968 voluntatem
3187 3928 3311 3969 eum

1721 4010 1939 4067 quoque
1982 3998 2361 4067 perseverandi
2394 4000 2647 4054 daturum
2686 4000 3023 4058 facultatem.

1791 4152 1879 4207 18.
1923 4151 2095 4219 Quam
2133 4151 2205 4207 ob
2232 4167 2345 4208 rem
2379 4155 2658 4212 humiliter
2686 4164 2739 4211 et
2768 4159 2971 4214 obnixe
2996 4175 3305 4229 precamur,

1720 4260 1787 4299 ne
1816 4253 2060 4300 nostrum
2091 4244 2312 4302 diﬂ‘eras
2360 4249 2718 4315 desiderium,
2754 4266 2931 4320 neque
2962 4266 3064 4307 nos
3108 4252 3160 4307 in
3210 4255 3311 4309 hac

1718 4337 1984 4406 petitione
2030 4348 2218 4392 nostra
2272 4340 2499 4409 patiaris
2549 4340 2692 4395 ferre
2739 4342 3031 4411 repulsam.
3068 4342 3312 4397 Cernetis

1648 4461 1694 4520 Β
1721 4441 1850 4481 vero
1881 4429 2071 4483 beatus
2100 4429 2335 4484 antistes
2364 4444 2553 4484 eorum
2583 4431 2989 4498 constantiam',
3035 4440 3090 4487 et
3117 4432 3312 4487 immo-

1728 4530 1840 4574 tum
1868 4520 2254 4591 perseverandi
2283 4522 2652 4591 propositum,
2687 4522 2759 4577 ita
2790 4522 2867 4577 ait
2888 4525 2954 4578 ad
2983 4540 3076 4580 eos
3103 4542 3115 4579 :
3148 4525 3312 4595 Equi~

1722 4613 1843 4668 dem
1867 4621 2114 4669 sanctum
2143 4612 2244 4669 hoc
2270 4613 2600 4670 desiderium
2628 4624 2895 4681 vestrum,
2942 4617 3306 4686 dilectissimi,

1714 4856 2331 4930 dantnatoAsermonem.
2388 4854 2487 4910 Adi
2526 4854 2994 4913 Commentarium
3046 4860 3306 4930 praevium

1715 4941 1863 4980 num.
1899 4925 2025 4979 450.

1812 4995 1933 5065 184)
1974 4997 2054 5051 Ad
2086 4994 2343 5050 Hebrmos
2377 5012 2471 5062 xr,
2511 4996 2602 5054 38.

1786 4996 1932 5136 $185)
1961 5066 2015 5119 In
2049 5065 2294 5134 pluribus
2327 5067 2456 5121 olim
2488 5067 2704 5136 [Egypti
2734 5077 2787 5122 et
2815 5068 3024 5124 Palmsti

1812 5066 1932 5140 185)
1961 5066 2015 5119 In
2049 5065 2294 5140 pluribus
2327 5067 2456 5121 olim
2488 5067 2704 5140 [Egypti
2734 5077 2787 5140 et
2815 5068 3144 5133 Palmstinm,
3178 5085 3299 5140 qure

1713 5139 1966 5207 regiones
2008 5137 2299 5202 calidiore,
2328 5153 2523 5207 quam,
2573 5137 2693 5207 quae
2735 5138 3105 5207 Gratianopoli
3156 5137 3303 5207 adja-

1719 5216 1875 5272 cent,
1908 5207 2050 5261 aeris
2087 5208 2351 5276 temperie
2387 5210 2657 5277 gaudent,
2692 5209 3072 5264 solitudinibus
3115 5210 3302 5275 ingens

1718 5278 2171 5333 anacltoretarum
2210 5278 2495 5332 multitudo
2543 5280 2643 5332 fuit
2688 5290 2935 5346 versata,
2965 5280 3039 5333 uti
3080 5278 3134 5334 in
3168 5279 3303 5334 Vitis

1718 5346 1941 5418 Patrum
1964 5348 2122 5418 apud
2156 5348 2515 5418 Rosvvcydum
2545 5349 2728 5403 videre
2752 5349 2893 5403 licet.

1722 5470 1723 5473 η
1791 5416 1937 5485 (186)
1962 5416 2238 5472 Prolixam
2262 5416 2430 5471 creini
2462 5417 2763 5472 Carthusim
2787 5419 3205 5488 descriptionem
3229 5434 3300 5474 ex

1716 5488 2028 5543 Innocentio
2057 5488 2310 5541 Massono
2337 5488 2522 5541 lectori
2549 5489 2768 5542 exhibui
2809 5489 2858 5543 in
2891 5489 3295 5546 Commentario

1716 5559 1918 5628 praevio
1944 5574 2095 5613 num.
2127 5558 2230 5612 447
2259 5566 2311 5612 ct
2338 5558 2479 5611 binis
2508 5573 2640 5626 seqq
