3860 6326
503 245 608 300 535

1308 245 1366 302 S.
1398 245 1744 305 BRUNONIS
1770 249 2415 310 CARTHUSIANORUM
2440 253 2931 313 li‘iSTlTUTORiS

3661 257 3750 315 536

501 365 558 413 et
603 357 775 430 probo
804 357 982 424 valde,
1016 366 1070 414 et
1095 373 1439 430 summopere
1465 361 1736 432 complere
1777 369 1998 434 appeto,
2041 371 2096 419 et
2121 366 2169 424 Α
2195 366 2282 432 di,
2329 367 2475 437 quod
2519 369 2719 424 nullam
2762 369 3015 426 Ecclesiae
3067 369 3162 425 Dei
3213 379 3477 427 navarent
3523 385 3758 442 operam,

498 449 614 517 jam
644 465 788 506 nunc
817 451 884 506 ad
932 451 1112 508 locum
1152 461 1396 524 optatum
1439 463 1493 510 et
1524 465 1801 511 ostensum
1832 456 2094 514 divinitus

504 554 603 594 vos
647 541 968 611 perducam.
999 540 1264 613 Deditquc
1289 543 1368 599 eis
1392 559 1632 599 eremnm
1676 545 2006 611 Carthusize,
2038 558 2095 602 ct

509 632 776 703 quidquid
819 632 874 687 in
904 647 966 688 ea
1009 633 1150 704 juris
1193 645 1248 690 et
1275 635 1509 690 actionis
1539 636 1786 693 haberet.
1835 637 2093 694 Promisit

504 725 672 782 etiam
730 741 789 781 se
821 725 958 781 idem
1006 726 1418 798 impetraturum
1450 729 1518 783 ab
1561 728 1703 795 aliis,
1766 729 1857 798 qui
1889 729 2092 799 aliquid

505 817 609 873 sibi
651 817 705 872 in
733 832 795 872 ea
833 816 973 885 juris
999 818 1337 874 vindicarent
1361 820 1543 892 U87};
1575 832 1687 876 tum
1709 837 1928 893 quoque
1953 837 2090 878 con-

506 916 845 964 structurum
869 925 927 966 se
950 909 1168 966 domum
1197 912 1248 967 in
1270 923 1449 982 ponte,
1475 914 1565 984 qui
1581 915 2092 986 estintereas,quas

507 1003 768 1070 diximus,
787 1020 948 1076 rupes
971 1008 1126 1073 duas,
1143 1019 1197 1062 ut
1221 1017 1441 1078 possent
1463 1010 1532 1065 ab
1556 1010 1798 1081 ingressu
1815 1013 1990 1067 arceri
2020 1011 2094 1068 fe-

509 1094 692 1161 minae,
707 1097 1043 1166 atqueetiam
1058 1099 1157 1152 viri
1170 1115 1316 1153 arma
1330 1099 1584 1156 ferentes.
1604 1103 1845 1174 Denique
1861 1105 2093 1175 prohibis

513 1199 692 1241 turum
724 1187 831 1244 illic
859 1190 1200 1245 venationem
1229 1202 1281 1245 ct
1300 1191 1654 1261 piscationem
1678 1210 1894 1250 omnem
1919 1195 2090 1267 (188).

511 1277 642 1334 Post
672 1280 786 1335 hazc
815 1283 1183 1350 complectens
1209 1299 1302 1339 eos
1331 1284 1480 1340 ﬂevit
1511 1302 1670 1356 super
1698 1287 1943 1358 singulos
1982 1303 2093 1357 prae

509 1371 726 1440 gaudio,
773 1372 1001 1429 laudans
1047 1383 1102 1429 et
1131 1377 1459 1433 benedicens
1507 1379 1674 1434 Deum
1727 1396 1825 1450 pro
1873 1380 2090 1436 illorum

509 1462 772 1528 adventu,
803 1463 1143 1537 detinuitque
1171 1482 1266 1524 eos
1290 1470 1429 1539 apud
1455 1485 1548 1536 se,
1581 1479 1634 1526 et
1661 1485 1726 1525 ex
1753 1471 1946 1526 itinere
1971 1471 2092 1526 [τιὶὶ-

437 1577 446 1582 -
509 1569 662 1624 gatos
687 1572 784 1626 pro
809 1571 902 1611 sua
932 1558 1272 1615 humanitate
1297 1561 1366 1615 ad
1399 1561 1514 1617 dies
1538 1562 1743 1633 aliquot
1772 1561 2094 1618 reﬁciendos

508 1649 734 1704 curavit.

1137 1810 1364 1866 CAPUT
1405 1811 1465 1866 11.

511 1941 810 1998 Carr/msice
848 1961 1078 1998 eremum
1129 1942 1356 2000 Sanctus
1407 1947 1721 2012 ingreditur,
1763 1963 1826 1999 ex
1867 1947 1996 2010 hac,
2040 1947 2094 2000 in

579 2031 684 2084 qua
711 2016 1038 2085 sanctissime
1073 2016 1190 2069 vivit
1211 2055 1225 2078 ,
1249 2017 1312 2068 ab
1341 2013 1552 2068 Urbano
1580 2015 1640 2069 II
1663 2033 1800 2085 papa
1827 2027 2093 2079 evocatur,

579 2084 872 2154 discipulis,
906 2085 1121 2139 Romam
1157 2101 1272 2140 eum
1307 2089 1622 2149 consecutis,
1657 2097 1712 2138 ut
1735 2084 2096 2140 '(Iarthusiam

592 2166 860 2225 repetant,
917 2157 1134 2220 suadet,
1195 2156 1533 2224 thegiensem
1591 2157 2097 2224 at'cltiepisconatum

579 2237 822 2291 recusat,
858 2244 919 2280 ac
949 2227 1136 2280 deinde
1161 2243 1193 2279 a
1235 2227 1476 2294 pontiﬁce
1522 2230 1810 2295 repetenda:
1853 2225 2100 2280 solitudi-

587 2297 669 2350 nis
697 2296 1002 2365 facultatem
1027 2298 1290 2367 impetrat.

590 2451 679 2506 19.
702 2449 772 2505 lis
797 2451 1006 2504 exactis
1033 2451 1244 2516 diebus,
1279 2452 1637 2506 ascemlerunt
1670 2453 1720 2507 in
1747 2463 2098 2520 montem,at-

516 2556 622 2611 que
675 2541 912 2596 incolere
943 2551 1225 2610 coeperunt
1258 2542 1559 2598 Cartlmsiae
1585 2544 1928 2600 solitudinem
1957 2546 2100 2601 circa

517 2631 921 2686 solemnitatem
942 2630 1240 2686 nativitatis
1259 2634 1429 2688 sancti
1449 2633 1673 2689 Joannis
1685 2633 1937 2705 Baptistae
1960 2651 2102 2690 anno

516 2720 706 2775 salutis
740 2729 937 2775 nostra:
990 2719 1277 2775 millesimo
1311 2723 1643 2792 octogesimo
1687 2733 1884 2793 quarto
1915 2725 2063 2795 (189)
2085 2765 2098 2788 .

517 2813 873 2868 antecedente
900 2855 914 2878 ,
961 2815 1258 2871 comitante
1305 2832 1366 2870 ac
1408 2817 1674 2888 dirigente
1726 2827 1776 2873 et
1817 2817 2102 2888 adjuvante

517 2924 613 2962 eos
645 2908 694 2962 in
735 2906 1012 2974 omnibus,
1049 2923 1135 2963 res
1170 2925 1388 2980 quoque
1428 2910 1769 2965 necessarias
1799 2911 1878 2966 eis
1914 2927 2104 2982 suppe-

518 3001 723 3055 ditante
758 3001 918 3056 beato
956 3001 1180 3072 ilugone
1229 3003 1506 3072 episcopo.
1556 3003 1843 3058 Exstrncta
1879 3013 1988 3059 tum
2037 3005 2102 3057 ab
2133 3062 2174 3082 Α

481 3119 484 3122 ι
519 3094 627 3147 illis
658 3102 736 3146 est
776 3093 828 3148 in
873 3091 1088 3148 cditiori
1122 3095 1321 3148 montis
1354 3103 1524 3164 parte,
1563 3110 1683 3164 qua:
1733 3110 1876 3150 nunc
1907 3096 2104 3151 dicitur

518 3183 584 3235 ad
626 3179 845 3236 Beatam
879 3181 1100 3236 Mariam
1134 3183 1199 3237 de
1231 3182 1529 3246 Casalihus,
1563 3184 1827 3250 ecclesia,
1859 3194 1911 3240 et
1941 3201 2104 3255 parva

519 3271 791 3329 domiciiia
825 3273 906 3326 vel
957 3273 1165 3328 cellula:
1210 3276 1351 3344 apud
1410 3275 1648 3341 fontem,
1701 3276 1791 3346 qui
1834 3292 2003 3346 usque
2050 3278 2104 3330 in

519 3379 758 3433 prtesens
781 3363 900 3418 fons
928 3366 1102 3420 sancti
1136 3365 1404 3420 Brunonis
1432 3367 1732 3436 appellatur
1762 3367 1933 3438 (190),
1963 3368 2104 3421 haud

521 3461 706 3531 procul
741 3463 808 3516 ab
835 3477 898 3517 ea
930 3461 1160 3517 ecclesia
1199 3461 1484 3526 distantes,
1519 3463 1612 3516 sed
1655 3463 1798 3517 inter
1828 3478 1884 3518 se
1925 3473 2104 3518 tamen

521 3551 641 3605 alia:
671 3552 739 3606 ab
769 3551 893 3607 aliis
932 3561 1229 3622 separata,
1262 3569 1329 3608 ne
1363 3552 1503 3606 alter
1534 3553 1759 3610 alterius
1787 3556 2024 3624 quietem
2055 3567 2108 3611 et

521 3644 865 3700 solitudinem
904 3645 1318 3699 interturbaret.
1360 3645 1536 3714 Atque
1569 3647 1622 3700 in
1654 3647 1719 3701 iis
1750 3647 1960 3702 cellulis
1999 3650 2100 3703 sin-

522 3735 662 3806 gulis
690 3736 801 3791 bini
834 3736 1036 3793 fratres
1062 3737 1332 3807 degebant
1364 3738 1532 3810 (l9!),
1567 3749 1620 3794 et
1651 3741 2107 3810 quemadmodum

521 3834 688 3904 prisci
722 3833 799 3888 illi
832 3831 1052 3904 IEgypti
1103 3834 1351 3888 monachi
1380 3875 1393 3899 ,
1446 3834 1695 3897 silentio,
1729 3836 1995 3899 orationi,
2035 3837 2110 3889 le-

524 3927 720 3992 ctioni,
774 3933 955 3982 cordis
1002 3915 1253 3996 puritati,
1310 3937 1364 3982 et
1415 3943 1596 3982 rerum
1633 3928 1935 3982 divinarum
1986 3945 2112 3984 con-

525 4019 860 4088 templationi
921 4017 1236 4084 vacabant,
1296 4019 1460 4073 certis
1518 4018 1680 4072 etiam
1751 4019 1898 4074 horis
1959 4023 2109 4090 operi

524 4126 823 4175 manuum,
870 4110 1170 4180 praesertim
1221 4110 1629 4166 conscribendis
1681 4111 1850 4176 libris,
1903 4113 2114 4167 incuru-

526 4203 739 4267 bentcs,
777 4213 889 4256 tum
913 4210 969 4256 ut
1002 4216 1111 4256 sua:-
1146 4203 1339 4272 inopia:
1369 4202 1748 4267 consulerent,
1780 4212 1890 4258 tum
1921 4205 2108 4269 etiam,

521 4302 582 4346 ut
619 4308 684 4348 ue
717 4308 880 4363 quant
917 4293 1104 4348 darent
1154 4292 1495 4348 occasionem
1553 4292 1690 4357 illis,
1731 4293 1821 4362 qui
1863 4304 2112 4364 quaerunt

2194 459 2287 516 sed
2317 461 2430 518 suis
2456 462 2721 518 duntaxat
2747 464 2911 520 rebus
2933 463 3222 520 studerent
3245 463 3416 536 (192).

2263 596 2354 651 20.
2397 597 2584 653 Solent
2611 598 2756 654 enim
2786 597 3026 668 imperiti
3071 597 3324 652 homines
3357 611 3450 653 eos
3479 606 3680 653 otiosos
3713 609 3762 654 et

2193 698 2393 744 sauctzr
2427 689 2684 745 Ecclesiae
2713 705 2904 760 parum
2942 689 3106 744 utiles
3150 688 3500 755 existimare,
3551 689 3672 759 qui,
3705 691 3763 744 ab

2193 777 2506 833 hominibus
2543 778 2814 848 separati,
2847 777 2946 833 soli
2996 777 3104 833 Deo
3138 785 3194 831 et
3227 776 3331 831 sibi
3382 777 3645 830 duntaxat
3688 792 3763 831 ra-

2193 879 2340 926 cent.
2383 869 2639 927 Nesciunt
2685 871 2830 926 enim
2880 871 2932 925 id
2991 886 3163 942 genus
3213 869 3546 941 spiritalium
3600 885 3763 925 rerum

2194 963 2368 1034 ignari
2390 973 2444 1018 et
2475 965 2654 1027 rudes,
2678 971 2940 1034 quantum
2971 962 3182 1034 possint
3204 963 3347 1031 apud
3375 963 3546 1018 Deum
3574 961 3766 1018 edicere

2194 1067 2387 1124 preces
2425 1063 2743 1110 sanctorum
2777 1053 3102 1118 hominum,
3135 1052 3301 1106 etiam
3331 1051 3384 1106 in
3432 1051 3766 1106 abditissimis

2196 1145 2582 1201 solitudinibus
2613 1145 3070 1201 commorantium
3092 1185 3106 1210 ,
3141 1143 3305 1214 idque
3332 1142 3402 1198 ob
3429 1143 3556 1197 vita:
3583 1143 3766 1212 purita-

2204 1244 2309 1290 tem
2347 1244 2400 1290 et
2441 1235 2828 1300 innocentiam,
2861 1249 3024 1305 quam
3077 1233 3290 1288 facilius
3339 1232 3484 1287 tueri
3529 1243 3766 1302 possunt,

2194 1327 2284 1396 qui
2309 1335 2462 1381 extra
2493 1325 2739 1380 homines
2764 1326 2977 1390 vivunt,
3006 1339 3168 1392 quam
3191 1324 3284 1394 qui
3309 1323 3592 1379 hominum
3618 1325 3768 1379 turbis

2195 1417 2586 1481 admiscentur,
2625 1416 2726 1470 nisi
2756 1423 2976 1480 sancta,
3019 1424 3077 1469 ut
3125 1414 3177 1468 id
3228 1413 3463 1478 faciant,
3495 1428 3591 1468 eos
3633 1425 3770 1484 cogat

2194 1507 2532 1572 obcdientia,
2565 1507 2782 1576 quando
2829 1506 2996 1561 etiam
3046 1505 3296 1560 ethnicus
3343 1505 3569 1575 quidam
3611 1505 3769 1560 dicere

2197 1599 2408 1668 potuit,
2457 1612 2517 1652 se
2591 1611 2872 1666 nunquam
2920 1595 3091 1651 fuisse
3139 1596 3282 1650 inter
3331 1594 3614 1660 homines,
3659 1595 3768 1663 quin

2130 1713 2174 1768 Β
2201 1688 2378 1758 seipso
2411 1687 2588 1742 minor
2615 1686 2838 1742 rediret.
2878 1684 2986 1741 Sed
3019 1693 3199 1738 tamen
3230 1683 3566 1738 sanctissimi
3606 1682 3772 1738 Patres

2200 1781 2405 1848 nostri,
2437 1780 2530 1851 qui
2577 1778 2954 1835 Carthusianae
2986 1779 3108 1832 vita:
3158 1777 3333 1848 prima
3369 1775 3559 1845 jecere
3601 1774 3773 1830 funda-

2197 1865 2410 1938 menta,
2441 1869 2576 1926 nihil
2609 1870 2717 1926 tale
2763 1869 2867 1925 sibi
2900 1868 3236 1932 tribuentes,
3285 1867 3452 1922 etiam
3484 1867 3638 1920 libris
3663 1866 3775 1920 scri-

2200 1965 2390 2021 bendis
2417 1978 2638 2036 operam
2671 1961 2802 2017 dare
2833 1960 3144 2023 voluerunt,
3176 1970 3266 2026 et,
3299 1968 3359 2014 ut
3383 1958 3470 2015 sui
3518 1972 3771 2013 successo-

2203 2074 2290 2115 res
2331 2057 2385 2113 id
2430 2057 2707 2121 facerent,
2739 2054 2942 2109 hortati
2994 2063 3152 2118 sunt,
3187 2063 3246 2108 ut
3295 2053 3490 2109 saltem
3541 2052 3768 2107 manibus

2203 2147 2429 2204 verbum
2492 2147 2588 2202 Dei
2644 2145 3008 2217 praedicarent
3046 2185 3061 2210 ,
3118 2143 3336 2214 quando
3379 2158 3476 2199 ore
3526 2157 3631 2197 non
3673 2154 3773 2211 pos-

2204 2251 2348 2299 sent.
2381 2241 2473 2297 Sic
2510 2240 2659 2297 enim
2691 2239 2992 2310 loquuntur
3035 2245 3238 2292 statuta
3279 2236 3506 2291 Patrum
3555 2233 3775 2304 antiquo-

2203 2349 2322 2389 rum
2368 2332 2538 2404 (195).

2273 2469 2361 2524 2i.
2405 2468 2593 2538 itaque
2623 2465 2710 2522 his
2739 2474 2793 2522 et
2818 2465 2966 2521 saliis
3007 2465 3111 2536 piis
3146 2463 3430 2520 exercitiis
3473 2477 3595 2518 sese
3629 2475 3772 2516 occu-

2205 2572 2415 2634 pantes,
2446 2575 2660 2615 omnem
2689 2575 2880 2615 curam
2906 2573 3058 2614 suam
3078 2599 3093 2624 ,
3135 2568 3194 2612 ut
3223 2557 3517 2613 Psalmista
3545 2555 3774 2609 admonet

2206 2654 2380 2726 (i9i),
2409 2667 2572 2724 super
2599 2651 2888 2708 Dominum
2917 2648 3222 2715 iactabant,
3255 2663 3353 2704 nec
3392 2647 3683 2717 quidquam
3722 2663 3777 2699 ce

2206 2747 2446 2802 crastino
2478 2745 2698 2801 solliciti
2729 2752 3108 2798 erant'earum
3139 2757 3322 2796 rerum
3342 2780 3357 2807 ,
3386 2756 3510 2812 quae
3541 2739 3608 2794 ad
3651 2738 3773 2791 diem

2206 2838 2501 2893 crastinum
2545 2835 2912 2906 pertinerent,
2945 2831 3282 2904 cogitatione
3322 2831 3472 2886 omni
3522 2829 3576 2883 in
3620 2828 3776 2882 Domi-

2205 2947 2332 2986 num
2379 2930 2622 2998 reiecta,
2674 2944 2781 2984 non
2834 2928 3150 2999 ignorantes
3195 2927 3325 2981 illud
3377 2926 3773 2997 prOpheticum:

2211 3022 2319 3092 Ego
2345 3030 2527 3075 autem
2567 3019 2852 3074 mendicus
2889 3033 3008 3073 sum
3041 3026 3096 3072 et
3135 3033 3364 3088 pauper,
3396 3017 3492 3072 sed
3543 3014 3778 3071 Dominus

2207 3115 2468 3168 sollicitus
2501 3121 2587 3168 est
2619 3113 2756 3178 mei,
2784 3113 2941 3182 cujus
2973 3121 3056 3167 est
3088 3122 3231 3167 terra
3261 3121 3317 3167 et
3349 3109 3630 3182 plenitudo
3658 3111 3776 3177 ejus,

2207 3206 2298 3275 qui
2341 3205 2431 3260 dat
2467 3203 2729 3274 jumeutis
2770 3218 2949 3258 escam
2998 3205 3236 3273 ipsorum
3285 3213 3339 3258 et
3381 3202 3541 3272 pullis
3611 3215 3781 3256 corvo-

2213 3311 2329 3348 rum
2379 3294 2757 3349 invocantibus
2793 3308 2916 3347 eum
2950 3292 3118 3362 (i95).
3171 3313 3188 3342 ι
3226 3291 3401 3346 Tanta
3441 3307 3570 3347 vero
3602 3292 3652 3345 iu
3679 3289 3771 3344 illis

2209 3387 2448 3442 charitas
2475 3387 2677 3447 inerat,
2709 3393 2767 3438 ut
2793 3385 2884 3438 alii
2917 3385 3052 3440 alios
3083 3385 3284 3438 mutuis
3312 3382 3504 3439 ofﬁciis
3531 3384 3778 3438 interi-cr-

2213 3491 2325 3536 tere
2368 3489 2716 3542 conarentur,
2762 3488 3024 3549 tantaque
3073 3478 3352 3533 humilitas
3379 3519 3392 3537 .
3444 3487 3504 3532 ut
3545 3475 3776 3532 certatim

2211 3589 2399 3627 eorum
2422 3614 2434 3636 ,
2467 3587 2587 3642 qua:
2619 3581 2765 3627 recte
2811 3571 3067 3625 fecissent
3091 3612 3106 3635 ,
3135 3570 3349 3624 laudem
3379 3579 3433 3624 et
3468 3569 3689 3642 gloriam
3734 3567 3776 3620 in

2216 3665 2351 3719 aiios
2384 3664 2685 3718 transferre
2725 3662 2921 3733 singuli
2953 3671 3231 3732 cuperent.
3269 3662 3374 3716 Sed
3412 3661 3484 3715 ita
3513 3661 3672 3715 ﬁebat
3709 3667 3775 3720 ut,

2219 3760 2346 3812 dum
2376 3757 2608 3826 quisque
2652 3755 2764 3810 vult
2802 3755 2899 3810 sub
2941 3754 3164 3808 alterius
3212 3753 3402 3807 umbra
3450 3752 3776 3810 delitescere,

2215 3866 2564 3920 repercussus
2626 3850 2884 3904 virtutum
2937 3846 3192 3917 spicmlor
3237 3863 3427 3900 omnes
3485 3845 3778 3916 pra‘clarius

2215 3945 2532 3998 illustraret.
2560 3941 2691 3996 Erat
2725 3943 2774 3994 in
2806 3941 3016 3995 eunetis
3041 3949 3285 4009 spectata
3315 3955 3526 3994 morum
3559 3938 3774 4009 gravitas

2215 4045 2269 4090 et
2314 4035 2599 4090 maturitas
2620 4075 2634 4098 ,
2664 4043 2719 4089 et
2747 4033 3102 4088 nihilominus
3129 4034 3273 4087 inter
3305 4041 3382 4087 tot
3411 4033 3663 4086 virtutum
3702 4045 3776 4084 or-

2216 4139 2467 4183 namenta
2516 4129 2712 4182 horror
2754 4137 2808 4182 et
2867 4137 3210 4196 contemptus
3273 4125 3532 4180 vanitatis
3586 4122 3776 4185 omnis,

2215 4237 2366 4291 quar,
2399 4220 2540 4276 haud
2568 4235 2726 4275 secus
2757 4234 2820 4274 ac
2850 4220 2989 4273 tinea
3019 4234 3244 4289 pannos,
3277 4217 3504 4271 virtutes
3526 4225 3580 4270 et
3606 4214 3776 4269 merita

2216 4314 2397 4369 omnia
2438 4313 2640 4366 exedit.
2695 4311 2917 4366 LiCebat
2960 4313 3011 4365 in
3056 4312 3136 4365 eis
3184 4310 3489 4381 angelicam
3540 4304 3774 4362 admirari

521 4385 895 4462 occasionem,
936 4395 1187 4441 sanctum
1220 4400 1408 4441 eorum
1438 4385 1740 4440 institutum
1767 4386 2107 4441 calumnian-
2138 4411 2185 4468 ι)
2214 4407 2399 4461 vitam.
2431 4405 2700 4460 γίνοιηηη
2738 4405 2790 4457 in
2823 4404 2988 4458 multa
3027 4403 3322 4474 pauentia,
3370 4402 3422 4456 in
3470 4401 3686 4472 vigiliis,
3730 4397 3774 4450 in

603 4626 748 4694 (187)
785 4626 884 4679 Adi
909 4627 1298 4681 Commentarii
1326 4627 1508 4695 praevii
1542 4642 1688 4678 num.
1725 4625 1828 4681 503
1868 4635 1922 4679 et
1956 4626 2112 4680 binos

524 4712 677 4749 sentt.

623 4714 636 4746 1
664 4735 677 4748 .

600 4712 747 4854 (1188)
791 4786 1034 4851 Videsis,
1069 4805 1187 4854 quae
1217 4789 1270 4843 in
1316 4789 1612 4842 secundum
1646 4785 1778 4841 Vitae
1807 4789 2114 4857 praeceden-

527 4858 598 4912 tis
625 4865 786 4926 capnt
815 4857 876 4910 ad
911 4866 1022 4911 not.
1056 4858 1126 4911 94
1153 4859 1422 4913 Annotata
1450 4868 1593 4912 sunt.

598 4948 744 5018 (189)
773 4949 1069 5019 Carthusiae
1099 4964 1340 5004 eremutn
1372 4965 1496 5004 vere
1521 4965 1661 5004 anno
1695 4950 1780 5004 hic
1813 4951 2107 5019 assignato,

524 5035 817 5089 menseque
843 5018 1032 5091 Jttuio,
1061 5019 1214 5088 cujus
1249 5021 1361 5075 dies
1391 5030 1579 5089 quarta
1609 5036 1767 5090 supra
1799 5018 2108 5091 vigesimum

525 5093 582 5150 S.
630 5091 821 5144 Joanni
873 5089 1126 5158 Baptistae
1183 5106 1336 5145 sacra
1366 5099 1480 5154 est,
1531 5089 1998 5158 ingreSsum'csse
2049 5093 2102 5146 S.

526 5163 854 5225 Brutmucm,
900 5161 1286 5216 Commentarii
1312 5161 1496 5230 praevii
1530 5177 1677 5215 num.
1708 5161 1812 5214 470
1846 5171 1901 5216 et
1935 5164 2109 5222 tribus

523 5251 675 5304 seqq.
709 5233 908 5288 invicte
938 5231 1222 5303 probatum
1257 5232 1400 5287 dedi.

597 5325 741 5394 (190)
761 5327 831 5379 lbi
861 5325 1018 5378 modo
1043 5325 1150 5395 (adi
1175 5323 1561 5395 Commentarii
1589 5324 1770 5395 praet-ii
1815 5340 1963 5378 num.
1988 5327 2111 5392 417,

524 5397 630 5452 418
657 5406 708 5450 et
758 5398 882 5466 477)
934 5405 1111 5450 exstat
1164 5395 1441 5459 sacellum,
1480 5394 1538 5449 S.
1588 5394 1826 5449 Brnnoni
1873 5410 2110 5462 sacrum,

526 5470 680 5535 cujus
706 5485 828 5522 cum
864 5483 963 5522 nec
998 5467 1190 5522 Surius
1225 5467 1334 5525 hic.
1370 5483 1468 5519 nec
1500 5467 1896 5520 Blomenvenua
1933 5475 1986 5521 et
2011 5467 2111 5521 Pu-

530 5549 716 5591 teanus
749 5540 799 5592 in
830 5539 1152 5606 conscriptis
1174 5554 1203 5592 a
1227 5553 1283 5591 se
1308 5537 1491 5592 Sancti
1525 5537 1656 5592 \‘itis
1687 5537 1894 5606 uspiam
1920 5538 2110 5592 memi-

528 5610 729 5676 nerint,
768 5611 932 5664 fuisse
983 5610 1107 5665 illud
1157 5609 1386 5678 primum
1443 5619 1557 5677 post
1611 5607 1775 5676 Sutii,
1823 5617 1910 5661 aut
1966 5619 2110 5663 certe

2215 4629 2772 4713 post-Biomcnvemta:
2797 4636 2851 4682 ct
2890 4625 3112 4681 l’uteaui
3155 4633 3370 4679 aetatem
3407 4629 3772 4680 constructum,

2214 4715 2466 4770 conjtcm.

2287 4790 2431 4862 (191)
2464 4790 2615 4844 iiaud
2655 4787 2745 4862 diu
2768 4798 2895 4862 post
2924 4787 3286 4862 S.ABrun‘ou_is
3312 4782 3767 4862 obitum__Carthu-

2223 4851 2356 4916 sia‘ni
2382 4851 2494 4930 jam
2526 4875 2631 4914 non
2669 4851 2812 4924 bini,
2847 4860 2940 4914 sed
2970 4858 3162 4928 singuli
3193 4856 3433 4930 singulas
3459 4854 3618 4930 cellas
3643 4851 3774 4930 iulia:

2223 4918 2484 4987 bitabant.
2518 4931 2618 4986 Adi
2642 4918 3030 4988 Commentarii
3058 4918 3241 4998 iirtevii
3279 4918 3427 4982 num.
3455 4926 3561 4981 475
3591 4933 3644 4979 et
3669 4918 3776 4975 486.

2293 5025 2441 5100 (192)
2483 5025 2706 5100 vivendi
2746 5023 2984 5088 modum,
2999 5037 3173 5100 quem
3205 5018 3439 5100 Sanctus
3467 5016 3682 5099 ejusque
3701 5026 3776 5100 so-

2219 5090 2371 5152 cii'in
2401 5090 2686 5151 Carthusia
2721 5103 2962 5158 tenuere,
2992 5090 3384 5147 Cbmmentarii
3421 5090 3603 5160 pratvii
3648 5098 3774 5139 nutu.

2219 5168 2321 5222 485
2351 5177 2400 5222 et
2432 5167 2575 5222 binis
2600 5181 2753 5236 seqq.
2777 5165 3023 5235 exposui.

2297 5258 2442 5328 (l95)
2472 5258 2902 5312 Consuetudines
2949 5270 3160 5325 nempe,
3184 5269 3236 5328 _a
3274 5252 3520 5328 Guigone
3563 5244 3776 5328 conseri;

2223 5313 2327 5411 prie
2367 5313 2489 5411 cap.
2541 5329 2643 5394 9.8,
2697 5328 2773 5382 uti
2830 5313 3218 5382 Commenta-ru
3266 5313 3450 5397 prazv'ii
3499 5338 3643 5379 num.
3689 5313 3775 5370 187

2224 5404 2403 5454 docui.

2295 5471 2443 5538 (191)
2475 5471 2688 5525 Psalmo
2723 5486 2829 5529 Ltv,
2861 5469 2953 5522 25.
2989 5531 2992 5535 _

2298 5543 2443 5613 (195)
2474 5542 2684 5596 Ρειιιιιιυ
2716 5557 2897 5606 xxxix,
2931 5540 3014 5593 18.
