3860 6326
135 319 226 374 537

1645 300 1848 358 ACTA.

3280 293 3384 350 558

128 425 339 498 jejunus,
366 425 420 480 in
447 423 733 488 castitate,
764 438 817 478 tn
849 419 1077 477 scientia
1097 461 1112 485 ,
1146 418 1199 474 in
1237 416 1685 488 longanimitate,
1719 418 1766 477 Α
1796 413 1960 470 divini
1991 411 2189 468 amoris
2218 421 2360 469 totus
2381 411 2596 468 arderet
2624 411 2906 478 incendiis,
2939 427 3046 467 non
3099 410 3257 469 aliter
3308 421 3386 468 ta-

134 523 185 573 in
221 517 510 581 suavitate,
563 515 616 568 in
655 511 861 584 Spirito
904 519 1114 576 sancto,
1168 511 1220 565 in
1271 509 1538 565 charitate
1587 522 1694 562 non

131 607 273 676 ﬁcta,
300 608 354 662 in
379 607 550 662 verbo
572 605 850 669 veritatis,
877 604 932 658 in
962 603 1162 658 virtute
1191 600 1308 656 Dei.

189 742 278 797 22.
313 740 474 795 Initio
501 737 883 810 quidem,cum
908 739 960 792 in
989 751 1109 792 eam
1137 735 1485 792 solitudinem
1508 748 1698 808 perve-

133 833 348 896 nissent,
363 845 523 886 casas
536 831 716 885 verius
729 843 891 899 quam
905 827 1204 894 cellas,sibi
1221 833 1601 882 extruxerunt.
1616 825 1697 878 ln-

135 935 208 982 ter
220 940 312 980 eos
332 935 516 979 autem
535 926 734 994 degens
752 923 837 976 vir
859 921 1236 976 sanctissimus
1263 919 1466 985 Bruno,
1493 927 1547 974 et
1577 917 1699 973 fun-

136 1019 377 1073 damenta
427 1016 806 1073 Carthasianae
857 1013 1136 1082 religionis
1171 1012 1410 1084 jaciens,
1437 1011 1618 1066 verbis
1646 1012 1714 1084 et'

335 1037 377 1122 Ea
427 1037 809 1124 υπξηυψψῗ
1799 1053 2170 1120 Guilhelmus,
2201 1053 2349 1124 prior
2374 1061 2499 1106 tunc
2521 1049 2983 1106 sanctiLaurentii
3008 1037 3180 1120 (l97),
3205 1055 3390 1118 postea

131 1111 381 1180 exemplis
396 1108 589 1179 przecla
599 1123 655 1162 re
678 1122 771 1162 eos
796 1103 1216 1161 instituebat.Ut
1231 1103 1374 1159 enim
1390 1104 1534 1159 inter
1550 1113 1710 1158 astra-
1803 1103 1841 1180 ξ
1853 1103 2063 1180 ἶςξξέξ]

130 1203 221 1268 sol,
248 1204 329 1258 sic
356 1202 446 1256 ille
467 1203 610 1255 inter
631 1199 765 1255 alios
794 1199 920 1253 vitae
947 1197 1238 1254 sanctitate
1261 1195 1528 1252 excellere
1551 1194 1702 1250 vide-

131 1297 302 1350 batur.
345 1293 402 1348 !n
446 1287 567 1363 ejus
615 1299 835 1364 pectore
890 1300 1094 1345 :eterna
1147 1287 1326 1343 Patris
1377 1287 1568 1342 aeterni
1614 1301 1699 1341 sa-

129 1389 320 1458 pientia
351 1387 604 1443 Christus
629 1387 888 1442 Dominus
919 1393 1176 1454 tanquam
1215 1384 1268 1438 in
1313 1380 1530 1436 sublimi
1577 1395 1700 1434 arca

133 1481 423 1544 residebat,
456 1488 509 1535 et
540 1479 776 1550 Spiritus
803 1487 1025 1534 sanctus
1049 1475 1150 1532 sibi
1179 1473 1548 1546 gratissimum
1575 1486 1703 1527 con-

132 1574 334 1630 diderat
374 1571 745 1635 domicilium;
793 1569 1041 1626 sublimis
1080 1567 1225 1624 enim
1267 1575 1322 1621 et
1353 1564 1511 1620 ardui
1555 1563 1706 1619 insti-

135 1669 222 1723 tuti
259 1667 476 1722 futurds
532 1665 868 1720 architectus
913 1663 1175 1734 singulari
1223 1659 1409 1717 debuit
1464 1657 1706 1714 ccelestis

133 1756 301 1827 gratiae
349 1755 722 1826 prmrogativa
747 1754 1010 1810 eminere.
1046 1752 1291 1824 Apparet
1328 1761 1510 1805 autem
1547 1764 1700 1817 sane,
1736 1769 1778 1828 Β

134 1849 280 1903 etiam
300 1856 431 1902 ante
453 1847 758 1902 Carthasim
777 1845 1170 1901 habitationem
1194 1847 1369 1902 virum
1392 1862 1515 1902 eum
1536 1845 1702 1902 fuisse

137 1955 259 1993 rane
297 1938 587 2008 cujusdam
632 1937 941 2010 probitatis,
977 1938 1328 2008 integritatis,
1377 1945 1430 1993 et
1472 1938 1704 2010 gravita-

138 2031 198 2084 tis
223 2029 394 2100 (l96),
413 2029 562 2100 quod
589 2028 786 2100 partim
810 2037 1084 2084 testantur
1109 2045 1170 2083 ea
1191 2069 1207 2094 ,
1233 2045 1352 2099 quae
1373 2044 1536 2100 supra
1563 2029 1704 2084 dicta

134 2134 244 2178 sunt
263 2163 278 2187 ,
298 2133 353 2176 et
385 2119 789 2178 confirmabant
811 2121 974 2176 etiam
989 2120 1114 2185 alia,
1137 2137 1256 2192 quae
1275 2121 1471 2177 dicturi
1495 2137 1704 2177 sumus.

135 2211 244 2266 lude
270 2226 404 2280 ergo
428 2211 611 2283 colligi
660 2210 820 2266 facile
864 2219 1070 2282 potest,
1103 2211 1316 2280 qualem
1356 2211 1445 2266 ille
1493 2226 1552 2267 se
1593 2220 1705 2266 tum

137 2303 408 2371 prubuerit
431 2343 464 2368 ,ξ
482 2316 608 2356 cum
626 2303 739 2372 jam
757 2343 773 2366 ,
807 2309 920 2358 toto
949 2303 1149 2356 mundo
1171 2311 1515 2374 contempto,
1540 2303 1704 2358 vitam

139 2398 282 2453 voluit
333 2398 540 2452 ducere
591 2395 971 2464 eremiticam,
1030 2395 1082 2450 id
1141 2405 1264 2460 est,
1335 2395 1497 2451 rebus
1546 2395 1708 2467 hujus

140 2489 300 2544 mundi
332 2496 644 2543 emortuam
666 2527 680 2552 ,
707 2495 763 2540 et
788 2485 919 2541 solis
947 2485 1259 2552 caelestibus
1282 2485 1604 2540 inhiantem.

195 2622 278 2676 25.
319 2622 425 2688 Qui
478 2621 656 2686 enim,
707 2620 851 2676 inter
891 2621 1138 2677 homines
1184 2621 1384 2693 degens
1429 2631 1485 2676 et
1523 2622 1706 2678 mundi

141 2715 279 2784 hujus
324 2716 610 2785 prosperis
650 2716 994 2772 successibus
1040 2713 1279 2781 ﬂorens,
1331 2714 1553 2769 virtutis
1596 2722 1709 2768 stu-

142 2810 302 2863 diosus
361 2809 509 2871 fnit,
559 2807 728 2862 multo
771 2822 905 2863 sane
957 2807 1274 2878 praeclarius
1323 2816 1378 2863 et
1421 2806 1708 2863 sublimius

142 2903 184 2956 in
229 2903 455 2958 horrida
506 2902 597 2956 illa
646 2902 939 2957 solitudine
988 2903 1062 2958 ita
1116 2918 1175 2958 se
1225 2901 1603 2974 comparavit,
1651 2911 1710 2956 ut

143 3001 226 3049 non
283 2996 466 3050 solum
525 2996 741 3051 virtutis
795 2996 1072 3051 studiosus
1110 3036 1125 3062 ,
1173 2996 1268 3051 sed
1321 2996 1486 3052 etiam
1538 2995 1709 3049 virtu-

145 3097 236 3140 tum
265 3088 515 3187 omqium
536 3087 754 3187 nexi-min
789 3087 1075 3187 splendore
1104 3097 1330 3187 ornatus
1373 3087 1547 3187 videri
1585 3085 1708 3155 jure
1738 3123 1780 3180 (ἶ
1813 3118 1878 3173 de
1907 3085 2279 3187 singulahmw
2303 3114 2640 3182 judicaretur
2677 3107 3081 3179 episcopis,aur
3109 3103 3274 3176 (quod
3307 3105 3404 3156 du-

143 3191 326 3246 poSs-et.
373 3177 487 3232 Nec
517 3178 736 3232 dubimn
799 3179 928 3248 quin
974 3179 1041 3232 ab
1081 3179 1198 3248 ejus
1237 3177 1523 3232 excellenti
1582 3193 1708 3232 sau-

145 3272 308 3324 ctitate
381 3272 436 3324 in
501 3271 686 3324 omnia
748 3270 1097 3325 Carthusiani
1159 3270 1391 3324 instituti
1435 3277 1709 3324 monaste-

147 3361 209 3413 ria
257 3363 491 3418 illustria
546 3364 808 3418 virtutum
859 3363 1191 3417 dimanarint
1234 3362 1477 3432 exempla
1515 3403 1529 3428 ,
1585 3362 1706 3432 qui-

147 3457 228 3508 bus
265 3455 524 3511 illectum
571 3458 670 3520 sit,
719 3465 775 3510 ut
820 3456 1216 3510 Carthusianus
1263 3455 1397 3510 ordo
1444 3456 1711 3524 hodieque

149 3562 237 3613 pra:
278 3549 540 3612 exteris,
597 3549 741 3618 quod
795 3558 971 3604 tamen
1029 3563 1161 3618 pace
1203 3549 1448 3603 omnium
1504 3549 1710 3603 dictum

149 3639 416 3705 volumus,
475 3641 718 3711 priscum
768 3641 918 3694 illum
978 3641 1212 3711 rigorem
1260 3657 1417 3696 suum
1475 3642 1713 3698 retinere

150 3730 410 3796 videatur,
469 3747 578 3786 non
646 3733 791 3801 quod
847 3731 980 3787 nihil
1032 3732 1099 3786 de
1147 3747 1211 3787 eo
1263 3733 1569 3798 remiserit,
1619 3731 1714 3788 sed

153 3827 272 3890 quod
314 3841 428 3879 non
475 3825 545 3879 ab
585 3840 651 3879 eo
697 3827 776 3880 sic
825 3825 1145 3891 deﬂexerit,
1196 3836 1254 3880 ut
1300 3841 1553 3895 magnam
1609 3825 1714 3880 ali-

152 3933 288 3985 quam
319 3920 539 3972 ruinam
568 3918 762 3973 fecisse
805 3920 1110 3974 censendus
1153 3919 1246 3973 sit.
1279 3918 1545 3975 Remissa)
1588 3927 1717 3974 sunt

151 4012 372 4064 nonnihil
421 4011 608 4081 paucis
656 4010 960 4067 tolerabiles
1028 4012 1369 4069 abstinentiae
1416 4012 1558 4078 illze,
1625 4012 1718 4070 sed

154 4111 307 4158 tamen
335 4113 523 4159 manet
553 4113 845 4173 perpetuus
869 4105 1097 4174 piscium
1124 4121 1270 4171 esus,
1303 4107 1469 4160 multa
1494 4104 1716 4176 jejunia,

155 4198 355 4263 prolixae
415 4198 632 4268 vigiliae,
691 4199 958 4254 diuturna:
1016 4214 1228 4268 preces,
1279 4199 1555 4268 multaque
1615 4198 1717 4252 alia

155 4291 282 4344 αιτυί
307 4306 438 4344 sane
461 4289 709 4344 molesta.
747 4290 913 4345 Porro
943 4291 1286 4345 beatissimus
1325 4290 1478 4361 ilugo
1507 4289 1717 4360 episco-

156 4396 256 4447 pus,
286 4383 438 4451 cujus
475 4382 782 4438 sanctitatis
811 4383 950 4436 fama
981 4381 1212 4437 celebris
1255 4383 1368 4452 jam
1420 4362 1478 4436 in
1530 4397 1721 4437 omnes

157 4491 202 4529 se
225 4480 464 4548 regiones
493 4477 773 4541 effuderat,
809 4476 1020 4531 tametsi
1067 4491 1160 4531 eos
1199 4491 1406 4536 omnes.
1457 4475 1544 4544 qui
1599 4490 1718 4529 eum
1751 4469 1799 4528 D

157 4583 322 4628 saneto
350 4574 605 4627 Brunone
633 4572 684 4625 in
716 4571 1018 4627 Carthasim
1039 4585 1224 4624 eremo
1253 4570 1535 4639 degebant,
1557 4568 1722 4631 multo

159 4682 318 4722 amore
346 4678 402 4724 et
431 4667 782 4722 veneratione
833 4666 1260 4736 prosequebatur
1281 4705 1296 4730 ,
1349 4673 1404 4717 at
1439 4664 1612 4732 ipsum
1643 4673 1724 4717 ta-

160 4775 262 4814 men
291 4761 623 4824 Brinnonem,
655 4760 795 4829 quod
826 4759 876 4812 in
905 4773 970 4813 eo
1013 4755 1214 4826 majora
1261 4765 1510 4810 cerneret
1534 4754 1725 4809 divinm

163 4854 324 4919 gratim
348 4860 694 4917 ornamenta,
718 4852 768 4904 in
802 4861 950 4906 tanto
997 4849 1199 4904 honore
1228 4856 1280 4902 et
1304 4846 1603 4902 reverentia
1627 4845 1724 4898 ha-

164 4945 260 4998 buit
281 4987 298 5010 ,
354 4956 412 5000 nt
442 4946 563 5014 ejus
587 4945 826 5001 consiliis
854 4960 958 4998 non
991 4945 1146 4998 aliter
1173 4983 1187 5006 ,
1229 4957 1386 5012 quam
1443 4939 1728 5011 prmccptis

166 5031 374 5097 abbatis,
401 5035 822 5104 obtemperaret.

223 5123 306 5176 24.
345 5125 405 5179 Et
436 5125 579 5191 licet,
611 5134 670 5180 ut
696 5127 770 5181 ait
802 5127 852 5181 in
887 5125 1001 5194 ejus
1032 5125 1150 5180 Vita
1175 5123 1366 5194 Guigo,
1391 5123 1552 5179 etiam
1581 5122 1728 5192 prius

229 5329 364 5401 (196)
396 5330 568 5398 Quam
613 5331 663 5385 id
689 5332 930 5400 apprime
967 5329 1182 5386 veritati
1229 5325 1730 5401 consone_t,_liquet

175 5394 490 5464 potissimum
520 5419 584 5456 ex
611 5403 697 5465 iis,
724 5394 845 5472 qua:
873 5398 1263 5456 Commentarii
1295 5398 1477 5468 praevii
1524 5394 1552 5468 §
1596 5395 1630 5450 4
1677 5407 1730 5451 ct

175 5480 385 5536 quatuor
412 5489 563 5543 seqq.
591 5475 733 5528 dicta
765 5480 910 5527 sunt.

235 5562 373 5630 (197)
402 5563 498 5618 Adi
534 5579 656 5634 quae
699 5563 766 5618 ad
797 5573 906 5618 nOt.
935 5561 999 5618 l5
1035 5562 1086 5617 in
1146 5561 1322 5616 Vitam
1371 5557 1729 5630 antiquiorem

176 5642 323 5698 Supra
351 5644 594 5690 annotata
626 5644 770 5689 sunt.
1509 5649 1512 5652 '

241 5724 378 5796 (198)
405 5727 463 5781 Et
491 5731 625 5800 apud
667 5744 762 5784 nos
789 5737 913 5783 tom.
947 5727 1211 5800 lAprilis,
1239 5727 1322 5782 cui
1349 5725 1533 5783 eadem
1563 5724 1728 5782 sancti

1799 520 1922 560 men
1945 506 2011 560 ad
2039 504 2336 575 disciplinte
2361 503 2604 560 ccelestis
2629 501 2888 558 exercitia
2917 516 3105 556 eorum
3122 501 3386 572 exemplis

1799 607 1854 651 et
1874 595 2239 650 familiaritate
2285 593 2565 660 inferbuit,
2616 609 2776 663 quam
2826 593 2872 647 si
2916 592 3214 647 flannnanti
3263 592 3387 662 quis

1799 691 1905 746 faci
1931 690 2112 760 plures
2137 688 2513 758 circumponat
2531 685 2667 742 alias
2689 685 2962 739 ardentes.
3001 683 3236 753 Eratque
3260 697 3384 737 cum

1797 783 1900 849 eis,
1929 796 2032 836 non
2066 789 2128 835 ut
2154 773 2402 834 dominus
2427 787 2518 834 aut
2542 777 2848 850 episcopus,
2880 775 2976 832 sed
3021 783 3079 829 ut
3127 773 3309 829 socius
3334 781 3392 830 ct

1800 873 1967 945 frater
1994 870 2330 928 humillimus
2357 880 2410 946 et
2432 871 2498 925 ad
2525 877 2870 935 cunctorum,
2893 876 3176 946 quantum
3198 865 3251 920 in
3276 865 3390 935 ipso

1799 943 1936 1029 erat,
1962 961 2218 1032 obsequia
2259 943 2656 1031 paratissimus,
2684 960 2818 1014 adeo
2864 970 2919 1014 ut
2953 958 3033 1012 vir
3066 943 3393 1012 venerabilis

1803 1145 1864 1204 S.
1897 1144 2186 1200 Theofredi
2229 1145 2418 1210 abbas,
2475 1143 2734 1214 magistro
2793 1141 3029 1196 Brunoni
3073 1141 3237 1196 etiam
3277 1139 3392 1208 ipse

1802 1236 2050 1308 religiosa
2081 1236 2365 1292 devotione
2402 1251 2507 1290 non
2535 1233 2883 1289 mediocriter
2927 1233 3200 1303 alligatus,
3247 1229 3393 1285 beati

1804 1328 2042 1400 llugonis
2070 1327 2472 1384 contubernalis
2505 1325 2643 1392 (bini
2674 1325 2873 1394 quippe
2911 1333 3041 1378 tunc
3069 1338 3164 1392 per
3205 1321 3395 1393 singu-

1801 1419 1884 1476 las
1913 1419 2294 1477 inhabitabant
2335 1419 2518 1491 cellas)
2553 1418 2694 1488 apud
2736 1417 3049 1488 magistrum
3081 1415 3392 1471 Brunoncm

1805 1531 1910 1570 non
1933 1514 2124 1571 leviter
2151 1524 2595 1584 conquereretur,
2624 1512 2764 1582 quod
2796 1526 2932 1582 pene
2961 1510 3166 1574 omnia,
3195 1509 3260 1563 ad
3290 1509 3395 1564 hu-

1805 1608 2092 1664 militatem
2123 1606 2444 1677 spectantia,
2496 1605 2636 1659 intra
2683 1603 2873 1659 cellam
2921 1602 3023 1658 sibi
3076 1601 3398 1672 prmriperet

1807 1699 2003 1768 olIicia,
2052 1709 2107 1754 et
2159 1698 2443 1770 episcopus
2468 1713 2572 1752 non
2602 1711 2785 1752 secum
2831 1695 3022 1750 saltem
3074 1702 3134 1748 ut
3171 1692 3394 1755 socius.

1807 1792 1900 1846 sed
1930 1789 2108 1860 potius
2132 1781 2546 1843 conversare'tur
2567 1795 2627 1840 ut
2647 1785 2904 1852 lautulus,
2939 1800 3044 1838 non
3081 1783 3242 1839 licere
3269 1781 3396 1845 sibi,

1808 1882 1981 1937 tristis
2001 1895 2272 1944 asserens,
2300 1895 2368 1933 ex
2391 1877 2677 1934 servilibus
2701 1877 2956 1947 operibus
3002 1874 3296 1946 quidquam
3323 1881 3402 1926 at-

1807 1974 2034 2044 tingere,
2065 1969 2356 2040 quzejuxta
2383 1983 2586 2023 morem
2633 1967 2902 2022 debebant
2943 1979 3038 2034 per
3089 1963 3237 2018 vices
3287 1960 3400 2016 efﬁ-

1807 2082 1948 2128 cere,
1983 2081 2048 2120 eo
2075 2065 2174 2120 sibi
2204 2071 2396 2119 cuncta
2431 2061 2791 2132 praeripiente.
2843 2059 2900 2114 in
2955 2065 3161 2114 tantum
3218 2064 3400 2112 autem

1808 2173 2048 2215 eremmn
2071 2157 2298 2212 devotus
2321 2154 2589 2210 incolebat
2611 2162 2667 2208 et
2695 2152 2936 2216 sedulus,
2964 2159 3022 2205 ut
3051 2165 3175 2206 eum
3230 2146 3403 2219 magi-

1809 2261 1922 2306 ster
1953 2251 2132 2303 Bruno
2165 2262 2548 2316 nonnunquam
2577 2245 2726 2299 exire
2779 2241 3150 2313 compelleret,
3199 2239 3276 2294 Ite
3322 2237 3404 2292 di-

1809 2335 1977 2405 cens,
2029 2340 2100 2393 ite
2133 2341 2199 2392 ad
2242 2353 2370 2392 oves
2417 2345 2646 2402 vestras,
2709 2334 2896 2402 eisque
2926 2377 2939 2399 ,
3001 2331 3143 2402 quod
3193 2328 3404 2385 debetis

1810 2427 2092 2486 exsolvite.
3103 2425 3130 2448 ‘

1879 2569 1969 2624 25.
2013 2565 2422 2624 Volebatetiam
2443 2577 2509 2618 eo
2541 2570 2803 2632 tempore,
2852 2572 3064 2630 magnae
3109 2561 3404 2628 pauperta-

1810 2662 1881 2720 tis
1911 2671 1966 2714 et
1993 2656 2315 2714 liun'iilitatis
2347 2654 2539 2709 ardore
2565 2665 2877 2713 succensus,
2911 2647 3252 2718 equitaturas
3279 2659 3406 2699 suas

1810 2760 2034 2807 cunctas
2061 2749 2320 2812 vendere,
2353 2729 2416 2799 et
2448 2744 2622 2799 diviso
2653 2739 2978 2814 pauperibus
3030 2735 3231 2806 precio,
3280 2748 3408 2804 pro-

1809 2841 1944 2911 priis
1974 2839 2200 2909 pedibus
2227 2839 2279 2891 in
2307 2835 2694 2906 prmdiealionc
2724 2833 3053 2887 discurrere.
3107 2827 3408 2883 Sed-homo

1812 2933 2058 3005 profundi
2091 2930 2270 2986 θοι-ὼε
2298 2931 2555 3000 magister
2610 2927 2790 2980 Bruno
2840 2939 2945 2979 non
2993 2923 3294 2988 consensit,
3343 2921 3408 2974 ti-

1814 3039 1965 3080 mens
1991 3039 2056 3077 ne
2084 3007 2224 3093 apud
2249 3037 2306 3077 se
2336 3021 2523 3076 forsan
2552 3017 2924 3080 extolleretur,
2975 3022 3071 3069 aut
3111 3027 3143 3067 a
3197 3011 3410 3067 caeteris

1811 3211 1956 3264 bium
1987 3223 2092 3261 non
2123 3206 2264 3274 erat)
2295 3205 2346 3258 id
2372 3205 2543 3274 ipsum
2569 3211 2789 3272 propter
2835 3197 3185 3268 asperitatem
3230 3203 3286 3249 et
3326 3195 3410 3247 in-

1811 3300 2174 3370 aequalitatem
2227 3310 2606 3352 consummarc
2643 3308 2748 3348 non
2779 3298 2974 3361 posset”
3009 3289 3284 3343 itinerum.
3310 3284 3410 3340 vlta

1813 3394 2028 3462 quidem
2058 3391 2110 3445 in
2141 3389 2286 3445 beati
2312 3387 2551 3457 Hugonis
2581 3384 2720 3448 Vita,
2745 3398 2908 3454 quam
2946 3381 3120 3436 lector
3145 3376 3405 3442 offendet,

1818 3483 2213 3556 primoAprilis
2249 3481 2336 3535 die
2391 3478 2560 3551 (198),
2614 3476 2808 3532 scribit
2848 3473 2917 3539 is,
2953 3487 3116 3542 quem
3150 3469 3408 3533 diximus,

1814 3580 2006 3650 Guigo,
2038 3565 2218 3648 gravis
2248 3576 2300 3630 in
2333 3573 2523 3644 primis
2552 3580 2742 3625 auctor
2787 3576 2840 3622 ct
2877 3567 2981 3622 fide
3039 3562 3408 3636 dignissimus.

1819 3673 2002 3726 Potest
2029 3678 2209 3724 autem
2239 3683 2305 3722 ex
2332 3667 2416 3720 bis
2443 3664 2728 3734 perspicue
2759 3656 3144 3720 animadverti,
3193 3661 3414 3725 quanta:

1817 3761 2158 3818 auctoritatis
2204 3769 2257 3815 et
2292 3755 2714 3814 existimationis
2772 3751 2934 3807 fuerit
2985 3751 3175 3804 beatus
3235 3746 3414 3799 Bruno

1819 3856 1958 3925 apud
1993 3865 2101 3909 tam
2132 3853 2395 3923 insignem
2419 3850 2754 3919 episcopum,
2785 3849 2844 3900 nt
2865 3844 2957 3914 qui
2981 3842 3028 3897 ei
3059 3841 3200 3896 haud
3229 3851 3408 3899 secus;

1819 3959 1978 4018 atque
2003 3962 2100 4001 suo
2124 3945 2327 4009 abbati,
2376 3957 2503 3997 raro
2552 3939 2765 3996 eximiae
2795 3935 3114 3991 humilitatis
3163 3929 3412 3998 exemplo

1819 4039 2104 4100 obedierit,
2128 4038 2196 4091 ob
2224 4035 2339 4105 ejus
2361 4032 2547 4104 procul
2575 4029 2738 4086 dubio
2759 4026 3113 4083 excellentem
3137 4020 3400 4077 sanctita-

1824 4143 1929 4188 tem
1954 4141 2006 4187 et
2039 4128 2384 4199 sapientiam.
2412 4125 2570 4187 Sunt,
2601 4123 2691 4192 qui
2721 4121 2985 4184 scribant,
3019 4113 3272 4172 eumdem
3301 4110 3416 4179 epi-

1823 4241 2045 4293 scopum
2082 4238 2110 4274 a
2140 4221 2297 4274 beato
2328 4217 2579 4271 Brunone
2607 4209 2955 4268 Carthusiani
2993 4204 3232 4262 instituti
3255 4200 3412 4256 habi-

1827 4327 1938 4372 tum
1967 4313 2323 4369 monasticum
2349 4310 2622 4378 accepisse
2649 4303 2819 4375 (199).

1893 4452 1981 4507 20.
2026 4451 2104 4505 Eo
2130 4460 2342 4517 quoque
2377 4443 2615 4498 instante
2653 4447 2707 4494 et
2731 4436 3013 4496 eﬂiciente,
3045 4428 3418 4488 circumvicini

1826 4559 2034 4612 ou'mcs,
2073 4552 2181 4595 tam
2211 4533 2589 4598 ecclesiastici,
2636 4545 2796 4601 quam
2854 4527 3062 4583 nobiles
3089 4535 3146 4582 et
3192 4523 3412 4606 plebeii,

1827 4653 1995 4710 prona
2052 4633 2326 4710 voluntate
2357 4629 2554 4683 dedere
2585 4627 2744 4682 beato
2772 4620 3010 4678 Brunoni
3047 4627 3103 4675 et
3153 4616 3419 4673 fratribus

1827 4705 1965 4799 ejus,
2000 4733 2281 4797 perspecta
2303 4705 2494 4776 eorum
2529 4727 2636 4772 tam
2667 4723 2878 4783 sancta,
2929 4714 3156 4768 honesta
3202 4717 3258 4764 et
3287 4708 3416 4763 reli-

1829 4824 1977 4894 giosa
2024 4813 2468 4877 conversatione,
2517 4807 2777 4881 quidquid
2813 4806 2956 4878 juris
3000 4804 3312 4860 obtinerent
3363 4800 3422 4856 in

1829 4892 2130 4970 Carthusize
2162 4907 2456 4972 montibus,
2503 4912 2559 4959 et
2609 4903 2750 4956 intra
2794 4899 2998 4954 limites
3044 4895 3162 4964 ejus
3214 4892 3416 4950 deserti

1833 5005 2000 5077 (200).
2045 5002 2156 5058 Etsi
2187 5009 2364 5055 autem
2398 4999 2588 5053 beatus
2618 4979 2817 5060 Bruuo,
2854 4989 2982 5056 olim
3011 4989 3068 5044 in
3097 4986 3299 5043 mundo
3329 4996 3422 5040 cei

1831 5099 2017 5166 lebris,
2043 5097 2153 5170 jam
2206 5094 2352 5150 omni
2399 5091 2580 5148 mundi
2637 5089 2795 5160 hujus
2849 5087 3055 5144 calcata
3103 5082 3306 5156 gloria,
3363 5079 3421 5136 in

1836 5317 1980 5372 illius
2010 5311 2495 5385 Gratianopolitani
2520 5310 2756 5382 episcopi
2786 5307 2906 5363 Vita
2957 5310 3137 5358 exstat
3188 5300 3423 5365 inserta,

1835 5404 1957 5459 pag.
1993 5387 2084 5450 40,
2119 5402 2266 5459 num.
2307 5386 2366 5440 11
2403 5395 2457 5440 et
2487 5398 2601 5459 seq.
2781 5449 2812 5459 η
2918 5456 2926 5459 Α
3007 5442 3043 5459 γ’
3328 5440 3346 5459 Δ
3371 5439 3417 5459 4η

2153 5439 2527 5528 νὸγὶιιίιρςίιυί
2558 5439 2666 5528 hoc
2673 5449 2966 5528 scribunt,
2995 5442 3270 5499 aberrant.
3318 5439 3421 5495 Adi

1835 5521 2224 5586 Coimnentarii
2255 5521 2612 5596 prmviiimm.
2651 5521 2747 5576 501
2786 5527 2840 5571 et
2856 5532 2986 5596 _s_eq.

1908 5598 2056 5670 (200)
2089 5583 2364 5670 Chartam;
2387 5595 2694 5670 publicam,
2717 5603 2822 5660 qua
2856 5588 2906 5642 id
2926 5583 3078 5670 anno
3113 5583 3247 5639 1086
3281 5583 3422 5666 foco.

1837 5655 1988 5732 runt,
2039 5655 2305 5738 integram
2353 5655 2507 5721 intuli
2559 5667 2610 5719 in
2656 5655 3117 5720 Commentariun!
3159 5655 3422 5725 praevium

1839 5758 1986 5798 num.
2028 5741 2130 5796 505
2159 5751 2212 5796 et
2246 5739 2384 5794 binis
2418 5750 2564 5804 seqq.
