3860 6326
499 296 602 354 539

1295 292 1357 347 s.
1397 288 1746 348 enuuoms
1779 238 2427 346 canrhusmuonuu
2458 287 2941 349 lNSTlTUTORlS
3608 303 3693 365 sio

489 427 676 470 eremo
701 411 938 479 latitare,
972 409 1179 480 solique
1204 408 1316 466 Deo
1345 408 1555 465 ardenti
1577 422 1763 464 amore
1814 421 1878 461 ac
1923 405 2069 461 desi-
2098 407 2147 465 Α
2178 407 2371 463 vestris
2394 408 2673 464 cumulare
2704 428 2716 465 :
2748 410 2843 467 sed
2870 412 2926 466 in
2947 424 3053 482 qua
3074 412 3354 469 vocatione
3390 419 3551 474 vocati
3568 422 3689 490 estis,

494 504 648 560 derio
673 503 963 566 inhaerere,
996 509 1240 572 gustare,
1271 514 1435 570 quam
1465 498 1648 554 suavis
1673 497 1744 553 sit
1794 494 2077 564 Dominus,

494 605 659 667 atque
684 603 841 654 extra
867 609 992 652 eum
1018 608 1241 666 prorsus
1289 593 1426 650 nihil
1462 602 1720 666 appetere
1741 605 2084 663 summopere

493 689 756 757 studeret,
784 702 891 743 non
915 687 1092 759 potuit
1119 694 1300 743 tamen
1332 699 1723 758 usquequaque
1748 690 1876 739 voto
1918 681 2082 754 potiri

494 795 617 837 suo.
652 778 788 835 Nam
814 793 939 836 cum
963 793 1071 834 non
1097 786 1243 835 totos
1289 792 1387 835 sex
1432 791 1604 834 annos
1646 776 1701 831 in
1750 775 1842 831 illa
1887 775 2083 846 exigua

494 869 736 940 quidem,
793 868 887 925 sed
915 877 1103 926 sancta
1150 867 1435 926 sodalitate
1480 866 1787 938 exegisset,
1839 864 2085 937 pontifex

498 960 753 1018 Urbanus
779 961 1072 1027 secundus,
1109 960 1204 1032 qui
1251 960 1383 1017 olim
1433 959 1581 1016 beati
1637 959 1738 1016 viri
1786 958 2085 1030 discipulus

495 1048 698 1117 “erat,
733 1063 857 1107 eum
886 1048 955 1106 ad
979 1048 1110 1105 illud
1147 1048 1377 1105 sublime
1395 1047 1660 1119 praecipui
1680 1047 1904 1105 honoris
1928 1044 2085 1104 fasti-

495 1142 645 1214 gium
673 1150 896 1199 evectus
912 1150 1083 1208 esset,
1113 1148 1443 1213 cuperetque
1470 1148 1680 1196 tantum
1709 1154 1906 1196 munus
1925 1154 2087 1195 accu-

497 1240 617 1288 rate
647 1231 893 1301 implere,
923 1245 1031 1287 non
1060 1231 1347 1286 immemor
1370 1229 1602 1301 egregiae
1631 1229 1853 1286 virtutis
1880 1237 1936 1286 et
1962 1228 2087 1285 illu-

500 1324 630 1380 stris
654 1321 911 1378 doctrinaa
943 1319 1062 1390 ejus
1093 1319 1174 1375 sui
1206 1319 1579 1391 praeceptoris,
1610 1318 1809 1374 accivit
1834 1333 1957 1374 eum
1988 1333 2087 1389 per

496 1415 707 1472 litteras
735 1415 801 1469 ad
837 1422 1041 1470 sancta:
1073 1411 1331 1469 Ecclesiae
1356 1412 1663 1483 praestanda
1714 1408 1909 1479 oﬁicia,
1957 1425 2085 1480 gra-

496 1506 637 1563 viter
669 1505 1009 1577 prmcipiens,
1060 1519 1130 1561 ne
1172 1504 1360 1561 venire
1414 1503 1483 1559 ad
1540 1501 1743 1561 Urbem
1795 1509 2084 1559 cunctare-

496 1606 586 1652 tur
617 1596 786 1671 (201).

2182 500 2236 554 in
2263 515 2325 556 ea
2363 500 2745 570 permaneatis,
2775 509 2937 571 atque
2967 503 3022 557 in
3059 502 3167 559 hoc
3205 504 3322 561 loco
3369 512 3690 576 perseveretis.

2182 593 2406 650 Conﬁdo
2436 604 2619 649 autem
2649 594 2705 649 in
2733 594 2984 661 Domino,
3014 595 3107 665 qui
3139 609 3236 665 per
3260 610 3356 653 nos
3382 598 3587 657 humiles
3614 603 3693 659 sibi

2180 676 2563 740 habitaculum’
2587 685 2641 740 in
2692 684 2797 742 hoc
2844 686 3060 744 deserto
3113 694 3421 745 construere
3465 689 3594 748 visus
3632 704 3696 750 est

2183 776 2348 832 beato
2377 775 2586 847 Hugoui
2606 775 2880 847 episeopo,
2911 777 3055 847 quod
3077 779 3407 850 propositum
3430 783 3595 853 gratia:
3611 800 3709 842 sua

2184 866 2289 924 hoc
2319 876 2509 924 nostro
2529 868 2763 925 divortio
2792 883 2899 926 non
2925 870 3167 940 patietur
3195 870 3250 926 in
3293 871 3494 928 irritum
3524 875 3697 947 redigi:

2183 959 2281 1015 sed
2304 956 2482 1029 potius
2511 957 2789 1028 pmstahit
2821 972 2923 1032 pro
2944 959 3282 1031 benignitate
3328 976 3442 1031 sua,
3474 973 3530 1020 ut
3557 979 3639 1036 ego
3658 966 3701 1022 in

2184 1049 2291 1107 hac
2312 1049 2630 1118 tentatione,
2656 1049 2791 1106 mihi
2834 1066 2966 1108 sane
3019 1052 3367 1123 permolesta,
3409 1055 3634 1114 obediens
3659 1068 3704 1116 et

2185 1139 2360 1197 ﬁdelis
2395 1140 2670 1208 inventus,
2701 1140 2820 1211 ejus
2852 1148 3047 1199 auctus
3088 1142 3495 1212 benedictione,
3532 1146 3593 1204 ad
3629 1163 3708 1206 vos

2185 1233 2340 1292 latus
2364 1241 2627 1290 revertar.
2663 1232 2774 1292 Nec
2799 1235 3049 1293 dubitare
3102 1236 3331 1304 debetis,
3373 1236 3569 1295 etiamsi
3611 1252 3705 1295 eor-

2185 1342 2318 1399 pore
2340 1327 2408 1384 ad
2431 1335 2693 1396 tempnsa
2717 1326 2867 1385 vobis
2900 1328 3091 1398 abero,
3135 1328 3269 1400 quin
3311 1342 3514 1401 semper
3559 1328 3711 1389 vobis!

2187 1435 2307 1477 cum
2340 1418 2535 1492 spiritu
2561 1420 2668 1477 sim
2691 1419 2926 1477 futurus.
2961 1438 2981 1473 ι

2256 1555 2349 1613 29.
2388 1555 2517 1613 Hac
2545 1556 2638 1613 illo
2664 1556 2901 1625 dicente,
2949 1571 3145 1615 omnes
3188 1571 3312 1614 cum
3358 1557 3591 1629 lacrymis
3626 1557 3711 1615 ele-

2187 1655 2318 1703 vant
2341 1662 2553 1715 vocem,
2592 1648 2854 1718 aiuntque
2890 1648 2959 1704 ad
2979 1663 3106 1704 eum
3140 1667 3155 1703 :
3191 1667 3211 1703 ι
3249 1647 3328 1704 Tu
3359 1664 3436 1715 es,
3479 1648 3620 1705 Pater
3642 1664 3711 1706 ve-

564 1732 657 1790 27.
696 1732 793 1787 111ο
823 1731 1093 1801 pontiﬁcis
1117 1730 1370 1787 mandato
1403 1730 1661 1801 perleeto,
1701 1730 1893 1801 ingens
1931 1728 2081 1785 dolor
2113 1743 2160 1806 Β
2184 1742 2445 1807 nefande,
2476 1748 2600 1812 ροει
2629 1740 2795 1796 Deum
2816 1755 2939 1811 spes
2968 1750 3156 1797 nostra
3180 1782 3196 1808 ,
3253 1751 3308 1796 ω
3362 1741 3601 1813 refugium
3634 1757 3713 1798 no.

496 1825 696 1880 invasit
725 1824 923 1879 fratres
944 1832 999 1878 et
1030 1822 1167 1879 ﬁlios
1197 1822 1314 1893 ejus
1336 1837 1545 1891 omnes,
1596 1828 1698 1878 nec
1727 1820 2085 1876 admittebant

495 1913 947 1982 consolationem,
978 1920 1365 1982 protestantes,
1399 1911 1544 1967 nullo
1568 1921 1727 1982 pacto
1756 1909 1812 1964 in
1837 1924 1900 1965 ea
1928 1917 2083 1963 vasta

497 2005 791 2062 solitudine
815 2018 973 2075 posse
1004 2004 1324 2075 perdurare,
1360 2005 1403 2059 si
1437 2003 1571 2059 tanti
1604 2002 1782 2058 Patris
1799 2001 2085 2073 praesentia

495 2100 852 2162 orbarentur;
886 2110 944 2151 se
981 2096 1195 2165 quidem
1227 2111 1532 2163 mansuros,
1576 2094 1622 2150 si
1655 2101 1899 2149 maneret
1933 2093 2081 2163 ipse;

497 2188 579 2247 sin
611 2188 809 2252 abiret,
844 2202 901 2241 se
925 2187 1128 2257 pariter
1152 2186 1417 2242 abituros.
1448 2186 1648 2240 Eorum
1705 2183 1963 2256 lacrymis
2004 2182 2087 2237 vir

497 2278 772 2347 piissimus
806 2277 959 2331 valde
996 2285 1378 2332 consternatus
1404 2319 1419 2344 ,
1470 2283 1524 2331 et
1552 2274 1718 2330 multa
1739 2274 2085 2330 commisera-

501 2370 648 2424 tione
677 2379 973 2437 permotus,
1008 2385 1130 2423 cum
1175 2370 1275 2439 ipsi
1303 2383 1519 2439 quoque
1570 2368 1979 2423 acerbissimum
2005 2366 2087 2422 vi-

498 2462 719 2516 deretur
746 2470 866 2530 post
898 2462 1103 2515 tantam
1128 2462 1314 2515 amicae
1341 2460 1648 2516 solitudinis
1674 2460 1932 2529 quietem,
1967 2467 2087 2514 tan-

499 2560 609 2607 tam
638 2553 802 2608 animi
837 2553 1279 2623 tranquillitatem
1302 2546 1715 2609 etconscientiae
1735 2554 2084 2609 serenitatem

500 2642 569 2697 ad
625 2642 809 2697 mundi
861 2639 1020 2711 hujus
1074 2657 1234 2698 curas
1278 2651 1333 2698 et
1372 2642 1629 2712 strepitus
1680 2642 1946 2709 revocari,
1994 2656 2088 2699 eos

498 2739 695 2796 blande
718 2741 985 2797 consolari
1018 2742 1309 2796 nitebatur.
1368 2739 1588 2796 Sciebat
1636 2740 1780 2795 enim
1828 2740 2086 2811 scriptum

498 2845 619 2887 esse
651 2849 664 2885 :
703 2850 721 2883 ι
753 2831 855 2899 Qui
887 2847 982 2887 vos
1007 2831 1177 2899 audit,
1230 2847 1318 2886 me
1339 2831 1491 2887 audit
1521 2829 1668 2901 (202)
1694 2846 1708 2885 :
1739 2851 1757 2883 ι
1811 2831 2082 2900 itemque:

506 2942 524 2975 ‹
554 2923 744 2980 Omnis
777 2923 957 2978 anima
1008 2922 1369 2994 potestatibus
1419 2921 1825 2977 sublimioribus
1874 2921 2087 2976 subdita

499 3016 571 3071 sit
601 3016 773 3087 (205),
807 3036 825 3069 ι
876 3025 1038 3086 atque
1060 3030 1123 3070 ea
1155 3031 1317 3071 causa
1341 3014 1615 3085 pontificis
1644 3013 1954 3067 mandatum
1980 3027 2086 3067 non

500 3108 662 3164 aliter
693 3109 924 3178 accepit,
959 3123 1119 3178 quam
1145 3107 1352 3164 cmlesti
1380 3105 1599 3162 oraculo
1629 3107 1696 3161 ad
1742 3119 1801 3161 se
1854 3103 2088 3159 delatam
2118 3090 2158 3149 Ο

498 3213 686 3255 vocem
710 3208 855 3255 esset
882 3208 1227 3270 accepturus,
1260 3199 1443 3268 aitque
1465 3197 1532 3252 ad
1560 3196 1758 3251 fratres
1784 3214 1796 3249 :
1834 3213 1852 3247 ι
1874 3194 2093 3250 Manere

502 3293 805 3359 vobiscum,
860 3293 1014 3359 mihi,
1061 3292 1118 3347 in
1175 3292 1402 3347 Domino
1455 3289 1792 3346 dilectissimi
1847 3287 2088 3352 fratres,

502 3384 906 3455 gratissimum;
961 3383 1202 3450 separari
1254 3399 1283 3436 a
1318 3382 1490 3448 vobis,
1546 3380 1965 3451 gravissimum:
1997 3380 2091 3435 sed

500 3476 773 3530 mandatis
802 3476 1113 3544 apostolicis
1142 3475 1379 3537 obedire,
1414 3483 1472 3528 ut
1517 3473 1617 3542 ipsi
1662 3486 1875 3542 quoque
1897 3472 2089 3538 nostis,

501 3568 871 3624 necessarium
899 3578 1001 3621 est.

570 3701 662 3757 28.
706 3720 726 3754 ι
750 3699 915 3756 Scitis
954 3702 1004 3756 in
1038 3700 1154 3773 ejus
1183 3702 1360 3758 locum
1398 3703 1727 3760 successisse
1755 3701 2091 3773 pontificem,

503 3798 593 3853 cui
628 3797 833 3852 dictum
875 3804 958 3852 est
979 3812 1008 3851 a
1036 3796 1271 3863 Christo,
1311 3815 1329 3849 ι
1360 3797 1528 3852 Pasce
1559 3813 1688 3853 oves
1712 3813 1861 3852 meas
1882 3797 2085 3868 (204).»

501 3890 619 3945 Non
656 3898 836 3960 potest
857 3906 987 3959 ergo
1018 3891 1292 3945 numerari
1327 3892 1378 3944 in
1405 3891 1596 3946 ovibus
1620 3890 1844 3955 Christi,
1872 3892 1961 3959 qui
1986 3905 2091 3944 non

500 3980 614 4036 vult
658 3979 733 4034 illi
780 3995 996 4048 parere,
1044 3981 1129 4035 cui
1172 3980 1421 4035 Christus
1469 3981 1743 4037 commisit
1792 3981 2092 4050 pascendas

500 4086 630 4127 oves
662 4085 810 4126 suas.
868 4071 1073 4140 Ecquid
1123 4086 1251 4127 vero
1286 4072 1418 4126 mihi
1458 4072 1717 4141 prodesse
1771 4079 1954 4141 queat,
2005 4072 2093 4127 hic

500 4164 781 4219 vobiscum
817 4178 1014 4234 corpus
1039 4162 1254 4220 allicere
1283 4164 1461 4219 inedia
1487 4171 1542 4217 et
1567 4162 1811 4232 jejuniis,
1837 4163 2092 4232 durisque

501 4257 738 4326 suscepti
770 4256 1003 4311 instituti
1038 4256 1316 4311 laboribus
1346 4264 1401 4310 et
1426 4256 1708 4311 exercitiis
1735 4264 1993 4319 atterere,
2043 4255 2089 4311 si

504 4348 720 4403 interim
751 4365 849 4420 per
886 4348 1305 4404 inobedicntiam
1342 4349 1566 4418 perdam
1599 4349 1837 4403 animam
1866 4349 2091 4404 meam?

2187 1841 2381 1898 strum,
2406 1841 2463 1886 tu
2490 1830 2791 1887 consolatio
2822 1838 2875 1887 et
2896 1832 3188 1887 consilium
3220 1841 3479 1888 nostrum.
3504 1831 3573 1888 Te
3610 1847 3713 1906 ergo

2187 1924 2494 1990 recedente,
2533 1923 2662 1994 quid
2690 1939 2790 1980 nos
2816 1922 3009 1979 facturi
3050 1925 3273 1980 sumus?
3295 1924 3416 1989 Aut,
3448 1932 3496 1980 te
3513 1923 3711 1991 absente,

2187 2017 2254 2071 ad
2280 2030 2443 2087 quem
2480 2016 2860 2072 recurremus?
2895 2016 3114 2073 Erimus
3170 2015 3409 2086 profecto
3451 2016 3577 2072 sicut
3611 2031 3713 2071 oves

2189 2123 2294 2163 nou
2328 2108 2587 2163 habentes
2608 2115 2901 2178 pastorem.
2968 2105 3335 2175 Quamobrem
3380 2106 3515 2163 si'ad
3536 2106 3714 2177 pontiﬁ-

2188 2217 2305 2258 cem
2339 2210 2390 2257 te
2413 2201 2581 2257 trahit
2603 2201 2933 2267 obedientia,
2967 2208 3150 2257 tecum
3184 2215 3284 2257 nos
3310 2215 3413 2255 una
3458 2200 3615 2255 trahat
3642 2214 3715 2253 su-

2188 2293 2528 2365 pereminens
2548 2293 2808 2359 charitas,
2850 2307 2970 2362 quae
2992 2302 3076 2348 est
3100 2292 3156 2347 in
3197 2290 3409 2347 Christo
3437 2287 3567 2353 Jesu,
3588 2302 3721 2359 quam

2189 2399 2446 2455 separare
2469 2395 2525 2439 et
2546 2383 2851 2440 convellere
2874 2398 2979 2437 non
3016 2383 3227 2453 poterit
3252 2395 3425 2453 neque
3455 2395 3602 2443 mors,
3643 2392 3716 2432 ne-

2188 2491 2295 2546 que
2318 2476 2448 2540 vita,
2475 2490 2650 2547 neque
2682 2473 2788 2529 ulla
2819 2482 3090 2531 creatura.
3134 2494 3153 2527 ι
3189 2474 3425 2529 Audiens
3443 2472 3547 2527 haec
3566 2471 3719 2526 beatus

2189 2570 2395 2636 Bruno,
2429 2583 2766 2639 cernensque
2812 2581 2906 2622 eos
2941 2564 3149 2620 nullam
3184 2564 3465 2620 admittere
3511 2558 3716 2617 consola-

2191 2662 2412 2728 tionem,
2446 2675 2545 2716 nec
2569 2658 2894 2730 persuadere
2915 2673 2974 2713 se
3001 2656 3108 2712 illis
3132 2670 3313 2726 posse,
3360 2662 3417 2709 ut
3452 2653 3501 2707 in
3528 2649 3717 2706 Carthn-

2190 2758 2270 2812 sia
2301 2762 2601 2820 manerent,
2625 2768 2694 2809 ne
2721 2753 2873 2809 locus
2896 2751 2984 2807 ille
3000 2749 3116 2819 jam
3151 2750 3261 2805 Deo
3296 2748 3520 2812 dicatus,
3545 2744 3603 2798 ad
3628 2755 3718 2795 ma.

2190 2866 2291 2905 nus
2345 2848 2511 2904 laicas
2558 2856 2613 2902 et
2645 2845 2902 2917 profanas
2951 2858 3143 2899 rursus
3184 2840 3566 2902 devolverctur,
3606 2831 3719 2905 quod

2188 2935 2486 3005 prudenter
2515 2932 2603 2988 ille
2626 2931 2870 2999 timebat,
2918 2929 3325 2987 commendavit
3359 2937 3412 2982 et
3456 2923 3589 2980 dedit
3623 2933 3718 2975 eum

2189 3024 2485 3080 venerabili
2507 3022 2624 3079 viro
2674 3021 2897 3093 Signino
2939 3020 3122 3075 abbati
3175 3017 3467 3082 Cassa-Dei,
3517 3012 3597 3083 qui
3643 3008 3722 3064 fuit

2194 3133 2333 3173 unus
2358 3132 2422 3172 ex
2454 3116 2645 3187 primis
2667 3114 3020 3171 donatorihus
3050 3111 3222 3183 (205),
3264 3110 3357 3166 sed
3382 3109 3455 3164 ita
3491 3115 3644 3160 tamen
3680 3099 3720 3154 id

2194 3210 2344 3275 fecit,
2372 3217 2431 3264 ut
2453 3208 2676 3264 omnino
2717 3205 3069 3262 constitueret
3118 3201 3321 3258 reverti
3375 3214 3491 3255 cum
3536 3193 3632 3251 suis
3668 3189 3722 3245 ad

2193 3300 2537 3356 Cartliusiam
2569 3298 2740 3369 (206).
2769 3295 3014 3352 Peractis
3040 3303 3225 3349 autem
3277 3291 3519 3351 omnibus
3567 3297 3721 3358 perce-

2194 3403 2393 3462 ptaque
2440 3387 2740 3444 beatissimi
2796 3385 3035 3457 llugonis
3080 3383 3321 3455 episcopi
3362 3377 3723 3438 benedictione,

2194 3492 2419 3553 urgente
2443 3479 2715 3552 pontiﬁcis
2745 3479 3019 3543 mandato,
3044 3476 3274 3553 Romam
3300 3474 3559 3545 profectus
3580 3475 3666 3524 est.

2264 3618 2351 3673 30.
2385 3616 2571 3672 Potest
2590 3625 2769 3671 autem
2801 3630 2864 3670 ex
2889 3614 2975 3669 his
3006 3627 3226 3682 quoque
3256 3626 3361 3667 non
3386 3610 3597 3665 obscure
3624 3614 3722 3672 per-

2194 3712 2349 3782 spici,
2374 3725 2537 3781 quam
2569 3709 2766 3764 eximia
2797 3706 2963 3761 fuerit
2995 3705 3200 3760 virtute
3230 3701 3482 3773 praeditus
3504 3714 3532 3753 a
3552 3708 3644 3767 quo
3664 3689 3725 3746 sic

2194 3804 2501 3873 pendebant
2532 3800 2764 3872 religiosi
2797 3798 2994 3853 fratres
3019 3797 3115 3862 illi,
3150 3805 3212 3851 ut
3233 3797 3393 3850 vitam
3423 3794 3588 3880 ipsam
3602 3797 3727 3880 prpr-

2195 3907 2285 3947 sus
2326 3892 2605 3947 insuavem
2651 3897 2706 3942 et
2741 3886 3025 3941 molestam
3074 3883 3175 3939 sibi
3237 3887 3502 3954 putarent,
3550 3874 3590 3929 si
3632 3874 3729 3939 eius

2194 3984 2479 4055 praesentia
2504 3981 2754 4037 frustrari
2800 3981 2943 4049 ipsos
2979 3985 3276 4047 oporteret.
3309 3973 3407 4030 Ubi
3436 3977 3599 4025 autem
3626 3964 3726 4055 bcéh

2196 4053 2280 4132 tus
2316 4076 2494 4130 Bruno
2518 4075 2745 4130 Romam
2766 4073 2929 4133 venit,
2965 4069 3226 4141 pontifex,
3253 4066 3367 4135 ejus
3385 4064 3596 4119 adventu
3619 4053 3728 4110 miro

2192 4167 2544 4231 exhilaratus,
2573 4163 2960 4219 humanissime
2981 4176 3103 4216 eum
3124 4159 3367 4229 excepit,
3395 4155 3578 4225 quippe
3596 4158 3728 4218 quem

2192 4259 2353 4315 unice
2375 4266 2584 4313 amaret
2629 4266 2685 4312 et
2712 4264 3084 4319 veneraretur,
3117 4261 3280 4321 atque
3322 4251 3374 4305 in
3400 4246 3575 4319 primis
3595 4249 3641 4297 et
3664 4254 3726 4291 In-

2194 4349 2340 4404 timis
2376 4346 2697 4404 consiliariis
2718 4354 2772 4401 ct
2797 4343 3043 4399 ﬁdelibus
3072 4342 3260 4396 amicis
3296 4351 3499 4408 semper
3523 4345 3630 4389 eum
3649 4328 3725 4382 ha-

502 4438 677 4495 Nolite
708 4441 903 4511 igitur,
958 4442 1154 4497 fratres
1204 4442 1306 4497 mei
1328 4482 1342 4507 ,
1382 4441 1705 4512 importunis
1736 4440 1886 4495 hisce
1916 4440 2084 4511 laery-
2119 4430 2169 4487 Ῐ)
2195 4443 2332 4510 buit,
2361 4443 2476 4513 ejus
2509 4440 2751 4496 consiliis
2781 4438 2832 4492 in
2857 4436 3045 4491 arduis
3074 4434 3329 4489 Ecclesiae
3369 4427 3592 4500 negociis
3610 4434 3723 4476 num

504 4532 608 4590 mis
646 4532 884 4604 aﬁligere
914 4550 1007 4590 cor
1048 4549 1248 4602 meum,
1273 4544 1329 4590 et
1354 4534 1568 4591 dolores
1603 4548 1752 4589 meos
1805 4532 2088 4590 doloribus

574 4776 831 4850 (201)7De
858 4788 1081 4833 evorato
1106 4796 1137 4835 e
1163 4778 1451 4837 Carthnsia
1477 4780 1534 4836 S.
1581 4781 1829 4835 Brunone
1857 4794 1955 4850 per
1982 4779 2087 4850 Ure

503 4849 704 4921 banum
734 4849 778 4903 ιι
808 4863 1023 4921 papam,
1057 4851 1169 4918 qui,
1221 4852 1674 4921 quemadmodum
1702 4849 2089 4921 Commentarii

505 4918 1148 4992 pr:_evii_numf96_dncui
1172 4962 1185 4979 .
1231 4918 1348 4989 ejus
1374 4921 1665 4992 aliquando
1703 4921 1885 4992 Remis
1922 4920 2085 4976 disci-

503 4988 663 5062 pulus
689 4988 885 5055 fuerat,
929 4989 1128 5062 videsis
1156 4988 1542 5062 Commenta'rii
1589 4993 1773 5060 prmvii
1825 4991 1852 5062 §
1885 4992 1973 5056 50,
2011 4992 2091 5046 iu-

505 5060 823 5131 telligesque
867 5075 933 5115 ex
976 5061 1067 5122 iis,
1112 5077 1230 5130 qua:
1278 5061 1475 5117 ibidem
1527 5063 1779 5128 disserui,
1830 5060 2088 5117 Sanctum

506 5141 753 5187 nostrum
784 5147 932 5196 vere,
959 5131 1035 5185 uti
1067 5131 1155 5186 hic
1183 5131 1374 5187 Surius
1420 5133 1517 5195 ait,
1560 5148 1666 5186 non
1714 5134 1948 5202 integros
1972 5146 2088 5195 sex,

505 5202 599 5257 sed
623 5217 793 5258 annos
818 5202 1079 5258 duntaxat
1100 5202 1360 5271 quinque,
1406 5210 1460 5257 et
1487 5218 1578 5257 sex
1605 5209 1699 5256 aut
1719 5212 1922 5272 septem
1946 5217 2091 5255 men-

503 5287 596 5330 ses
613 5272 665 5326 in
693 5272 980 5328 Carthnsia
1009 5281 1400 5328 commoratum
1431 5272 1618 5338 fuisse,
1649 5273 1865 5340 quando
1894 5287 1960 5326 ex
1989 5272 2091 5327 hac

508 5342 576 5400 ab
604 5342 873 5414 Urbano,
895 5344 986 5414 qui
1018 5359 1162 5399 anno
1204 5342 1341 5399 1088
1369 5343 1436 5398 ad
1484 5358 1791 5414 supremam
1839 5342 2091 5400 Ecclesia:

506 5414 822 5470 cathedram
853 5413 1028 5469 fuerat
1057 5422 1302 5483 evectus,
1333 5414 1626 5472 arcessitus
1657 5413 1771 5471 fuit.

580 5483 730 5553 (202)
760 5485 918 5541 Lucae
952 5502 1007 5550 κ,
1039 5485 1125 5541 16.

601 5554 708 5609 205
759 5556 839 5610 Ad
868 5556 1023 5610 Rom.
1057 5571 1180 5619 xm,
1216 5558 1262 5612 l.

580 5555 730 5696 jam;
761 5623 981 5683 Joannis
1012 5644 1123 5696 xm,
1154 5627 1238 5683 i7.

603 5623 730 5696 ειη)
761 5623 981 5683 Joannis
1012 5644 1123 5696 xm,
1154 5627 1238 5683 i7.

2190 4547 2351 4603 quam
2374 4546 2477 4587 non
2501 4540 2671 4585 utens.
2703 4528 3083 4585 Convenerunt
3108 4534 3288 4580 autem
3318 4521 3384 4578 ad
3408 4534 3546 4584 eum,
3569 4518 3728 4584 axem

2260 4779 2409 4851 (205)
2435 4776 2811 4851 Celeberrima':
2834 4767 3383 4851 Ιιιιῇιιιεῇιι-ΑιςνιξνιιῑιιΔ
3415 4761 3626 4851 abigi?
3647 4766 3724 4851 ἐξ

2260 4791 2409 4851 (205)
2435 4791 2811 4835 Uetencrrrmm
2838 4791 2905 4829 nu
2932 4791 2996 4827 us
3025 4791 3078 4826 In
3108 4791 3370 4851 Arverrua
3415 4791 3623 4841 auriam»
3657 4791 3700 4805 ιι.

2194 4851 2403 4923 giniini,
2431 4791 3259 4923 quemadmoduinritabilloiuus
3288 4854 3340 4923 in
3356 4830 3628 4923 sanabit-gs

2195 4893 2403 4978 asas;
2430 4893 3152 4981 naturalia:gaias
3179 4893 3212 4974 ,ί
3244 4893 3486 4981 arma,
3528 4893 3727 4981 mw

2198 4963 2872 5048 ξυῑέέεέιῐὶίὸ
2898 4963 3056 5047 10711,
3072 4963 3333 5047 annoque
3364 4973 3509 5030 1094.
3546 4975 3597 5048 ut
3633 4963 3727 5048 lau-

2550 5060 2641 5113 lib.
2668 5072 2853 5132 vatit,
2886 5030 3181 5132 nu_m.,i(_)3.
3201 5030 3338 5104 idem
3369 5030 3725 5132 auclprjﬂdg:

2197 5113 2542 5189 niuiierre'illo
2569 5143 2691 5184 sese
2720 5113 2992 5180 abdicavit
3035 5140 3049 5187 ;
3109 5122 3276 5176 fuisse
3327 5113 3729 5189 autem‘eumfx

2764 5210 3005 5272 eremum
3035 5170 3472 5272 ysanctogdede'rc,
3487 5170 3724 5272 fimi:

2200 5256 2677 5331 ci't'Cjommcntarii
2704 5267 2885 5337 praeui
2919 5281 3066 5319 num.
3086 5263 3191 5337 50s
3209 5270 3273 5337 et
3290 5257 3428 5337 binis
3454 5266 3591 5337 seqq:

2203 5308 2274 5331 ιιι
2295 5308 2628 5329 υυιιιιιιιιηυι-
2646 5308 2677 5322 ι-
2706 5308 2807 5337 γης.
2826 5308 2885 5320 ι..
2921 5308 3066 5319 ..ι-..η
3086 5308 3186 5318 ν..-
3213 5308 3262 5315 ν-
3290 5308 3383 5338 ..-η
3406 5308 3421 5310 s
3527 5308 3538 5319 _
3561 5308 3585 5319 ν

2203 5353 2333 5407 tata,
2368 5358 2472 5413 qua
2500 5344 2615 5397 hrec
2644 5338 2865 5413 Sancto__
2893 5337 3116 5407 ejusque
3144 5328 3417 5400 discipulis
3445 5336 3575 5379 anno
3618 5308 3727 5368 1086

2199 5416 2324 5472 data
2357 5407 2476 5475 fuit,
2506 5414 2695 5467 charta
2725 5407 2957 5478 publica.
2999 5474 3008 5478 _
3080 5476 3107 5478 Α
3398 5477 3401 5478 ν
3485 5466 3498 5478 _
3534 5462 3563 5478 ν

2272 5456 3144 5556 (ξοιῆ’ᾖςῖιίιῖιιιψιῶξξᾶὸςὶιιιί10
3192 5477 3427 5544 apparet.
3475 5462 3563 5521 Adi
3599 5456 3725 5512 Com-

2201 5548 2366 5613 ment.
2399 5548 2560 5625 (πων.
2594 5566 2740 5607 nunt.
2775 5548 2897 5604 515.
