3860 6326
138 315 229 372 5M

1655 308 1862 367 ACTA.

3292 315 3400 373 542

139 432 185 486 id
234 428 436 502 Spiritu
492 426 608 493 Dei,
664 426 863 482 fratres
881 440 1100 494 omnes,
1145 441 1281 497 quos
1330 427 1383 482 in
1429 425 1718 483 Carthusia
1744 432 1795 493 Α
1825 427 1946 483 vita?
1968 426 2239 495 instituto,
2264 427 2421 498 cujus
2450 428 2800 487 fundamenta
2849 439 2961 487 tum
3010 432 3402 490 substrueban-

136 523 265 592 apud
280 536 340 579 se
353 520 618 577 habuerat
648 518 818 591 (207),
841 529 895 575 et
918 518 1088 573 multo
1111 518 1295 574 dolore
1312 517 1450 573 allici
1479 533 1712 589 cmpere,

137 615 243 684 ipso
271 612 352 671 vel
375 611 614 668 maxime
640 611 890 675 dolente,
938 609 1082 680 quod
1124 609 1428 666 Carthusiae
1471 608 1718 665 solitudi-

136 719 272 772 nem,
296 719 464 775 quam
494 702 757 760 Dominus
796 701 901 757 sibi
924 700 1183 773 elegerat,
1234 700 1600 771 reliquissent.
1656 698 1718 754 ln

135 804 355 861 utentem
385 794 532 857 enim
559 793 640 848 eis
666 793 981 858 veniebant,
1013 806 1120 847 non
1151 806 1367 857 carnes,
1417 798 1511 846 aut
1556 804 1719 846 cucu-

133 900 301 944 meres
318 895 374 943 et
394 899 657 957 pepones,
684 894 745 939 ut
775 883 881 939 illis
931 882 1423 939 murmuratoribus
1461 880 1720 938 lsraelitis

134 979 183 1036 in
202 979 443 1043 deserto,
480 976 575 1033 sed
607 984 807 1032 sanctae
841 974 1244 1041 meditationes,
1294 974 1567 1029 ferventes
1593 987 1720 1029 ora-

133 1073 318 1137 tiones,
348 1069 612 1126 studiosa:
638 1069 920 1134 lectiones,
952 1078 1009 1124 et
1035 1069 1349 1139 spirituales
1390 1066 1722 1123 consolatio-

132 1181 236 1231 nes,
266 1163 470 1234 quibus
500 1162 555 1217 in
576 1161 939 1217 Cartbusiano
976 1160 1194 1215 deserto
1238 1158 1491 1228 perfruiti
1532 1165 1711 1224 erant,

133 1263 508 1326 necpoterant
563 1263 910 1324 erumpentes
961 1253 1213 1308 cohibere
1260 1252 1549 1323 lacrymas,
1591 1266 1714 1306 cum

132 1358 410 1407 canerent
441 1362 509 1403 ex
540 1355 647 1401 tam
676 1346 782 1401 alta
807 1348 990 1416 quiete
1015 1355 1069 1401 et
1095 1344 1384 1415 tranquillo
1406 1344 1636 1400 silentio
1660 1344 1712 1399 in

133 1443 541 1499 molestissimos
566 1442 826 1514 strepitus
856 1453 910 1497 et
942 1441 1122 1499 varios
1146 1456 1331 1497 rerum
1376 1440 1636 1496 tumultus
1656 1456 1715 1498 se

132 1536 389 1605 conjectos
411 1549 554 1592 esse.

191 1631 275 1687 51.
305 1630 416 1687 Sed
440 1646 564 1686 cum
597 1630 786 1686 beatus
808 1631 991 1686 Bruno
1035 1646 1061 1686 a
1117 1630 1374 1702 pontifice
1422 1628 1710 1685 recedendi

135 1722 327 1793 copiam
358 1722 597 1777 necdum
626 1722 919 1792 impetrare
949 1732 1153 1794 posset,
1205 1723 1475 1793 persuasit
1530 1721 1711 1775 fratri-

1822 529 1932 585 tnr,
1961 518 2306 574 immodicam
2363 518 2469 575 illis
2501 519 2760 577 fratribus
2799 522 3297 592 pusillanimitatetn
3347 532 3402 580 et

1818 607 2231 678 perplexitatem
2273 609 2475 680 injecit,
2508 610 2766 667 adhibitis
2811 613 2879 667 ad
2927 627 3053 668 eam
3100 630 3238 680 rem,
3282 624 3403 670 tan-

1820 716 1982 771 quam
2005 702 2302 772 aptissimis
2338 702 2736 770 instrumentis,
2758 708 3116 775 quorumdam
3148 706 3407 777 maligno-

1819 805 1939 846 rum
1964 790 2243 846 hominum
2262 790 2465 863 linguis
2489 792 2849 850 fraudulentis
2867 803 2923 850 et
2946 794 3261 864 fallaciosis,
3287 798 3402 866 qui.

1818 883 2078 939 novitatis
2106 898 2199 939 eos
2229 883 2628 952 insimulantes,
2660 886 2907 953 aiebant,
2935 887 3059 944 illos
3102 888 3158 943 in
3212 890 3409 947 mortis

1818 975 2109 1033 discrimen
2142 990 2263 1032 sese
2295 977 2588 1047 conjicere.
2637 977 2705 1033 Et
2733 978 2985 1035 effectum
3029 994 3163 1035 sane
3202 988 3291 1036 est
3335 982 3408 1038 ab

1819 1062 1943 1131 illis,
1975 1075 2037 1121 ut
2066 1065 2257 1135 optimi
2288 1074 2476 1135 patres
2503 1081 2730 1137 prorsus
2750 1068 3093 1135 dubitarent,
3143 1069 3406 1139 quidnam

1817 1157 2085 1229 agendum
2117 1158 2250 1228 ipsis
2278 1167 2447 1224 esset,
2478 1168 2592 1214 tum
2623 1168 2849 1229 propter
2874 1169 3144 1230 suscepta:
3166 1160 3294 1215 vitm
3311 1174 3408 1216 au-

1818 1251 2283 1318 steritatem,tum
2311 1263 2533 1324 propter
2577 1252 2781 1308 deserti
2826 1251 2971 1308 illius
3023 1253 3311 1309 horrorem
3343 1260 3404 1309 et

1816 1351 2146 1411 vastitatem,
2172 1344 2225 1398 in
2256 1359 2385 1413 qua,
2412 1344 2626 1400 illorum
2656 1359 2891 1415 nequam
2933 1343 3215 1400 hominum
3269 1345 3407 1401 moti

1815 1432 2179 1499 sermonibus,
2212 1435 2265 1489 in
2296 1436 2422 1491 vitae
2471 1435 2773 1506 periculum
2833 1450 2894 1491 se
2940 1445 3200 1492 venturos
3241 1437 3407 1492 etiam

1814 1525 1915 1595 ipsi
1937 1524 2048 1593 jam
2071 1525 2457 1581 formidabant.
2490 1527 2690 1584 Contra
2716 1537 2899 1583 autem
2929 1543 3037 1582 non
3071 1542 3261 1597 parum
3308 1543 3409 1583 ve-

1815 1618 2095 1684 rebantur,
2121 1618 2167 1674 si
2204 1618 2329 1674 inde
2359 1620 2697 1685 recederent,
2726 1635 2786 1676 se
2812 1619 2981 1675 Deum
3021 1630 3077 1675 et
3101 1619 3289 1675 stellas
3311 1619 3410 1674 du-

1814 1724 1922 1775 ces,
1952 1726 2087 1779 quas
2117 1711 2403 1781 episcopus
2432 1711 2584 1783 llngo
2613 1712 2843 1777 viderat,
2874 1710 3193 1767 offensnros.

134 1817 238 1879 bus,
270 1824 329 1870 ut
356 1816 429 1870 ad
454 1814 803 1871 Carthusiam
834 1816 1094 1882 redirent,
1140 1816 1484 1886 obtinuitque
1514 1830 1542 1869 a
1575 1831 1707 1885 pon-

1883 1802 1974 1857 55.
2017 1802 2113 1857 llis
2135 1802 2586 1873 perplexitatihus
2627 1802 2940 1873 aliquandiu
2983 1802 3123 1857 bene
3177 1800 3406 1856 multum

134 1905 261 1960 tiﬁcc
281 1905 499 1960 litteras
526 1905 593 1960 ad
624 1906 875 1961 abbatem
903 1906 1184 1978 Signinum
1210 1906 1382 1978 (208),
1406 1916 1462 1961 ut
1486 1907 1716 1962 Cartbu—

136 1997 214 2050 sia:
233 2011 478 2052 eremum
506 1996 639 2067 ipsis
685 1998 1022 2053 restitueret.
1083 1998 1333 2054 Praefecit
1366 2014 1580 2068 quoque
1637 2000 1716 2055 eis

135 2104 217 2141 suo
240 2087 358 2142 loco
389 2089 631 2158 priorem
655 2089 1023 2155 Landuinum,
1063 2106 1170 2160 quo
1219 2090 1355 2146 duce
1411 2106 1600 2145 omnes
1648 2093 1716 2144 ad

136 2179 466 2233 Carthusiam
509 2182 714 2235 reversi
741 2190 865 2235 sunt
898 2181 1067 2252 (209).
1096 2182 1493 2236 Animadvertit
1536 2197 1601 2237 ex
1631 2183 1718 2238 his

136 2287 325 2341 quoque
349 2258 527 2327 lector
553 2315 567 2336 ,
618 2274 740 2343 quis
768 2275 851 2328 vir
886 2274 1049 2329 fuerit
1073 2275 1265 2330 beatus
1298 2275 1502 2341 Bruno,
1554 2290 1715 2345 quem

140 2374 253 2419 tanti
281 2365 483 2421 fecerit
536 2366 649 2434 ipse
679 2367 843 2421 totius
880 2377 1065 2435 pastor
1125 2366 1406 2431 Ecclesize,
1448 2382 1717 2437 quemque

137 2466 320 2511 tantum
360 2458 505 2524 apud
532 2471 595 2511 se
624 2455 1012 2511 familiaritatis
1055 2465 1109 2513 et
1146 2457 1487 2511 auctoritatis
1538 2457 1715 2512 locum

137 2548 315 2603 habere
348 2548 606 2603 voluerit.
653 2548 763 2604 Nos
812 2549 1063 2604 nolumus
1108 2564 1441 2620 exaggerare
1483 2549 1713 2620 singula,

138 2654 190 2692 ne
216 2640 405 2709 prolixi
438 2640 631 2695 simus.
668 2640 959 2711 Postquam
990 2650 1169 2697 autem
1206 2640 1403 2695 fratres
1423 2658 1547 2696 cum
1576 2641 1719 2696 Lan-

138 2728 278 2782 duino
313 2730 368 2782 in
405 2728 754 2783 Carthusiam
799 2744 1021 2795 venere,
1079 2739 1134 2784 et
1181 2729 1457 2801 pontificis
1510 2731 1716 2787 litteras

138 2816 340 2886 Signino
365 2817 553 2873 abbati
594 2818 979 2884 exhibuerunt,
1016 2819 1279 2875 fratribus
1337 2819 1454 2887 ejus
1483 2820 1714 2876 ccenobii

137 2910 565 2974 assentientibus,
619 2920 888 2979 praesente
938 2910 994 2966 S.
1030 2912 1253 2984 llugone
1311 2912 1712 2983 Gratianopoli-

138 3013 239 3056 tauo
261 3003 541 3074 episcopo,
573 3011 625 3056 et
650 3002 875 3077 llngone
909 3004 1251 3075 Lngdunensi
1282 3005 1711 3075 archiepiscopo,

139 3090 278 3147 libere
308 3093 392 3148 eis
427 3093 706 3149 desertum
752 3094 1179 3150 Carthusianum
1233 3096 1458 3158 remisit,
1519 3104 1573 3150 et
1606 3104 1713 3150 tum

1818 1897 2109 1968 exagitatis
2143 1897 2270 1962 illis,
2300 1912 2448 1964 ecce,
2478 1898 2901 1968 benignissimus
2932 1898 3093 1962 Dens,
3138 1897 3229 1968 qui
3266 1914 3409 1952 nun-

1820 2003 1980 2057 quam
2009 1988 2212 2044 deserit
2243 2001 2526 2060 sperantes
2555 1991 2606 2044 in
2638 2006 2716 2056 se,
2747 1991 2913 2045 mittit
2939 1993 3004 2044 ad
3052 2005 3166 2056 eos,
3220 1991 3306 2045 his
3344 1992 3411 2047 de

1817 2080 1980 2135 rebus
2012 2080 2157 2135 inter
2203 2096 2262 2137 se
2314 2081 2723 2150 colloquentes,
2771 2082 2945 2135 virum
2998 2080 3358 2136 venerabilem
3392 2121 3408 2147 ,

1820 2186 1957 2225 cano
1984 2172 2181 2241 capite,
2212 2173 2389 2241 crispo
2414 2173 2611 2241 capillo
2639 2212 2653 2238 ,
2700 2172 2790 2242 qui
2824 2173 2902 2226 ait
2938 2174 3007 2228 ad
3053 2188 3147 2228 eos
3175 2192 3187 2228 :
3223 2191 3241 2224 ι
3272 2171 3409 2228 Per-

1818 2262 1961 2331 plexi
1993 2264 2141 2326 estis,
2172 2262 2385 2328 fratres,
2422 2275 2604 2318 utrum
2637 2265 2738 2319 hoc
2788 2265 2840 2319 in
2892 2265 3011 2320 loco
3061 2279 3407 2336 permanere,

1821 2356 1903 2410 vel
1932 2370 1997 2410 ex
2023 2371 2087 2412 co
2110 2357 2374 2411 excedere
2405 2358 2668 2413 debeatis.
2689 2357 2795 2412 Sed
2823 2372 2922 2429 ego
2950 2357 3072 2414 dico
3107 2359 3258 2414 vobis
3286 2374 3411 2415 ver-

1820 2448 1902 2502 bis
1928 2448 2315 2518 omnipotentis
2358 2449 2451 2505 Dei
2483 2449 2836 2515 Genitricem,
2890 2450 3165 2521 Virginem
3215 2465 3409 2521 perpe-

1820 2550 1991 2604 tuam,
2022 2556 2119 2595 vos
2150 2541 2202 2595 in
2232 2542 2335 2597 hoc
2358 2543 2574 2598 deserto
2609 2543 2728 2598 loco
2758 2552 3205 2598 conservaturam
3232 2582 3245 2607 ,
3276 2543 3322 2597 si
3355 2543 3411 2597 in

1818 2634 1936 2703 ejus
1962 2636 2221 2691 honorem
2253 2638 2494 2706 quotidie
2520 2638 2701 2709 legere
2736 2638 2916 2693 velitis
2941 2650 3135 2707 preces
3156 2637 3276 2707 ejus
3308 2635 3411 2691 ho-

1822 2729 2015 2783 rarias.
2052 2749 2070 2781 ›
2114 2730 2209 2783 llis
2238 2730 2421 2796 dictis,
2458 2741 2681 2799 repente
2702 2730 2770 2784 ab
2808 2744 2994 2785 eorum
3046 2728 3220 2784 oculis
3261 2727 3413 2783 abla-

1820 2832 1907 2877 tus
1932 2831 2035 2878 est.
2061 2824 2129 2877 At
2171 2823 2267 2884 illi.
2302 2823 2605 2878 incredibili
2641 2821 2818 2876 affecti
2870 2821 3086 2893 gaudio,
3126 2820 3271 2875 illam
3318 2835 3410 2875 sa-

1819 2926 2164 2969 crosanctam
2202 2914 2496 2983 Virginem,
2523 2914 2609 2967 cui
2639 2914 2846 2968 scirent
2891 2912 3008 2979 ejus
3037 2912 3233 2966 Filium
3256 2952 3272 2976 ,
3323 2927 3411 2967 re-

1820 3024 1937 3077 gem
1964 3004 2322 3061 immortalem
2366 3004 2605 3058 onmium
2644 3002 2986 3066 smculornm,
3033 3002 3168 3056 nihil
3210 3016 3411 3073 negare

1821 3112 2001 3165 posse,
2060 3105 2344 3165 patronam
2401 3093 2564 3148 totius
2614 3092 2959 3148 Carthusiaui
3018 3091 3248 3147 instituti
3303 3092 3405 3148 sibi

140 3182 279 3247 illis,
309 3193 425 3237 tum
484 3184 896 3240 successoribus
950 3199 1137 3239 eorum
1189 3196 1453 3257 perpetuo
1498 3186 1719 3243 tradidit
1748 3162 1787 3218 Ο
1824 3162 2165 3258 delegerunt,
2214 3194 2270 3241 et
2319 3185 2698 3242 beatissimum
2753 3183 2965 3238 Domini
3015 3197 3406 3253 praecursorem

137 3275 497 3342 possidendum
527 3276 699 3347 (210).
742 3278 810 3331 Et
841 3278 921 3332 ha:
949 3278 1167 3348 quidem
1194 3280 1381 3349 primae
1412 3280 1562 3335 fuere
1608 3280 1717 3337 Ro-

140 3367 257 3419 mani
290 3368 570 3438 pontificis
593 3368 787 3425 litterm
815 3370 880 3425 de
908 3368 1274 3425 Carthusiano
1306 3370 1577 3438 instituto,
1597 3388 1718 3441 quae

139 3474 315 3527 magno
340 3461 831 3527 suatdocumento,
875 3463 943 3517 ab
992 3463 1124 3533 ipsis
1170 3462 1547 3519 Carthusianae
1591 3465 1718 3519 reli-

139 3547 285 3614 gionis
339 3548 548 3613 initiis,
601 3564 719 3605 eam
769 3566 799 3605 a
848 3551 976 3606 sede
1019 3550 1309 3621 apostolica
1360 3553 1712 3622 approbatam

139 3652 235 3689 esse
270 3638 449 3705 (211).

194 3728 273 3781 52.
316 3729 393 3782 Ah
423 3743 488 3784 eo
516 3742 695 3785 autem
728 3731 814 3786 die
844 3731 1205 3787 Carthusiana
1235 3734 1469 3788 solitudo
1498 3749 1713 3805 semper

140 3815 180 3867 in
228 3819 720 3875 Carthusianorum
777 3822 985 3877 ditione
1050 3824 1392 3892 permansit,
1443 3826 1711 3895 simulque

139 3906 480 3965 Carthusiana
510 3910 695 3981 religio
725 3927 895 3981 usque
927 3914 978 3966 in
1009 3928 1250 3982 prmsens
1289 3913 1398 3968 illic
1429 3916 1708 3984 perdurat.

142 4001 222 4059 Ubi
245 4019 372 4058 vero
396 4012 616 4059 sanctus
648 4004 843 4067 Brnno,
900 4008 952 4059 in
978 4006 1249 4074 pontificis
1296 4007 1447 4062 curia
1478 4007 1704 4078 degens,

143 4092 317 4150 fratres
347 4095 470 4149 illos
518 4095 818 4150 incolumes
860 4096 927 4151 ad
974 4096 1320 4151 Carthnsiam
1379 4099 1666 4154 revertisse
1694 4141 1707 4165 ,

141 4182 406 4256 locumque
422 4186 567 4241 illum
595 4188 866 4252 obtinere,
896 4197 950 4243 et
975 4188 1269 4258 tranquilla
1295 4203 1427 4259 pace
1443 4206 1506 4245 ac
1530 4191 1710 4259 quiete

142 4276 227 4330 Ιίνιιὶ
248 4279 525 4349 cognovit,
554 4280 748 4334 crebro
774 4280 840 4335 ad
870 4295 964 4335 eos
994 4280 1234 4350 scripsit,
1286 4281 1514 4336 hortans
1568 4282 1706 4347 illos,

142 4371 261 4423 utin
293 4373 378 4425 via
412 4371 623 4427 Domini
648 4382 967 4428 constanter
1008 4383 1449 4444 perseverarent.
1507 4373 1706 4430 Verum

144 4474 228 4512 non
253 4461 425 4515 defuit
474 4463 529 4516 in
573 4464 676 4519 hoc
721 4464 950 4532 spiritali
1000 4466 1256 4535 paradiso
1304 4475 1582 4521 tortuosns
1619 4466 1708 4521 ille

142 4550 336 4607 coluber
362 4562 418 4609 et
436 4569 661 4624 serpens
688 4557 962 4625 antiquus.
996 4558 1362 4614 Praesentiens
1411 4559 1556 4614 enim
1594 4557 1706 4628 jam

145 4649 265 4706 tunc,
299 4654 504 4714 quanta
530 4646 598 4701 ad
656 4646 836 4717 ipsum
867 4649 1106 4703 reditura
1163 4659 1348 4705 essent
1400 4651 1596 4706 damna
1649 4665 1713 4706 ac

146 4732 444 4805 detrimenta
467 4752 533 4793 ex
580 4736 673 4794 illo
725 4738 989 4809 praeclaro
1035 4740 1283 4797 sublimis
1340 4750 1395 4798 et
1451 4742 1711 4813 angelicae

202 4960 339 5033 (ξω)
376 4961 588 5033 ίγίιΙθείε
611 4963 922 5018 Comment.
957 4979 1121 5033 prrev.
1153 4979 1300 5016 num.
1333 4964 1457 5017 527.

203 5030 337 5099 (208)
358 5032 746 5088 Commentarii
773 5030 1128 5101 prmvii'uum.
1155 5033 1259 5089 528
1281 5035 1521 5103 integras
1547 5036 1710 5093 hasce

150 5102 359 5157 studioso
388 5105 574 5159 lectori
604 5105 850 5159 exhibui.

208 5172 342 5239 19119)
372 5175 713 5230 Lantlninum
744 5192 772 5228 a
802 5176 1055 5230 Brnnone
1097 5175 1401 5231 Carthnsiaa
1452 5177 1710 5232 fratribus

152 5248 254 5317 tunc
281 5246 504 5317 primum
528 5287 543 5309 ,
574 5262 697 5300 cum
736 5246 785 5299 bi
830 5245 1057 5301 Romam
1087 5247 1153 5300 ad
1188 5246 1446 5303 Sanctum
1471 5247 1585 5317 jam
1620 5264 1709 5302 ve-

153 5311 829 5388 nissent,_Carthusiainqne
852 5328 1097 5387 repetere
1120 5311 1540 5388 consensissent.
1574 5334 1709 5388 prae-

155 5380 324 5456 fectum
350 5380 791 5449 fuisse,.innnere
825 5380 1151 5444 hie'videtur
1181 5387 1408 5454 Surins;
1442 5380 1628 5444 vernin
1658 5391 1707 5443 id

152 5455 241 5530 jam
267 5455 378 5512 inde
407 5459 475 5513 ab
509 5474 576 5513 eo
627 5467 903 5526 tempore,
961 5474 1069 5527 quo
1116 5458 1369 5525 Sanctus,
1429 5461 1708 5530 pontificio

155 5528 496 5593 obtemperans
552 5530 834 5591 mandato,
886 5530 1073 5585 relicta
1120 5528 1441 5594 Carthusia,’
1480 5530 1705 5584 Romam

157 5596 303 5672 Pettit‘,
328 5596 522 5672 factum
548 5615 693 5672 esse,
728 5599 884 5672 fidem
917 5600 1045 5655 facit
1076 5601 1377 5671 publicum,
1426 5618 1532 5669 quo
1564 5602 1703 5655 Sau-

158 5666 216 5739 cti
253 5666 509 5737 discipulis
537 5670 841 5726 Carlhnsim
869 5666 1112 5725 eretnum
1143 5666 1399 5740 Signinus
1444 5666 1698 5733 restituit,

160 5744 537 5859 ἱιιῗιιιιηιριιιιιιῐι
566 5783 579 5809 ,
613 5741 1000 5797 Commentarii
1034 5743 1219 5813 pr:cvii
1260 5758 1407 5798 num.
1438 5742 1541 5800 539
1573 5745 1701 5799 reci«

178 5817 203 5856 a
226 5822 320 5859 am.

178 5817 320 5863 alii“).

1821 3278 2083 3337 Joannem
2112 3287 2422 3351 patronum.
2451 3277 2735 3333 Hominem
2762 3287 2944 3331 autem
2978 3275 3149 3340 illum,
3194 3275 3287 3345 qui
3327 3276 3409 3331 eis

1821 3372 2093 3442 apparuit,
2139 3379 2388 3426 sanctum
2431 3369 2734 3440 apostolum
2780 3369 3002 3424 Petrum
3051 3368 3242 3435 fuisse,
3282 3367 3409 3424 inde

1817 3464 1901 3518 vel
1930 3463 2165 3518 maxime
2195 3461 2588 3530 conjiciebant,
2623 3460 2766 3531 quod
2819 3458 2936 3528 ejus
2974 3474 3258 3516 successor
3297 3457 3404 3514 Ur-

1819 3553 1990 3608 banus
2033 3555 2302 3609 secundus
2336 3553 2388 3606 in
2433 3551 2668 3607 concilio
2718 3550 3152 3607 Claromontensi
3206 3550 3411 3606 beatis-

1816 3645 1966 3700 simae
1994 3650 2184 3700 matris
2216 3644 2308 3699 Dei
2339 3659 2529 3714 preces
2557 3643 2807 3697 borarias
2832 3657 2861 3695 a
2886 3650 2997 3697 toto
3023 3641 3171 3697 clero
3221 3641 3410 3697 dicen-

1816 3737 1912 3791 das
1936 3736 2192 3790 instituit.
2228 3735 2303 3788 Ex
2331 3735 2431 3787 hac
2459 3741 2641 3788 autem
2670 3733 2879 3788 visione
2930 3732 3068 3788 adeo
3123 3739 3246 3787 sunt
3281 3746 3409 3787 con-

1817 3828 2000 3882 fortati
2034 3829 2086 3881 in
2115 3826 2365 3889 Domino,
2399 3834 2457 3878 ut
2482 3836 2657 3892 neque
2683 3837 2852 3887 mors,
2907 3835 3084 3891 neque
3135 3822 3246 3876 vita
3286 3820 3407 3877 illos

1814 3933 2066 3987 separare
2089 3924 2270 3986 posset
2300 3931 2327 3968 a
2356 3914 2624 3969 charitate
2645 3913 2847 3968 Christi
2888 3913 3057 3982 (212).

1884 4011 1975 4065 54.
2013 4010 2146 4065 Cum
2185 4017 2365 4063 autem
2410 4009 2604 4063 beatus
2658 4007 2840 4062 Bruno
2901 4021 3114 4061 summo
3164 4004 3407 4074 pontifici

1814 4103 1880 4157 ad
1920 4116 2096 4156 annos
2151 4116 2355 4170 paucos
2401 4109 2680 4155 strenuam
2730 4109 2981 4154 navasset
3024 4113 3265 4168 operajn,
3310 4112 3410 4151 nec

1811 4208 2004 4261 parum
2029 4192 2285 4247 Ecclesize
2337 4192 2429 4245 Dei
2469 4190 2767 4261 profuisset
2813 4189 3064 4251 consilio,
3118 4188 3406 4257 prudentia

1812 4295 1866 4340 et
1895 4286 2161 4355 sapientia
2193 4300 2313 4347 sua,
2348 4284 2738 4339 molestissime
2780 4281 2997 4336 interim
3028 4279 3211 4334 ferens
3238 4279 3407 4332 curiae

1810 4377 2071 4447 strepitus
2110 4384 2166 4431 et
2194 4375 2480 4439 tumultus,
2534 4373 2731 4442 quibus
2785 4369 3135 4440 posthabitis,
3186 4371 3408 4437 Optabat

1812 4483 2026 4539 semper
2051 4469 2229 4523 redire
2268 4469 2334 4521 ad
2366 4464 2717 4534 tranquillum
2741 4462 2863 4516 vita:
2884 4461 3142 4516 solitaria:
3165 4468 3406 4530 portum,

1822 4562 2039 4615 tandem
2063 4560 2204 4614 ultra
2236 4559 2378 4613 ferre
2405 4574 2513 4612 non
2537 4556 2812 4611 sustinens
2841 4553 3242 4609 tantidesiderii
3259 4551 3411 4606 flam-

1820 4667 1985 4716 mam,
2010 4661 2299 4720 antequam
2325 4648 2565 4719 pontifex
2593 4662 2623 4702 e
2649 4645 2921 4700 Placentia
2956 4645 3130 4701 abiret
3181 4662 3234 4700 in
3281 4643 3407 4701 Gal-

1818 4743 1936 4807 lias,
1969 4742 2136 4797 multa
2163 4755 2384 4811 precum
2413 4739 2671 4795 instantia
2708 4738 2796 4792 vix
2830 4737 3047 4793 tandem
3070 4737 3305 4793 obtinuit
3337 4737 3405 4791 ad

1891 4965 2039 5033 (211))
2072 4964 2282 5018 Videsis
2317 4979 2437 5031 qum
2460 4962 2528 5017 de
2560 4962 2678 5033 hac,
2707 4961 3011 5033 Carthnsia:
3060 4958 3407 5033 restitutione

1817 5029 2204 5089 Commentarii
2239 5029 2420 5103 praev'ii
2455 5048 2602 5087 num.
2650 5031 2753 5087 5.;9
2786 5042 2839 5086 et
2890 5047 3006 5101 seq.
3060 5031 3116 5085 in
3171 5029 3406 5084 medium

1819 5107 1968 5180 fuere
1993 5106 2248 5180 adducta.
2266 5175 2295 5180 η
2446 5176 2458 5180 _
2859 5171 2889 5180 Α
2958 5172 2993 5180 κ
3218 5168 3230 5180 .

1888 5177 2036 5246 (211)
2072 5175 2297 5230 Vivendi
2338 5176 2553 5229 modum
2581 5216 2595 5240 ,
2648 5188 2808 5246 quem
2857 5171 3138 5246 S.__Bruno
3183 5171 3407 5238 ejusque

1815 5241 1944 5302 socii
1979 5241 2030 5300 in
2056 5246 2343 5302 Carthnsia
2379 5254 2619 5305 tenuere.
2656 5241 2872 5300 Urbano
2906 5241 2944 5295 ll
2975 5283 2987 5303 ,
3032 5255 3244 5296 summo
3272 5253 3408 5306 pon-

1817 5318 1976 5381 tifici,
2032 5317 2315 5386 placuisse,
2371 5323 2886 5397 argumento‘sanen
2908 5320 3033 5367 sunt
3088 5312 3280 5397 littera
3318 5310 3404 5363 hic.

1814 5384 2200 5463 ιιιειιπιονέιῐωέΔ
2215 5402 2420 5463 verum
2448 5384 2498 5438 in
2524 5387 2673 5463 hisce
2704 5385 2810 5454 (adi
2847 5384 3233 5463 Commentarii
3261 5394 3406 5463 PHE-

1814 5460 1882 5512 vii
1936 5474 2083 5512 num.
2137 5457 2275 5527 528)
2321 5456 2469 5510 cella:
2526 5450 2805 5527 dumtaxat
2842 5467 2935 5527 seu
2982 5450 3298 5527 monasterii
3343 5450 3404 5503 S.

1811 5530 2097 5589 Brnnonis,
2130 5543 2234 5581 non
2259 5518 2497 5581 instituti
2529 5523 2892 5588 Carthnsiani,
2920 5522 3123 5576 mentio
3153 5518 3230 5574 fit.

1884 5599 2029 5669 (9.19)
2083 5597 2457 5672 Videsisuqute
2496 5597 2561 5650 de
2602 5596 2807 5672 visione
2853 5591 3398 5672 liacuadjunc’tisquc,

1812 5663 1928 5723 eam
1957 5663 2252 5734 comitatis,
2285 5663 2426 5723 dicta
2466 5676 2583 5724 sunt
2620 5663 3007 5723 Comtncntarii
3035 5663 3219 5733 praevii
3254 5676 3402 5716 ιιιιιιι.

1811 5742 1914 5797 605
1942 5751 1995 5796 et
2022 5741 2256 5812 quinque
2282 5754 2430 5809 seqq.
