  <div class='ocr_page' id='page_1' title='image "/cluster/home/n/w/nwhite01/storage/ocr_20150623/152/hvd.32044015473804/277.png"; bbox 0 0 3860 6326; ppageno 0'>
   <div class='ocr_carea' id='block_1_1' title="bbox 525 295 628 351">
    <p class='ocr_par' dir='ltr' id='par_1_1' title="bbox 525 295 628 351">
     <span class='ocr_line' id='line_1_1' title="bbox 525 295 628 351; baseline -0.01 0"><span class='ocrx_word' id='word_1_1' title='bbox 525 295 628 351; x_wconf 68' lang='grc'><strong>513</strong></span> 
     </span>
    </p>
   </div>
   <div class='ocr_carea' id='block_1_2' title="bbox 1334 288 2986 348">
    <p class='ocr_par' dir='ltr' id='par_1_2' title="bbox 1334 288 2986 348">
     <span class='ocr_line' id='line_1_2' title="bbox 1334 288 2986 348; baseline 0.001 -2"><span class='ocrx_word' id='word_1_2' title='bbox 1334 291 1391 346; x_wconf 91' lang='lat' dir='ltr'><strong>S.</strong></span> <span class='ocrx_word' id='word_1_3' title='bbox 1430 290 1779 346; x_wconf 73' lang='lat' dir='ltr'><strong>BRUNOMS</strong></span> <span class='ocrx_word' id='word_1_4' title='bbox 1817 288 2459 346; x_wconf 73' lang='lat' dir='ltr'><strong>CARTHUSIANOBUM</strong></span> <span class='ocrx_word' id='word_1_5' title='bbox 2502 288 2986 348; x_wconf 70' lang='lat' dir='ltr'><strong>iNSTITUTORIS</strong></span> 
     </span>
    </p>
   </div>
   <div class='ocr_carea' id='block_1_3' title="bbox 3648 305 3740 363">
    <p class='ocr_par' dir='ltr' id='par_1_3' title="bbox 3648 305 3740 363">
     <span class='ocr_line' id='line_1_3' title="bbox 3648 305 3740 363; baseline 0.011 -1"><span class='ocrx_word' id='word_1_6' title='bbox 3648 305 3740 363; x_wconf 69' lang='grc' dir='ltr'>5η</span> 
     </span>
    </p>
   </div>
   <div class='ocr_carea' id='block_1_4' title="bbox 524 400 3736 477">
    <p class='ocr_par' dir='ltr' id='par_1_4' title="bbox 524 400 3736 477">
     <span class='ocr_line' id='line_1_4' title="bbox 524 400 3736 477; baseline 0.003 -15"><span class='ocrx_word' id='word_1_7' title='bbox 524 423 682 462; x_wconf 87' lang='lat' dir='ltr'><strong>suam</strong></span> <span class='ocrx_word' id='word_1_8' title='bbox 714 420 959 460; x_wconf 88' lang='lat' dir='ltr'><strong>eremum</strong></span> <span class='ocrx_word' id='word_1_9' title='bbox 986 403 1294 470; x_wconf 81' lang='lat' dir='ltr'><strong>recedendi,</strong></span> <span class='ocrx_word' id='word_1_10' title='bbox 1337 411 1429 457; x_wconf 92' lang='lat' dir='ltr'><strong>aut</strong></span> <span class='ocrx_word' id='word_1_11' title='bbox 1449 413 1596 457; x_wconf 88' lang='lat' dir='ltr'><strong>certe</strong></span> <span class='ocrx_word' id='word_1_12' title='bbox 1619 402 1804 467; x_wconf 88' lang='lat' dir='ltr'><strong>aliam,</strong></span> <span class='ocrx_word' id='word_1_13' title='bbox 1829 403 1873 457; x_wconf 99' lang='lat' dir='ltr'><strong>si</strong></span> <span class='ocrx_word' id='word_1_14' title='bbox 1922 402 2001 457; x_wconf 91' lang='lat' dir='ltr'><strong>sic</strong></span> <span class='ocrx_word' id='word_1_15' title='bbox 2032 402 2110 456; x_wconf 87' lang='lat' dir='ltr'><strong>vi-</strong></span> <span class='ocrx_word' id='word_1_16' title='bbox 2139 401 2186 458; x_wconf 83' lang='grc' dir='ltr'><strong>Α</strong></span> <span class='ocrx_word' id='word_1_17' title='bbox 2211 400 2386 455; x_wconf 86' lang='lat' dir='ltr'><strong>eubiis</strong></span> <span class='ocrx_word' id='word_1_18' title='bbox 2414 403 2768 471; x_wconf 71' lang='lat' dir='ltr'><strong>persistentes</strong></span> <span class='ocrx_word' id='word_1_19' title='bbox 2797 404 3018 471; x_wconf 77' lang='lat' dir='ltr'><strong>divinis,</strong></span> <span class='ocrx_word' id='word_1_20' title='bbox 3065 414 3378 476; x_wconf 73' lang='lat' dir='ltr'><strong>exspectant</strong></span> <span class='ocrx_word' id='word_1_21' title='bbox 3420 413 3626 471; x_wconf 90' lang='lat' dir='ltr'><strong>reditum</strong></span> <span class='ocrx_word' id='word_1_22' title='bbox 3652 421 3736 477; x_wconf 84' lang='lat' dir='ltr'><strong>Do.</strong></span> 
     </span>
    </p>
   </div>
   <div class='ocr_carea' id='block_1_5' title="bbox 524 493 2109 568">
    <p class='ocr_par' dir='ltr' id='par_1_5' title="bbox 524 493 2109 568">
     <span class='ocr_line' id='line_1_5' title="bbox 524 493 2109 568; baseline -0.004 -13"><span class='ocrx_word' id='word_1_23' title='bbox 524 517 642 556; x_wconf 89' lang='lat' dir='ltr'><strong>sum</strong></span> <span class='ocrx_word' id='word_1_24' title='bbox 669 510 836 562; x_wconf 85' lang='lat' dir='ltr'><strong>esset,</strong></span> <span class='ocrx_word' id='word_1_25' title='bbox 867 497 1178 568; x_wconf 72' lang='lat' dir='ltr'><strong>expetendi,</strong></span> <span class='ocrx_word' id='word_1_26' title='bbox 1216 496 1425 567; x_wconf 90' lang='lat' dir='ltr'><strong>copiam</strong></span> <span class='ocrx_word' id='word_1_27' title='bbox 1457 505 1512 550; x_wconf 91' lang='lat' dir='ltr'><strong>et</strong></span> <span class='ocrx_word' id='word_1_28' title='bbox 1542 493 1876 550; x_wconf 82' lang='lat' dir='ltr'><strong>facultatem.</strong></span> <span class='ocrx_word' id='word_1_29' title='bbox 1923 493 2028 550; x_wconf 90' lang='lat' dir='ltr'><strong>Per</strong></span> <span class='ocrx_word' id='word_1_30' title='bbox 2057 495 2109 549; x_wconf 91' lang='lat' dir='ltr'><strong>id</strong></span> 
     </span>
    </p>
   </div>
   <div class='ocr_carea' id='block_1_6' title="bbox 525 586 2111 661">
    <p class='ocr_par' dir='ltr' id='par_1_6' title="bbox 525 586 2111 661">
     <span class='ocr_line' id='line_1_6' title="bbox 525 586 2111 661; baseline -0.003 -16"><span class='ocrx_word' id='word_1_31' title='bbox 525 593 758 661; x_wconf 76' lang='lat' dir='ltr'><strong>teiiipus,</strong></span> <span class='ocrx_word' id='word_1_32' title='bbox 788 599 1063 645; x_wconf 89' lang='lat' dir='ltr'><strong>annuente</strong></span> <span class='ocrx_word' id='word_1_33' title='bbox 1093 591 1284 645; x_wconf 89' lang='lat' dir='ltr'><strong>eodem</strong></span> <span class='ocrx_word' id='word_1_34' title='bbox 1313 587 1593 659; x_wconf 91' lang='lat' dir='ltr'><strong>pontiﬁce,</strong></span> <span class='ocrx_word' id='word_1_35' title='bbox 1636 588 1840 643; x_wconf 90' lang='lat' dir='ltr'><strong>electus</strong></span> <span class='ocrx_word' id='word_1_36' title='bbox 1893 586 1998 642; x_wconf 92' lang='lat' dir='ltr'><strong>fuit</strong></span> <span class='ocrx_word' id='word_1_37' title='bbox 2026 588 2111 642; x_wconf 90' lang='lat' dir='ltr'><strong>vir</strong></span> 
     </span>
    </p>
   </div>
   <div class='ocr_carea' id='block_1_7' title="bbox 525 677 2108 756">
    <p class='ocr_par' dir='ltr' id='par_1_7' title="bbox 525 677 2108 756">
     <span class='ocr_line' id='line_1_7' title="bbox 525 677 2108 756; baseline -0.001 -21"><span class='ocrx_word' id='word_1_38' title='bbox 525 679 904 735; x_wconf 87' lang='lat' dir='ltr'><strong>sanctissimus</strong></span> <span class='ocrx_word' id='word_1_39' title='bbox 943 677 1305 756; x_wconf 78' lang='lat' dir='ltr'><strong>Rheginensis</strong></span> <span class='ocrx_word' id='word_1_40' title='bbox 1336 679 1611 745; x_wconf 64' lang='lat' dir='ltr'><strong>Ecclesia),</strong></span> <span class='ocrx_word' id='word_1_41' title='bbox 1638 693 1757 749; x_wconf 82' lang='lat' dir='ltr'><strong>quae</strong></span> <span class='ocrx_word' id='word_1_42' title='bbox 1795 686 1881 734; x_wconf 86' lang='lat' dir='ltr'><strong>est</strong></span> <span class='ocrx_word' id='word_1_43' title='bbox 1932 677 2108 750; x_wconf 90' lang='lat' dir='ltr'><strong>prima</strong></span> 
     </span>
    </p>
   </div>
   <div class='ocr_carea' id='block_1_8' title="bbox 525 770 2110 842">
    <p class='ocr_par' dir='ltr' id='par_1_8' title="bbox 525 770 2110 842">
     <span class='ocr_line' id='line_1_8' title="bbox 525 770 2110 842; baseline 0.001 -16"><span class='ocrx_word' id='word_1_44' title='bbox 525 770 983 830; x_wconf 77' lang='lat' dir='ltr'><strong>totiusCalabrize</strong></span> <span class='ocrx_word' id='word_1_45' title='bbox 1012 772 1351 842; x_wconf 81' lang='lat' dir='ltr'><strong>metropolis,</strong></span> <span class='ocrx_word' id='word_1_46' title='bbox 1385 771 1854 842; x_wconf 84' lang='lat' dir='ltr'><strong>archiepiscopus,</strong></span> <span class='ocrx_word' id='word_1_47' title='bbox 1883 771 2110 828; x_wconf 86' lang='lat' dir='ltr'><strong>multus-</strong></span> 
     </span>
    </p>
   </div>
   <div class='ocr_carea' id='block_1_9' title="bbox 523 864 2109 936">
    <p class='ocr_par' dir='ltr' id='par_1_9' title="bbox 523 864 2109 936">
     <span class='ocr_line' id='line_1_9' title="bbox 523 864 2109 936; baseline 0.001 -17"><span class='ocrx_word' id='word_1_48' title='bbox 523 879 628 936; x_wconf 87' lang='lat' dir='ltr'><strong>que</strong></span> <span class='ocrx_word' id='word_1_49' title='bbox 654 865 707 920; x_wconf 93' lang='lat' dir='ltr'><strong>in</strong></span> <span class='ocrx_word' id='word_1_50' title='bbox 734 879 800 919; x_wconf 89' lang='lat' dir='ltr'><strong>eo</strong></span> <span class='ocrx_word' id='word_1_51' title='bbox 823 872 943 920; x_wconf 88' lang='lat' dir='ltr'><strong>erat</strong></span> <span class='ocrx_word' id='word_1_52' title='bbox 966 864 1214 922; x_wconf 85' lang='lat' dir='ltr'><strong>Urbanus</strong></span> <span class='ocrx_word' id='word_1_53' title='bbox 1239 865 1504 936; x_wconf 78' lang='lat' dir='ltr'><strong>pontifex,</strong></span> <span class='ocrx_word' id='word_1_54' title='bbox 1557 874 1615 920; x_wconf 91' lang='lat' dir='ltr'><strong>ut</strong></span> <span class='ocrx_word' id='word_1_55' title='bbox 1643 877 1768 921; x_wconf 82' lang='lat' dir='ltr'><strong>eu‘m</strong></span> <span class='ocrx_word' id='word_1_56' title='bbox 1805 866 1859 922; x_wconf 90' lang='lat' dir='ltr'><strong>in</strong></span> <span class='ocrx_word' id='word_1_57' title='bbox 1919 881 1982 922; x_wconf 89' lang='lat' dir='ltr'><strong>ea</strong></span> <span class='ocrx_word' id='word_1_58' title='bbox 2027 865 2109 921; x_wconf 91' lang='lat' dir='ltr'><strong>di-</strong></span> 
     </span>
    </p>
   </div>
   <div class='ocr_carea' id='block_1_10' title="bbox 523 956 2108 1028">
    <p class='ocr_par' dir='ltr' id='par_1_10' title="bbox 523 956 2108 1028">
     <span class='ocr_line' id='line_1_10' title="bbox 523 956 2108 1028; baseline 0.003 -20"><span class='ocrx_word' id='word_1_59' title='bbox 523 956 727 1026; x_wconf 83' lang='lat' dir='ltr'><strong>gnitate</strong></span> <span class='ocrx_word' id='word_1_60' title='bbox 753 957 1135 1015; x_wconf 84' lang='lat' dir='ltr'><strong>conﬁrmaret:</strong></span> <span class='ocrx_word' id='word_1_61' title='bbox 1186 958 1278 1012; x_wconf 91' lang='lat' dir='ltr'><strong>sed</strong></span> <span class='ocrx_word' id='word_1_62' title='bbox 1334 972 1442 1012; x_wconf 92' lang='lat' dir='ltr'><strong>non</strong></span> <span class='ocrx_word' id='word_1_63' title='bbox 1497 963 1757 1028; x_wconf 80' lang='lat' dir='ltr'><strong>ignorans</strong></span> <span class='ocrx_word' id='word_1_64' title='bbox 1811 957 1923 1022; x_wconf 89' lang='lat' dir='ltr'><strong>ille,</strong></span> <span class='ocrx_word' id='word_1_65' title='bbox 1976 965 2108 1026; x_wconf 87' lang='lat' dir='ltr'><strong>quot</strong></span> 
     </span>
    </p>
   </div>
   <div class='ocr_carea' id='block_1_11' title="bbox 519 1045 2108 1117">
    <p class='ocr_par' dir='ltr' id='par_1_11' title="bbox 519 1045 2108 1117">
     <span class='ocr_line' id='line_1_11' title="bbox 519 1045 2108 1117; baseline 0.002 -17"><span class='ocrx_word' id='word_1_66' title='bbox 519 1045 803 1115; x_wconf 81' lang='lat' dir='ltr'><strong>periculis,</strong></span> <span class='ocrx_word' id='word_1_67' title='bbox 841 1056 971 1116; x_wconf 88' lang='lat' dir='ltr'><strong>quot</strong></span> <span class='ocrx_word' id='word_1_68' title='bbox 991 1048 1139 1102; x_wconf 87' lang='lat' dir='ltr'><strong>euris</strong></span> <span class='ocrx_word' id='word_1_69' title='bbox 1160 1058 1214 1101; x_wconf 92' lang='lat' dir='ltr'><strong>et</strong></span> <span class='ocrx_word' id='word_1_70' title='bbox 1237 1047 1502 1103; x_wconf 90' lang='lat' dir='ltr'><strong>molestiis</strong></span> <span class='ocrx_word' id='word_1_71' title='bbox 1526 1048 1792 1117; x_wconf 86' lang='lat' dir='ltr'><strong>ejusmodi</strong></span> <span class='ocrx_word' id='word_1_72' title='bbox 1845 1049 2108 1105; x_wconf 89' lang='lat' dir='ltr'><strong>ecclesia-</strong></span> 
     </span>
    </p>
   </div>
   <div class='ocr_carea' id='block_1_12' title="bbox 517 1137 2106 1212">
    <p class='ocr_par' dir='ltr' id='par_1_12' title="bbox 517 1137 2106 1212">
     <span class='ocr_line' id='line_1_12' title="bbox 517 1137 2106 1212; baseline 0.005 -22"><span class='ocrx_word' id='word_1_73' title='bbox 517 1137 671 1192; x_wconf 62' lang='lat' dir='ltr'><strong>sticae</strong></span> <span class='ocrx_word' id='word_1_74' title='bbox 704 1137 1012 1196; x_wconf 90' lang='lat' dir='ltr'><strong>functiones</strong></span> <span class='ocrx_word' id='word_1_75' title='bbox 1034 1139 1284 1195; x_wconf 77' lang='lat' dir='ltr'><strong>obnoxiae</strong></span> <span class='ocrx_word' id='word_1_76' title='bbox 1305 1140 1440 1203; x_wconf 87' lang='lat' dir='ltr'><strong>sint.</strong></span> <span class='ocrx_word' id='word_1_77' title='bbox 1475 1141 1646 1196; x_wconf 88' lang='lat' dir='ltr'><strong>noluit</strong></span> <span class='ocrx_word' id='word_1_78' title='bbox 1677 1141 1932 1196; x_wconf 90' lang='lat' dir='ltr'><strong>electioni</strong></span> <span class='ocrx_word' id='word_1_79' title='bbox 1965 1158 2106 1212; x_wconf 75' lang='lat' dir='ltr'><strong>pra:-</strong></span> 
     </span>
    </p>
   </div>
   <div class='ocr_carea' id='block_1_13' title="bbox 519 1229 2104 1302">
    <p class='ocr_par' dir='ltr' id='par_1_13' title="bbox 519 1229 2104 1302">
     <span class='ocr_line' id='line_1_13' title="bbox 519 1229 2104 1302; baseline 0.003 -20"><span class='ocrx_word' id='word_1_80' title='bbox 519 1229 651 1284; x_wconf 90' lang='lat' dir='ltr'><strong>bere</strong></span> <span class='ocrx_word' id='word_1_81' title='bbox 682 1245 961 1286; x_wconf 85' lang='lat' dir='ltr'><strong>assensum</strong></span> <span class='ocrx_word' id='word_1_82' title='bbox 994 1231 1165 1300; x_wconf 72' lang='lat'><strong>(215).</strong></span> <span class='ocrx_word' id='word_1_83' title='bbox 1199 1230 1385 1301; x_wconf 80' lang='lat' dir='ltr'><strong>Neque</strong></span> <span class='ocrx_word' id='word_1_84' title='bbox 1427 1232 1481 1288; x_wconf 87' lang='lat' dir='ltr'><strong>id</strong></span> <span class='ocrx_word' id='word_1_85' title='bbox 1509 1232 1859 1302; x_wconf 82' lang='lat' dir='ltr'><strong>pertinaciter</strong></span> <span class='ocrx_word' id='word_1_86' title='bbox 1899 1241 2104 1300; x_wconf 87' lang='lat' dir='ltr'><strong>tamen,</strong></span> 
     </span>
    </p>
   </div>
   <div class='ocr_carea' id='block_1_14' title="bbox 519 1320 2103 1392">
    <p class='ocr_par' dir='ltr' id='par_1_14' title="bbox 519 1320 2103 1392">
     <span class='ocr_line' id='line_1_14' title="bbox 519 1320 2103 1392; baseline 0.002 -17"><span class='ocrx_word' id='word_1_87' title='bbox 519 1320 615 1376; x_wconf 86' lang='lat' dir='ltr'><strong>sed</strong></span> <span class='ocrx_word' id='word_1_88' title='bbox 636 1321 879 1376; x_wconf 86' lang='lat' dir='ltr'><strong>modeste</strong></span> <span class='ocrx_word' id='word_1_89' title='bbox 909 1333 962 1377; x_wconf 88' lang='lat' dir='ltr'><strong>et</strong></span> <span class='ocrx_word' id='word_1_90' title='bbox 989 1322 1287 1388; x_wconf 87' lang='lat' dir='ltr'><strong>humiliter,</strong></span> <span class='ocrx_word' id='word_1_91' title='bbox 1306 1323 1422 1379; x_wconf 91' lang='lat' dir='ltr'><strong>solo</strong></span> <span class='ocrx_word' id='word_1_92' title='bbox 1448 1323 1645 1392; x_wconf 86' lang='lat' dir='ltr'><strong>quietis</strong></span> <span class='ocrx_word' id='word_1_93' title='bbox 1668 1337 1874 1390; x_wconf 88' lang='lat' dir='ltr'><strong>amore,</strong></span> <span class='ocrx_word' id='word_1_94' title='bbox 1891 1333 2103 1378; x_wconf 86' lang='lat' dir='ltr'><strong>servata</strong></span> 
     </span>
    </p>
   </div>
   <div class='ocr_carea' id='block_1_15' title="bbox 517 1415 2104 1485">
    <p class='ocr_par' dir='ltr' id='par_1_15' title="bbox 517 1415 2104 1485">
     <span class='ocr_line' id='line_1_15' title="bbox 517 1415 2104 1485; baseline 0.003 -16"><span class='ocrx_word' id='word_1_95' title='bbox 517 1430 645 1484; x_wconf 81' lang='lat' dir='ltr'><strong>erga</strong></span> <span class='ocrx_word' id='word_1_96' title='bbox 673 1415 982 1485; x_wconf 91' lang='lat' dir='ltr'><strong>pontiﬁcem</strong></span> <span class='ocrx_word' id='word_1_97' title='bbox 1019 1415 1326 1473; x_wconf 87' lang='lat' dir='ltr'><strong>obedientia</strong></span> <span class='ocrx_word' id='word_1_98' title='bbox 1358 1425 1415 1472; x_wconf 92' lang='lat' dir='ltr'><strong>et</strong></span> <span class='ocrx_word' id='word_1_99' title='bbox 1451 1417 1833 1484; x_wconf 89' lang='lat' dir='ltr'><strong>submissione,</strong></span> <span class='ocrx_word' id='word_1_100' title='bbox 1893 1427 1948 1474; x_wconf 90' lang='lat' dir='ltr'><strong>et</strong></span> <span class='ocrx_word' id='word_1_101' title='bbox 1976 1433 2104 1483; x_wconf 66' lang='lat' dir='ltr'><strong>erga</strong></span> 
     </span>
    </p>
   </div>
   <div class='ocr_carea' id='block_1_16' title="bbox 516 1505 1096 1573">
    <p class='ocr_par' dir='ltr' id='par_1_16' title="bbox 516 1505 1096 1573">
     <span class='ocr_line' id='line_1_16' title="bbox 516 1505 1096 1573; baseline 0.005 -15"><span class='ocrx_word' id='word_1_102' title='bbox 516 1505 792 1573; x_wconf 68' lang='lat' dir='ltr'><strong>proximos</strong></span> <span class='ocrx_word' id='word_1_103' title='bbox 811 1507 1096 1563; x_wconf 88' lang='lat' dir='ltr'><strong>charitate.</strong></span> 
     </span>
    </p>
   </div>
   <div class='ocr_carea' id='block_1_17' title="bbox 583 1597 2106 1660">
    <p class='ocr_par' dir='ltr' id='par_1_17' title="bbox 583 1597 2106 1660">
     <span class='ocr_line' id='line_1_17' title="bbox 583 1597 2106 1660; baseline 0.007 -10"><span class='ocrx_word' id='word_1_104' title='bbox 583 1597 672 1651; x_wconf 75' lang='lat'><strong>5’5.</strong></span> <span class='ocrx_word' id='word_1_105' title='bbox 740 1597 976 1654; x_wconf 89' lang='lat' dir='ltr'><strong>Tandem</strong></span> <span class='ocrx_word' id='word_1_106' title='bbox 1036 1617 1159 1656; x_wconf 90' lang='lat' dir='ltr'><strong>cum</strong></span> <span class='ocrx_word' id='word_1_107' title='bbox 1210 1602 1351 1656; x_wconf 90' lang='lat' dir='ltr'><strong>bona</strong></span> <span class='ocrx_word' id='word_1_108' title='bbox 1419 1603 1577 1656; x_wconf 87' lang='lat' dir='ltr'><strong>venia</strong></span> <span class='ocrx_word' id='word_1_109' title='bbox 1621 1610 1677 1657; x_wconf 90' lang='lat' dir='ltr'><strong>et</strong></span> <span class='ocrx_word' id='word_1_110' title='bbox 1726 1603 2106 1660; x_wconf 89' lang='lat' dir='ltr'><strong>benedictione</strong></span> 
     </span>
    </p>
   </div>
   <div class='ocr_carea' id='block_1_18' title="bbox 515 1688 2098 1760">
    <p class='ocr_par' dir='ltr' id='par_1_18' title="bbox 515 1688 2098 1760">
     <span class='ocr_line' id='line_1_18' title="bbox 515 1688 2098 1760; baseline 0.008 -21"><span class='ocrx_word' id='word_1_111' title='bbox 515 1688 788 1756; x_wconf 89' lang='lat' dir='ltr'><strong>pontiﬁcis</strong></span> <span class='ocrx_word' id='word_1_112' title='bbox 828 1706 856 1744; x_wconf 93' lang='lat' dir='ltr'><strong>a</strong></span> <span class='ocrx_word' id='word_1_113' title='bbox 913 1693 1063 1746; x_wconf 87' lang='lat' dir='ltr'><strong>curia</strong></span> <span class='ocrx_word' id='word_1_114' title='bbox 1105 1693 1410 1760; x_wconf 87' lang='lat' dir='ltr'><strong>discedens,</strong></span> <span class='ocrx_word' id='word_1_115' title='bbox 1453 1693 1716 1750; x_wconf 63' lang='lat' dir='ltr'><strong>Calabriae</strong></span> <span class='ocrx_word' id='word_1_116' title='bbox 1755 1697 1969 1750; x_wconf 87' lang='lat' dir='ltr'><strong>deserta</strong></span> <span class='ocrx_word' id='word_1_117' title='bbox 2020 1696 2098 1752; x_wconf 89' lang='lat' dir='ltr'><strong>lo-</strong></span> 
     </span>
    </p>
   </div>
   <div class='ocr_carea' id='block_1_19' title="bbox 513 1779 2097 1857">
    <p class='ocr_par' dir='ltr' id='par_1_19' title="bbox 513 1779 2097 1857">
     <span class='ocr_line' id='line_1_19' title="bbox 513 1779 2097 1857; baseline 0.009 -28"><span class='ocrx_word' id='word_1_118' title='bbox 513 1792 574 1830; x_wconf 90' lang='lat' dir='ltr'><strong>ca</strong></span> <span class='ocrx_word' id='word_1_119' title='bbox 625 1779 894 1848; x_wconf 81' lang='lat' dir='ltr'><strong>expetiit,</strong></span> <span class='ocrx_word' id='word_1_120' title='bbox 950 1781 1220 1850; x_wconf 89' lang='lat' dir='ltr'><strong>adjunctis</strong></span> <span class='ocrx_word' id='word_1_121' title='bbox 1273 1782 1376 1838; x_wconf 83' lang='lat' dir='ltr'><strong>sibi</strong></span> <span class='ocrx_word' id='word_1_122' title='bbox 1427 1782 1631 1854; x_wconf 88' lang='lat' dir='ltr'><strong>aliquot</strong></span> <span class='ocrx_word' id='word_1_123' title='bbox 1679 1785 1919 1855; x_wconf 82' lang='lat' dir='ltr'><strong>ejusdem</strong></span> <span class='ocrx_word' id='word_1_124' title='bbox 1968 1802 2097 1857; x_wconf 89' lang='lat' dir='ltr'><strong>pro-</strong></span> 
     </span>
    </p>
   </div>
   <div class='ocr_carea' id='block_1_20' title="bbox 515 1865 2097 1941">
    <p class='ocr_par' dir='ltr' id='par_1_20' title="bbox 515 1865 2097 1941">
     <span class='ocr_line' id='line_1_20' title="bbox 515 1865 2097 1941; baseline 0.008 -23"><span class='ocrx_word' id='word_1_125' title='bbox 515 1865 674 1934; x_wconf 90' lang='lat' dir='ltr'><strong>positi</strong></span> <span class='ocrx_word' id='word_1_126' title='bbox 707 1867 856 1930; x_wconf 91' lang='lat' dir='ltr'><strong>viris,</strong></span> <span class='ocrx_word' id='word_1_127' title='bbox 897 1882 1036 1938; x_wconf 89' lang='lat' dir='ltr'><strong>quos</strong></span> <span class='ocrx_word' id='word_1_128' title='bbox 1065 1869 1175 1939; x_wconf 83' lang='lat' dir='ltr'><strong>jam</strong></span> <span class='ocrx_word' id='word_1_129' title='bbox 1215 1870 1342 1926; x_wconf 67' lang='lat' dir='ltr'><strong>vita:</strong></span> <span class='ocrx_word' id='word_1_130' title='bbox 1379 1871 1496 1941; x_wconf 86' lang='lat' dir='ltr'><strong>ejus</strong></span> <span class='ocrx_word' id='word_1_131' title='bbox 1523 1873 1658 1928; x_wconf 88' lang='lat' dir='ltr'><strong>odor</strong></span> <span class='ocrx_word' id='word_1_132' title='bbox 1687 1875 1860 1930; x_wconf 88' lang='lat' dir='ltr'><strong>bonus</strong></span> <span class='ocrx_word' id='word_1_133' title='bbox 1885 1865 1962 1930; x_wconf 21' lang='lat' dir='ltr'><strong>et.</strong></span> <span class='ocrx_word' id='word_1_134' title='bbox 1987 1875 2097 1931; x_wconf 89' lang='lat' dir='ltr'><strong>fer-</strong></span> 
     </span>
    </p>
   </div>
   <div class='ocr_carea' id='block_1_21' title="bbox 513 1961 2099 2036">
    <p class='ocr_par' dir='ltr' id='par_1_21' title="bbox 513 1961 2099 2036">
     <span class='ocr_line' id='line_1_21' title="bbox 513 1961 2099 2036; baseline 0.009 -26"><span class='ocrx_word' id='word_1_135' title='bbox 513 1968 701 2014; x_wconf 91' lang='lat' dir='ltr'><strong>ventes</strong></span> <span class='ocrx_word' id='word_1_136' title='bbox 729 1961 1136 2018; x_wconf 77' lang='lat' dir='ltr'><strong>exhortationes</strong></span> <span class='ocrx_word' id='word_1_137' title='bbox 1159 1963 1225 2018; x_wconf 90' lang='lat' dir='ltr'><strong>ad</strong></span> <span class='ocrx_word' id='word_1_138' title='bbox 1248 1965 1431 2031; x_wconf 80' lang='lat' dir='ltr'><strong>mundi</strong></span> <span class='ocrx_word' id='word_1_139' title='bbox 1460 1974 1827 2036; x_wconf 89' lang='lat' dir='ltr'><strong>contemptum</strong></span> <span class='ocrx_word' id='word_1_140' title='bbox 1860 1969 2099 2024; x_wconf 81' lang='lat' dir='ltr'><strong>adduxe-</strong></span> 
     </span>
    </p>
   </div>
   <div class='ocr_carea' id='block_1_22' title="bbox 516 2048 2100 2130">
    <p class='ocr_par' dir='ltr' id='par_1_22' title="bbox 516 2048 2100 2130">
     <span class='ocr_line' id='line_1_22' title="bbox 516 2048 2100 2130; baseline 0.009 -29"><span class='ocrx_word' id='word_1_141' title='bbox 516 2058 640 2102; x_wconf 88' lang='lat' dir='ltr'><strong>rant</strong></span> <span class='ocrx_word' id='word_1_142' title='bbox 668 2048 839 2120; x_wconf 70' lang='lat'><strong>(215).</strong></span> <span class='ocrx_word' id='word_1_143' title='bbox 869 2051 1140 2108; x_wconf 82' lang='lat' dir='ltr'><strong>Didicerat</strong></span> <span class='ocrx_word' id='word_1_144' title='bbox 1173 2055 1316 2110; x_wconf 89' lang='lat' dir='ltr'><strong>enim</strong></span> <span class='ocrx_word' id='word_1_145' title='bbox 1345 2057 1398 2110; x_wconf 92' lang='lat' dir='ltr'><strong>in</strong></span> <span class='ocrx_word' id='word_1_146' title='bbox 1429 2055 1692 2114; x_wconf 65' lang='lat' dir='ltr'><strong>Calabriae</strong></span> <span class='ocrx_word' id='word_1_147' title='bbox 1718 2059 1935 2130; x_wconf 75' lang='lat' dir='ltr'><strong>regione</strong></span> <span class='ocrx_word' id='word_1_148' title='bbox 1965 2060 2100 2115; x_wconf 90' lang='lat' dir='ltr'><strong>mul-</strong></span> 
     </span>
    </p>
   </div>
   <div class='ocr_carea' id='block_1_23' title="bbox 515 2141 2100 2217">
    <p class='ocr_par' dir='ltr' id='par_1_23' title="bbox 515 2141 2100 2217">
     <span class='ocr_line' id='line_1_23' title="bbox 515 2141 2100 2217; baseline 0.008 -25"><span class='ocrx_word' id='word_1_149' title='bbox 515 2147 599 2192; x_wconf 88' lang='lat' dir='ltr'><strong>tas</strong></span> <span class='ocrx_word' id='word_1_150' title='bbox 626 2154 756 2208; x_wconf 76' lang='lat' dir='ltr'><strong>esse</strong></span> <span class='ocrx_word' id='word_1_151' title='bbox 776 2141 1117 2209; x_wconf 88' lang='lat' dir='ltr'><strong>solitudines,</strong></span> <span class='ocrx_word' id='word_1_152' title='bbox 1146 2145 1365 2215; x_wconf 76' lang='lat' dir='ltr'><strong>agenda:</strong></span> <span class='ocrx_word' id='word_1_153' title='bbox 1386 2147 1720 2217; x_wconf 72' lang='lat' dir='ltr'><strong>pmnitentiae</strong></span> <span class='ocrx_word' id='word_1_154' title='bbox 1741 2157 1795 2203; x_wconf 88' lang='lat' dir='ltr'><strong>et</strong></span> <span class='ocrx_word' id='word_1_155' title='bbox 1826 2149 1948 2204; x_wconf 68' lang='lat' dir='ltr'><strong>vitae</strong></span> <span class='ocrx_word' id='word_1_156' title='bbox 1971 2150 2100 2206; x_wconf 82' lang='lat' dir='ltr'><strong>soli—</strong></span> 
     </span>
    </p>
   </div>
   <div class='ocr_carea' id='block_1_24' title="bbox 514 2228 2096 2310">
    <p class='ocr_par' dir='ltr' id='par_1_24' title="bbox 514 2228 2096 2310">
     <span class='ocr_line' id='line_1_24' title="bbox 514 2228 2096 2310; baseline 0.012 -31"><span class='ocrx_word' id='word_1_157' title='bbox 514 2228 663 2284; x_wconf 82' lang='lat' dir='ltr'><strong>taria:</strong></span> <span class='ocrx_word' id='word_1_158' title='bbox 699 2233 1073 2289; x_wconf 65' lang='lat' dir='ltr'><strong>consectandze</strong></span> <span class='ocrx_word' id='word_1_159' title='bbox 1118 2235 1451 2304; x_wconf 77' lang='lat' dir='ltr'><strong>aptissimus.</strong></span> <span class='ocrx_word' id='word_1_160' title='bbox 1474 2237 1750 2294; x_wconf 77' lang='lat' dir='ltr'><strong>Maluisset</strong></span> <span class='ocrx_word' id='word_1_161' title='bbox 1772 2239 1859 2295; x_wconf 90' lang='lat' dir='ltr'><strong>ille</strong></span> <span class='ocrx_word' id='word_1_162' title='bbox 1881 2241 2096 2310; x_wconf 91' lang='lat' dir='ltr'><strong>quidem</strong></span> 
     </span>
    </p>
   </div>
   <div class='ocr_carea' id='block_1_25' title="bbox 513 2321 2095 2394">
    <p class='ocr_par' dir='ltr' id='par_1_25' title="bbox 513 2321 2095 2394">
     <span class='ocr_line' id='line_1_25' title="bbox 513 2321 2095 2394; baseline 0.009 -23"><span class='ocrx_word' id='word_1_163' title='bbox 513 2321 849 2386; x_wconf 87' lang='lat' dir='ltr'><strong>quodetiam</strong></span> <span class='ocrx_word' id='word_1_164' title='bbox 877 2323 1071 2379; x_wconf 91' lang='lat' dir='ltr'><strong>crebro</strong></span> <span class='ocrx_word' id='word_1_165' title='bbox 1098 2325 1238 2394; x_wconf 73' lang='lat' dir='ltr'><strong>apud</strong></span> <span class='ocrx_word' id='word_1_166' title='bbox 1281 2341 1340 2381; x_wconf 88' lang='lat' dir='ltr'><strong>se</strong></span> <span class='ocrx_word' id='word_1_167' title='bbox 1386 2327 1764 2394; x_wconf 84' lang='lat' dir='ltr'><strong>constituerat,</strong></span> <span class='ocrx_word' id='word_1_168' title='bbox 1816 2331 1994 2386; x_wconf 90' lang='lat' dir='ltr'><strong>redire</strong></span> <span class='ocrx_word' id='word_1_169' title='bbox 2041 2331 2095 2387; x_wconf 91' lang='lat' dir='ltr'><strong>in</strong></span> 
     </span>
    </p>
   </div>
   <div class='ocr_carea' id='block_1_26' title="bbox 513 2412 2093 2496">
    <p class='ocr_par' dir='ltr' id='par_1_26' title="bbox 513 2412 2093 2496">
     <span class='ocr_line' id='line_1_26' title="bbox 513 2412 2093 2496; baseline 0.009 -28"><span class='ocrx_word' id='word_1_170' title='bbox 513 2412 856 2470; x_wconf 90' lang='lat' dir='ltr'><strong>Carthusiam</strong></span> <span class='ocrx_word' id='word_1_171' title='bbox 886 2419 952 2472; x_wconf 90' lang='lat' dir='ltr'><strong>ad</strong></span> <span class='ocrx_word' id='word_1_172' title='bbox 985 2418 1176 2475; x_wconf 90' lang='lat' dir='ltr'><strong>fratres</strong></span> <span class='ocrx_word' id='word_1_173' title='bbox 1205 2421 1578 2488; x_wconf 89' lang='lat' dir='ltr'><strong>charissimos,</strong></span> <span class='ocrx_word' id='word_1_174' title='bbox 1609 2440 1746 2496; x_wconf 92' lang='lat' dir='ltr'><strong>quos</strong></span> <span class='ocrx_word' id='word_1_175' title='bbox 1769 2441 1835 2481; x_wconf 91' lang='lat' dir='ltr'><strong>eo</strong></span> <span class='ocrx_word' id='word_1_176' title='bbox 1869 2428 2093 2484; x_wconf 84' lang='lat' dir='ltr'><strong>remise-</strong></span> 
     </span>
    </p>
   </div>
   <div class='ocr_carea' id='block_1_27' title="bbox 515 2505 2096 2586">
    <p class='ocr_par' dir='ltr' id='par_1_27' title="bbox 515 2505 2096 2586">
     <span class='ocr_line' id='line_1_27' title="bbox 515 2505 2096 2586; baseline 0.011 -30"><span class='ocrx_word' id='word_1_177' title='bbox 515 2512 637 2569; x_wconf 86' lang='lat' dir='ltr'><strong>rat;</strong></span> <span class='ocrx_word' id='word_1_178' title='bbox 669 2505 762 2560; x_wconf 90' lang='lat' dir='ltr'><strong>sed</strong></span> <span class='ocrx_word' id='word_1_179' title='bbox 793 2507 918 2576; x_wconf 88' lang='lat' dir='ltr'><strong>quia</strong></span> <span class='ocrx_word' id='word_1_180' title='bbox 952 2525 1195 2566; x_wconf 90' lang='lat' dir='ltr'><strong>summus</strong></span> <span class='ocrx_word' id='word_1_181' title='bbox 1226 2512 1466 2581; x_wconf 79' lang='lat' dir='ltr'><strong>pontifex</strong></span> <span class='ocrx_word' id='word_1_182' title='bbox 1495 2529 1617 2569; x_wconf 91' lang='lat' dir='ltr'><strong>cum</strong></span> <span class='ocrx_word' id='word_1_183' title='bbox 1647 2531 1741 2570; x_wconf 88' lang='lat' dir='ltr'><strong>sua</strong></span> <span class='ocrx_word' id='word_1_184' title='bbox 1786 2517 1937 2571; x_wconf 89' lang='lat' dir='ltr'><strong>curia</strong></span> <span class='ocrx_word' id='word_1_185' title='bbox 1967 2533 2096 2586; x_wconf 86' lang='lat' dir='ltr'><strong>pro-</strong></span> 
     </span>
    </p>
   </div>
   <div class='ocr_carea' id='block_1_28' title="bbox 517 2591 2094 2673">
    <p class='ocr_par' dir='ltr' id='par_1_28' title="bbox 517 2591 2094 2673">
     <span class='ocr_line' id='line_1_28' title="bbox 517 2591 2094 2673; baseline 0.012 -27"><span class='ocrx_word' id='word_1_186' title='bbox 517 2591 858 2673; x_wconf 86' lang='lat' dir='ltr'><strong>ﬁciscebatur</strong></span> <span class='ocrx_word' id='word_1_187' title='bbox 894 2597 946 2651; x_wconf 93' lang='lat' dir='ltr'><strong>in</strong></span> <span class='ocrx_word' id='word_1_188' title='bbox 986 2598 1212 2654; x_wconf 86' lang='lat' dir='ltr'><strong>Galliam</strong></span> <span class='ocrx_word' id='word_1_189' title='bbox 1265 2602 1318 2656; x_wconf 92' lang='lat' dir='ltr'><strong>in</strong></span> <span class='ocrx_word' id='word_1_190' title='bbox 1373 2603 1526 2672; x_wconf 89' lang='lat' dir='ltr'><strong>cujus</strong></span> <span class='ocrx_word' id='word_1_191' title='bbox 1564 2603 1763 2661; x_wconf 89' lang='lat' dir='ltr'><strong>ﬁnibus</strong></span> <span class='ocrx_word' id='word_1_192' title='bbox 1811 2607 2094 2665; x_wconf 87' lang='lat' dir='ltr'><strong>Carthusia</strong></span> 
     </span>
    </p>
   </div>
   <div class='ocr_carea' id='block_1_29' title="bbox 513 2685 2092 2768">
    <p class='ocr_par' dir='ltr' id='par_1_29' title="bbox 513 2685 2092 2768">
     <span class='ocr_line' id='line_1_29' title="bbox 513 2685 2092 2768; baseline 0.011 -28"><span class='ocrx_word' id='word_1_193' title='bbox 513 2685 614 2740; x_wconf 86' lang='lat' dir='ltr'><strong>sita</strong></span> <span class='ocrx_word' id='word_1_194' title='bbox 648 2695 752 2750; x_wconf 83' lang='lat' dir='ltr'><strong>est,</strong></span> <span class='ocrx_word' id='word_1_195' title='bbox 784 2689 1095 2751; x_wconf 86' lang='lat' dir='ltr'><strong>verebatur.</strong></span> <span class='ocrx_word' id='word_1_196' title='bbox 1127 2692 1170 2746; x_wconf 90' lang='lat' dir='ltr'><strong>si</strong></span> <span class='ocrx_word' id='word_1_197' title='bbox 1218 2693 1333 2764; x_wconf 91' lang='lat' dir='ltr'><strong>ipse</strong></span> <span class='ocrx_word' id='word_1_198' title='bbox 1378 2710 1591 2765; x_wconf 90' lang='lat' dir='ltr'><strong>quoque</strong></span> <span class='ocrx_word' id='word_1_199' title='bbox 1619 2712 1684 2753; x_wconf 91' lang='lat' dir='ltr'><strong>co</strong></span> <span class='ocrx_word' id='word_1_200' title='bbox 1715 2714 1772 2754; x_wconf 88' lang='lat' dir='ltr'><strong>se</strong></span> <span class='ocrx_word' id='word_1_201' title='bbox 1803 2701 2092 2768; x_wconf 88' lang='lat' dir='ltr'><strong>conferret,</strong></span> 
     </span>
    </p>
   </div>
   <div class='ocr_carea' id='block_1_30' title="bbox 513 2781 2094 2858">
    <p class='ocr_par' dir='ltr' id='par_1_30' title="bbox 513 2781 2094 2858">
     <span class='ocr_line' id='line_1_30' title="bbox 513 2781 2094 2858; baseline 0.013 -30"><span class='ocrx_word' id='word_1_202' title='bbox 513 2791 580 2830; x_wconf 90' lang='lat' dir='ltr'><strong>ne</strong></span> <span class='ocrx_word' id='word_1_203' title='bbox 614 2788 706 2832; x_wconf 88' lang='lat' dir='ltr'><strong>aut</strong></span> <span class='ocrx_word' id='word_1_204' title='bbox 737 2781 942 2835; x_wconf 75' lang='lat' dir='ltr'><strong>Clll&#39;ialll</strong></span> <span class='ocrx_word' id='word_1_205' title='bbox 975 2782 1249 2839; x_wconf 76' lang='lat' dir='ltr'><strong>declinare</strong></span> <span class='ocrx_word' id='word_1_206' title='bbox 1277 2801 1381 2840; x_wconf 92' lang='lat' dir='ltr'><strong>non</strong></span> <span class='ocrx_word' id='word_1_207' title='bbox 1413 2799 1616 2858; x_wconf 84' lang='lat' dir='ltr'><strong>posset,</strong></span> <span class='ocrx_word' id='word_1_208' title='bbox 1661 2801 1752 2845; x_wconf 90' lang='lat' dir='ltr'><strong>aut</strong></span> <span class='ocrx_word' id='word_1_209' title='bbox 1797 2792 1942 2847; x_wconf 84' lang='lat' dir='ltr'><strong>illam</strong></span> <span class='ocrx_word' id='word_1_210' title='bbox 1988 2811 2094 2850; x_wconf 88' lang='lat' dir='ltr'><strong>non</strong></span> 
     </span>
    </p>
   </div>
   <div class='ocr_carea' id='block_1_31' title="bbox 512 2870 2094 2956">
    <p class='ocr_par' dir='ltr' id='par_1_31' title="bbox 512 2870 2094 2956">
     <span class='ocr_line' id='line_1_31' title="bbox 512 2870 2094 2956; baseline 0.013 -34"><span class='ocrx_word' id='word_1_211' title='bbox 512 2870 795 2941; x_wconf 80' lang='lat' dir='ltr'><strong>reliquisse</strong></span> <span class='ocrx_word' id='word_1_212' title='bbox 823 2915 836 2938; x_wconf 94' lang='lat'><strong>,</strong></span> <span class='ocrx_word' id='word_1_213' title='bbox 887 2877 980 2930; x_wconf 90' lang='lat' dir='ltr'><strong>sed</strong></span> <span class='ocrx_word' id='word_1_214' title='bbox 1005 2877 1154 2946; x_wconf 87' lang='lat' dir='ltr'><strong>sequi</strong></span> <span class='ocrx_word' id='word_1_215' title='bbox 1185 2879 1481 2952; x_wconf 70' lang='lat' dir='ltr'><strong>videretur.</strong></span> <span class='ocrx_word' id='word_1_216' title='bbox 1514 2881 1700 2938; x_wconf 84' lang='lat' dir='ltr'><strong>Potius</strong></span> <span class='ocrx_word' id='word_1_217' title='bbox 1729 2885 1892 2956; x_wconf 82' lang='lat' dir='ltr'><strong>igitur</strong></span> <span class='ocrx_word' id='word_1_218' title='bbox 1921 2888 2094 2942; x_wconf 88' lang='lat' dir='ltr'><strong>visum</strong></span> 
     </span>
    </p>
   </div>
   <div class='ocr_carea' id='block_1_32' title="bbox 512 2963 2096 3038">
    <p class='ocr_par' dir='ltr' id='par_1_32' title="bbox 512 2963 2096 3038">
     <span class='ocr_line' id='line_1_32' title="bbox 512 2963 2096 3038; baseline 0.011 -22"><span class='ocrx_word' id='word_1_219' title='bbox 512 2972 597 3017; x_wconf 89' lang='lat' dir='ltr'><strong>est</strong></span> <span class='ocrx_word' id='word_1_220' title='bbox 619 2963 922 3020; x_wconf 83' lang='lat' dir='ltr'><strong>Calabriam</strong></span> <span class='ocrx_word' id='word_1_221' title='bbox 953 2977 1157 3038; x_wconf 89' lang='lat' dir='ltr'><strong>petere,</strong></span> <span class='ocrx_word' id='word_1_222' title='bbox 1185 2970 1318 3024; x_wconf 86' lang='lat' dir='ltr'><strong>nihil</strong></span> <span class='ocrx_word' id='word_1_223' title='bbox 1344 2971 1560 3028; x_wconf 88' lang='lat' dir='ltr'><strong>interim</strong></span> <span class='ocrx_word' id='word_1_224' title='bbox 1593 2985 1796 3030; x_wconf 88' lang='lat' dir='ltr'><strong>mutata</strong></span> <span class='ocrx_word' id='word_1_225' title='bbox 1821 2977 2096 3035; x_wconf 80' lang='lat' dir='ltr'><strong>voluntate</strong></span> 
     </span>
    </p>
   </div>
   <div class='ocr_carea' id='block_1_33' title="bbox 511 3056 2166 3140">
    <p class='ocr_par' dir='ltr' id='par_1_33' title="bbox 511 3056 2166 3140">
     <span class='ocr_line' id='line_1_33' title="bbox 511 3056 2166 3140; baseline 0.01 -32"><span class='ocrx_word' id='word_1_226' title='bbox 511 3069 639 3109; x_wconf 88' lang='lat' dir='ltr'><strong>suos</strong></span> <span class='ocrx_word' id='word_1_227' title='bbox 672 3056 724 3110; x_wconf 93' lang='lat' dir='ltr'><strong>in</strong></span> <span class='ocrx_word' id='word_1_228' title='bbox 767 3056 1055 3115; x_wconf 87' lang='lat' dir='ltr'><strong>Cartlmsia</strong></span> <span class='ocrx_word' id='word_1_229' title='bbox 1097 3062 1392 3131; x_wconf 90' lang='lat' dir='ltr'><strong>revisendi,</strong></span> <span class='ocrx_word' id='word_1_230' title='bbox 1433 3067 1743 3136; x_wconf 69' lang='lat' dir='ltr'><strong>conquisitis</strong></span> <span class='ocrx_word' id='word_1_231' title='bbox 1785 3070 2094 3140; x_wconf 79' lang='lat' dir='ltr'><strong>sedatisque</strong></span> <span class='ocrx_word' id='word_1_232' title='bbox 2123 3095 2166 3140; x_wconf 69' lang='grc' dir='ltr'><strong>με</strong></span> 
     </span>
    </p>
   </div>
   <div class='ocr_carea' id='block_1_34' title="bbox 509 3146 2093 3230">
    <p class='ocr_par' dir='ltr' id='par_1_34' title="bbox 509 3146 2093 3230">
     <span class='ocr_line' id='line_1_34' title="bbox 509 3146 2093 3230; baseline 0.013 -33"><span class='ocrx_word' id='word_1_233' title='bbox 509 3146 671 3201; x_wconf 87' lang='lat' dir='ltr'><strong>rebus</strong></span> <span class='ocrx_word' id='word_1_234' title='bbox 703 3147 874 3219; x_wconf 58' lang='lat' dir='ltr'><strong>(Q15).</strong></span> <span class='ocrx_word' id='word_1_235' title='bbox 905 3148 1050 3207; x_wconf 90' lang='lat' dir='ltr'><strong>Satis</strong></span> <span class='ocrx_word' id='word_1_236' title='bbox 1099 3153 1202 3208; x_wconf 89' lang='lat' dir='ltr'><strong>hoc</strong></span> <span class='ocrx_word' id='word_1_237' title='bbox 1254 3154 1533 3211; x_wconf 83' lang='lat' dir='ltr'><strong>declarant</strong></span> <span class='ocrx_word' id='word_1_238' title='bbox 1581 3158 1792 3224; x_wconf 63' lang='lat' dir='ltr'><strong>litterae,</strong></span> <span class='ocrx_word' id='word_1_239' title='bbox 1841 3177 1978 3230; x_wconf 89' lang='lat' dir='ltr'><strong>quas</strong></span> <span class='ocrx_word' id='word_1_240' title='bbox 2025 3178 2093 3218; x_wconf 76' lang='lat' dir='ltr'><strong>ex</strong></span> 
     </span>
    </p>
   </div>
   <div class='ocr_carea' id='block_1_35' title="bbox 511 3238 2098 3326">
    <p class='ocr_par' dir='ltr' id='par_1_35' title="bbox 511 3238 2098 3326">
     <span class='ocr_line' id='line_1_35' title="bbox 511 3238 2098 3326; baseline 0.013 -36"><span class='ocrx_word' id='word_1_241' title='bbox 511 3238 771 3295; x_wconf 67' lang='lat' dir='ltr'><strong>Calabrim</strong></span> <span class='ocrx_word' id='word_1_242' title='bbox 797 3242 1087 3300; x_wconf 90' lang='lat' dir='ltr'><strong>solitudine</strong></span> <span class='ocrx_word' id='word_1_243' title='bbox 1119 3246 1382 3304; x_wconf 85' lang='lat' dir='ltr'><strong>fratribus</strong></span> <span class='ocrx_word' id='word_1_244' title='bbox 1434 3249 1488 3303; x_wconf 95' lang='lat' dir='ltr'><strong>in</strong></span> <span class='ocrx_word' id='word_1_245' title='bbox 1520 3250 1807 3308; x_wconf 84' lang='lat' dir='ltr'><strong>Cartbusia</strong></span> <span class='ocrx_word' id='word_1_246' title='bbox 1857 3255 2098 3326; x_wconf 84' lang='lat' dir='ltr'><strong>degenti-</strong></span> 
     </span>
    </p>
   </div>
   <div class='ocr_carea' id='block_1_36' title="bbox 508 3335 2094 3410">
    <p class='ocr_par' dir='ltr' id='par_1_36' title="bbox 508 3335 2094 3410">
     <span class='ocr_line' id='line_1_36' title="bbox 508 3335 2094 3410; baseline 0.013 -24"><span class='ocrx_word' id='word_1_247' title='bbox 508 3335 608 3389; x_wconf 85' lang='lat' dir='ltr'><strong>bus</strong></span> <span class='ocrx_word' id='word_1_248' title='bbox 641 3337 880 3406; x_wconf 87' lang='lat' dir='ltr'><strong>scripsit,</strong></span> <span class='ocrx_word' id='word_1_249' title='bbox 921 3339 972 3393; x_wconf 93' lang='lat' dir='ltr'><strong>in</strong></span> <span class='ocrx_word' id='word_1_250' title='bbox 1002 3357 1232 3410; x_wconf 86' lang='lat' dir='ltr'><strong>quarum</strong></span> <span class='ocrx_word' id='word_1_251' title='bbox 1269 3343 1414 3398; x_wconf 88' lang='lat' dir='ltr'><strong>calce</strong></span> <span class='ocrx_word' id='word_1_252' title='bbox 1444 3345 1523 3399; x_wconf 89' lang='lat' dir='ltr'><strong>sic</strong></span> <span class='ocrx_word' id='word_1_253' title='bbox 1556 3345 1718 3402; x_wconf 90' lang='lat' dir='ltr'><strong>habet</strong></span> <span class='ocrx_word' id='word_1_254' title='bbox 1745 3368 1757 3401; x_wconf 88' lang='lat'>:</span> <span class='ocrx_word' id='word_1_255' title='bbox 1781 3347 1860 3403; x_wconf 94' lang='lat' dir='ltr'><strong>De</strong></span> <span class='ocrx_word' id='word_1_256' title='bbox 1892 3365 1975 3406; x_wconf 90' lang='lat' dir='ltr'><strong>me</strong></span> <span class='ocrx_word' id='word_1_257' title='bbox 1997 3367 2094 3405; x_wconf 80' lang='lat' dir='ltr'><strong>au—</strong></span> 
     </span>
    </p>
   </div>
   <div class='ocr_carea' id='block_1_37' title="bbox 513 3427 2098 3512">
    <p class='ocr_par' dir='ltr' id='par_1_37' title="bbox 513 3427 2098 3512">
     <span class='ocr_line' id='line_1_37' title="bbox 513 3427 2098 3512; baseline 0.013 -35"><span class='ocrx_word' id='word_1_258' title='bbox 513 3435 639 3490; x_wconf 83' lang='lat' dir='ltr'><strong>tem,</strong></span> <span class='ocrx_word' id='word_1_259' title='bbox 683 3427 906 3491; x_wconf 88' lang='lat' dir='ltr'><strong>fratres,</strong></span> <span class='ocrx_word' id='word_1_260' title='bbox 963 3432 1179 3497; x_wconf 82' lang='lat' dir='ltr'><strong>scitote,</strong></span> <span class='ocrx_word' id='word_1_261' title='bbox 1228 3435 1482 3503; x_wconf 89' lang='lat' dir='ltr'><strong>quoniam</strong></span> <span class='ocrx_word' id='word_1_262' title='bbox 1531 3437 1747 3491; x_wconf 91' lang='lat' dir='ltr'><strong>unicum</strong></span> <span class='ocrx_word' id='word_1_263' title='bbox 1800 3441 1930 3494; x_wconf 81' lang='lat' dir='ltr'><strong>mihi</strong></span> <span class='ocrx_word' id='word_1_264' title='bbox 1979 3453 2098 3512; x_wconf 88' lang='lat' dir='ltr'><strong>post</strong></span> 
     </span>
    </p>
   </div>
   <div class='ocr_carea' id='block_1_38' title="bbox 513 3519 2097 3597">
    <p class='ocr_par' dir='ltr' id='par_1_38' title="bbox 513 3519 2097 3597">
     <span class='ocr_line' id='line_1_38' title="bbox 513 3519 2097 3597; baseline 0.01 -26"><span class='ocrx_word' id='word_1_265' title='bbox 513 3519 679 3572; x_wconf 78' lang='lat' dir='ltr'><strong>Deum</strong></span> <span class='ocrx_word' id='word_1_266' title='bbox 712 3530 796 3574; x_wconf 83' lang='lat' dir='ltr'><strong>est</strong></span> <span class='ocrx_word' id='word_1_267' title='bbox 833 3521 1160 3578; x_wconf 81' lang='lat' dir='ltr'><strong>desiderium</strong></span> <span class='ocrx_word' id='word_1_268' title='bbox 1188 3526 1436 3580; x_wconf 89' lang='lat' dir='ltr'><strong>veniendi</strong></span> <span class='ocrx_word' id='word_1_269' title='bbox 1465 3527 1531 3580; x_wconf 93' lang='lat' dir='ltr'><strong>ad</strong></span> <span class='ocrx_word' id='word_1_270' title='bbox 1571 3543 1663 3582; x_wconf 85' lang='lat' dir='ltr'><strong>vos</strong></span> <span class='ocrx_word' id='word_1_271' title='bbox 1688 3539 1743 3583; x_wconf 89' lang='lat' dir='ltr'><strong>et</strong></span> <span class='ocrx_word' id='word_1_272' title='bbox 1775 3529 2010 3597; x_wconf 86' lang='lat' dir='ltr'><strong>videndi,</strong></span> <span class='ocrx_word' id='word_1_273' title='bbox 2045 3543 2097 3587; x_wconf 91' lang='lat' dir='ltr'><strong>et</strong></span> 
     </span>
    </p>
   </div>
   <div class='ocr_carea' id='block_1_39' title="bbox 509 3611 2093 3694">
    <p class='ocr_par' dir='ltr' id='par_1_39' title="bbox 509 3611 2093 3694">
     <span class='ocr_line' id='line_1_39' title="bbox 509 3611 2093 3694; baseline 0.01 -32"><span class='ocrx_word' id='word_1_274' title='bbox 509 3611 725 3678; x_wconf 80' lang='lat' dir='ltr'><strong>quando</strong></span> <span class='ocrx_word' id='word_1_275' title='bbox 739 3621 948 3680; x_wconf 86' lang='lat' dir='ltr'><strong>potero,</strong></span> <span class='ocrx_word' id='word_1_276' title='bbox 973 3629 1135 3683; x_wconf 89' lang='lat' dir='ltr'><strong>opere</strong></span> <span class='ocrx_word' id='word_1_277' title='bbox 1154 3617 1478 3686; x_wconf 87' lang='lat' dir='ltr'><strong>adimplebo.</strong></span> <span class='ocrx_word' id='word_1_278' title='bbox 1497 3621 1606 3674; x_wconf 92' lang='lat' dir='ltr'><strong>Dco</strong></span> <span class='ocrx_word' id='word_1_279' title='bbox 1623 3621 1909 3690; x_wconf 88' lang='lat' dir='ltr'><strong>adjuvante</strong></span> <span class='ocrx_word' id='word_1_280' title='bbox 1924 3622 2093 3694; x_wconf 74' lang='grc'><strong>(216).</strong></span> 
     </span>
    </p>
   </div>
   <div class='ocr_carea' id='block_1_40' title="bbox 582 3703 2094 3784">
    <p class='ocr_par' dir='ltr' id='par_1_40' title="bbox 582 3703 2094 3784">
     <span class='ocr_line' id='line_1_40' title="bbox 582 3703 2094 3784; baseline 0.009 -27"><span class='ocrx_word' id='word_1_281' title='bbox 582 3703 672 3757; x_wconf 78' lang='grc'><strong>56.</strong></span> <span class='ocrx_word' id='word_1_282' title='bbox 723 3706 781 3759; x_wconf 87' lang='lat' dir='ltr'><strong>lu</strong></span> <span class='ocrx_word' id='word_1_283' title='bbox 826 3707 938 3775; x_wconf 88' lang='lat' dir='ltr'><strong>ipsa</strong></span> <span class='ocrx_word' id='word_1_284' title='bbox 972 3717 1150 3762; x_wconf 89' lang='lat' dir='ltr'><strong>autem</strong></span> <span class='ocrx_word' id='word_1_285' title='bbox 1204 3709 1448 3764; x_wconf 86' lang='lat' dir='ltr'><strong>Calabria</strong></span> <span class='ocrx_word' id='word_1_286' title='bbox 1500 3713 1646 3765; x_wconf 90' lang='lat' dir='ltr'><strong>venit</strong></span> <span class='ocrx_word' id='word_1_287' title='bbox 1693 3714 1761 3768; x_wconf 91' lang='lat' dir='ltr'><strong>ad</strong></span> <span class='ocrx_word' id='word_1_288' title='bbox 1807 3716 2094 3784; x_wconf 85' lang='lat' dir='ltr'><strong>quamdam</strong></span> 
     </span>
    </p>
   </div>
   <div class='ocr_carea' id='block_1_41' title="bbox 511 3798 2097 3880">
    <p class='ocr_par' dir='ltr' id='par_1_41' title="bbox 511 3798 2097 3880">
     <span class='ocr_line' id='line_1_41' title="bbox 511 3798 2097 3880; baseline 0.008 -33"><span class='ocrx_word' id='word_1_289' title='bbox 511 3811 776 3860; x_wconf 85' lang='lat' dir='ltr'><strong>crcumm,</strong></span> <span class='ocrx_word' id='word_1_290' title='bbox 810 3798 893 3852; x_wconf 89' lang='lat' dir='ltr'><strong>cui</strong></span> <span class='ocrx_word' id='word_1_291' title='bbox 925 3799 1114 3854; x_wconf 86' lang='lat' dir='ltr'><strong>Turris</strong></span> <span class='ocrx_word' id='word_1_292' title='bbox 1144 3815 1339 3854; x_wconf 90' lang='lat' dir='ltr'><strong>nomen</strong></span> <span class='ocrx_word' id='word_1_293' title='bbox 1372 3811 1473 3866; x_wconf 90' lang='lat' dir='ltr'><strong>est,</strong></span> <span class='ocrx_word' id='word_1_294' title='bbox 1511 3802 1562 3856; x_wconf 90' lang='lat' dir='ltr'><strong>in</strong></span> <span class='ocrx_word' id='word_1_295' title='bbox 1602 3803 1826 3858; x_wconf 66' lang='grc' dir='ltr'><strong>111ωορεί</strong></span> <span class='ocrx_word' id='word_1_296' title='bbox 1863 3803 2097 3880; x_wconf 84' lang='lat' dir='ltr'><strong>Squilla-</strong></span> 
     </span>
    </p>
   </div>
   <div class='ocr_carea' id='block_1_42' title="bbox 513 3888 2094 3966">
    <p class='ocr_par' dir='ltr' id='par_1_42' title="bbox 513 3888 2094 3966">
     <span class='ocr_line' id='line_1_42' title="bbox 513 3888 2094 3966; baseline 0.009 -29"><span class='ocrx_word' id='word_1_297' title='bbox 513 3888 660 3940; x_wconf 81' lang='lat' dir='ltr'><strong>censi</strong></span> <span class='ocrx_word' id='word_1_298' title='bbox 692 3888 858 3959; x_wconf 71' lang='lat'><strong>(‘2!7),</strong></span> <span class='ocrx_word' id='word_1_299' title='bbox 902 3889 1082 3959; x_wconf 85' lang='lat' dir='ltr'><strong>ibique</strong></span> <span class='ocrx_word' id='word_1_300' title='bbox 1114 3907 1219 3945; x_wconf 87' lang='lat' dir='ltr'><strong>non</strong></span> <span class='ocrx_word' id='word_1_301' title='bbox 1253 3893 1415 3946; x_wconf 85' lang='lat' dir='ltr'><strong>cellas</strong></span> <span class='ocrx_word' id='word_1_302' title='bbox 1463 3893 1688 3963; x_wconf 84' lang='lat' dir='ltr'><strong>alicujus</strong></span> <span class='ocrx_word' id='word_1_303' title='bbox 1731 3897 1910 3964; x_wconf 85' lang='lat' dir='ltr'><strong>pretii,</strong></span> <span class='ocrx_word' id='word_1_304' title='bbox 1953 3898 2094 3966; x_wconf 88' lang='lat' dir='ltr'><strong>quod</strong></span> 
     </span>
    </p>
   </div>
   <div class='ocr_carea' id='block_1_43' title="bbox 513 3986 2095 4050">
    <p class='ocr_par' dir='ltr' id='par_1_43' title="bbox 513 3986 2095 4050">
     <span class='ocr_line' id='line_1_43' title="bbox 513 3986 2095 4050; baseline 0.009 -20"><span class='ocrx_word' id='word_1_305' title='bbox 513 3990 758 4047; x_wconf 82' lang='lat' dir='ltr'><strong>sumptus</strong></span> <span class='ocrx_word' id='word_1_306' title='bbox 791 3996 895 4033; x_wconf 88' lang='lat' dir='ltr'><strong>non</strong></span> <span class='ocrx_word' id='word_1_307' title='bbox 926 3991 1292 4050; x_wconf 85' lang='lat' dir='ltr'><strong>suppeterent,</strong></span> <span class='ocrx_word' id='word_1_308' title='bbox 1332 3986 1422 4038; x_wconf 89' lang='lat' dir='ltr'><strong>sed</strong></span> <span class='ocrx_word' id='word_1_309' title='bbox 1455 4001 1611 4042; x_wconf 87' lang='lat' dir='ltr'><strong>casas</strong></span> <span class='ocrx_word' id='word_1_310' title='bbox 1641 3988 1871 4043; x_wconf 87' lang='lat' dir='ltr'><strong>humiles</strong></span> <span class='ocrx_word' id='word_1_311' title='bbox 1905 4005 1972 4042; x_wconf 77' lang='lat' dir='ltr'><strong>ex</strong></span> <span class='ocrx_word' id='word_1_312' title='bbox 2007 3990 2095 4044; x_wconf 87' lang='lat' dir='ltr'><strong>vili</strong></span> 
     </span>
    </p>
   </div>
   <div class='ocr_carea' id='block_1_44' title="bbox 511 4071 2093 4146">
    <p class='ocr_par' dir='ltr' id='par_1_44' title="bbox 511 4071 2093 4146">
     <span class='ocr_line' id='line_1_44' title="bbox 511 4071 2093 4146; baseline 0.008 -24"><span class='ocrx_word' id='word_1_313' title='bbox 511 4071 727 4146; x_wconf 76' lang='lat' dir='ltr'><strong>quidem</strong></span> <span class='ocrx_word' id='word_1_314' title='bbox 753 4073 999 4134; x_wconf 87' lang='lat' dir='ltr'><strong>materia,</strong></span> <span class='ocrx_word' id='word_1_315' title='bbox 1026 4076 1120 4128; x_wconf 92' lang='lat' dir='ltr'><strong>scd</strong></span> <span class='ocrx_word' id='word_1_316' title='bbox 1145 4074 1196 4128; x_wconf 92' lang='lat' dir='ltr'><strong>in</strong></span> <span class='ocrx_word' id='word_1_317' title='bbox 1221 4075 1435 4130; x_wconf 82' lang='lat' dir='ltr'><strong>Christo</strong></span> <span class='ocrx_word' id='word_1_318' title='bbox 1461 4079 1694 4146; x_wconf 90' lang='lat' dir='ltr'><strong>pretiosa</strong></span> <span class='ocrx_word' id='word_1_319' title='bbox 1736 4080 2093 4135; x_wconf 68' lang='lat' dir='ltr'><strong>aedificarunt.</strong></span> 
     </span>
    </p>
   </div>
   <div class='ocr_carea' id='block_1_45' title="bbox 511 4163 2096 4237">
    <p class='ocr_par' dir='ltr' id='par_1_45' title="bbox 511 4163 2096 4237">
     <span class='ocr_line' id='line_1_45' title="bbox 511 4163 2096 4237; baseline 0.007 -22"><span class='ocrx_word' id='word_1_320' title='bbox 511 4163 722 4229; x_wconf 82' lang='lat' dir='ltr'><strong>Quanta</strong></span> <span class='ocrx_word' id='word_1_321' title='bbox 752 4174 932 4219; x_wconf 90' lang='lat' dir='ltr'><strong>autem</strong></span> <span class='ocrx_word' id='word_1_322' title='bbox 965 4167 1086 4220; x_wconf 76' lang='lat' dir='ltr'><strong>vita:</strong></span> <span class='ocrx_word' id='word_1_323' title='bbox 1111 4166 1420 4237; x_wconf 87' lang='lat' dir='ltr'><strong>integritate</strong></span> <span class='ocrx_word' id='word_1_324' title='bbox 1441 4178 1495 4224; x_wconf 88' lang='lat' dir='ltr'><strong>et</strong></span> <span class='ocrx_word' id='word_1_325' title='bbox 1517 4171 1802 4225; x_wconf 88' lang='lat' dir='ltr'><strong>sanctitate</strong></span> <span class='ocrx_word' id='word_1_326' title='bbox 1833 4187 1955 4226; x_wconf 88' lang='lat' dir='ltr'><strong>cum</strong></span> <span class='ocrx_word' id='word_1_327' title='bbox 1986 4173 2096 4226; x_wconf 88' lang='lat' dir='ltr'><strong>suis</strong></span> 
     </span>
    </p>
   </div>
   <div class='ocr_carea' id='block_1_46' title="bbox 517 4255 2094 4331">
    <p class='ocr_par' dir='ltr' id='par_1_46' title="bbox 517 4255 2094 4331">
     <span class='ocr_line' id='line_1_46' title="bbox 517 4255 2094 4331; baseline 0.004 -22"><span class='ocrx_word' id='word_1_328' title='bbox 517 4255 623 4309; x_wconf 90' lang='lat' dir='ltr'><strong>illic</strong></span> <span class='ocrx_word' id='word_1_329' title='bbox 658 4268 906 4311; x_wconf 83' lang='lat' dir='ltr'><strong>versatus</strong></span> <span class='ocrx_word' id='word_1_330' title='bbox 939 4257 1027 4322; x_wconf 88' lang='lat' dir='ltr'><strong>sit,</strong></span> <span class='ocrx_word' id='word_1_331' title='bbox 1061 4258 1259 4328; x_wconf 85' lang='lat' dir='ltr'><strong>quibus</strong></span> <span class='ocrx_word' id='word_1_332' title='bbox 1293 4261 1570 4315; x_wconf 85' lang='lat' dir='ltr'><strong>vacaverit</strong></span> <span class='ocrx_word' id='word_1_333' title='bbox 1615 4262 1830 4331; x_wconf 87' lang='lat' dir='ltr'><strong>pietatis</strong></span> <span class='ocrx_word' id='word_1_334' title='bbox 1869 4272 1922 4317; x_wconf 90' lang='lat' dir='ltr'><strong>et</strong></span> <span class='ocrx_word' id='word_1_335' title='bbox 1970 4263 2094 4317; x_wconf 89' lang='lat' dir='ltr'><strong>reli-</strong></span> 
     </span>
    </p>
   </div>
   <div class='ocr_carea' id='block_1_47' title="bbox 515 4345 2097 4422">
    <p class='ocr_par' dir='ltr' id='par_1_47' title="bbox 515 4345 2097 4422">
     <span class='ocr_line' id='line_1_47' title="bbox 515 4345 2097 4422; baseline 0.006 -25"><span class='ocrx_word' id='word_1_336' title='bbox 515 4345 691 4413; x_wconf 83' lang='lat' dir='ltr'><strong>gionis</strong></span> <span class='ocrx_word' id='word_1_337' title='bbox 718 4348 1018 4410; x_wconf 75' lang='lat' dir='ltr'><strong>exercitiis,</strong></span> <span class='ocrx_word' id='word_1_338' title='bbox 1073 4349 1194 4417; x_wconf 87' lang='lat' dir='ltr'><strong>quis</strong></span> <span class='ocrx_word' id='word_1_339' title='bbox 1226 4351 1404 4406; x_wconf 87' lang='lat' dir='ltr'><strong>verbis</strong></span> <span class='ocrx_word' id='word_1_340' title='bbox 1441 4351 1715 4421; x_wconf 74' lang='lat' dir='ltr'><strong>explicare</strong></span> <span class='ocrx_word' id='word_1_341' title='bbox 1743 4354 1952 4422; x_wconf 87' lang='lat' dir='ltr'><strong>queat?</strong></span> <span class='ocrx_word' id='word_1_342' title='bbox 1991 4353 2097 4408; x_wconf 91' lang='lat' dir='ltr'><strong>Po—</strong></span> 
     </span>
    </p>
   </div>
   <div class='ocr_carea' id='block_1_48' title="bbox 510 4441 2174 4516">
    <p class='ocr_par' dir='ltr' id='par_1_48' title="bbox 510 4441 2174 4516">
     <span class='ocr_line' id='line_1_48' title="bbox 510 4441 2174 4516; baseline 0.006 -26"><span class='ocrx_word' id='word_1_343' title='bbox 510 4448 616 4492; x_wconf 85' lang='lat' dir='ltr'><strong>test</strong></span> <span class='ocrx_word' id='word_1_344' title='bbox 646 4441 860 4508; x_wconf 85' lang='lat' dir='ltr'><strong>quidem</strong></span> <span class='ocrx_word' id='word_1_345' title='bbox 893 4442 944 4495; x_wconf 88' lang='lat' dir='ltr'><strong>id</strong></span> <span class='ocrx_word' id='word_1_346' title='bbox 975 4443 1154 4512; x_wconf 86' lang='lat' dir='ltr'><strong>aliqua</strong></span> <span class='ocrx_word' id='word_1_347' title='bbox 1199 4459 1266 4498; x_wconf 81' lang='lat' dir='ltr'><strong>ex</strong></span> <span class='ocrx_word' id='word_1_348' title='bbox 1307 4453 1458 4513; x_wconf 82' lang='lat' dir='ltr'><strong>parte</strong></span> <span class='ocrx_word' id='word_1_349' title='bbox 1495 4446 1834 4502; x_wconf 87' lang='lat' dir='ltr'><strong>innotescere</strong></span> <span class='ocrx_word' id='word_1_350' title='bbox 1874 4463 1940 4501; x_wconf 78' lang='lat' dir='ltr'><strong>ex</strong></span> <span class='ocrx_word' id='word_1_351' title='bbox 1977 4447 2091 4516; x_wconf 89' lang='lat' dir='ltr'><strong>epi-</strong></span> <span class='ocrx_word' id='word_1_352' title='bbox 2129 4442 2174 4500; x_wconf 86' lang='lat' dir='ltr'><strong>D</strong></span> 
     </span>
    </p>
   </div>
   <div class='ocr_carea' id='block_1_49' title="bbox 512 4528 2093 4608">
    <p class='ocr_par' dir='ltr' id='par_1_49' title="bbox 512 4528 2093 4608">
     <span class='ocr_line' id='line_1_49' title="bbox 512 4528 2093 4608; baseline 0.008 -26"><span class='ocrx_word' id='word_1_353' title='bbox 512 4528 665 4591; x_wconf 87' lang='lat' dir='ltr'><strong>stola,</strong></span> <span class='ocrx_word' id='word_1_354' title='bbox 697 4547 860 4599; x_wconf 86' lang='lat' dir='ltr'><strong>quam</strong></span> <span class='ocrx_word' id='word_1_355' title='bbox 889 4533 970 4586; x_wconf 90' lang='lat' dir='ltr'><strong>vir</strong></span> <span class='ocrx_word' id='word_1_356' title='bbox 996 4544 1216 4589; x_wconf 88' lang='lat' dir='ltr'><strong>sanctus</strong></span> <span class='ocrx_word' id='word_1_357' title='bbox 1264 4536 1482 4606; x_wconf 85' lang='lat' dir='ltr'><strong>scripsit</strong></span> <span class='ocrx_word' id='word_1_358' title='bbox 1525 4537 1591 4592; x_wconf 85' lang='lat' dir='ltr'><strong>ad</strong></span> <span class='ocrx_word' id='word_1_359' title='bbox 1624 4536 1962 4608; x_wconf 83' lang='lat' dir='ltr'><strong>Radulphum</strong></span> <span class='ocrx_word' id='word_1_360' title='bbox 1991 4539 2093 4595; x_wconf 73' lang='lat' dir='ltr'><strong>lie-</strong></span> 
     </span>
    </p>
   </div>
   <div class='ocr_carea' id='block_1_50' title="bbox 511 4622 2092 4702">
    <p class='ocr_par' dir='ltr' id='par_1_50' title="bbox 511 4622 2092 4702">
     <span class='ocr_line' id='line_1_50' title="bbox 511 4622 2092 4702; baseline 0.008 -30"><span class='ocrx_word' id='word_1_361' title='bbox 511 4622 722 4676; x_wconf 86' lang='lat' dir='ltr'><strong>mensis.</strong></span> <span class='ocrx_word' id='word_1_362' title='bbox 740 4625 995 4680; x_wconf 73' lang='lat' dir='ltr'><strong>Ecclesiae</strong></span> <span class='ocrx_word' id='word_1_363' title='bbox 1016 4637 1141 4683; x_wconf 91' lang='lat' dir='ltr'><strong>tunc</strong></span> <span class='ocrx_word' id='word_1_364' title='bbox 1164 4631 1532 4699; x_wconf 57' lang='lat' dir='ltr'><strong>praepositum,</strong></span> <span class='ocrx_word' id='word_1_365' title='bbox 1551 4641 1736 4700; x_wconf 88' lang='lat' dir='ltr'><strong>postea</strong></span> <span class='ocrx_word' id='word_1_366' title='bbox 1759 4633 2092 4702; x_wconf 89' lang='lat' dir='ltr'><strong>episc0pum,</strong></span> 
     </span>
    </p>
   </div>
   <div class='ocr_carea' id='block_1_51' title="bbox 518 4709 2094 4778">
    <p class='ocr_par' dir='ltr' id='par_1_51' title="bbox 518 4709 2094 4778">
     <span class='ocr_line' id='line_1_51' title="bbox 518 4709 2094 4778; baseline 0.01 -16"><span class='ocrx_word' id='word_1_367' title='bbox 518 4709 608 4764; x_wconf 90' lang='lat' dir='ltr'><strong>ubi</strong></span> <span class='ocrx_word' id='word_1_368' title='bbox 638 4711 778 4767; x_wconf 89' lang='lat' dir='ltr'><strong>inter</strong></span> <span class='ocrx_word' id='word_1_369' title='bbox 807 4723 1000 4769; x_wconf 65' lang='lat' dir='ltr'><strong>caetera</strong></span> <span class='ocrx_word' id='word_1_370' title='bbox 1035 4718 1110 4770; x_wconf 92' lang='lat' dir='ltr'><strong>ait</strong></span> <span class='ocrx_word' id='word_1_371' title='bbox 1139 4735 1150 4770; x_wconf 89' lang='lat'>:</span> <span class='ocrx_word' id='word_1_372' title='bbox 1183 4737 1198 4769; x_wconf 80' lang='grc' dir='ltr'>ι</span> <span class='ocrx_word' id='word_1_373' title='bbox 1231 4719 1285 4773; x_wconf 91' lang='lat' dir='ltr'><strong>ln</strong></span> <span class='ocrx_word' id='word_1_374' title='bbox 1311 4721 1507 4775; x_wconf 88' lang='lat' dir='ltr'><strong>ﬁnibus</strong></span> <span class='ocrx_word' id='word_1_375' title='bbox 1529 4721 1790 4777; x_wconf 78' lang='lat' dir='ltr'><strong>Calabria:</strong></span> <span class='ocrx_word' id='word_1_376' title='bbox 1827 4738 1949 4776; x_wconf 87' lang='lat' dir='ltr'><strong>cum</strong></span> <span class='ocrx_word' id='word_1_377' title='bbox 1990 4733 2094 4778; x_wconf 76' lang='lat' dir='ltr'><strong>tra-</strong></span> 
     </span>
    </p>
   </div>
   <div class='ocr_carea' id='block_1_52' title="bbox 515 4801 2096 4884">
    <p class='ocr_par' dir='ltr' id='par_1_52' title="bbox 515 4801 2096 4884">
     <span class='ocr_line' id='line_1_52' title="bbox 515 4801 2096 4884; baseline 0.008 -28"><span class='ocrx_word' id='word_1_378' title='bbox 515 4801 688 4857; x_wconf 88' lang='lat' dir='ltr'><strong>tribus</strong></span> <span class='ocrx_word' id='word_1_379' title='bbox 713 4803 996 4875; x_wconf 73' lang='lat' dir='ltr'><strong>religiosis,</strong></span> <span class='ocrx_word' id='word_1_380' title='bbox 1028 4817 1082 4863; x_wconf 91' lang='lat' dir='ltr'><strong>et</strong></span> <span class='ocrx_word' id='word_1_381' title='bbox 1107 4809 1309 4878; x_wconf 87' lang='lat' dir='ltr'><strong>aliquot</strong></span> <span class='ocrx_word' id='word_1_382' title='bbox 1338 4812 1471 4866; x_wconf 77' lang='lat' dir='ltr'><strong>Leno.</strong></span> <span class='ocrx_word' id='word_1_383' title='bbox 1498 4811 1741 4878; x_wconf 89' lang='lat' dir='ltr'><strong>eruditis,</strong></span> <span class='ocrx_word' id='word_1_384' title='bbox 1777 4814 1891 4884; x_wconf 85' lang='lat' dir='ltr'><strong>qui,</strong></span> <span class='ocrx_word' id='word_1_385' title='bbox 1922 4814 1972 4868; x_wconf 95' lang='lat' dir='ltr'><strong>in</strong></span> <span class='ocrx_word' id='word_1_386' title='bbox 2004 4830 2096 4869; x_wconf 79' lang='lat' dir='ltr'><strong>ex-</strong></span> 
     </span>
    </p>
   </div>
   <div class='ocr_carea' id='block_1_53' title="bbox 582 4986 2096 5058">
    <p class='ocr_par' dir='ltr' id='par_1_53' title="bbox 582 4986 2096 5058">
     <span class='ocr_line' id='line_1_53' title="bbox 582 4986 2096 5058; baseline 0.006 -18"><span class='ocrx_word' id='word_1_387' title='bbox 582 4986 732 5058; x_wconf 76' lang='lat'><strong>(213)</strong></span> <span class='ocrx_word' id='word_1_388' title='bbox 773 4987 1004 5043; x_wconf 86' lang='lat' dir='ltr'><strong>Sanctus</strong></span> <span class='ocrx_word' id='word_1_389' title='bbox 1034 4991 1131 5043; x_wconf 86' lang='lat' dir='ltr'><strong>sub</strong></span> <span class='ocrx_word' id='word_1_390' title='bbox 1163 4991 1375 5046; x_wconf 83' lang='lat' dir='ltr'><strong>concilii</strong></span> <span class='ocrx_word' id='word_1_391' title='bbox 1414 4993 1710 5047; x_wconf 85' lang='lat' dir='ltr'><strong>Placentini</strong></span> <span class='ocrx_word' id='word_1_392' title='bbox 1741 5034 1754 5058; x_wconf 95' lang='lat'><strong>,</strong></span> <span class='ocrx_word' id='word_1_393' title='bbox 1787 5009 1929 5048; x_wconf 91' lang='lat' dir='ltr'><strong>anno</strong></span> <span class='ocrx_word' id='word_1_394' title='bbox 1960 4994 2096 5050; x_wconf 66' lang='grc'><strong>’1093</strong></span> 
     </span>
    </p>
   </div>
   <div class='ocr_carea' id='block_1_54' title="bbox 404 5057 2096 5130">
    <p class='ocr_par' dir='ltr' id='par_1_54' title="bbox 404 5057 2096 5130">
     <span class='ocr_line' id='line_1_54' title="bbox 404 5057 2096 5130; baseline 0.003 -19"><span class='ocrx_word' id='word_1_395' title='bbox 404 5079 415 5101; x_wconf 77' lang='grc' dir='ltr'>ι</span> <span class='ocrx_word' id='word_1_396' title='bbox 509 5057 786 5130; x_wconf 87' lang='lat' dir='ltr'><strong>celebrati,</strong></span> <span class='ocrx_word' id='word_1_397' title='bbox 828 5067 1038 5130; x_wconf 83' lang='lat' dir='ltr'><strong>tempus</strong></span> <span class='ocrx_word' id='word_1_398' title='bbox 1085 5075 1182 5114; x_wconf 92' lang='lat' dir='ltr'><strong>nec</strong></span> <span class='ocrx_word' id='word_1_399' title='bbox 1215 5063 1448 5129; x_wconf 89' lang='lat' dir='ltr'><strong>primum</strong></span> <span class='ocrx_word' id='word_1_400' title='bbox 1500 5065 1567 5118; x_wconf 90' lang='lat' dir='ltr'><strong>ad</strong></span> <span class='ocrx_word' id='word_1_401' title='bbox 1609 5057 1972 5130; x_wconf 25' lang='lat' dir='ltr'><strong>“lihcgiensem</strong></span> <span class='ocrx_word' id='word_1_402' title='bbox 2005 5083 2096 5118; x_wconf 88' lang='lat' dir='ltr'><strong>ar-</strong></span> 
     </span>
    </p>
   </div>
   <div class='ocr_carea' id='block_1_55' title="bbox 508 5129 2096 5203">
    <p class='ocr_par' dir='ltr' id='par_1_55' title="bbox 508 5129 2096 5203">
     <span class='ocr_line' id='line_1_55' title="bbox 508 5129 2096 5203; baseline 0.005 -21"><span class='ocrx_word' id='word_1_403' title='bbox 508 5129 966 5203; x_wconf 72' lang='lat' dir='ltr'><strong>cliiepisc&#39;Opatum</strong></span> <span class='ocrx_word' id='word_1_404' title='bbox 1000 5129 1100 5203; x_wconf 85' lang='lat' dir='ltr'><strong>fuit</strong></span> <span class='ocrx_word' id='word_1_405' title='bbox 1133 5131 1357 5196; x_wconf 89' lang='lat' dir='ltr'><strong>electus,</strong></span> <span class='ocrx_word' id='word_1_406' title='bbox 1407 5149 1507 5186; x_wconf 74' lang='lat' dir='ltr'><strong>nec</strong></span> <span class='ocrx_word' id='word_1_407' title='bbox 1543 5129 1784 5188; x_wconf 87' lang='lat' dir='ltr'><strong>eremum</strong></span> <span class='ocrx_word' id='word_1_408' title='bbox 1820 5136 2096 5203; x_wconf 90' lang='lat' dir='ltr'><strong>repetendi</strong></span> 
     </span>
    </p>
   </div>
   <div class='ocr_carea' id='block_1_56' title="bbox 510 5199 2094 5270">
    <p class='ocr_par' dir='ltr' id='par_1_56' title="bbox 510 5199 2094 5270">
     <span class='ocr_line' id='line_1_56' title="bbox 510 5199 2094 5270; baseline 0.004 -18"><span class='ocrx_word' id='word_1_409' title='bbox 510 5199 821 5264; x_wconf 81' lang='lat' dir='ltr'><strong>facultatem</strong></span> <span class='ocrx_word' id='word_1_410' title='bbox 852 5217 879 5253; x_wconf 89' lang='lat' dir='ltr'><strong>a</strong></span> <span class='ocrx_word' id='word_1_411' title='bbox 912 5201 1165 5270; x_wconf 83' lang='lat' dir='ltr'><strong>pontifice</strong></span> <span class='ocrx_word' id='word_1_412' title='bbox 1195 5203 1449 5263; x_wconf 91' lang='lat' dir='ltr'><strong>obtinuit.</strong></span> <span class='ocrx_word' id='word_1_413' title='bbox 1479 5213 1664 5258; x_wconf 82' lang='lat' dir='ltr'><strong>contra</strong></span> <span class='ocrx_word' id='word_1_414' title='bbox 1697 5221 1758 5256; x_wconf 84' lang='lat' dir='ltr'><strong>ac</strong></span> <span class='ocrx_word' id='word_1_415' title='bbox 1786 5199 1979 5258; x_wconf 71' lang='lat' dir='ltr'><strong>Surius</strong></span> <span class='ocrx_word' id='word_1_416' title='bbox 2008 5206 2094 5259; x_wconf 90' lang='lat' dir='ltr'><strong>hic</strong></span> 
     </span>
    </p>
   </div>
   <div class='ocr_carea' id='block_1_57' title="bbox 512 5270 2094 5342">
    <p class='ocr_par' dir='ltr' id='par_1_57' title="bbox 512 5270 2094 5342">
     <span class='ocr_line' id='line_1_57' title="bbox 512 5270 2094 5342; baseline 0.003 -17"><span class='ocrx_word' id='word_1_417' title='bbox 512 5272 688 5325; x_wconf 88' lang='lat' dir='ltr'><strong>docet.</strong></span> <span class='ocrx_word' id='word_1_418' title='bbox 720 5270 825 5328; x_wconf 81' lang='lat' dir='ltr'><strong>Adi</strong></span> <span class='ocrx_word' id='word_1_419' title='bbox 863 5270 1248 5328; x_wconf 86' lang='lat' dir='ltr'><strong>Commentarii</strong></span> <span class='ocrx_word' id='word_1_420' title='bbox 1299 5275 1482 5342; x_wconf 71' lang='lat' dir='ltr'><strong>prtevii</strong></span> <span class='ocrx_word' id='word_1_421' title='bbox 1519 5290 1643 5328; x_wconf 89' lang='lat' dir='ltr'><strong>num</strong></span> <span class='ocrx_word' id='word_1_422' title='bbox 1681 5274 1810 5339; x_wconf 78' lang='lat'><strong>552,</strong></span> <span class='ocrx_word' id='word_1_423' title='bbox 1838 5274 1964 5339; x_wconf 78' lang='grc'><strong>555,</strong></span> <span class='ocrx_word' id='word_1_424' title='bbox 1991 5275 2094 5330; x_wconf 80' lang='grc'><strong>556</strong></span> 
     </span>
    </p>
   </div>
   <div class='ocr_carea' id='block_1_58' title="bbox 506 5351 736 5396">
    <p class='ocr_par' dir='ltr' id='par_1_58' title="bbox 506 5351 736 5396">
     <span class='ocr_line' id='line_1_58' title="bbox 506 5351 736 5396; baseline 0.013 -2"><span class='ocrx_word' id='word_1_425' title='bbox 506 5351 562 5394; x_wconf 87' lang='lat' dir='ltr'><strong>et</strong></span> <span class='ocrx_word' id='word_1_426' title='bbox 584 5357 736 5396; x_wconf 71' lang='lat' dir='ltr'><strong>SCﬂfl.</strong></span> 
     </span>
    </p>
   </div>
   <div class='ocr_carea' id='block_1_59' title="bbox 580 5358 2095 5487">
    <p class='ocr_par' dir='ltr' id='par_1_59' title="bbox 580 5358 2095 5487">
     <span class='ocr_line' id='line_1_59' title="bbox 580 5358 2095 5487; baseline 0.005 -22"><span class='ocrx_word' id='word_1_427' title='bbox 580 5358 736 5487; x_wconf 60' lang='grc' dir='ltr'><strong>ῧὲῗὲί</strong></span> <span class='ocrx_word' id='word_1_428' title='bbox 757 5411 1006 5482; x_wconf 88' lang='lat' dir='ltr'><strong>Consule,</strong></span> <span class='ocrx_word' id='word_1_429' title='bbox 1041 5431 1159 5487; x_wconf 68' lang='lat' dir='ltr'><strong>quae</strong></span> <span class='ocrx_word' id='word_1_430' title='bbox 1195 5416 1248 5471; x_wconf 92' lang='lat' dir='ltr'><strong>in</strong></span> <span class='ocrx_word' id='word_1_431' title='bbox 1283 5414 1501 5470; x_wconf 90' lang='lat' dir='ltr'><strong>tertium</strong></span> <span class='ocrx_word' id='word_1_432' title='bbox 1547 5415 1682 5472; x_wconf 70' lang='lat' dir='ltr'><strong>Vitae</strong></span> <span class='ocrx_word' id='word_1_433' title='bbox 1718 5417 1950 5480; x_wconf 66' lang='lat' dir='ltr'><strong>praeced.</strong></span> <span class='ocrx_word' id='word_1_434' title='bbox 2002 5432 2095 5472; x_wconf 87' lang='lat' dir='ltr'><strong>ca-</strong></span> 
     </span>
    </p>
   </div>
   <div class='ocr_carea' id='block_1_60' title="bbox 514 5484 1224 5554">
    <p class='ocr_par' dir='ltr' id='par_1_60' title="bbox 514 5484 1224 5554">
     <span class='ocr_line' id='line_1_60' title="bbox 514 5484 1224 5554; baseline 0.006 -16"><span class='ocrx_word' id='word_1_435' title='bbox 514 5492 611 5554; x_wconf 88' lang='lat' dir='ltr'><strong>put</strong></span> <span class='ocrx_word' id='word_1_436' title='bbox 641 5484 708 5537; x_wconf 88' lang='lat' dir='ltr'><strong>ad</strong></span> <span class='ocrx_word' id='word_1_437' title='bbox 735 5493 852 5539; x_wconf 92' lang='lat' dir='ltr'><strong>not.</strong></span> <span class='ocrx_word' id='word_1_438' title='bbox 884 5487 988 5542; x_wconf 71' lang='lat'><strong>150</strong></span> <span class='ocrx_word' id='word_1_439' title='bbox 1019 5484 1224 5543; x_wconf 81' lang='lat' dir='ltr'><strong>notavi.</strong></span> 
     </span>
    </p>
   </div>
   <div class='ocr_carea' id='block_1_61' title="bbox 581 5554 2096 5628">
    <p class='ocr_par' dir='ltr' id='par_1_61' title="bbox 581 5554 2096 5628">
     <span class='ocr_line' id='line_1_61' title="bbox 581 5554 2096 5628; baseline 0.004 -21"><span class='ocrx_word' id='word_1_440' title='bbox 581 5554 731 5624; x_wconf 74' lang='grc'>(215)</span> <span class='ocrx_word' id='word_1_441' title='bbox 755 5554 890 5628; x_wconf 83' lang='lat' dir='ltr'><strong>Cum</strong></span> <span class='ocrx_word' id='word_1_442' title='bbox 935 5559 1172 5628; x_wconf 82' lang='lat' dir='ltr'><strong>pontifex</strong></span> <span class='ocrx_word' id='word_1_443' title='bbox 1203 5575 1344 5616; x_wconf 90' lang='lat' dir='ltr'><strong>anno</strong></span> <span class='ocrx_word' id='word_1_444' title='bbox 1375 5557 1532 5620; x_wconf 75' lang='grc'><strong>1095,</strong></span> <span class='ocrx_word' id='word_1_445' title='bbox 1556 5558 1843 5628; x_wconf 87' lang='lat' dir='ltr'><strong>celebrato</strong></span> <span class='ocrx_word' id='word_1_446' title='bbox 1873 5556 2096 5613; x_wconf 89' lang='lat' dir='ltr'><strong>Placen-</strong></span> 
     </span>
    </p>
   </div>
   <div class='ocr_carea' id='block_1_62' title="bbox 510 5623 2096 5699">
    <p class='ocr_par' dir='ltr' id='par_1_62' title="bbox 510 5623 2096 5699">
     <span class='ocr_line' id='line_1_62' title="bbox 510 5623 2096 5699; baseline 0.004 -21"><span class='ocrx_word' id='word_1_447' title='bbox 510 5623 600 5699; x_wconf 71' lang='lat' dir='ltr'><strong>tia:</strong></span> <span class='ocrx_word' id='word_1_448' title='bbox 624 5623 872 5699; x_wconf 73' lang='lat' dir='ltr'><strong>concilio,</strong></span> <span class='ocrx_word' id='word_1_449' title='bbox 908 5623 957 5681; x_wconf 82' lang='lat' dir='ltr'><strong>in</strong></span> <span class='ocrx_word' id='word_1_450' title='bbox 981 5627 1208 5684; x_wconf 85' lang='lat' dir='ltr'><strong>Galliam</strong></span> <span class='ocrx_word' id='word_1_451' title='bbox 1233 5630 1447 5695; x_wconf 88' lang='lat' dir='ltr'><strong>abierit,</strong></span> <span class='ocrx_word' id='word_1_452' title='bbox 1471 5627 1885 5699; x_wconf 85' lang='lat' dir='ltr'><strong>Calabriamque</strong></span> <span class='ocrx_word' id='word_1_453' title='bbox 1917 5629 2096 5684; x_wconf 78' lang='lat' dir='ltr'><strong>Bruno</strong></span> 
     </span>
    </p>
   </div>
   <div class='ocr_carea' id='block_1_63' title="bbox 506 5692 2098 5773">
    <p class='ocr_par' dir='ltr' id='par_1_63' title="bbox 506 5692 2098 5773">
     <span class='ocr_line' id='line_1_63' title="bbox 506 5692 2098 5773; baseline 0.004 -27"><span class='ocrx_word' id='word_1_454' title='bbox 506 5692 617 5764; x_wconf 85' lang='lat' dir='ltr'><strong>jam</strong></span> <span class='ocrx_word' id='word_1_455' title='bbox 651 5695 771 5751; x_wconf 85' lang='lat' dir='ltr'><strong>inde</strong></span> <span class='ocrx_word' id='word_1_456' title='bbox 803 5697 868 5752; x_wconf 77' lang='lat' dir='ltr'><strong>ab</strong></span> <span class='ocrx_word' id='word_1_457' title='bbox 905 5715 1047 5756; x_wconf 88' lang='lat' dir='ltr'><strong>anno</strong></span> <span class='ocrx_word' id='word_1_458' title='bbox 1078 5701 1208 5758; x_wconf 84' lang='lat' dir='ltr'><strong>l090</strong></span> <span class='ocrx_word' id='word_1_459' title='bbox 1232 5692 1445 5766; x_wconf 78' lang='lat' dir='ltr'><strong>adierit,</strong></span> <span class='ocrx_word' id='word_1_460' title='bbox 1471 5700 1652 5773; x_wconf 80' lang='lat' dir='ltr'><strong>liquet</strong></span> <span class='ocrx_word' id='word_1_461' title='bbox 1681 5692 1813 5756; x_wconf 71' lang='lat' dir='ltr'><strong>sane</strong></span> <span class='ocrx_word' id='word_1_462' title='bbox 1837 5716 1940 5755; x_wconf 90' lang='lat' dir='ltr'><strong>non</strong></span> <span class='ocrx_word' id='word_1_463' title='bbox 1970 5699 2098 5753; x_wconf 89' lang='lat' dir='ltr'><strong>sub-</strong></span> 
     </span>
    </p>
   </div>
   <div class='ocr_carea' id='block_1_64' title="bbox 2214 491 3736 577">
    <p class='ocr_par' dir='ltr' id='par_1_64' title="bbox 2214 491 3736 577">
     <span class='ocr_line' id='line_1_64' title="bbox 2214 491 3736 577; baseline 0.011 -32"><span class='ocrx_word' id='word_1_464' title='bbox 2214 491 2344 546; x_wconf 89' lang='lat' dir='ltr'><strong>mini</strong></span> <span class='ocrx_word' id='word_1_465' title='bbox 2373 493 2474 560; x_wconf 93' lang='lat' dir='ltr'><strong>sui,</strong></span> <span class='ocrx_word' id='word_1_466' title='bbox 2509 504 2587 558; x_wconf 93' lang='lat' dir='ltr'><strong>ut,</strong></span> <span class='ocrx_word' id='word_1_467' title='bbox 2619 511 2740 549; x_wconf 87' lang='lat' dir='ltr'><strong>cum</strong></span> <span class='ocrx_word' id='word_1_468' title='bbox 2772 495 3088 564; x_wconf 88' lang='lat' dir='ltr'><strong>pulsaverit,</strong></span> <span class='ocrx_word' id='word_1_469' title='bbox 3128 498 3412 556; x_wconf 89' lang='lat' dir='ltr'><strong>confestim</strong></span> <span class='ocrx_word' id='word_1_470' title='bbox 3430 502 3654 574; x_wconf 49' lang='lat' dir='ltr'><strong>Iaperiant</strong></span> <span class='ocrx_word' id='word_1_471' title='bbox 3677 514 3736 577; x_wconf 87' lang='lat' dir='ltr'><strong>ei,</strong></span> 
     </span>
    </p>
   </div>
   <div class='ocr_carea' id='block_1_65' title="bbox 2213 584 3727 655">
    <p class='ocr_par' dir='ltr' id='par_1_65' title="bbox 2213 584 3727 655">
     <span class='ocr_line' id='line_1_65' title="bbox 2213 584 3727 655; baseline 0.012 -18"><span class='ocrx_word' id='word_1_472' title='bbox 2213 597 2450 637; x_wconf 91' lang='lat' dir='ltr'><strong>eremum</strong></span> <span class='ocrx_word' id='word_1_473' title='bbox 2484 585 2678 650; x_wconf 84' lang='lat' dir='ltr'><strong>incolo,</strong></span> <span class='ocrx_word' id='word_1_474' title='bbox 2720 584 2789 639; x_wconf 86' lang='lat' dir='ltr'><strong>ab</strong></span> <span class='ocrx_word' id='word_1_475' title='bbox 2835 587 3112 642; x_wconf 88' lang='lat' dir='ltr'><strong>hominum</strong></span> <span class='ocrx_word' id='word_1_476' title='bbox 3152 589 3475 648; x_wconf 89' lang='lat' dir='ltr'><strong>habitatione</strong></span> <span class='ocrx_word' id='word_1_477' title='bbox 3505 598 3622 654; x_wconf 88' lang='lat' dir='ltr'><strong>satis</strong></span> <span class='ocrx_word' id='word_1_478' title='bbox 3648 617 3727 655; x_wconf 85' lang='lat' dir='ltr'><strong>un-</strong></span> 
     </span>
    </p>
   </div>
   <div class='ocr_carea' id='block_1_66' title="bbox 2211 675 3734 758">
    <p class='ocr_par' dir='ltr' id='par_1_66' title="bbox 2211 675 3734 758">
     <span class='ocr_line' id='line_1_66' title="bbox 2211 675 3734 758; baseline 0.011 -28"><span class='ocrx_word' id='word_1_479' title='bbox 2211 675 2373 744; x_wconf 89' lang='lat' dir='ltr'><strong>dique</strong></span> <span class='ocrx_word' id='word_1_480' title='bbox 2405 685 2690 732; x_wconf 87' lang='lat' dir='ltr'><strong>remotam.</strong></span> <span class='ocrx_word' id='word_1_481' title='bbox 2723 677 2798 733; x_wconf 91' lang='lat' dir='ltr'><strong>De</strong></span> <span class='ocrx_word' id='word_1_482' title='bbox 2827 678 2980 749; x_wconf 83' lang='lat' dir='ltr'><strong>cujus</strong></span> <span class='ocrx_word' id='word_1_483' title='bbox 3011 681 3326 738; x_wconf 66' lang='lat' dir='ltr'><strong>amrenitate</strong></span> <span class='ocrx_word' id='word_1_484' title='bbox 3353 686 3586 758; x_wconf 86' lang='lat' dir='ltr'><strong>aerisque</strong></span> <span class='ocrx_word' id='word_1_485' title='bbox 3629 700 3734 746; x_wconf 87' lang='lat' dir='ltr'><strong>tem-</strong></span> 
     </span>
    </p>
   </div>
   <div class='ocr_carea' id='block_1_67' title="bbox 2209 769 3736 850">
    <p class='ocr_par' dir='ltr' id='par_1_67' title="bbox 2209 769 3736 850">
     <span class='ocr_line' id='line_1_67' title="bbox 2209 769 3736 850; baseline 0.01 -27"><span class='ocrx_word' id='word_1_486' title='bbox 2209 769 2358 839; x_wconf 86' lang='lat' dir='ltr'><strong>perie</strong></span> <span class='ocrx_word' id='word_1_487' title='bbox 2383 779 2438 824; x_wconf 89' lang='lat' dir='ltr'><strong>et</strong></span> <span class='ocrx_word' id='word_1_488' title='bbox 2470 770 2748 839; x_wconf 88' lang='lat' dir='ltr'><strong>sospitate,</strong></span> <span class='ocrx_word' id='word_1_489' title='bbox 2781 770 2863 826; x_wconf 87' lang='lat' dir='ltr'><strong>vel</strong></span> <span class='ocrx_word' id='word_1_490' title='bbox 2891 771 3114 841; x_wconf 89' lang='lat' dir='ltr'><strong>planitie</strong></span> <span class='ocrx_word' id='word_1_491' title='bbox 3151 773 3325 843; x_wconf 86' lang='lat' dir='ltr'><strong>ampla</strong></span> <span class='ocrx_word' id='word_1_492' title='bbox 3367 784 3420 832; x_wconf 89' lang='lat' dir='ltr'><strong>et</strong></span> <span class='ocrx_word' id='word_1_493' title='bbox 3443 787 3604 850; x_wconf 73' lang='lat' dir='ltr'><strong>grata,</strong></span> <span class='ocrx_word' id='word_1_494' title='bbox 3628 782 3736 839; x_wconf 86' lang='lat' dir='ltr'><strong>inter</strong></span> 
     </span>
    </p>
   </div>
   <div class='ocr_carea' id='block_1_68' title="bbox 2210 861 3734 942">
    <p class='ocr_par' dir='ltr' id='par_1_68' title="bbox 2210 861 3734 942">
     <span class='ocr_line' id='line_1_68' title="bbox 2210 861 3734 942; baseline 0.009 -27"><span class='ocrx_word' id='word_1_495' title='bbox 2210 870 2420 916; x_wconf 91' lang='lat' dir='ltr'><strong>montes</strong></span> <span class='ocrx_word' id='word_1_496' title='bbox 2452 862 2504 916; x_wconf 92' lang='lat' dir='ltr'><strong>in</strong></span> <span class='ocrx_word' id='word_1_497' title='bbox 2534 861 2752 932; x_wconf 83' lang='lat' dir='ltr'><strong>longum</strong></span> <span class='ocrx_word' id='word_1_498' title='bbox 2781 873 3053 934; x_wconf 90' lang='lat' dir='ltr'><strong>porrecta,</strong></span> <span class='ocrx_word' id='word_1_499' title='bbox 3093 865 3185 922; x_wconf 90' lang='lat' dir='ltr'><strong>ubi</strong></span> <span class='ocrx_word' id='word_1_500' title='bbox 3209 876 3336 923; x_wconf 89' lang='lat' dir='ltr'><strong>sunt</strong></span> <span class='ocrx_word' id='word_1_501' title='bbox 3370 868 3582 924; x_wconf 87' lang='lat' dir='ltr'><strong>virentia</strong></span> <span class='ocrx_word' id='word_1_502' title='bbox 3610 884 3734 942; x_wconf 86' lang='lat' dir='ltr'><strong>prata</strong></span> 
     </span>
    </p>
   </div>
   <div class='ocr_carea' id='block_1_69' title="bbox 2207 952 3736 1028">
    <p class='ocr_par' dir='ltr' id='par_1_69' title="bbox 2207 952 3736 1028">
     <span class='ocr_line' id='line_1_69' title="bbox 2207 952 3736 1028; baseline 0.008 -20"><span class='ocrx_word' id='word_1_503' title='bbox 2207 961 2262 1008; x_wconf 88' lang='lat' dir='ltr'><strong>et</strong></span> <span class='ocrx_word' id='word_1_504' title='bbox 2289 952 2477 1008; x_wconf 80' lang='lat' dir='ltr'><strong>florida</strong></span> <span class='ocrx_word' id='word_1_505' title='bbox 2506 969 2729 1024; x_wconf 83' lang='lat' dir='ltr'><strong>pascua,</strong></span> <span class='ocrx_word' id='word_1_506' title='bbox 2761 957 2891 1024; x_wconf 91' lang='lat' dir='ltr'><strong>quid</strong></span> <span class='ocrx_word' id='word_1_507' title='bbox 2917 957 3140 1028; x_wconf 79' lang='lat' dir='ltr'><strong>dignum</strong></span> <span class='ocrx_word' id='word_1_508' title='bbox 3170 959 3389 1015; x_wconf 86' lang='lat' dir='ltr'><strong>dicam?</strong></span> <span class='ocrx_word' id='word_1_509' title='bbox 3415 961 3514 1016; x_wconf 82' lang='lat' dir='ltr'><strong>Aut</strong></span> <span class='ocrx_word' id='word_1_510' title='bbox 3556 963 3736 1020; x_wconf 87' lang='lat' dir='ltr'><strong>collium</strong></span> 
     </span>
    </p>
   </div>
   <div class='ocr_carea' id='block_1_70' title="bbox 2207 1048 3736 1124">
    <p class='ocr_par' dir='ltr' id='par_1_70' title="bbox 2207 1048 3736 1124">
     <span class='ocr_line' id='line_1_70' title="bbox 2207 1048 3736 1124; baseline 0.005 -22"><span class='ocrx_word' id='word_1_511' title='bbox 2207 1048 2446 1118; x_wconf 89' lang='lat' dir='ltr'><strong>undique</strong></span> <span class='ocrx_word' id='word_1_512' title='bbox 2463 1048 2657 1104; x_wconf 89' lang='lat' dir='ltr'><strong>leniter</strong></span> <span class='ocrx_word' id='word_1_513' title='bbox 2676 1065 2735 1105; x_wconf 91' lang='lat' dir='ltr'><strong>se</strong></span> <span class='ocrx_word' id='word_1_514' title='bbox 2747 1051 3068 1121; x_wconf 85' lang='lat' dir='ltr'><strong>erigentium</strong></span> <span class='ocrx_word' id='word_1_515' title='bbox 3091 1061 3736 1124; x_wconf 85' lang='lat' dir='ltr'><strong>prospectum,opacarum-</strong></span> 
     </span>
    </p>
   </div>
   <div class='ocr_carea' id='block_1_71' title="bbox 2208 1138 3736 1211">
    <p class='ocr_par' dir='ltr' id='par_1_71' title="bbox 2208 1138 3736 1211">
     <span class='ocr_line' id='line_1_71' title="bbox 2208 1138 3736 1211; baseline 0.009 -22"><span class='ocrx_word' id='word_1_516' title='bbox 2208 1152 2312 1208; x_wconf 90' lang='lat' dir='ltr'><strong>que</strong></span> <span class='ocrx_word' id='word_1_517' title='bbox 2339 1138 2558 1194; x_wconf 82' lang='lat' dir='ltr'><strong>vallium</strong></span> <span class='ocrx_word' id='word_1_518' title='bbox 2587 1154 2884 1206; x_wconf 89' lang='lat' dir='ltr'><strong>recessum,</strong></span> <span class='ocrx_word' id='word_1_519' title='bbox 2913 1156 3037 1196; x_wconf 91' lang='lat' dir='ltr'><strong>cum</strong></span> <span class='ocrx_word' id='word_1_520' title='bbox 3066 1141 3286 1196; x_wconf 87' lang='lat' dir='ltr'><strong>amabili</strong></span> <span class='ocrx_word' id='word_1_521' title='bbox 3316 1140 3598 1211; x_wconf 84' lang='lat' dir='ltr'><strong>ﬂuminum,</strong></span> <span class='ocrx_word' id='word_1_522' title='bbox 3624 1147 3736 1202; x_wconf 83' lang='lat' dir='ltr'><strong>rivo-</strong></span> 
     </span>
    </p>
   </div>
   <div class='ocr_carea' id='block_1_72' title="bbox 2207 1227 3736 1304">
    <p class='ocr_par' dir='ltr' id='par_1_72' title="bbox 2207 1227 3736 1304">
     <span class='ocr_line' id='line_1_72' title="bbox 2207 1227 3736 1304; baseline 0.005 -22"><span class='ocrx_word' id='word_1_523' title='bbox 2207 1242 2350 1293; x_wconf 89' lang='lat' dir='ltr'><strong>rum,</strong></span> <span class='ocrx_word' id='word_1_524' title='bbox 2383 1227 2719 1299; x_wconf 90' lang='lat' dir='ltr'><strong>fontiumque</strong></span> <span class='ocrx_word' id='word_1_525' title='bbox 2751 1229 2940 1300; x_wconf 83' lang='lat' dir='ltr'><strong>cOpia,</strong></span> <span class='ocrx_word' id='word_1_526' title='bbox 2987 1232 3109 1300; x_wconf 90' lang='lat' dir='ltr'><strong>quis</strong></span> <span class='ocrx_word' id='word_1_527' title='bbox 3147 1229 3470 1287; x_wconf 74' lang='lat' dir='ltr'><strong>sufficienter</strong></span> <span class='ocrx_word' id='word_1_528' title='bbox 3505 1234 3736 1304; x_wconf 75' lang='lat' dir='ltr'><strong>explicet?</strong></span> 
     </span>
    </p>
   </div>
   <div class='ocr_carea' id='block_1_73' title="bbox 2207 1317 3732 1394">
    <p class='ocr_par' dir='ltr' id='par_1_73' title="bbox 2207 1317 3732 1394">
     <span class='ocr_line' id='line_1_73' title="bbox 2207 1317 3732 1394; baseline 0.005 -21"><span class='ocrx_word' id='word_1_529' title='bbox 2207 1317 2318 1375; x_wconf 84' lang='lat' dir='ltr'><strong>Nec</strong></span> <span class='ocrx_word' id='word_1_530' title='bbox 2348 1319 2775 1392; x_wconf 63' lang='lat' dir='ltr'><strong>ii&#39;riguifdesunt</strong></span> <span class='ocrx_word' id='word_1_531' title='bbox 2821 1320 2988 1389; x_wconf 90' lang='lat' dir='ltr'><strong>horti,</strong></span> <span class='ocrx_word' id='word_1_532' title='bbox 3035 1321 3476 1394; x_wconf 87' lang='lat' dir='ltr'><strong>diversarumque</strong></span> <span class='ocrx_word' id='word_1_533' title='bbox 3521 1323 3732 1381; x_wconf 86' lang='lat' dir='ltr'><strong>arborum</strong></span> 
     </span>
    </p>
   </div>
   <div class='ocr_carea' id='block_1_74' title="bbox 2207 1411 2537 1468">
    <p class='ocr_par' dir='ltr' id='par_1_74' title="bbox 2207 1411 2537 1468">
     <span class='ocr_line' id='line_1_74' title="bbox 2207 1411 2537 1468; baseline 0 -1"><span class='ocrx_word' id='word_1_534' title='bbox 2207 1411 2480 1468; x_wconf 86' lang='lat' dir='ltr'><strong>fertilitas.</strong></span> <span class='ocrx_word' id='word_1_535' title='bbox 2515 1432 2537 1467; x_wconf 71' lang='grc' dir='ltr'><strong><em>ι</em></strong></span> 
     </span>
    </p>
   </div>
   <div class='ocr_carea' id='block_1_75' title="bbox 2213 1503 3731 1574">
    <p class='ocr_par' dir='ltr' id='par_1_75' title="bbox 2213 1503 3731 1574">
     <span class='ocr_line' id='line_1_75' title="bbox 2213 1503 3731 1574; baseline 0.001 -14"><span class='ocrx_word' id='word_1_536' title='bbox 2213 1534 2220 1547; x_wconf 51' lang='grc'><em>’</em></span> <span class='ocrx_word' id='word_1_537' title='bbox 2275 1506 2364 1560; x_wconf 80' lang='grc'><strong>57.</strong></span> <span class='ocrx_word' id='word_1_538' title='bbox 2419 1503 2614 1560; x_wconf 86' lang='lat' dir='ltr'><strong>Verum</strong></span> <span class='ocrx_word' id='word_1_539' title='bbox 2672 1507 2802 1574; x_wconf 88' lang='lat' dir='ltr'><strong>quid</strong></span> <span class='ocrx_word' id='word_1_540' title='bbox 2866 1519 2951 1560; x_wconf 81' lang='lat' dir='ltr'><strong>nis</strong></span> <span class='ocrx_word' id='word_1_541' title='bbox 3017 1505 3222 1560; x_wconf 88' lang='lat' dir='ltr'><strong>diutius</strong></span> <span class='ocrx_word' id='word_1_542' title='bbox 3287 1505 3576 1562; x_wconf 76' lang='lat' dir='ltr'><strong>immoror?</strong></span> <span class='ocrx_word' id='word_1_543' title='bbox 3640 1507 3731 1562; x_wconf 79' lang='lat' dir='ltr'><strong>Alia</strong></span> 
     </span>
    </p>
   </div>
   <div class='ocr_carea' id='block_1_76' title="bbox 2207 1593 3734 1669">
    <p class='ocr_par' dir='ltr' id='par_1_76' title="bbox 2207 1593 3734 1669">
     <span class='ocr_line' id='line_1_76' title="bbox 2207 1593 3734 1669; baseline 0.005 -23"><span class='ocrx_word' id='word_1_544' title='bbox 2207 1594 2402 1666; x_wconf 85' lang='lat' dir='ltr'><strong>quippe</strong></span> <span class='ocrx_word' id='word_1_545' title='bbox 2431 1602 2557 1650; x_wconf 91' lang='lat' dir='ltr'><strong>sunt</strong></span> <span class='ocrx_word' id='word_1_546' title='bbox 2582 1593 2976 1650; x_wconf 86' lang='lat' dir='ltr'><strong>oblectamenta</strong></span> <span class='ocrx_word' id='word_1_547' title='bbox 3009 1595 3114 1651; x_wconf 89' lang='lat' dir='ltr'><strong>viri</strong></span> <span class='ocrx_word' id='word_1_548' title='bbox 3141 1595 3439 1665; x_wconf 81' lang='lat' dir='ltr'><strong>prudentis,</strong></span> <span class='ocrx_word' id='word_1_549' title='bbox 3461 1597 3670 1669; x_wconf 77' lang='lat' dir='ltr'><strong>gratiora</strong></span> <span class='ocrx_word' id='word_1_550' title='bbox 3693 1608 3734 1653; x_wconf 85' lang='lat' dir='ltr'><strong>et</strong></span> 
     </span>
    </p>
   </div>
   <div class='ocr_carea' id='block_1_77' title="bbox 2209 1685 3733 1756">
    <p class='ocr_par' dir='ltr' id='par_1_77' title="bbox 2209 1685 3733 1756">
     <span class='ocr_line' id='line_1_77' title="bbox 2209 1685 3733 1756; baseline 0.003 -16"><span class='ocrx_word' id='word_1_551' title='bbox 2209 1685 2426 1740; x_wconf 86' lang='lat' dir='ltr'><strong>utiliora</strong></span> <span class='ocrx_word' id='word_1_552' title='bbox 2473 1685 2650 1753; x_wconf 90' lang='lat' dir='ltr'><strong>valde,</strong></span> <span class='ocrx_word' id='word_1_553' title='bbox 2699 1685 2825 1756; x_wconf 87' lang='lat' dir='ltr'><strong>quia</strong></span> <span class='ocrx_word' id='word_1_554' title='bbox 2870 1685 3077 1740; x_wconf 85' lang='lat' dir='ltr'><strong>divina.</strong></span> <span class='ocrx_word' id='word_1_555' title='bbox 3128 1686 3506 1743; x_wconf 79' lang='lat' dir='ltr'><strong>Verumtamen</strong></span> <span class='ocrx_word' id='word_1_556' title='bbox 3551 1689 3733 1744; x_wconf 89' lang='lat' dir='ltr'><strong>arctiori</strong></span> 
     </span>
    </p>
   </div>
   <div class='ocr_carea' id='block_1_78' title="bbox 2203 1777 3732 1850">
    <p class='ocr_par' dir='ltr' id='par_1_78' title="bbox 2203 1777 3732 1850">
     <span class='ocr_line' id='line_1_78' title="bbox 2203 1777 3732 1850; baseline 0.003 -18"><span class='ocrx_word' id='word_1_557' title='bbox 2203 1778 2486 1848; x_wconf 89' lang='lat' dir='ltr'><strong>disciplina</strong></span> <span class='ocrx_word' id='word_1_558' title='bbox 2533 1778 2836 1848; x_wconf 91' lang='lat' dir='ltr'><strong>studiisque</strong></span> <span class='ocrx_word' id='word_1_559' title='bbox 2886 1777 3222 1850; x_wconf 83' lang='lat' dir='ltr'><strong>spiritalibus</strong></span> <span class='ocrx_word' id='word_1_560' title='bbox 3263 1779 3469 1835; x_wconf 87' lang='lat' dir='ltr'><strong>animus</strong></span> <span class='ocrx_word' id='word_1_561' title='bbox 3514 1781 3732 1837; x_wconf 88' lang='lat' dir='ltr'><strong>inﬁrmior</strong></span> 
     </span>
    </p>
   </div>
   <div class='ocr_carea' id='block_1_79' title="bbox 2201 1865 3732 1941">
    <p class='ocr_par' dir='ltr' id='par_1_79' title="bbox 2201 1865 3732 1941">
     <span class='ocr_line' id='line_1_79' title="bbox 2201 1865 3732 1941; baseline 0.001 -19"><span class='ocrx_word' id='word_1_562' title='bbox 2201 1869 2458 1941; x_wconf 85' lang='lat' dir='ltr'><strong>fatigatus</strong></span> <span class='ocrx_word' id='word_1_563' title='bbox 2481 1909 2497 1935; x_wconf 96' lang='lat'><strong>,</strong></span> <span class='ocrx_word' id='word_1_564' title='bbox 2527 1869 2725 1938; x_wconf 67' lang='lat' dir='ltr'><strong>saepius</strong></span> <span class='ocrx_word' id='word_1_565' title='bbox 2771 1867 2855 1922; x_wconf 90' lang='lat' dir='ltr'><strong>his</strong></span> <span class='ocrx_word' id='word_1_566' title='bbox 2889 1865 3166 1923; x_wconf 89' lang='lat' dir='ltr'><strong>relcvatur</strong></span> <span class='ocrx_word' id='word_1_567' title='bbox 3208 1883 3273 1924; x_wconf 86' lang='lat' dir='ltr'><strong>ac</strong></span> <span class='ocrx_word' id='word_1_568' title='bbox 3319 1868 3557 1939; x_wconf 88' lang='lat' dir='ltr'><strong>respirat.</strong></span> <span class='ocrx_word' id='word_1_569' title='bbox 3595 1869 3732 1924; x_wconf 78' lang='lat' dir='ltr'><strong>Arcus</strong></span> 
     </span>
    </p>
   </div>
   <div class='ocr_carea' id='block_1_80' title="bbox 2201 1960 3725 2029">
    <p class='ocr_par' dir='ltr' id='par_1_80' title="bbox 2201 1960 3725 2029">
     <span class='ocr_line' id='line_1_80' title="bbox 2201 1960 3725 2029; baseline -0.001 -11"><span class='ocrx_word' id='word_1_570' title='bbox 2201 1964 2367 2029; x_wconf 91' lang='lat' dir='ltr'><strong>enim,</strong></span> <span class='ocrx_word' id='word_1_571' title='bbox 2399 1964 2445 2019; x_wconf 92' lang='lat' dir='ltr'><strong>si</strong></span> <span class='ocrx_word' id='word_1_572' title='bbox 2471 1963 2688 2018; x_wconf 91' lang='lat' dir='ltr'><strong>assidue</strong></span> <span class='ocrx_word' id='word_1_573' title='bbox 2724 1969 2794 2018; x_wconf 76' lang='lat' dir='ltr'><strong>snt</strong></span> <span class='ocrx_word' id='word_1_574' title='bbox 2846 1969 3050 2028; x_wconf 90' lang='lat' dir='ltr'><strong>tensus,</strong></span> <span class='ocrx_word' id='word_1_575' title='bbox 3099 1960 3378 2016; x_wconf 86' lang='lat' dir='ltr'><strong>remissior</strong></span> <span class='ocrx_word' id='word_1_576' title='bbox 3420 1971 3517 2028; x_wconf 87' lang='lat' dir='ltr'><strong>est,</strong></span> <span class='ocrx_word' id='word_1_577' title='bbox 3559 1970 3607 2018; x_wconf 91' lang='lat' dir='ltr'><strong>et</strong></span> <span class='ocrx_word' id='word_1_578' title='bbox 3642 1963 3725 2016; x_wconf 86' lang='lat' dir='ltr'><strong>mi-</strong></span> 
     </span>
    </p>
   </div>
   <div class='ocr_carea' id='block_1_81' title="bbox 2202 2049 3728 2122">
    <p class='ocr_par' dir='ltr' id='par_1_81' title="bbox 2202 2049 3728 2122">
     <span class='ocr_line' id='line_1_81' title="bbox 2202 2049 3728 2122; baseline -0.003 -14"><span class='ocrx_word' id='word_1_579' title='bbox 2202 2069 2303 2109; x_wconf 91' lang='lat' dir='ltr'><strong>nus</strong></span> <span class='ocrx_word' id='word_1_580' title='bbox 2332 2053 2398 2108; x_wconf 90' lang='lat' dir='ltr'><strong>ad</strong></span> <span class='ocrx_word' id='word_1_581' title='bbox 2448 2051 2679 2108; x_wconf 79' lang='lat' dir='ltr'><strong>ofﬁcium</strong></span> <span class='ocrx_word' id='word_1_582' title='bbox 2727 2059 2904 2122; x_wconf 87' lang='lat' dir='ltr'><strong>aptus.</strong></span> <span class='ocrx_word' id='word_1_583' title='bbox 2951 2049 3090 2118; x_wconf 86' lang='lat' dir='ltr'><strong>Quid</strong></span> <span class='ocrx_word' id='word_1_584' title='bbox 3143 2063 3276 2104; x_wconf 91' lang='lat' dir='ltr'><strong>vero</strong></span> <span class='ocrx_word' id='word_1_585' title='bbox 3321 2049 3538 2105; x_wconf 90' lang='lat' dir='ltr'><strong>solitudo</strong></span> <span class='ocrx_word' id='word_1_586' title='bbox 3566 2051 3728 2107; x_wconf 88' lang='lat' dir='ltr'><strong>eremi-</strong></span> 
     </span>
    </p>
   </div>
   <div class='ocr_carea' id='block_1_82' title="bbox 2201 2140 3730 2217">
    <p class='ocr_par' dir='ltr' id='par_1_82' title="bbox 2201 2140 3730 2217">
     <span class='ocr_line' id='line_1_82' title="bbox 2201 2140 3730 2217; baseline -0.001 -18"><span class='ocrx_word' id='word_1_587' title='bbox 2201 2162 2306 2217; x_wconf 92' lang='lat' dir='ltr'><strong>que</strong></span> <span class='ocrx_word' id='word_1_588' title='bbox 2334 2145 2608 2202; x_wconf 90' lang='lat' dir='ltr'><strong>silentium</strong></span> <span class='ocrx_word' id='word_1_589' title='bbox 2636 2144 2970 2199; x_wconf 87' lang='lat' dir='ltr'><strong>amatoribus</strong></span> <span class='ocrx_word' id='word_1_590' title='bbox 2992 2143 3106 2198; x_wconf 89' lang='lat' dir='ltr'><strong>suis</strong></span> <span class='ocrx_word' id='word_1_591' title='bbox 3133 2141 3379 2198; x_wconf 89' lang='lat' dir='ltr'><strong>utilitatis</strong></span> <span class='ocrx_word' id='word_1_592' title='bbox 3399 2140 3730 2212; x_wconf 88' lang='lat' dir='ltr'><strong>jucunditatis-</strong></span> 
     </span>
    </p>
   </div>
   <div class='ocr_carea' id='block_1_83' title="bbox 2199 2232 3726 2306">
    <p class='ocr_par' dir='ltr' id='par_1_83' title="bbox 2199 2232 3726 2306">
     <span class='ocr_line' id='line_1_83' title="bbox 2199 2232 3726 2306; baseline -0.005 -15"><span class='ocrx_word' id='word_1_593' title='bbox 2199 2251 2304 2306; x_wconf 91' lang='lat' dir='ltr'><strong>que</strong></span> <span class='ocrx_word' id='word_1_594' title='bbox 2335 2236 2605 2302; x_wconf 88' lang='lat' dir='ltr'><strong>conferat,</strong></span> <span class='ocrx_word' id='word_1_595' title='bbox 2636 2243 2836 2291; x_wconf 91' lang='lat' dir='ltr'><strong>norunt</strong></span> <span class='ocrx_word' id='word_1_596' title='bbox 2880 2233 2936 2289; x_wconf 88' lang='lat' dir='ltr'><strong>bi</strong></span> <span class='ocrx_word' id='word_1_597' title='bbox 2991 2232 3191 2298; x_wconf 91' lang='lat' dir='ltr'><strong>solum,</strong></span> <span class='ocrx_word' id='word_1_598' title='bbox 3247 2233 3338 2302; x_wconf 90' lang='lat' dir='ltr'><strong>qui</strong></span> <span class='ocrx_word' id='word_1_599' title='bbox 3382 2233 3576 2303; x_wconf 76' lang='lat' dir='ltr'><strong>experti</strong></span> <span class='ocrx_word' id='word_1_600' title='bbox 3614 2240 3726 2288; x_wconf 86' lang='lat' dir='ltr'><strong>sunt.</strong></span> 
     </span>
    </p>
   </div>
   <div class='ocr_carea' id='block_1_84' title="bbox 2200 2320 3740 2397">
    <p class='ocr_par' dir='ltr' id='par_1_84' title="bbox 2200 2320 3740 2397">
     <span class='ocr_line' id='line_1_84' title="bbox 2200 2320 3740 2397; baseline -0.005 -15"><span class='ocrx_word' id='word_1_601' title='bbox 2200 2326 2300 2382; x_wconf 88' lang='lat' dir='ltr'><strong>llic</strong></span> <span class='ocrx_word' id='word_1_602' title='bbox 2328 2341 2562 2397; x_wconf 89' lang='lat' dir='ltr'><strong>namque</strong></span> <span class='ocrx_word' id='word_1_603' title='bbox 2591 2325 2724 2380; x_wconf 85' lang='lat' dir='ltr'><strong>viris</strong></span> <span class='ocrx_word' id='word_1_604' title='bbox 2753 2323 2994 2380; x_wconf 89' lang='lat' dir='ltr'><strong>strenuis</strong></span> <span class='ocrx_word' id='word_1_605' title='bbox 3040 2332 3150 2378; x_wconf 91' lang='lat' dir='ltr'><strong>tam</strong></span> <span class='ocrx_word' id='word_1_606' title='bbox 3201 2323 3254 2377; x_wconf 92' lang='lat' dir='ltr'><strong>in</strong></span> <span class='ocrx_word' id='word_1_607' title='bbox 3312 2337 3370 2378; x_wconf 87' lang='lat' dir='ltr'><strong>se</strong></span> <span class='ocrx_word' id='word_1_608' title='bbox 3410 2321 3572 2378; x_wconf 87' lang='lat' dir='ltr'><strong>redire</strong></span> <span class='ocrx_word' id='word_1_609' title='bbox 3610 2320 3740 2384; x_wconf 65' lang='lat' dir='ltr'><strong>licet,</strong></span> 
     </span>
    </p>
   </div>
   <div class='ocr_carea' id='block_1_85' title="bbox 2199 2412 3740 2490">
    <p class='ocr_par' dir='ltr' id='par_1_85' title="bbox 2199 2412 3740 2490">
     <span class='ocr_line' id='line_1_85' title="bbox 2199 2412 3740 2490; baseline -0.006 -18"><span class='ocrx_word' id='word_1_610' title='bbox 2199 2435 2360 2490; x_wconf 90' lang='lat' dir='ltr'><strong>quam</strong></span> <span class='ocrx_word' id='word_1_611' title='bbox 2393 2419 2542 2484; x_wconf 85' lang='lat' dir='ltr'><strong>libet,</strong></span> <span class='ocrx_word' id='word_1_612' title='bbox 2575 2427 2628 2475; x_wconf 90' lang='lat' dir='ltr'><strong>et</strong></span> <span class='ocrx_word' id='word_1_613' title='bbox 2658 2418 2906 2474; x_wconf 87' lang='lat' dir='ltr'><strong>habitare</strong></span> <span class='ocrx_word' id='word_1_614' title='bbox 2926 2430 3133 2481; x_wconf 89' lang='lat' dir='ltr'><strong>secum,</strong></span> <span class='ocrx_word' id='word_1_615' title='bbox 3159 2415 3514 2482; x_wconf 87' lang='lat' dir='ltr'><strong>virtutumque</strong></span> <span class='ocrx_word' id='word_1_616' title='bbox 3534 2412 3740 2484; x_wconf 78' lang='lat' dir='ltr'><strong>gemina-</strong></span> 
     </span>
    </p>
   </div>
   <div class='ocr_carea' id='block_1_86' title="bbox 2200 2503 3721 2580">
    <p class='ocr_par' dir='ltr' id='par_1_86' title="bbox 2200 2503 3721 2580">
     <span class='ocr_line' id='line_1_86' title="bbox 2200 2503 3721 2580; baseline -0.007 -13"><span class='ocrx_word' id='word_1_617' title='bbox 2200 2513 2466 2568; x_wconf 89' lang='lat' dir='ltr'><strong>instanter</strong></span> <span class='ocrx_word' id='word_1_618' title='bbox 2489 2511 2760 2576; x_wconf 78' lang='lat' dir='ltr'><strong>excolere,</strong></span> <span class='ocrx_word' id='word_1_619' title='bbox 2783 2521 2944 2580; x_wconf 88' lang='lat' dir='ltr'><strong>atque</strong></span> <span class='ocrx_word' id='word_1_620' title='bbox 2965 2509 3033 2563; x_wconf 91' lang='lat' dir='ltr'><strong>de</strong></span> <span class='ocrx_word' id='word_1_621' title='bbox 3063 2507 3304 2580; x_wconf 88' lang='lat' dir='ltr'><strong>paradisi</strong></span> <span class='ocrx_word' id='word_1_622' title='bbox 3336 2505 3551 2562; x_wconf 86' lang='lat' dir='ltr'><strong>feliciter</strong></span> <span class='ocrx_word' id='word_1_623' title='bbox 3568 2503 3721 2560; x_wconf 89' lang='lat' dir='ltr'><strong>fructi-</strong></span> 
     </span>
    </p>
   </div>
   <div class='ocr_carea' id='block_1_87' title="bbox 2199 2594 3723 2670">
    <p class='ocr_par' dir='ltr' id='par_1_87' title="bbox 2199 2594 3723 2670">
     <span class='ocr_line' id='line_1_87' title="bbox 2199 2594 3723 2670; baseline -0.009 -12"><span class='ocrx_word' id='word_1_624' title='bbox 2199 2604 2298 2660; x_wconf 92' lang='lat' dir='ltr'><strong>bus</strong></span> <span class='ocrx_word' id='word_1_625' title='bbox 2333 2605 2432 2659; x_wconf 92' lang='lat' dir='ltr'><strong>uti.</strong></span> <span class='ocrx_word' id='word_1_626' title='bbox 2477 2603 2576 2658; x_wconf 80' lang='lat' dir='ltr'><strong>l-lic</strong></span> <span class='ocrx_word' id='word_1_627' title='bbox 2629 2602 2821 2659; x_wconf 89' lang='lat' dir='ltr'><strong>oculus</strong></span> <span class='ocrx_word' id='word_1_628' title='bbox 2860 2602 2947 2656; x_wconf 90' lang='lat' dir='ltr'><strong>ille</strong></span> <span class='ocrx_word' id='word_1_629' title='bbox 2976 2599 3338 2670; x_wconf 87' lang='lat' dir='ltr'><strong>conquiritur,</strong></span> <span class='ocrx_word' id='word_1_630' title='bbox 3388 2594 3532 2668; x_wconf 83' lang='lat' dir='ltr'><strong>cujus</strong></span> <span class='ocrx_word' id='word_1_631' title='bbox 3570 2608 3723 2650; x_wconf 87' lang='lat' dir='ltr'><strong>sereno</strong></span> 
     </span>
    </p>
   </div>
   <div class='ocr_carea' id='block_1_88' title="bbox 2199 2685 3724 2764">
    <p class='ocr_par' dir='ltr' id='par_1_88' title="bbox 2199 2685 3724 2764">
     <span class='ocr_line' id='line_1_88' title="bbox 2199 2685 3724 2764; baseline -0.01 -14"><span class='ocrx_word' id='word_1_632' title='bbox 2199 2695 2395 2750; x_wconf 90' lang='lat' dir='ltr'><strong>intuitu</strong></span> <span class='ocrx_word' id='word_1_633' title='bbox 2434 2696 2756 2750; x_wconf 88' lang='lat' dir='ltr'><strong>vulneratur</strong></span> <span class='ocrx_word' id='word_1_634' title='bbox 2801 2707 3032 2764; x_wconf 89' lang='lat' dir='ltr'><strong>sponsus</strong></span> <span class='ocrx_word' id='word_1_635' title='bbox 3076 2705 3286 2753; x_wconf 89' lang='lat' dir='ltr'><strong>amore,</strong></span> <span class='ocrx_word' id='word_1_636' title='bbox 3333 2703 3435 2758; x_wconf 89' lang='lat' dir='ltr'><strong>quo</strong></span> <span class='ocrx_word' id='word_1_637' title='bbox 3479 2685 3650 2740; x_wconf 87' lang='lat' dir='ltr'><strong>mundo</strong></span> <span class='ocrx_word' id='word_1_638' title='bbox 3685 2691 3724 2736; x_wconf 90' lang='lat' dir='ltr'><strong>et</strong></span> 
     </span>
    </p>
   </div>
   <div class='ocr_carea' id='block_1_89' title="bbox 2198 2775 3727 2855">
    <p class='ocr_par' dir='ltr' id='par_1_89' title="bbox 2198 2775 3727 2855">
     <span class='ocr_line' id='line_1_89' title="bbox 2198 2775 3727 2855; baseline -0.008 -17"><span class='ocrx_word' id='word_1_639' title='bbox 2198 2800 2332 2855; x_wconf 91' lang='lat' dir='ltr'><strong>puro</strong></span> <span class='ocrx_word' id='word_1_640' title='bbox 2353 2785 2684 2855; x_wconf 88' lang='lat' dir='ltr'><strong>conspicitur</strong></span> <span class='ocrx_word' id='word_1_641' title='bbox 2709 2785 2866 2839; x_wconf 90' lang='lat' dir='ltr'><strong>Deus.</strong></span> <span class='ocrx_word' id='word_1_642' title='bbox 2897 2783 2994 2838; x_wconf 85' lang='lat' dir='ltr'><strong>llic</strong></span> <span class='ocrx_word' id='word_1_643' title='bbox 3015 2781 3188 2836; x_wconf 87' lang='lat' dir='ltr'><strong>otium</strong></span> <span class='ocrx_word' id='word_1_644' title='bbox 3220 2779 3514 2836; x_wconf 87' lang='lat' dir='ltr'><strong>celebratur</strong></span> <span class='ocrx_word' id='word_1_645' title='bbox 3533 2775 3727 2846; x_wconf 76' lang='lat' dir='ltr'><strong>negotio-</strong></span> 
     </span>
    </p>
   </div>
   <div class='ocr_carea' id='block_1_90' title="bbox 2198 2869 3728 2947">
    <p class='ocr_par' dir='ltr' id='par_1_90' title="bbox 2198 2869 3728 2947">
     <span class='ocr_line' id='line_1_90' title="bbox 2198 2869 3728 2947; baseline -0.011 -15"><span class='ocrx_word' id='word_1_646' title='bbox 2198 2894 2338 2942; x_wconf 89' lang='lat' dir='ltr'><strong>sum,</strong></span> <span class='ocrx_word' id='word_1_647' title='bbox 2372 2889 2427 2932; x_wconf 89' lang='lat' dir='ltr'><strong>et</strong></span> <span class='ocrx_word' id='word_1_648' title='bbox 2457 2878 2509 2931; x_wconf 93' lang='lat' dir='ltr'><strong>in</strong></span> <span class='ocrx_word' id='word_1_649' title='bbox 2553 2878 2735 2947; x_wconf 89' lang='lat' dir='ltr'><strong>quieta</strong></span> <span class='ocrx_word' id='word_1_650' title='bbox 2762 2885 3021 2946; x_wconf 88' lang='lat' dir='ltr'><strong>pausatur</strong></span> <span class='ocrx_word' id='word_1_651' title='bbox 3067 2875 3304 2928; x_wconf 88' lang='lat' dir='ltr'><strong>actione.</strong></span> <span class='ocrx_word' id='word_1_652' title='bbox 3343 2869 3436 2924; x_wconf 85' lang='lat' dir='ltr'><strong>llic</strong></span> <span class='ocrx_word' id='word_1_653' title='bbox 3469 2883 3557 2938; x_wconf 91' lang='lat' dir='ltr'><strong>pro</strong></span> <span class='ocrx_word' id='word_1_654' title='bbox 3590 2873 3728 2921; x_wconf 85' lang='lat' dir='ltr'><strong>certa-</strong></span> 
     </span>
    </p>
   </div>
   <div class='ocr_carea' id='block_1_91' title="bbox 2201 2955 3722 3042">
    <p class='ocr_par' dir='ltr' id='par_1_91' title="bbox 2201 2955 3722 3042">
     <span class='ocr_line' id='line_1_91' title="bbox 2201 2955 3722 3042; baseline -0.011 -21"><span class='ocrx_word' id='word_1_655' title='bbox 2201 2967 2363 3022; x_wconf 90' lang='lat' dir='ltr'><strong>minis</strong></span> <span class='ocrx_word' id='word_1_656' title='bbox 2400 2967 2584 3022; x_wconf 90' lang='lat' dir='ltr'><strong>laborc</strong></span> <span class='ocrx_word' id='word_1_657' title='bbox 2616 2975 2868 3042; x_wconf 73' lang='lat' dir='ltr'><strong>repensat</strong></span> <span class='ocrx_word' id='word_1_658' title='bbox 2890 2966 3032 3021; x_wconf 92' lang='lat' dir='ltr'><strong>Deus</strong></span> <span class='ocrx_word' id='word_1_659' title='bbox 3061 2963 3286 3019; x_wconf 88' lang='lat' dir='ltr'><strong>athletis</strong></span> <span class='ocrx_word' id='word_1_660' title='bbox 3321 2963 3430 3017; x_wconf 92' lang='lat' dir='ltr'><strong>suis</strong></span> <span class='ocrx_word' id='word_1_661' title='bbox 3473 2955 3722 3013; x_wconf 86' lang='lat' dir='ltr'><strong>mercedem</strong></span> 
     </span>
    </p>
   </div>
   <div class='ocr_carea' id='block_1_92' title="bbox 2199 3047 3732 3132">
    <p class='ocr_par' dir='ltr' id='par_1_92' title="bbox 2199 3047 3732 3132">
     <span class='ocr_line' id='line_1_92' title="bbox 2199 3047 3732 3132; baseline -0.011 -18"><span class='ocrx_word' id='word_1_662' title='bbox 2199 3071 2459 3130; x_wconf 90' lang='lat' dir='ltr'><strong>optatam,</strong></span> <span class='ocrx_word' id='word_1_663' title='bbox 2491 3075 2677 3132; x_wconf 81' lang='lat' dir='ltr'><strong>pacem</strong></span> <span class='ocrx_word' id='word_1_664' title='bbox 2712 3059 2982 3123; x_wconf 89' lang='lat' dir='ltr'><strong>videlicet,</strong></span> <span class='ocrx_word' id='word_1_665' title='bbox 3013 3072 3177 3128; x_wconf 91' lang='lat' dir='ltr'><strong>quam</strong></span> <span class='ocrx_word' id='word_1_666' title='bbox 3223 3056 3428 3127; x_wconf 78' lang='lat' dir='ltr'><strong>ignorat</strong></span> <span class='ocrx_word' id='word_1_667' title='bbox 3469 3047 3732 3105; x_wconf 79' lang='lat' dir='ltr'><strong>munduset</strong></span> 
     </span>
    </p>
   </div>
   <div class='ocr_carea' id='block_1_93' title="bbox 2199 3135 3725 3230">
    <p class='ocr_par' dir='ltr' id='par_1_93' title="bbox 2199 3135 3725 3230">
     <span class='ocr_line' id='line_1_93' title="bbox 2199 3135 3725 3230; baseline -0.013 -25"><span class='ocrx_word' id='word_1_668' title='bbox 2199 3153 2450 3222; x_wconf 79' lang='lat' dir='ltr'><strong>gaudium</strong></span> <span class='ocrx_word' id='word_1_669' title='bbox 2480 3153 2533 3206; x_wconf 93' lang='lat' dir='ltr'><strong>in</strong></span> <span class='ocrx_word' id='word_1_670' title='bbox 2571 3149 2774 3222; x_wconf 88' lang='lat' dir='ltr'><strong>Spiritu</strong></span> <span class='ocrx_word' id='word_1_671' title='bbox 2804 3159 3012 3204; x_wconf 89' lang='lat' dir='ltr'><strong>sancto.</strong></span> <span class='ocrx_word' id='word_1_672' title='bbox 3046 3147 3171 3202; x_wconf 69' lang='lat' dir='ltr'><strong>llaec</strong></span> <span class='ocrx_word' id='word_1_673' title='bbox 3203 3155 3285 3202; x_wconf 89' lang='lat' dir='ltr'><strong>est</strong></span> <span class='ocrx_word' id='word_1_674' title='bbox 3314 3144 3397 3199; x_wconf 90' lang='lat' dir='ltr'><strong>illa</strong></span> <span class='ocrx_word' id='word_1_675' title='bbox 3421 3138 3606 3230; x_wconf 30' lang='lat' dir='ltr'><strong>’Rachel</strong></span> <span class='ocrx_word' id='word_1_676' title='bbox 3634 3135 3725 3230; x_wconf 80' lang='lat' dir='ltr'><strong>for-</strong></span> 
     </span>
    </p>
   </div>
   <div class='ocr_carea' id='block_1_94' title="bbox 2201 3228 3724 3312">
    <p class='ocr_par' dir='ltr' id='par_1_94' title="bbox 2201 3228 3724 3312">
     <span class='ocr_line' id='line_1_94' title="bbox 2201 3228 3724 3312; baseline -0.006 -16"><span class='ocrx_word' id='word_1_677' title='bbox 2201 3258 2370 3306; x_wconf 87' lang='lat' dir='ltr'><strong>mosa,</strong></span> <span class='ocrx_word' id='word_1_678' title='bbox 2409 3242 2628 3312; x_wconf 91' lang='lat' dir='ltr'><strong>pulchra</strong></span> <span class='ocrx_word' id='word_1_679' title='bbox 2674 3248 2912 3310; x_wconf 88' lang='lat' dir='ltr'><strong>aspectu.</strong></span> <span class='ocrx_word' id='word_1_680' title='bbox 2960 3254 2990 3294; x_wconf 88' lang='lat' dir='ltr'><strong>a</strong></span> <span class='ocrx_word' id='word_1_681' title='bbox 3017 3237 3185 3294; x_wconf 89' lang='lat' dir='ltr'><strong>Jacob</strong></span> <span class='ocrx_word' id='word_1_682' title='bbox 3209 3237 3330 3308; x_wconf 92' lang='lat' dir='ltr'><strong>plus</strong></span> <span class='ocrx_word' id='word_1_683' title='bbox 3357 3228 3554 3295; x_wconf 83' lang='lat' dir='ltr'><strong>dilecta,</strong></span> <span class='ocrx_word' id='word_1_684' title='bbox 3583 3228 3724 3283; x_wconf 75' lang='lat' dir='ltr'><strong>minus</strong></span> 
     </span>
    </p>
   </div>
   <div class='ocr_carea' id='block_1_95' title="bbox 2201 3321 3728 3402">
    <p class='ocr_par' dir='ltr' id='par_1_95' title="bbox 2201 3321 3728 3402">
     <span class='ocr_line' id='line_1_95' title="bbox 2201 3321 3728 3402; baseline -0.012 -13"><span class='ocrx_word' id='word_1_685' title='bbox 2201 3335 2430 3390; x_wconf 86' lang='lat' dir='ltr'><strong>filiorum</strong></span> <span class='ocrx_word' id='word_1_686' title='bbox 2458 3334 2626 3394; x_wconf 81' lang='lat' dir='ltr'><strong>ferax.</strong></span> <span class='ocrx_word' id='word_1_687' title='bbox 2661 3348 2818 3402; x_wconf 89' lang='lat' dir='ltr'><strong>quam</strong></span> <span class='ocrx_word' id='word_1_688' title='bbox 2857 3331 2950 3386; x_wconf 80' lang='lat' dir='ltr'><strong>Lia</strong></span> <span class='ocrx_word' id='word_1_689' title='bbox 2983 3330 3286 3392; x_wconf 87' lang='lat' dir='ltr'><strong>fecundior,</strong></span> <span class='ocrx_word' id='word_1_690' title='bbox 3317 3326 3409 3384; x_wconf 88' lang='lat' dir='ltr'><strong>sed</strong></span> <span class='ocrx_word' id='word_1_691' title='bbox 3447 3325 3592 3395; x_wconf 88' lang='lat' dir='ltr'><strong>lippa.</strong></span> <span class='ocrx_word' id='word_1_692' title='bbox 3618 3321 3728 3375; x_wconf 84' lang='lat' dir='ltr'><strong>Pau-</strong></span> 
     </span>
    </p>
   </div>
   <div class='ocr_carea' id='block_1_96' title="bbox 2200 3410 3723 3493">
    <p class='ocr_par' dir='ltr' id='par_1_96' title="bbox 2200 3410 3723 3493">
     <span class='ocr_line' id='line_1_96' title="bbox 2200 3410 3723 3493; baseline -0.011 -12"><span class='ocrx_word' id='word_1_693' title='bbox 2200 3427 2376 3482; x_wconf 71' lang='lat' dir='ltr'><strong>cinrcs</strong></span> <span class='ocrx_word' id='word_1_694' title='bbox 2405 3427 2546 3480; x_wconf 90' lang='lat' dir='ltr'><strong>enim</strong></span> <span class='ocrx_word' id='word_1_695' title='bbox 2574 3423 3212 3493; x_wconf 88' lang='lat' dir='ltr'><strong>suntcontemplationis,</strong></span> <span class='ocrx_word' id='word_1_696' title='bbox 3241 3415 3617 3492; x_wconf 80' lang='lat' dir='ltr'><strong>quamactionis</strong></span> <span class='ocrx_word' id='word_1_697' title='bbox 3637 3410 3723 3464; x_wconf 75' lang='lat' dir='ltr'><strong>(iiii.</strong></span> 
     </span>
    </p>
   </div>
   <div class='ocr_carea' id='block_1_97' title="bbox 2204 3507 3727 3592">
    <p class='ocr_par' dir='ltr' id='par_1_97' title="bbox 2204 3507 3727 3592">
     <span class='ocr_line' id='line_1_97' title="bbox 2204 3507 3727 3592; baseline -0.009 -15"><span class='ocrx_word' id='word_1_698' title='bbox 2204 3523 2585 3578; x_wconf 81' lang='lat' dir='ltr'><strong>Verumtamen</strong></span> <span class='ocrx_word' id='word_1_699' title='bbox 2630 3521 2828 3592; x_wconf 84' lang='lat' dir='ltr'><strong>Joseph</strong></span> <span class='ocrx_word' id='word_1_700' title='bbox 2865 3532 2918 3579; x_wconf 91' lang='lat' dir='ltr'><strong>ct</strong></span> <span class='ocrx_word' id='word_1_701' title='bbox 2963 3522 3242 3588; x_wconf 88' lang='lat' dir='ltr'><strong>Benjamin</strong></span> <span class='ocrx_word' id='word_1_702' title='bbox 3278 3520 3393 3592; x_wconf 86' lang='lat' dir='ltr'><strong>plus</strong></span> <span class='ocrx_word' id='word_1_703' title='bbox 3421 3524 3534 3572; x_wconf 89' lang='lat' dir='ltr'><strong>sunt</strong></span> <span class='ocrx_word' id='word_1_704' title='bbox 3560 3507 3727 3568; x_wconf 70' lang='lat' dir='ltr'><strong>ueteris</strong></span> 
     </span>
    </p>
   </div>
   <div class='ocr_carea' id='block_1_98' title="bbox 2200 3607 3726 3682">
    <p class='ocr_par' dir='ltr' id='par_1_98' title="bbox 2200 3607 3726 3682">
     <span class='ocr_line' id='line_1_98' title="bbox 2200 3607 3726 3682; baseline -0.005 -16"><span class='ocrx_word' id='word_1_705' title='bbox 2200 3613 2458 3668; x_wconf 89' lang='lat' dir='ltr'><strong>fratribus</strong></span> <span class='ocrx_word' id='word_1_706' title='bbox 2485 3629 2514 3665; x_wconf 94' lang='lat' dir='ltr'><strong>a</strong></span> <span class='ocrx_word' id='word_1_707' title='bbox 2547 3623 2697 3682; x_wconf 88' lang='lat' dir='ltr'><strong>patre</strong></span> <span class='ocrx_word' id='word_1_708' title='bbox 2721 3613 2923 3666; x_wconf 86' lang='lat' dir='ltr'><strong>dilecti.</strong></span> <span class='ocrx_word' id='word_1_709' title='bbox 2948 3612 3071 3667; x_wconf 72' lang='lat' dir='ltr'><strong>[hcc</strong></span> <span class='ocrx_word' id='word_1_710' title='bbox 3094 3627 3224 3681; x_wconf 89' lang='lat' dir='ltr'><strong>pars</strong></span> <span class='ocrx_word' id='word_1_711' title='bbox 3255 3611 3341 3664; x_wconf 91' lang='lat' dir='ltr'><strong>illa</strong></span> <span class='ocrx_word' id='word_1_712' title='bbox 3369 3607 3574 3677; x_wconf 85' lang='lat' dir='ltr'><strong>optima,</strong></span> <span class='ocrx_word' id='word_1_713' title='bbox 3600 3611 3726 3670; x_wconf 71' lang='lat' dir='ltr'><strong>qua!&quot;</strong></span> 
     </span>
    </p>
   </div>
   <div class='ocr_carea' id='block_1_99' title="bbox 2200 3686 3725 3776">
    <p class='ocr_par' dir='ltr' id='par_1_99' title="bbox 2200 3686 3725 3776">
     <span class='ocr_line' id='line_1_99' title="bbox 2200 3686 3725 3776; baseline -0.014 -16"><span class='ocrx_word' id='word_1_714' title='bbox 2200 3705 2368 3760; x_wconf 85' lang='lat' dir='ltr'><strong>Maria</strong></span> <span class='ocrx_word' id='word_1_715' title='bbox 2398 3705 2577 3774; x_wconf 87' lang='lat' dir='ltr'><strong>elegit,</strong></span> <span class='ocrx_word' id='word_1_716' title='bbox 2608 3722 2727 3776; x_wconf 77' lang='lat' dir='ltr'><strong>qua:</strong></span> <span class='ocrx_word' id='word_1_717' title='bbox 2749 3720 2852 3758; x_wconf 88' lang='lat' dir='ltr'><strong>non</strong></span> <span class='ocrx_word' id='word_1_718' title='bbox 2877 3705 3172 3759; x_wconf 82' lang='lat' dir='ltr'><strong>auferetur.</strong></span> <span class='ocrx_word' id='word_1_719' title='bbox 3206 3704 3330 3758; x_wconf 78' lang='lat' dir='ltr'><strong>[hec</strong></span> <span class='ocrx_word' id='word_1_720' title='bbox 3353 3695 3622 3757; x_wconf 81' lang='lat' dir='ltr'><strong>Sunamttis</strong></span> <span class='ocrx_word' id='word_1_721' title='bbox 3639 3686 3725 3760; x_wconf 89' lang='lat' dir='ltr'><strong>pul-</strong></span> 
     </span>
    </p>
   </div>
   <div class='ocr_carea' id='block_1_100' title="bbox 2199 3793 3724 3860">
    <p class='ocr_par' dir='ltr' id='par_1_100' title="bbox 2199 3793 3724 3860">
     <span class='ocr_line' id='line_1_100' title="bbox 2199 3793 3724 3860; baseline -0.009 -9"><span class='ocrx_word' id='word_1_722' title='bbox 2199 3797 2468 3851; x_wconf 88' lang='lat' dir='ltr'><strong>cherrima</strong></span> <span class='ocrx_word' id='word_1_723' title='bbox 2491 3795 2602 3849; x_wconf 87' lang='lat' dir='ltr'><strong>sola</strong></span> <span class='ocrx_word' id='word_1_724' title='bbox 2630 3796 2682 3849; x_wconf 91' lang='lat' dir='ltr'><strong>in</strong></span> <span class='ocrx_word' id='word_1_725' title='bbox 2712 3795 2961 3850; x_wconf 90' lang='lat' dir='ltr'><strong>omnibus</strong></span> <span class='ocrx_word' id='word_1_726' title='bbox 2992 3795 3192 3850; x_wconf 87' lang='lat' dir='ltr'><strong>ﬁnibus</strong></span> <span class='ocrx_word' id='word_1_727' title='bbox 3218 3793 3376 3849; x_wconf 89' lang='lat' dir='ltr'><strong>Israel</strong></span> <span class='ocrx_word' id='word_1_728' title='bbox 3399 3795 3610 3860; x_wconf 84' lang='lat' dir='ltr'><strong>reperta,</strong></span> <span class='ocrx_word' id='word_1_729' title='bbox 3630 3794 3724 3850; x_wconf 63' lang='lat' dir='ltr'><strong>qum</strong></span> 
     </span>
    </p>
   </div>
   <div class='ocr_carea' id='block_1_101' title="bbox 2201 3876 3730 3972">
    <p class='ocr_par' dir='ltr' id='par_1_101' title="bbox 2201 3876 3730 3972">
     <span class='ocr_line' id='line_1_101' title="bbox 2201 3876 3730 3972; baseline -0.012 -25"><span class='ocrx_word' id='word_1_730' title='bbox 2201 3892 2367 3947; x_wconf 86' lang='lat' dir='ltr'><strong>David</strong></span> <span class='ocrx_word' id='word_1_731' title='bbox 2399 3889 2604 3944; x_wconf 86' lang='lat' dir='ltr'><strong>foveret</strong></span> <span class='ocrx_word' id='word_1_732' title='bbox 2639 3905 2824 3946; x_wconf 90' lang='lat' dir='ltr'><strong>senem</strong></span> <span class='ocrx_word' id='word_1_733' title='bbox 2863 3898 2918 3944; x_wconf 91' lang='lat' dir='ltr'><strong>et</strong></span> <span class='ocrx_word' id='word_1_734' title='bbox 2948 3889 3295 3944; x_wconf 86' lang='lat' dir='ltr'><strong>calefaceret.</strong></span> <span class='ocrx_word' id='word_1_735' title='bbox 3329 3886 3447 3941; x_wconf 73' lang='lat' dir='ltr'><strong>llrec</strong></span> <span class='ocrx_word' id='word_1_736' title='bbox 3473 3885 3520 3938; x_wconf 92' lang='lat' dir='ltr'><strong>in</strong></span> <span class='ocrx_word' id='word_1_737' title='bbox 3551 3879 3639 3934; x_wconf 72' lang='lat' dir='ltr'><strong>illis</strong></span> <span class='ocrx_word' id='word_1_738' title='bbox 3661 3876 3730 3972; x_wconf 77' lang='lat' dir='ltr'><strong>lit-</strong></span> 
     </span>
    </p>
   </div>
   <div class='ocr_carea' id='block_1_102' title="bbox 2201 3972 3725 4051">
    <p class='ocr_par' dir='ltr' id='par_1_102' title="bbox 2201 3972 3725 4051">
     <span class='ocr_line' id='line_1_102' title="bbox 2201 3972 3725 4051; baseline -0.013 -17"><span class='ocrx_word' id='word_1_739' title='bbox 2201 3982 2330 4036; x_wconf 86' lang='lat' dir='ltr'><strong>teris</strong></span> <span class='ocrx_word' id='word_1_740' title='bbox 2355 3980 2502 4051; x_wconf 72' lang='lat' dir='ltr'><strong>(&#39;2l8)</strong></span> <span class='ocrx_word' id='word_1_741' title='bbox 2539 3980 2729 4035; x_wconf 89' lang='lat' dir='ltr'><strong>scribit</strong></span> <span class='ocrx_word' id='word_1_742' title='bbox 2756 3981 2838 4034; x_wconf 91' lang='lat' dir='ltr'><strong>vir</strong></span> <span class='ocrx_word' id='word_1_743' title='bbox 2870 3989 3112 4044; x_wconf 81' lang='lat' dir='ltr'><strong>sanctus,</strong></span> <span class='ocrx_word' id='word_1_744' title='bbox 3145 3995 3176 4034; x_wconf 90' lang='lat' dir='ltr'><strong>e</strong></span> <span class='ocrx_word' id='word_1_745' title='bbox 3203 3979 3398 4049; x_wconf 90' lang='lat' dir='ltr'><strong>quibus</strong></span> <span class='ocrx_word' id='word_1_746' title='bbox 3437 3976 3486 4029; x_wconf 92' lang='lat' dir='ltr'><strong>in</strong></span> <span class='ocrx_word' id='word_1_747' title='bbox 3514 3972 3612 4041; x_wconf 85' lang='lat' dir='ltr'><strong>ejus</strong></span> <span class='ocrx_word' id='word_1_748' title='bbox 3634 3981 3725 4019; x_wconf 71' lang='lat' dir='ltr'><strong>exs-</strong></span> 
     </span>
    </p>
   </div>
   <div class='ocr_carea' id='block_1_103' title="bbox 2201 4053 3725 4140">
    <p class='ocr_par' dir='ltr' id='par_1_103' title="bbox 2201 4053 3725 4140">
     <span class='ocr_line' id='line_1_103' title="bbox 2201 4053 3725 4140; baseline -0.01 -15"><span class='ocrx_word' id='word_1_749' title='bbox 2201 4071 2363 4125; x_wconf 89' lang='lat' dir='ltr'><strong>miam</strong></span> <span class='ocrx_word' id='word_1_750' title='bbox 2393 4072 2831 4140; x_wconf 84' lang='lat' dir='ltr'><strong>pra:dicationem</strong></span> <span class='ocrx_word' id='word_1_751' title='bbox 2867 4070 3032 4124; x_wconf 89' lang='lat' dir='ltr'><strong>multa</strong></span> <span class='ocrx_word' id='word_1_752' title='bbox 3062 4069 3170 4140; x_wconf 88' lang='lat' dir='ltr'><strong>peti</strong></span> <span class='ocrx_word' id='word_1_753' title='bbox 3199 4079 3436 4139; x_wconf 84' lang='lat' dir='ltr'><strong>possent,</strong></span> <span class='ocrx_word' id='word_1_754' title='bbox 3467 4063 3552 4118; x_wconf 89' lang='lat' dir='ltr'><strong>sed</strong></span> <span class='ocrx_word' id='word_1_755' title='bbox 3574 4073 3654 4114; x_wconf 89' lang='lat' dir='ltr'><strong>nos</strong></span> <span class='ocrx_word' id='word_1_756' title='bbox 3675 4053 3725 4106; x_wconf 79' lang='lat' dir='ltr'><strong>ad</strong></span> 
     </span>
    </p>
   </div>
   <div class='ocr_carea' id='block_1_104' title="bbox 2202 4143 2652 4216">
    <p class='ocr_par' dir='ltr' id='par_1_104' title="bbox 2202 4143 2652 4216">
     <span class='ocr_line' id='line_1_104' title="bbox 2202 4143 2652 4216; baseline 0 0"><span class='ocrx_word' id='word_1_757' title='bbox 2202 4143 2306 4216; x_wconf 81' lang='lat' dir='ltr'><strong>alia</strong></span> <span class='ocrx_word' id='word_1_758' title='bbox 2341 4162 2652 4216; x_wconf 87' lang='lat' dir='ltr'><strong>transimus.</strong></span> 
     </span>
    </p>
   </div>
   <div class='ocr_carea' id='block_1_105' title="bbox 2818 4272 3166 4328">
    <p class='ocr_par' dir='ltr' id='par_1_105' title="bbox 2818 4272 3166 4328">
     <span class='ocr_line' id='line_1_105' title="bbox 2818 4272 3166 4328; baseline -0.009 0"><span class='ocrx_word' id='word_1_759' title='bbox 2818 4272 3044 4328; x_wconf 79' lang='lat' dir='ltr'><strong>CAPUT</strong></span> <span class='ocrx_word' id='word_1_760' title='bbox 3083 4272 3166 4325; x_wconf 91' lang='grc'><strong>111.</strong></span> 
     </span>
    </p>
   </div>
   <div class='ocr_carea' id='block_1_106' title="bbox 2204 4361 3728 4440">
    <p class='ocr_par' dir='ltr' id='par_1_106' title="bbox 2204 4361 3728 4440">
     <span class='ocr_line' id='line_1_106' title="bbox 2204 4361 3728 4440; baseline 0.001 -21"><span class='ocrx_word' id='word_1_761' title='bbox 2204 4365 2269 4419; x_wconf 82' lang='lat' dir='ltr'><strong>In</strong></span> <span class='ocrx_word' id='word_1_762' title='bbox 2302 4365 2585 4418; x_wconf 76' lang='lat' dir='ltr'><strong>&#39;I‘urritana</strong></span> <span class='ocrx_word' id='word_1_763' title='bbox 2613 4381 2841 4440; x_wconf 78' lang='lat' dir='ltr'><strong>eremou</strong></span> <span class='ocrx_word' id='word_1_764' title='bbox 2878 4364 3330 4440; x_wconf 64' lang='lat' dir='ltr'><strong>comite__iiogerio_</strong></span> <span class='ocrx_word' id='word_1_765' title='bbox 3345 4361 3602 4440; x_wconf 67' lang='lat' dir='ltr'><strong>invenitur.</strong></span> <span class='ocrx_word' id='word_1_766' title='bbox 3625 4367 3728 4440; x_wconf 37' lang='lat' dir='ltr'><strong>Pff‘jf</strong></span> 
     </span>
    </p>
   </div>
   <div class='ocr_carea' id='block_1_107' title="bbox 2276 4425 3726 4504">
    <p class='ocr_par' dir='ltr' id='par_1_107' title="bbox 2276 4425 3726 4504">
     <span class='ocr_line' id='line_1_107' title="bbox 2276 4425 3726 4504; baseline -0.01 -15"><span class='ocrx_word' id='word_1_767' title='bbox 2276 4439 2568 4490; x_wconf 65' lang='lat' dir='ltr'><strong>acutissimo</strong></span> <span class='ocrx_word' id='word_1_768' title='bbox 2603 4436 2833 4504; x_wconf 74' lang='lat' dir='ltr'><strong>periculo</strong></span> <span class='ocrx_word' id='word_1_769' title='bbox 2877 4437 3013 4488; x_wconf 76' lang='lat' dir='ltr'><strong>hunc</strong></span> <span class='ocrx_word' id='word_1_770' title='bbox 3060 4425 3265 4500; x_wconf 54' lang='lat' dir='ltr'><strong>libefut,</strong></span> <span class='ocrx_word' id='word_1_771' title='bbox 3298 4436 3399 4486; x_wconf 83' lang='lat' dir='ltr'><strong>duo</strong></span> <span class='ocrx_word' id='word_1_772' title='bbox 3433 4432 3497 4484; x_wconf 85' lang='lat' dir='ltr'><strong>ibi</strong></span> <span class='ocrx_word' id='word_1_773' title='bbox 3540 4425 3726 4504; x_wconf 52' lang='lat' dir='ltr'><strong>quidem</strong></span> 
     </span>
    </p>
   </div>
   <div class='ocr_carea' id='block_1_108' title="bbox 2275 4491 3726 4580">
    <p class='ocr_par' dir='ltr' id='par_1_108' title="bbox 2275 4491 3726 4580">
     <span class='ocr_line' id='line_1_108' title="bbox 2275 4491 3726 4580; baseline -0.007 -22"><span class='ocrx_word' id='word_1_774' title='bbox 2275 4508 2584 4560; x_wconf 74' lang='lat' dir='ltr'><strong>liberalitate</strong></span> <span class='ocrx_word' id='word_1_775' title='bbox 2603 4491 2935 4580; x_wconf 50' lang='lat' dir='ltr'><strong>&#39;monasteriu</strong></span> <span class='ocrx_word' id='word_1_776' title='bbox 2959 4507 3199 4580; x_wconf 69' lang='lat' dir='ltr'><strong>exstruit,</strong></span> <span class='ocrx_word' id='word_1_777' title='bbox 3231 4491 3281 4558; x_wconf 69' lang='lat' dir='ltr'><strong>in</strong></span> <span class='ocrx_word' id='word_1_778' title='bbox 3321 4507 3495 4580; x_wconf 74' lang='lat' dir='ltr'><strong>borum</strong></span> <span class='ocrx_word' id='word_1_779' title='bbox 3520 4499 3659 4574; x_wconf 62' lang='lat' dir='ltr'><strong>altera</strong></span> <span class='ocrx_word' id='word_1_780' title='bbox 3674 4491 3726 4580; x_wconf 53' lang='lat' dir='ltr'><strong>ad</strong></span> 
     </span>
    </p>
   </div>
   <div class='ocr_carea' id='block_1_109' title="bbox 2274 4573 3728 4646">
    <p class='ocr_par' dir='ltr' id='par_1_109' title="bbox 2274 4573 3728 4646">
     <span class='ocr_line' id='line_1_109' title="bbox 2274 4573 3728 4646; baseline -0.009 -16"><span class='ocrx_word' id='word_1_781' title='bbox 2274 4587 2487 4630; x_wconf 84' lang='lat' dir='ltr'><strong>mortem</strong></span> <span class='ocrx_word' id='word_1_782' title='bbox 2532 4593 2691 4645; x_wconf 78' lang='lat' dir='ltr'><strong>usque</strong></span> <span class='ocrx_word' id='word_1_783' title='bbox 2729 4577 3052 4629; x_wconf 76' lang='lat' dir='ltr'><strong>sanctissime</strong></span> <span class='ocrx_word' id='word_1_784' title='bbox 3074 4577 3192 4629; x_wconf 75' lang='lat' dir='ltr'><strong>viri!</strong></span> <span class='ocrx_word' id='word_1_785' title='bbox 3214 4617 3227 4640; x_wconf 94' lang='lat'><strong>,</strong></span> <span class='ocrx_word' id='word_1_786' title='bbox 3256 4583 3367 4646; x_wconf 81' lang='lat' dir='ltr'><strong>post</strong></span> <span class='ocrx_word' id='word_1_787' title='bbox 3387 4573 3577 4646; x_wconf 10' lang='lat' dir='ltr'><strong>robitum</strong></span> <span class='ocrx_word' id='word_1_788' title='bbox 3603 4573 3728 4646; x_wconf 53' lang='lat' dir='ltr'><strong>ngra-</strong></span> 
     </span>
    </p>
   </div>
   <div class='ocr_carea' id='block_1_110' title="bbox 2274 4631 3724 4716">
    <p class='ocr_par' dir='ltr' id='par_1_110' title="bbox 2274 4631 3724 4716">
     <span class='ocr_line' id='line_1_110' title="bbox 2274 4631 3724 4716; baseline -0.012 -14"><span class='ocrx_word' id='word_1_789' title='bbox 2274 4647 2406 4702; x_wconf 80' lang='lat' dir='ltr'><strong>culis</strong></span> <span class='ocrx_word' id='word_1_790' title='bbox 2421 4631 2944 4716; x_wconf 57' lang='lat' dir='ltr'><strong>clui&#39;et,&#39;tandeinqtte,</strong></span> <span class='ocrx_word' id='word_1_791' title='bbox 2968 4631 3561 4715; x_wconf 50' lang='lat' dir='ltr'><strong>pantiﬁre&#39;ﬁcrmitteutc,</strong></span> <span class='ocrx_word' id='word_1_792' title='bbox 3582 4631 3724 4689; x_wconf 65' lang='lat' dir='ltr'><strong>«Car-</strong></span> 
     </span>
    </p>
   </div>
   <div class='ocr_carea' id='block_1_111' title="bbox 2276 4717 3362 4788">
    <p class='ocr_par' dir='ltr' id='par_1_111' title="bbox 2276 4717 3362 4788">
     <span class='ocr_line' id='line_1_111' title="bbox 2276 4717 3362 4788; baseline -0.004 -16"><span class='ocrx_word' id='word_1_793' title='bbox 2276 4719 2531 4772; x_wconf 69' lang='lat' dir='ltr'><strong>thusianis</strong></span> <span class='ocrx_word' id='word_1_794' title='bbox 2555 4718 2782 4771; x_wconf 60' lang='lat' dir='ltr'><strong>militum</strong></span> <span class='ocrx_word' id='word_1_795' title='bbox 2809 4718 3091 4770; x_wconf 76' lang='lat' dir='ltr'><strong>honoribus</strong></span> <span class='ocrx_word' id='word_1_796' title='bbox 3124 4717 3362 4788; x_wconf 75' lang='lat' dir='ltr'><strong>afficitur.</strong></span> 
     </span>
    </p>
   </div>
   <div class='ocr_carea' id='block_1_112' title="bbox 2271 4799 3724 4880">
    <p class='ocr_par' dir='ltr' id='par_1_112' title="bbox 2271 4799 3724 4880">
     <span class='ocr_line' id='line_1_112' title="bbox 2271 4799 3724 4880; baseline -0.008 -14"><span class='ocrx_word' id='word_1_797' title='bbox 2271 4813 2358 4868; x_wconf 76' lang='lat'><strong>58.</strong></span> <span class='ocrx_word' id='word_1_798' title='bbox 2395 4812 2683 4880; x_wconf 78' lang='lat' dir='ltr'><strong>Postquam</strong></span> <span class='ocrx_word' id='word_1_799' title='bbox 2714 4810 2765 4864; x_wconf 91' lang='lat' dir='ltr'><strong>in</strong></span> <span class='ocrx_word' id='word_1_800' title='bbox 2797 4825 2859 4864; x_wconf 89' lang='lat' dir='ltr'><strong>ea</strong></span> <span class='ocrx_word' id='word_1_801' title='bbox 2885 4809 3139 4864; x_wconf 79' lang='lat' dir='ltr'><strong>&#39;l‘urrcnsi</strong></span> <span class='ocrx_word' id='word_1_802' title='bbox 3162 4822 3346 4864; x_wconf 90' lang='lat' dir='ltr'><strong>eremo</strong></span> <span class='ocrx_word' id='word_1_803' title='bbox 3379 4808 3554 4863; x_wconf 89' lang='lat' dir='ltr'><strong>beatus</strong></span> <span class='ocrx_word' id='word_1_804' title='bbox 3575 4799 3724 4854; x_wconf 78' lang='grc' dir='ltr'><strong>Βωηο</strong></span> 
     </span>
    </p>
   </div>
   <div class='ocr_carea' id='block_1_113' title="bbox 2202 4977 3726 5061">
    <p class='ocr_par' dir='ltr' id='par_1_113' title="bbox 2202 4977 3726 5061">
     <span class='ocr_line' id='line_1_113' title="bbox 2202 4977 3726 5061; baseline -0.009 -21"><span class='ocrx_word' id='word_1_805' title='bbox 2202 4995 2392 5061; x_wconf 68' lang='lat' dir='ltr'><strong>srstere</strong></span> <span class='ocrx_word' id='word_1_806' title='bbox 2420 4985 2706 5061; x_wconf 81' lang='lat' dir='ltr'><strong>rationem,</strong></span> <span class='ocrx_word' id='word_1_807' title='bbox 2729 4985 2797 5039; x_wconf 92' lang='lat' dir='ltr'><strong>ob</strong></span> <span class='ocrx_word' id='word_1_808' title='bbox 2829 4985 3243 5061; x_wconf 69' lang='lat' dir='ltr'><strong>qua:n,__cum_i_n</strong></span> <span class='ocrx_word' id='word_1_809' title='bbox 3274 4977 3561 5061; x_wconf 74' lang='lat' dir='ltr'><strong>Calabriam</strong></span> <span class='ocrx_word' id='word_1_810' title='bbox 3584 4978 3726 5027; x_wconf 70' lang='lat' dir='ltr'><strong>seces-</strong></span> 
     </span>
    </p>
   </div>
   <div class='ocr_carea' id='block_1_114' title="bbox 2201 5056 3550 5126">
    <p class='ocr_par' dir='ltr' id='par_1_114' title="bbox 2201 5056 3550 5126">
     <span class='ocr_line' id='line_1_114' title="bbox 2201 5056 3550 5126; baseline -0.008 -15"><span class='ocrx_word' id='word_1_811' title='bbox 2201 5058 2290 5117; x_wconf 89' lang='lat' dir='ltr'><strong>sit,</strong></span> <span class='ocrx_word' id='word_1_812' title='bbox 2331 5057 2672 5110; x_wconf 72' lang='lat' dir='ltr'><strong>Carthusiam</strong></span> <span class='ocrx_word' id='word_1_813' title='bbox 2709 5073 2814 5110; x_wconf 88' lang='lat' dir='ltr'><strong>non</strong></span> <span class='ocrx_word' id='word_1_814' title='bbox 2848 5056 3127 5126; x_wconf 85' lang='lat' dir='ltr'><strong>repetiisse</strong></span> <span class='ocrx_word' id='word_1_815' title='bbox 3170 5056 3256 5109; x_wconf 87' lang='lat' dir='ltr'><strong>hic</strong></span> <span class='ocrx_word' id='word_1_816' title='bbox 3283 5056 3550 5126; x_wconf 86' lang='lat' dir='ltr'><strong>asseritur.</strong></span> 
     </span>
    </p>
   </div>
   <div class='ocr_carea' id='block_1_115' title="bbox 2275 5117 3723 5197">
    <p class='ocr_par' dir='ltr' id='par_1_115' title="bbox 2275 5117 3723 5197">
     <span class='ocr_line' id='line_1_115' title="bbox 2275 5117 3723 5197; baseline -0.011 -15"><span class='ocrx_word' id='word_1_817' title='bbox 2275 5128 2422 5197; x_wconf 68' lang='lat'><strong>(916)</strong></span> <span class='ocrx_word' id='word_1_818' title='bbox 2453 5127 2705 5197; x_wconf 79' lang='lat' dir='ltr'><strong>Litteras,</strong></span> <span class='ocrx_word' id='word_1_819' title='bbox 2737 5141 2872 5196; x_wconf 79' lang='lat' dir='ltr'><strong>quas</strong></span> <span class='ocrx_word' id='word_1_820' title='bbox 2909 5117 2990 5180; x_wconf 74' lang='lat' dir='ltr'><strong>lue</strong></span> <span class='ocrx_word' id='word_1_821' title='bbox 3016 5140 3176 5180; x_wconf 89' lang='lat' dir='ltr'><strong>voces</strong></span> <span class='ocrx_word' id='word_1_822' title='bbox 3203 5124 3502 5197; x_wconf 63' lang='lat' dir='ltr'><strong>terminant,</strong></span> <span class='ocrx_word' id='word_1_823' title='bbox 3527 5117 3723 5197; x_wconf 46' lang='lat' dir='ltr'><strong>quatit-Ille</strong></span> 
     </span>
    </p>
   </div>
   <div class='ocr_carea' id='block_1_116' title="bbox 2202 5183 3722 5268">
    <p class='ocr_par' dir='ltr' id='par_1_116' title="bbox 2202 5183 3722 5268">
     <span class='ocr_line' id='line_1_116' title="bbox 2202 5183 3722 5268; baseline -0.008 -16"><span class='ocrx_word' id='word_1_824' title='bbox 2202 5183 2601 5253; x_wconf 52' lang='lat' dir='ltr'><strong>ad‘Car&#39;thusim</strong></span> <span class='ocrx_word' id='word_1_825' title='bbox 2633 5183 2828 5252; x_wconf 67' lang='lat' dir='ltr'><strong>fratres</strong></span> <span class='ocrx_word' id='word_1_826' title='bbox 2849 5212 2946 5268; x_wconf 89' lang='lat' dir='ltr'><strong>per</strong></span> <span class='ocrx_word' id='word_1_827' title='bbox 2975 5197 3331 5268; x_wconf 84' lang='lat' dir='ltr'><strong>Landuinum,</strong></span> <span class='ocrx_word' id='word_1_828' title='bbox 3357 5193 3424 5268; x_wconf 70' lang='lat' dir='ltr'><strong>ad</strong></span> <span class='ocrx_word' id='word_1_829' title='bbox 3457 5183 3581 5244; x_wconf 79' lang='lat' dir='ltr'><strong>hanc</strong></span> <span class='ocrx_word' id='word_1_830' title='bbox 3600 5183 3722 5268; x_wconf 38' lang='grc' dir='ltr'><strong>ειξξξς</strong></span> 
     </span>
    </p>
   </div>
   <div class='ocr_carea' id='block_1_117' title="bbox 2203 5257 3719 5343">
    <p class='ocr_par' dir='ltr' id='par_1_117' title="bbox 2203 5257 3719 5343">
     <span class='ocr_line' id='line_1_117' title="bbox 2203 5257 3719 5343; baseline -0.004 -21"><span class='ocrx_word' id='word_1_831' title='bbox 2203 5269 2384 5343; x_wconf 73' lang='lat' dir='ltr'><strong>labria</strong></span> <span class='ocrx_word' id='word_1_832' title='bbox 2427 5277 2786 5343; x_wconf 75' lang='lat' dir='ltr'><strong>revertentem</strong></span> <span class='ocrx_word' id='word_1_833' title='bbox 2811 5257 3112 5343; x_wconf 60' lang='lat' dir='ltr'><strong>,&#39;Sanc_tus</strong></span> <span class='ocrx_word' id='word_1_834' title='bbox 3167 5257 3719 5343; x_wconf 31' lang='lat' dir='ltr'><strong>misithComman&quot;</strong></span> 
     </span>
    </p>
   </div>
   <div class='ocr_carea' id='block_1_118' title="bbox 2201 5334 3419 5412">
    <p class='ocr_par' dir='ltr' id='par_1_118' title="bbox 2201 5334 3419 5412">
     <span class='ocr_line' id='line_1_118' title="bbox 2201 5334 3419 5412; baseline -0.002 -20"><span class='ocrx_word' id='word_1_835' title='bbox 2201 5340 2394 5412; x_wconf 57' lang='lat' dir='ltr'><strong>praemi</strong></span> <span class='ocrx_word' id='word_1_836' title='bbox 2423 5354 2570 5412; x_wconf 82' lang='lat' dir='ltr'><strong>mnu.</strong></span> <span class='ocrx_word' id='word_1_837' title='bbox 2595 5339 2708 5412; x_wconf 60' lang='lat'><strong>979</strong></span> <span class='ocrx_word' id='word_1_838' title='bbox 2737 5348 2790 5392; x_wconf 88' lang='lat' dir='ltr'><strong>et</strong></span> <span class='ocrx_word' id='word_1_839' title='bbox 2821 5353 2975 5408; x_wconf 91' lang='lat' dir='ltr'><strong>seqq.</strong></span> <span class='ocrx_word' id='word_1_840' title='bbox 3015 5339 3253 5408; x_wconf 83' lang='lat' dir='ltr'><strong>integras</strong></span> 
     </span>
    </p>
   </div>
   <div class='ocr_carea' id='block_1_119' title="bbox 2273 5405 3418 5480">
    <p class='ocr_par' dir='ltr' id='par_1_119' title="bbox 2273 5405 3418 5480">
     <span class='ocr_line' id='line_1_119' title="bbox 2273 5405 3418 5480; baseline -0.007 -16"><span class='ocrx_word' id='word_1_841' title='bbox 2273 5410 2419 5480; x_wconf 72' lang='lat' dir='ltr'><strong>(9J7)</strong></span> <span class='ocrx_word' id='word_1_842' title='bbox 2456 5410 2553 5461; x_wconf 78' lang='lat' dir='ltr'><strong>Adi</strong></span> <span class='ocrx_word' id='word_1_843' title='bbox 2585 5405 3090 5478; x_wconf 52' lang='lat' dir='ltr'><strong>C‘ommentfpraiv.</strong></span> <span class='ocrx_word' id='word_1_844' title='bbox 3125 5405 3269 5480; x_wconf 75' lang='lat' dir='ltr'><strong>num.</strong></span> <span class='ocrx_word' id='word_1_845' title='bbox 3293 5405 3418 5480; x_wconf 65' lang='lat'><strong>552.</strong></span> 
     </span>
    </p>
   </div>
   <div class='ocr_carea' id='block_1_120' title="bbox 2273 5463 3716 5553">
    <p class='ocr_par' dir='ltr' id='par_1_120' title="bbox 2273 5463 3716 5553">
     <span class='ocr_line' id='line_1_120' title="bbox 2273 5463 3716 5553; baseline -0.007 -19"><span class='ocrx_word' id='word_1_846' title='bbox 2273 5463 2421 5553; x_wconf 63' lang='grc'>(218)</span> <span class='ocrx_word' id='word_1_847' title='bbox 2449 5481 2566 5553; x_wconf 82' lang='lat' dir='ltr'><strong>Quo</strong></span> <span class='ocrx_word' id='word_1_848' title='bbox 2593 5492 2719 5553; x_wconf 72' lang='lat' dir='ltr'><strong>vera</strong></span> <span class='ocrx_word' id='word_1_849' title='bbox 2749 5482 2836 5534; x_wconf 91' lang='lat' dir='ltr'><strong>bic</strong></span> <span class='ocrx_word' id='word_1_850' title='bbox 2861 5463 3202 5553; x_wconf 56' lang='lat' dir='ltr'><strong>praidicaria</strong></span> <span class='ocrx_word' id='word_1_851' title='bbox 3245 5472 3532 5553; x_wconf 20' lang='lat' dir='ltr'><strong>lbiographo</strong></span> 
     </span>
    </p>
   </div>
   <div class='ocr_carea' id='block_1_121' title="bbox 2201 5537 3716 5619">
    <p class='ocr_par' dir='ltr' id='par_1_121' title="bbox 2201 5537 3716 5619">
     <span class='ocr_line' id='line_1_121' title="bbox 2201 5537 3716 5619; baseline -0.017 -10"><span class='ocrx_word' id='word_1_852' title='bbox 2201 5537 2429 5617; x_wconf 62' lang='lat' dir='ltr'><strong>itebdas&#39;,</strong></span> <span class='ocrx_word' id='word_1_853' title='bbox 2460 5537 2546 5604; x_wconf 60' lang='lat' dir='ltr'><strong>adi</strong></span> <span class='ocrx_word' id='word_1_854' title='bbox 2587 5537 2973 5605; x_wconf 66' lang='lat' dir='ltr'><strong>Comtilctiiat&#39;ii</strong></span> <span class='ocrx_word' id='word_1_855' title='bbox 3004 5549 3184 5619; x_wconf 69' lang='lat' dir='ltr'><strong>prawii</strong></span> <span class='ocrx_word' id='word_1_856' title='bbox 3242 5547 3268 5618; x_wconf 84' lang='lat'><strong>§</strong></span> <span class='ocrx_word' id='word_1_857' title='bbox 3308 5537 3392 5608; x_wconf 73' lang='grc'><strong>41,</strong></span> <span class='ocrx_word' id='word_1_858' title='bbox 3420 5537 3518 5612; x_wconf 80' lang='lat' dir='ltr'><strong>quo</strong></span> <span class='ocrx_word' id='word_1_859' title='bbox 3540 5537 3716 5619; x_wconf 45' lang='lat' dir='ltr'><strong>littcrgtf</strong></span> 
     </span>
    </p>
   </div>
   <div class='ocr_carea' id='block_1_122' title="bbox 2203 5608 3714 5691">
    <p class='ocr_par' dir='ltr' id='par_1_122' title="bbox 2203 5608 3714 5691">
     <span class='ocr_line' id='line_1_122' title="bbox 2203 5608 3714 5691; baseline -0.008 -13"><span class='ocrx_word' id='word_1_860' title='bbox 2203 5608 2321 5678; x_wconf 86' lang='lat' dir='ltr'><strong>illas</strong></span> <span class='ocrx_word' id='word_1_861' title='bbox 2371 5608 2605 5691; x_wconf 68' lang='lat' dir='ltr'><strong>integras</strong></span> <span class='ocrx_word' id='word_1_862' title='bbox 2645 5622 2886 5686; x_wconf 88' lang='lat' dir='ltr'><strong>recitavi,</strong></span> <span class='ocrx_word' id='word_1_863' title='bbox 2919 5608 3110 5691; x_wconf 72' lang='lat' dir='ltr'><strong>eaque,</strong></span> <span class='ocrx_word' id='word_1_864' title='bbox 3141 5608 3267 5688; x_wconf 59' lang='lat' dir='ltr'><strong>qua7</strong></span> <span class='ocrx_word' id='word_1_865' title='bbox 3284 5608 3505 5686; x_wconf 69' lang='lat' dir='ltr'><strong>congrua</strong></span> <span class='ocrx_word' id='word_1_866' title='bbox 3523 5608 3646 5666; x_wconf 70' lang='lat' dir='ltr'><strong>duxi.</strong></span> <span class='ocrx_word' id='word_1_867' title='bbox 3673 5611 3714 5650; x_wconf 78' lang='grc' dir='ltr'><strong>ιη</strong></span> 
     </span>
    </p>
   </div>
   <div class='ocr_carea' id='block_1_123' title="bbox 2201 5694 2658 5751">
    <p class='ocr_par' dir='ltr' id='par_1_123' title="bbox 2201 5694 2658 5751">
     <span class='ocr_line' id='line_1_123' title="bbox 2201 5694 2658 5751; baseline -0.015 0"><span class='ocrx_word' id='word_1_868' title='bbox 2201 5695 2415 5751; x_wconf 86' lang='lat' dir='ltr'><strong>easdem</strong></span> <span class='ocrx_word' id='word_1_869' title='bbox 2457 5694 2658 5746; x_wconf 87' lang='lat' dir='ltr'><strong>notavi.</strong></span> 
     </span>
    </p>
   </div>
  </div>
