3860 6326
197 289 303 344 5ι5

1713 282 1913 341 ACTA.

3295 275 3539 392 sur

191 406 426 470 primum
457 403 708 460 habitare
733 403 897 475 coepit
939 418 1060 458 cum
1087 404 1267 469 sociis,
1316 402 1536 471 accidit,
1566 403 1679 458 Deo
1725 404 1778 458 id
1807 409 1853 467 Α
1884 419 1995 458 sem
2020 403 2270 476 Sergium
2301 406 2519 463 natione
2553 408 2826 476 Graecum,
2860 412 3158 484 principem
3185 431 3350 488 super
3371 421 3476 478 du-

189 497 464 554 eﬂicieute
482 538 497 560 ,
528 506 590 552 ut
635 497 870 568 quodam
899 495 987 552 die
1014 495 1282 568 Rogerius
1309 511 1492 552 comes
1519 494 1786 550 Calabrize

189 589 367 660 (219),
402 607 526 645 cum
557 605 666 646 non
696 605 864 660 parvo
885 604 1106 644 suorum
1129 603 1291 660 grege
1315 596 1370 643 et
1395 585 1562 642 multa
1589 601 1782 642 canum

186 680 500 752 frequentia
527 683 583 738 in
611 683 795 739 eadem
816 681 1107 738 solitudine
1133 681 1406 737 venationi
1440 681 1782 746 incumbens,

187 774 252 828 ad
282 791 410 830 eum
448 775 647 842 locum,
694 791 854 846 quem
893 775 994 831 sibi
1046 775 1388 831 incolendum
1441 784 1784 844 sumpserant

186 868 332 922 servi
377 867 495 932 Dei,
547 868 714 922 totius
759 868 836 923 rei
885 867 1101 922 nescius
1146 867 1473 938 perveniret.
1511 867 1608 923 Ubi
1657 883 1780 922 cum

185 971 352 1012 canes
382 958 657 1028 sagaciter
704 958 917 1014 diversa
968 957 1208 1013 ferarum
1259 959 1484 1030 vestigia
1529 959 1780 1029 explora-

184 1060 327 1114 rent,
355 1049 420 1104 ad
458 1064 639 1115 casas,
669 1049 723 1104 in
769 1050 966 1120 quibus
991 1050 1183 1104 beatus
1210 1049 1391 1104 Bruno
1421 1065 1541 1104 cum
1589 1049 1776 1104 fratri-

182 1138 280 1193 bus
299 1141 768 1206 commorabatur,
798 1149 1172 1209 accurrerunt,
1197 1149 1357 1212 atque
1389 1141 1518 1208 illic,
1547 1142 1668 1197 lixis
1687 1159 1777 1212 pe-

183 1229 360 1295 dibus,
411 1248 613 1302 magno
662 1233 860 1288 latratu
905 1234 1220 1290 indicabant
1248 1235 1469 1290 domino
1505 1251 1626 1300 suo,
1659 1237 1778 1307 epi-

185 1339 324 1376 mam
351 1340 410 1378 se
441 1327 712 1394 reperisse
740 1325 996 1394 praedam.
1042 1327 1255 1390 Comes,
1305 1327 1355 1382 id
1407 1330 1770 1398 conspicatus,

181 1413 332 1468 ocius
357 1429 481 1467 cum
508 1415 624 1470 suis
663 1412 912 1480 advolat,
945 1416 1164 1471 oll'cndit
1206 1417 1394 1472 Patres
1426 1417 1546 1473 illos
1575 1419 1624 1472 in
1654 1435 1773 1487 spe-

183 1507 350 1561 luncis
387 1508 503 1562 suis
525 1506 680 1564 ﬂexis
701 1508 927 1579 genibus
957 1551 970 1573 ,
995 1509 1300 1580 erectisque
1330 1511 1383 1564 in
1415 1511 1610 1566 cmlum
1657 1511 1772 1565 vul-

181 1597 320 1652 tibus
359 1612 424 1652 ac
471 1598 722 1653 manibus
751 1598 909 1654 simul
939 1611 1159 1654 orantes
1189 1610 1242 1655 et
1273 1600 1555 1656 laudantes
1603 1603 1768 1658 Deum

183 1689 498 1756 (220).Tum
521 1690 628 1756 ille,
647 1707 848 1760 magna
868 1691 1227 1746 admiratione
1242 1693 1498 1762 repletus,
1516 1695 1584 1750 ab
1605 1712 1764 1766 equo,

1889 502 2078 550 centos
2118 497 2416 567 armigeros
2443 499 2676 554 nationis
2704 517 2836 566 sum,
2884 511 2936 557 ct
2989 507 3264 563 exercitus
3307 524 3475 567 excu-

1889 583 2098 638 biarum
2129 586 2444 655 magistrum
2473 604 2487 654 ;
2518 589 2607 659 qui
2651 589 2905 645 Satanica
2953 597 3306 662 persuasione
3335 616 3472 670 pras-

1887 685 2098 743 ventus,
2127 679 2276 747 prius
2305 679 2405 748 ipsi
2447 682 2672 752 principi
2705 682 2920 752 Capute,
2970 687 3304 754 promittenti
3353 693 3470 748 auri

1887 783 1991 823 non
2053 769 2314 824 modicam
2371 774 2729 841 quantitatem
2765 815 2779 839 ,
2843 776 2910 830 ad
2971 777 3330 835 invadendum
3386 798 3473 839 me

1887 877 2174 933 meumque
2205 865 2526 932 exercitum,
2579 879 2741 924 noctu
2780 870 2986 925 aditum
3039 873 3364 942 pollicicitus
3389 887 3474 933 est

1883 967 1940 1007 se
1979 956 2240 1023 praebere.

1951 1046 2040 1100 4i.
2093 1066 2110 1097 ‹
2157 1046 2271 1101 Nox
2319 1049 2645 1118 proditionis
2685 1051 2943 1121 advenit;
2987 1058 3237 1129 princeps
3273 1059 3470 1131 Capuae

1880 1134 2102 1205 ejusque
2147 1138 2420 1194 exercitus
2461 1139 2614 1208 juxta
2654 1147 2980 1212 prmuissum
3026 1161 3109 1205 est
3151 1163 3372 1222 paratus
3401 1157 3467 1210 ad

1877 1241 2049 1291 arma,
2080 1228 2318 1297 dumque
2347 1246 2430 1285 me
2461 1234 2638 1302 sopori
2675 1236 2944 1292 dedissem
2966 1279 2981 1304 ,
3039 1242 3324 1312 interjecto
3366 1247 3468 1300 ali-

1876 1327 2079 1386 quanto
2112 1319 2285 1372 noctis
2325 1321 2521 1388 spatio,
2558 1324 2746 1388 astitit,
2775 1326 2937 1381 cubili
2985 1345 3106 1384 meo
3134 1334 3350 1402 quidam
3383 1351 3467 1390 sc-

1879 1423 1977 1462 nex
2011 1410 2293 1462 reverendi
2342 1411 2522 1465 vultus
2547 1453 2560 1475 ,
2602 1415 2845 1470 vestibus
2877 1419 3084 1490 scissis,
3136 1437 3240 1476 non
3284 1425 3466 1481 valens

1875 1500 2142 1571 lacrymas
2169 1502 2470 1557 continere.
2503 1504 2598 1558 Cui
2646 1523 2766 1560 cum
2799 1508 2851 1562 in
2889 1509 3001 1565 visu
3034 1512 3291 1581 dicerem,
3345 1533 3466 1586 qua:

1874 1607 2034 1646 causa
2065 1592 2308 1661 ploratus
2334 1603 2384 1647 ct
2417 1593 2776 1665 lacrymarum
2809 1611 2973 1666 esset,
3027 1603 3174 1660 visus
3221 1614 3299 1660 est
3333 1607 3462 1661 mihi

1873 1681 2060 1735 durius
2109 1683 2418 1754 lacrymari.
2477 1685 2965 1758 Iteratoqumrenti
2999 1695 3150 1759 mihi,
3204 1697 3326 1764 quis
3373 1712 3462 1751 es-

183 1783 260 1834 cui
293 1782 818 1848 insidebar,desi|ir,
863 1784 950 1852 pie
997 1794 1052 1838 ει
1101 1785 1330 1838 comiter
1374 1785 1496 1841 mos
1548 1787 1764 1854 salutat,
1805 1755 1843 1809 Β
1873 1783 1954 1828 set
1988 1774 2244 1844 ploratus,
2278 1777 2355 1831 sic
2399 1778 2510 1831 ait:
2567 1778 2697 1833 Fleo
2746 1783 2957 1838 animas
3004 1785 3457 1852 Cln‘istianorum,

185 1888 278 1940 qua
307 1889 471 1928 causa
506 1890 572 1928 eo
597 1875 936 1940 advenerim,
966 1885 1018 1930 et
1043 1891 1162 1946 quae
1187 1891 1372 1931 eorum
1397 1878 1467 1932 sit
1505 1880 1762 1945 conditio,

183 1974 428 2019 accurate
459 1966 749 2036 perquirit.
781 1966 1075 2036 Postquam
1107 1984 1172 2022 ex
1223 1969 1290 2023 iis
1335 1969 1523 2024 didicit
1560 1972 1761 2036 omnia,

182 2056 416 2125 impense
459 2056 676 2112 laetatus
720 2068 823 2119 est,
857 2058 1080 2113 laudans
1129 2070 1183 2115 et
1227 2061 1536 2131 glorilieans
1570 2061 1763 2128 Dcmn,

179 2146 260 2212 qui
291 2145 384 2200 tali
417 2147 594 2216 ipsum
630 2150 808 2217 przcda
836 2149 1054 2220 dignmn
1076 2147 1391 2218 iudicasset.

241 2239 329 2294 59.
380 2240 754 2297 Persuadebat
801 2243 944 2296 enim
990 2243 1112 2308 sibi,
1147 2259 1322 2313 neque
1362 2245 1412 2299 id
1443 2253 1674 2312 temere,
1705 2263 1764 2302 se

183 2341 482 2401 terramque
532 2349 688 2388 suam
737 2349 924 2389 eorum
967 2334 1176 2388 meritis
1226 2343 1280 2389 et
1330 2337 1584 2405 precibus
1620 2339 1762 2406 apud

183 2425 339 2478 Deum
371 2424 620 2494 adiutum
650 2434 705 2480 et
735 2427 786 2479 in
818 2441 950 2496 pace
975 2438 1353 2482 conservatum
1380 2428 1464 2482 iri.
1495 2429 1668 2499 Atque
1697 2444 1759 2484 ea

181 2528 354 2580 causa,
385 2524 447 2570 ut
475 2524 700 2585 possent
727 2515 836 2571 illic
855 2517 1090 2586 quietius
1113 2518 1296 2574 vivere
1321 2526 1375 2573 et
1404 2519 1607 2574 diutius
1632 2535 1760 2589 pcr-

180 2619 410 2670 manere,
442 2606 595 2662 dedit
625 2607 706 2662 eis
730 2607 1012 2663 ecclesiam
1053 2608 1268 2664 Sancta:
1311 2607 1493 2663 Mariae
1525 2617 1580 2664 et
1609 2609 1760 2666 Beati

179 2695 427 2767 Stephani
459 2699 527 2754 de
553 2713 739 2754 eremo
761 2699 934 2772 (221).
970 2699 1070 2756 Ubi
1103 2715 1235 2756 sane
1257 2701 1424 2756 etiam
1450 2701 1642 2757 crebro
1665 2719 1760 2759 eos

179 2788 370 2856 invisit,
391 2800 451 2846 et
488 2807 579 2848 res
605 2792 727 2847 vitae
766 2777 1022 2864 degendae
1061 2795 1400 2850 necessarias
1439 2796 1520 2852 eis
1549 2797 1756 2865 tribuit,

177 2893 322 2952 etea,
349 2888 562 2956 quaead
605 2888 832 2944 salutem
883 2889 1080 2944 animae
1127 2892 1481 2961 pertinerent,
1530 2891 1760 2948 libenter

179 2973 238 3028 ab
254 2976 329 3031 eis
352 2977 583 3032 audivit.
613 2979 790 3048 Ipsum
829 2994 958 3036 vero
1003 2981 1220 3035 hcatmn
1267 2979 1600 3048 Brunonem,
1625 2983 1759 3038 alio-

1873 1876 2030 1936 tequc
2057 1883 2179 1922 cum
2217 1868 2320 1923 illis
2351 1870 2530 1924 simul.
2567 1871 2811 1944 Exsurge
2846 1878 3272 1945 quamprimum,
3299 1896 3451 1934 sume

1869 1974 2038 2020 arma,
2074 1959 2379 2015 siliberarc
2435 1971 2484 2016 te
2544 1963 2683 2017 Deus
2735 1967 3062 2033 permiserit,
3130 1978 3455 2042 tuorumque

1867 2049 2076 2102 animas
2104 2059 2488 2119 pugnatorum.
2525 2053 2622 2107 llic
2668 2056 2795 2108 mihi
2826 2071 2923 2124 per
2951 2065 3120 2112 totum
3154 2061 3455 2130 videbatur,

1868 2138 2014 2191 velut
2043 2140 2086 2194 si
2117 2152 2258 2196 esset
2304 2158 2400 2212 per
2447 2147 2625 2199 omnia
2685 2151 3014 2204 venerabilis
3064 2162 3216 2220 pater
3257 2154 3454 2209 Bruno.

1867 2229 2292 2302 Expergel‘actns
2325 2251 2440 2288 smn
2486 2253 2606 2291 cmn
2641 2250 2848 2296 terrore
2877 2224 3088 2314 grandi,
3123 2259 3214 2313 prr
3248 2247 3458 2302 visione

1866 2338 2182 2391 pavescens.
2212 2325 2359 2380 Illico
2405 2330 2604 2398 sumpsi
2661 2348 2833 2398 arma,
2889 2335 3133 2391 clamans
3170 2339 3452 2404 militibus,

1867 2427 1925 2471 ut
1956 2419 2148 2472 armati
2180 2435 2347 2490 equos
2389 2425 2837 2493 conscenderent,
2892 2429 3177 2496 visionem,
3229 2432 3274 2486 si
3324 2448 3451 2488 vera

1865 2520 2034 2577 esset,
2070 2521 2322 2582 satagens
2358 2517 2734 2584 comprobare.

1931 2601 2022 2656 42.
2061 2621 2080 2654 ‹
2115 2602 2198 2656 Ad
2225 2618 2385 2674 quem
2417 2606 2704 2676 strepitum
2733 2617 2786 2663 et
2813 2609 3124 2680 clangorem
3175 2611 3448 2684 fugientes

1864 2693 2063 2764 impius
2118 2693 2341 2765 Sergius
2399 2695 2625 2768 ejusque
2677 2716 2941 2770 sequaces
3003 2706 3275 2761 subsecuti
3325 2717 3450 2762 sunt

1863 2785 2160 2856 principem
2192 2787 2412 2858 Capuze,
2448 2801 2730 2859 sperantes
2769 2809 2831 2849 se
2862 2795 2914 2849 in
2947 2796 3145 2852 dictam
3175 2800 3442 2855 civitatem

1862 2882 2174 2952 confugium
2205 2882 2480 2939 habuisse.
2508 2885 2783 2954 Ceperunt
2813 2897 2994 2942 autem
3026 2891 3253 2956 milites,
3312 2894 3450 2948 inter

1861 2971 2174 3027 vulneratos
2200 2981 2254 3027 et
2302 2989 2485 3039 sanos,
2537 2986 2752 3031 centum
2795 2981 3074 3048 sexaginta
3106 2983 3240 3036 duos
3270 2983 3446 3054 (224),

181 3080 283 3120 rem
307 3077 582 3136 pastorem
619 3077 667 3123 et
697 3077 930 3139 patrem,
955 3085 1059 3124 nou
1089 3070 1262 3125 solum
1294 3086 1404 3139 prae
1432 3072 1642 3127 cancris
1669 3089 1756 3128 ar-
1783 3105 1828 3167 C
1861 3081 1889 3118 a
1921 3064 2117 3133 quibus
2146 3064 2408 3120 visionem
2443 3064 2560 3120 fore
2588 3082 2768 3121 veram
2799 3073 3292 3140 comprobavimus.
3335 3075 3443 3129 [te-

180 3157 303 3212 ctius
324 3159 805 3229 complectebatur,
832 3161 925 3217 sed
950 3161 1116 3216 etiam
1145 3161 1342 3230 sae-pius
1364 3163 1431 3216 ad
1468 3178 1527 3217 se
1553 3178 1751 3219 evoca-

181 3245 274 3309 bat,
329 3248 669 3319 multamque
715 3249 763 3306 ei
811 3261 1073 3321 prwstans
1121 3253 1498 3319 reverentiam,
1541 3270 1755 3326 semper

181 3353 287 3394 cum
315 3342 494 3412 primo
519 3343 639 3399 loco
661 3343 849 3399 habuit
879 3344 932 3400 in
959 3346 1122 3402 domo
1155 3361 1274 3410 sua,
1315 3345 1540 3420 ejusque
1566 3350 1753 3406 cousi-

182 3427 253 3484 liis
277 3430 515 3488 libenter
538 3434 783 3504 parebat,
815 3443 870 3490 et
895 3435 1171 3505 precibus,
1221 3436 1415 3506 quibus
1461 3438 1750 3509 plurimum

181 3517 388 3586 ﬁdebat,
420 3532 681 3594 perpetuo
703 3539 825 3580 sese
849 3525 1266 3582 commendabat
1288 3527 1435 3598 (222)
1465 3544 1478 3581 :
1506 3543 1606 3584 nec
1629 3545 1750 3585 eum

182 3608 364 3668 fefellit
397 3614 604 3684 opinio.
623 3600 758 3686 Ejus
783 3617 929 3672 enim
950 3616 1095 3672 beati
1127 3617 1226 3672 viri
1258 3619 1466 3676 meritis
1490 3621 1750 3679 Dominus

180 3717 205 3755 a
229 3707 650 3774 praesentissimo
676 3708 917 3780 periculo
946 3725 1002 3766 et
1041 3711 1266 3766 structis
1302 3713 1350 3766 ei
1402 3712 1658 3781 periculis
1683 3713 1749 3768 il-

180 3795 272 3852 lum
308 3798 598 3867 liberavit;
643 3801 694 3858 id
719 3802 864 3873 quod
906 3818 1092 3860 comes
1120 3804 1234 3874 ipse
1269 3807 1320 3860 in
1372 3805 1464 3860 Dei
1497 3805 1746 3877 gloriam,

180 3895 225 3940 et
247 3890 316 3944 ob
341 3891 723 3962 divulgandam
757 3894 958 3964 ubique
989 3895 1167 3950 sancti
1194 3894 1463 3950 Brunonis
1488 3897 1747 3952 sanctita-

181 3989 272 4036 tem
303 3982 504 4038 litteris
533 3985 649 4040 suis
677 3993 933 4041 testatum
963 3985 1180 4057 reliquit
1213 3987 1265 4040 in
1297 3987 1410 4041 haec
1440 3987 1640 4043 verba:

234 4073 320 4129 40.
371 4092 391 4126 ι
427 4075 538 4146 Ego
574 4075 882 4147 Rogerius,
929 4077 1107 4132 divina
1158 4078 1523 4134 misericordia
1569 4094 1750 4135 comes

179 4163 428 4222 Calabriae
457 4176 512 4223 et
540 4167 738 4224 Siciliae
777 4179 903 4224 nota
933 4185 1054 4226 esse
1077 4169 1200 4226 volo
1229 4171 1480 4226 omnibus
1505 4171 1748 4228 fidelibus

181 4254 486 4316 Christianis
511 4257 800 4326 beneﬁcia,
837 4276 956 4331 qua}
987 4260 1120 4315 mihi
1159 4261 1433 4331 peccatori
1481 4261 1749 4316 concessit

182 4345 304 4403 Deus
355 4350 694 4406 orationibus
738 4351 1016 4406 reverendi
1068 4352 1173 4406 mei
1220 4351 1403 4406 fratris
1439 4351 1743 4416 Brunonis,

1859 3172 2049 3212 versus
2075 3172 2215 3219 sum,
2252 3155 2362 3211 Dco
2392 3157 2630 3223 volente,
2666 3160 2920 3214 vicesima
2962 3178 3103 3218 nona
3134 3162 3258 3219 Julii
3290 3180 3446 3219 men-

1855 3251 1932 3306 sis
1976 3249 2351 3320 Squillacium,
2402 3251 2831 3325 pcrhabitalal,
2881 3254 3201 3328 przehabita]
3250 3255 3448 3328 Capua!

1856 3341 2099 3406 civitate,
2130 3339 2218 3394 ubi
2253 3341 2326 3393 lui
2359 3354 2455 3410 per
2482 3341 2811 3412 quindeuam
2841 3344 3154 3399 continuam
3198 3345 3444 3403 inlirma-

1857 3443 1960 3488 tus.
1994 3431 2156 3488 Venit
2183 3431 2440 3501 verojam
2487 3433 2668 3488 dictus
2719 3435 3046 3490 venerabilis
3094 3435 3276 3493 Bruno
3319 3453 3446 3495 cum

1855 3534 2088 3595 quatuor
2116 3526 2182 3578 de
2209 3523 2470 3580 fratribus
2501 3525 2644 3589 suis,
2675 3525 2764 3595 qui
2799 3541 2883 3582 me
2909 3528 3023 3582 suis
3053 3529 3256 3584 sanctis
3283 3531 3448 3586 devo-

1855 3617 2032 3687 tisqne
2061 3616 2344 3686 colloquiis
2379 3617 2639 3673 consolati
2671 3628 2814 3673 sunt.
2861 3619 2960 3675 Cui
2993 3624 3294 3679 reverenda
3318 3625 3440 3680 viro

1852 3707 2113 3762 visionem
2148 3707 2328 3772 retuli,
2358 3715 2413 3763 ct
2440 3706 2671 3763 humiles
2696 3708 2902 3780 gratias
2948 3711 3070 3781 egi,
3117 3713 3210 3786 qui
3259 3713 3325 3770 de
3355 3729 3443 3770 me

1852 3798 2016 3854 etiam
2047 3799 2272 3854 absente
2300 3798 2414 3854 suis
2451 3798 2504 3853 in
2550 3801 2897 3856 orationibus
2926 3817 3115 3858 curam
3143 3804 3446 3862 habuisset.

1922 3891 2012 3944 45.
2049 3908 2068 3942 ι
2112 3891 2211 3957 Qui
2241 3905 2300 3945 se
2340 3889 2620 3945 lmmiliter
2658 3892 2894 3946 asseruit
2927 3909 3034 3949 non
3084 3893 3258 3964 ipsum
3304 3895 3442 3962 fore,

1853 3997 2010 4052 quem
2040 3981 2270 4047 credidi,
2299 3981 2392 4037 sed
2423 3980 2516 4036 Dei
2564 3983 2842 4054 angelum,
2891 3985 2983 4054 qui
3023 3994 3164 4041 astat
3212 3987 3445 4057 principi

1855 4088 2094 4148 tempore
2115 4079 2237 4134 belli
2267 4079 2438 4151 (225).
2465 4079 2670 4151 Rogavi
2699 4095 2915 4152 quoque
2939 4081 3111 4150 ipsum
3144 4079 3441 4146 humiliter,

1852 4181 1911 4228 ut
1966 4183 2245 4243 propterea
2309 4175 2376 4227 de
2441 4174 2600 4228 rebus
2670 4174 2804 4228 meis
2867 4173 2920 4226 in
2990 4182 3133 4226 terra
3201 4170 3439 4240 Squilla-

1850 4265 1998 4330 eensi
2049 4279 2263 4319 sumere
2310 4264 2626 4334 dignaretur
2667 4264 2847 4334 largos
2901 4263 3137 4326 reditus,
3180 4277 3319 4332 quos
3345 4262 3442 4316 du-

1851 4353 2067 4407 nabam.
2105 4352 2357 4407 Renuens
2391 4353 2500 4418 ille,
2545 4353 2788 4422 recipere
2827 4352 2970 4406 nolle
3018 4351 3256 4416 diccbat,
3295 4351 3442 4422 quod

182 4440 391 4506 PiiSSimi
439 4441 616 4512 patris
647 4441 898 4507 fratrum.
953 4444 1043 4512 qui
1095 4443 1345 4497 habitant
1396 4442 1448 4496 in
1496 4441 1742 4498 ecclesiis
1776 4457 1820 4511 Ι)
1847 4451 1911 4502 ad
1937 4446 2041 4500 hoc
2059 4444 2275 4499 domum
2309 4446 2389 4499 sui
2421 4445 2590 4515 patris
2616 4460 2893 4514 meamque
2913 4443 3215 4507 dimiserat,
3241 4453 3299 4498 ut
3323 4459 3441 4500 om—

183 4527 376 4588 Sancta:
401 4531 589 4587 Mariae
614 4534 682 4589 de
716 4548 922 4596 eremo,
960 4544 1014 4588 et
1043 4533 1227 4589 Sancti
1263 4532 1524 4604 Stephani
1559 4545 1745 4604 proto-

184 4625 438 4696 martyris,
462 4641 586 4696 qute
611 4626 730 4681 sitae
753 4635 878 4681 sunt
902 4627 953 4681 in
980 4636 1121 4681 terra
1153 4642 1271 4681 mea
1296 4626 1438 4682 inter
1464 4627 1742 4698 oppidum,

184 4715 304 4780 quod
333 4716 536 4772 dicitur
577 4715 795 4783 Stilum,
833 4726 887 4772 et
910 4717 1168 4772 Arenam.
1203 4717 1337 4774 Cum
1364 4732 1538 4774 essem
1571 4718 1624 4772 in
1650 4720 1748 4774 ob-

185 4806 367 4866 sidione
398 4810 600 4881 Capua:
629 4809 780 4882 (225)
808 4809 1066 4866 Kalendis
1107 4809 1308 4877 Martii,
1364 4821 1420 4866 et
1463 4811 1746 4881 prrel'ecis-

239 4978 376 5050 (2l9)
411 4979 522 5034 Pro
563 4980 822 5050 principis
853 4977 1009 5048 hujus
1056 4981 1246 5034 notitia
1300 4980 1385 5034 adi
1434 4979 1740 5036 Comment.

185 5060 497 5132 Demne-
522 5051 634 5132 ἓδίίὲ
660 5061 714 5132 sl
740 5068 861 5132 set
949 5130 956 5132 .
1201 5129 1209 5132 _
1437 5122 1466 5132 ,.
1553 5119 1565 5132 .

240 5119 375 5192 (220)
408 5122 486 5176 De
519 5123 708 5179 lictitia
740 5119 862 5183 hac,
905 5130 964 5175 ut
991 5129 1235 5190 apparet,
1294 5122 1491 5192 sancti
1521 5119 1745 5191 ejusque

187 5191 429 5248 sociorum
457 5207 554 5263 per
575 5194 828 5248 comitem
862 5193 1172 5261 liogerium,
1225 5191 1498 5246 venationi
1541 5207 1744 5246 vacan-

189 5265 292 5327 tem,
345 5264 660 5319 inventione
710 5265 910 5318 videsis
963 5264 1424 5317 Commentarium
1479 5265 1741 5332 praevium

188 5341 309 5404 nutu.
343 5333 442 5388 5H
484 5335 704 5390 elrbiuis
730 5349 882 5404 seqq.
942 5403 948 5404 γ
1168 5403 1177 5404 ί
1271 5335 1294 5404 ί

242 5403 375 5476 (221)
414 5404 552 5472 Quid
575 5408 642 5460 de
671 5401 878 5459 duabus
898 5403 1048 5459 hisce
1069 5402 1334 5476 ecclesiis,
1361 5417 1496 5472 quas
1525 5402 1584 5458 S.
1614 5401 1743 5457 Bru-

190 5475 290 5526 noui
319 5474 542 5544 ejusque
571 5476 763 5540 sociis,
815 5476 1000 5530 statim
1058 5481 1220 5544 atque
1273 5474 1439 5529 hosce
1481 5476 1533 5528 in
1577 5489 1741 5543 specu

190 5554 378 5617 orantes
398 5546 702 5617 invenerat,
732 5561 913 5602 comes
938 5545 1204 5617 Rogerius
1237 5545 1471 5617 (intrarit,
1504 5545 1742 5617 sentien-

192 5610 401 5686 dum‘sit,
423 5610 1214 5686 Commentariiiprazvii'num.
1247 5615 1353 5670 570
1383 5610 1593 5686 aperui.

248 5683 380 5754 (222)
422 5684 573 5749 Vide,
603 5702 726 5754 quae
753 5687 806 5742 in
830 5683 968 5744 Vitae
993 5686 1349 5757 praecedentis
1387 5683 1549 5756 caput
1575 5687 1607 5742 5
1640 5700 1740 5742 ηο-

196 5755 282 5807 tari
305 5757 363 5811 ad
389 5767 500 5812 not.
527 5757 657 5812 157.

211 5767 282 5807 at’t
305 5767 363 5811 ad
389 5767 500 5815 not,
527 5767 657 5815 157.

1849 4539 1978 4593 nino
1999 4540 2065 4593 de
2091 4536 2251 4590 rebus
2267 4535 2537 4589 extraneis
2566 4534 2718 4599 liber,
2744 4533 3044 4588 deservirct
3061 4533 3170 4588 Deo
3195 4549 3310 4588 suo.
3339 4533 3440 4590 Hic

1852 4632 2026 4687 fuerat
2054 4631 2106 4685 in
2139 4636 2250 4683 tota
2279 4629 2438 4683 domo
2468 4643 2608 4692 mea,
2641 4627 2794 4697 quasi
2845 4629 3054 4696 primus
3102 4635 3158 4682 et
3209 4641 3438 4696 magnus

1849 4724 2020 4794 (226).
2049 4721 2288 4776 Tandem
2319 4720 2408 4774 vix
2439 4720 2507 4774 ab
2533 4732 2597 4774 eo
2627 4718 2920 4788 impetrare
2963 4718 3144 4788 potui,
3177 4725 3234 4771 ut
3265 4717 3438 4787 gratis

1848 4815 2218 4884 acquiesceret
2241 4826 2456 4866 sumere
2480 4809 2749 4864 modicum
2777 4825 2972 4864 munus
2997 4823 3195 4864 meum.
3229 4806 3436 4863 Donavi

1918 4974 2066 5045 (225)
2107 4969 2497 5045 Obsidio‘hazc,
2536 4968 2687 5045 cujus
2717 4967 3056 5045 occasionem
3085 4966 3436 5045 Commenta-

1846 5037 2119 5114 rii‘prae'vii
2140 5057 2284 5118 nutu.
2314 5039 2418 5094 635
2439 5041 2679 5118 exposui.
2707 5038 3008 5118 δῄῳ-[098
3032 5037 3213 5118 evenit
3239 5051 3430 5108 quem-

1845 5109 2131 5171 admodum
2160 5111 2546 5168 Comtttentarii
2581 5112 2762 5179 pr.evii
2788 5109 2814 5180 ς
2844 5109 2912 5180 40
2937 5109 3116 5162 docui.

1917 5186 2065 5257 (224)
2101 5185 2182 5238 Au
2240 5181 2464 5257 Sergius
2512 5175 2609 5234 hos
2665 5175 2813 5257 inter:
2839 5179 3023 5241 fuerit,
3072 5185 3153 5257 est
3181 5175 3426 5231 dubium.

1845 5249 2077 5313 Consule
2107 5270 2224 5324 qua:
2251 5249 2469 5324 iui/itas
2489 5251 2846 5322 praecedentis
2876 5258 3029 5316 caput
3076 5249 3110 5301 5
3157 5257 3420 5300 aunotata

1845 5338 1969 5385 sunt
1991 5328 2056 5380 ad
2089 5323 2204 5380 not.
2233 5323 2358 5376 MO.

1913 5397 2061 5468 (225)
2103 5396 2176 5468 De
2201 5395 2409 5468 visione
2440 5395 2566 5457 hac,
2594 5391 2778 5468 comiti
2824 5387 3058 5468 ltogcrio
3112 5387 3167 5468 in
3193 5387 3431 5468 _somuis

1842 5458 2053 5527 oblata;
2074 5465 2272 5519 videsis
2299 5458 2688 5518 Commentarii
2718 5462 2897 5530 pracvii
2917 5458 3081 5530 fnum.
3107 5458 3232 5512 6M.

1913 5538 2060 5612 (226)
2093 5535 2169 5590 Ne
2198 5551 2264 5589 ex
2289 5535 2372 5588 bis
2398 5527 2853 5612 comitishﬂo'gerii
2903 5529 3080 5585 verbis
3130 5538 3310 5598 putes,

1841 5600 2150 5665 Brinnonem
2177 5613 2302 5659 ante
2329 5620 2486 5658 suum
2519 5605 2570 5658 in
2601 5600 2940 5657 Carthusiam
2997 5615 3271 5656 secessum
3323 5600 3424 5654 ali-

1839 5679 2076 5752 quandiu
2120 5676 2286 5752 fuisse
2309 5676 2361 5729 in
2390 5673 2838 5752 principis__i_s_tius
2865 5671 2985 5726 aula
3012 5681 3298 5728 versatum.
3324 5670 3426 5726 Adi

1841 5743 2226 5808 Commentarii
2257 5743 2441 5817 prtevii
2471 5761 2621 5800 num.
2649 5743 2745 5799 571
2778 5751 2829 5799 et
2855 5757 2969 5813 seq.
