3864 6320
506 330 607 390 547

1339 328 1395 383 S.
1437 326 1783 385 BRUNONIS
1810 323 2453 383 CARTHUSIANORUM
2480 324 2967 383 lNSTiTUTORlS
3661 339 3729 397 διε

449 419 455 424 ”
504 447 648 502 enim
678 446 855 502 eidem
895 445 1034 515 patri
1064 443 1308 499 Brnnoni
1339 457 1570 513 ejusque
1597 442 2003 497 successoribus
2029 456 2066 493 at

2203 439 2470 509 profundo
2498 456 2745 497 sermone
2791 442 3039 513 exposuit
3080 450 3134 497 et
3177 443 3443 500 conclusit
3484 446 3559 503 sic
3587 449 3729 523 (233):

506 542 816 597 habendum
856 540 908 593 in
951 548 1272 608 perpetuum
1308 539 1513 608 absque
1548 536 1824 605 temporali
1872 534 2092 589 servitio

507 634 897 689 monasterium
926 630 986 686 S.
1013 630 1202 686 Jacobi
1234 646 1355 685 cum
1382 636 1583 694 castro,
1618 638 1670 683 et
1700 643 1861 697 quam
1898 628 2047 697 plura
2076 670 2089 693 ,

504 738 595 777 res
634 731 688 775 et
722 722 861 775 bona
890 722 1015 783 alia,
1069 736 1193 775 cum
1243 718 1589 789 amplissimis
1637 716 1997 781 libertatibus,
2039 718 2090 770 in

504 812 663 868 dictis
688 812 885 868 litteris
912 812 1059 885 (227)
1088 810 1337 883 specifice
1363 809 1673 866 declaratis.
1705 828 1723 861 ι
1757 806 1883 863 11ωο
1909 822 2091 862 comes

506 905 617 959 ille.

563 996 780 1052 “diae
795 1004 973 1051 autem
986 996 1203 1052 comitis
1220 993 1540 1050 liberalitate
1553 992 1907 1048 etdonatione
1922 991 2089 1048 fretus

503 1089 695 1144 beatus
724 1090 902 1144 Bruno
931 1088 1169 1143 condidit
1200 1087 1270 1140 ibi
1299 1087 1471 1156 primo
1511 1085 1794 1140 ecclesiam
1826 1085 1878 1138 in
1906 1085 2082 1139 hono-

504 1196 618 1234 rem
658 1180 843 1235 Matris
888 1180 980 1235 Dei
1026 1179 1164 1248 apud
1205 1194 1420 1246 specum
1471 1178 1756 1247 quamdam
1810 1178 2085 1231 subterra-

503 1273 752 1338 neam,in
776 1290 878 1344 qua
902 1274 1012 1344 ipse
1036 1274 1370 1327 morabatur.
1398 1273 1601 1328 Deinde
1628 1274 1900 1328 exstruxit
1922 1273 2083 1328 etiam

501 1365 722 1420 alteram
759 1407 773 1430 ,
804 1366 941 1419 haud
973 1358 1155 1434 procul
1190 1366 1255 1419 ab
1288 1365 1374 1419 illa
1401 1367 1713 1430 distantem,
1742 1366 1793 1419 in
1824 1366 2083 1419 honorem

500 1459 673 1510 sancti
726 1457 1143 1528 protomartyris
1171 1457 1431 1527 Stephani
1464 1456 1634 1527 (228),
1668 1472 1789 1511 eum
1814 1466 2087 1511 monaste-

499 1546 581 1599 rio
608 1546 681 1599 illi
728 1548 1039 1616 conjunclo,
1091 1548 1143 1601 in
1173 1549 1484 1617 quocaeteri
1516 1548 1710 1602 fratres
1745 1547 2081 1612 habitabant,

496 1640 595 1692 sub
617 1654 742 1692 cura
767 1649 819 1692 et
841 1640 1227 1709 gubernatione
1256 1642 1386 1695 tanti
1412 1642 1584 1695 Patris
1607 1642 1825 1696 Christo
1851 1642 2083 1695 militan-

499 1730 769 1800 105(229).
800 1730 931 1784 Cum
977 1733 1173 1801 quibus
1208 1733 1289 1786 vir
1333 1743 1551 1788 sanctus
1598 1748 1767 1803 usque
1815 1733 1880 1787 ad
1939 1733 2079 1788 diem

494 1825 619 1877 vita:
648 1835 948 1880 cxtrcnuun
982 1827 1030 1880 in
1058 1840 1120 1881 ea
1150 1829 1515 1897 perseveravit
1551 1828 1765 1882 vivendi
1796 1828 2006 1881 ratione
2027 1837 2082 1882 et

492 1915 616 1967 vitae
646 1916 957 1986 asperitate,
988 1933 1149 1987 quam
1174 1928 1329 1972 antea
1360 1918 1411 1971 in
1443 1919 1729 1972 Carthusia
1764 1929 2007 1989 caapcrat
2027 1929 2082 1974 et

492 2006 769 2069 docuerat,
799 2008 1013 2062 interim
1055 2011 1214 2064 etiam
1259 2010 1484 2064 sollicite
1523 2026 1707 2065 curam
1757 2026 1943 2066 eorum
1989 2026 2081 2081 ge-

497 2114 641 2163 rens,
675 2101 764 2170 qui
794 2101 845 2154 in
875 2101 1175 2157 Carthusire
1204 2116 1386 2157 eremo
1420 2104 1685 2173 degebant
1718 2104 1867 2175 (230)
1896 2145 1909 2170 ,
1946 2120 2082 2174 prte-

494 2188 634 2243 fectu
662 2191 763 2248 eis.
797 2202 856 2247 ut
885 2201 1006 2246 mtc
1040 2192 1293 2257 diximus,
1323 2195 1581 2262 magistro
1608 2195 1909 2250 Lauduino.

564 2281 763 2349 45.Qut
792 2284 1009 2353 quidem
1033 2285 1114 2338 vir
1140 2286 1482 2350 venerabilis,
1508 2303 1574 2340 ne
1598 2302 1625 2339 a
1650 2287 1891 2357 vestigiis
1917 2297 1971 2341 et
1999 2287 2080 2341 iu-

493 2370 695 2426 stitutis
742 2374 871 2426 tanti
905 2373 1082 2428 Patris
1128 2382 1183 2429 et
1231 2376 1579 2444 praeceptoris
1626 2378 1705 2429 sui
1748 2376 2076 2443 deflecteret,

493 2478 629 2517 uere
659 2463 816 2518 aliter
846 2480 974 2519 suos
1001 2465 1329 2532 institueret,
1356 2484 1516 2537 quam
1546 2470 1612 2521 ab
1637 2468 1728 2523 illo
1758 2485 1878 2523 cum
1915 2470 2076 2525 sociis

493 2551 753 2607 fratribus
803 2554 1099 2622 didicisset,
1152 2556 1256 2611 iter
1308 2558 1675 2629 longissimum
1723 2562 1958 2629 suscepit
2007 2562 2073 2615 ad

493 2641 664 2710 ipsam
694 2658 863 2713 usque
913 2645 1175 2701 Calabriae
1203 2663 1461 2714 eremum,
1511 2650 1719 2719 singula
1767 2651 2073 2705 accuratius

488 2748 557 2787 ex
590 2734 679 2788 illo
711 2745 1145 2805 percontaturns.
1186 2740 1291 2793 Sed
1337 2756 1456 2795 cum
1509 2759 1537 2795 a
1584 2743 1925 2799 sanctissimo
1957 2744 2072 2799 viro

490 2826 710 2892 rediret,
740 2828 792 2883 in
820 2844 1010 2885 manus
1041 2831 1245 2887 Gibcrti
1272 2834 1601 2888 schismatici
1633 2835 1837 2902 incidit,
1870 2845 2070 2892 etcum

489 2934 594 2972 non
622 2906 803 2988 posset
835 2937 863 2975 a
892 2926 1159 2979 sententia
1188 2925 1400 2993 deduci,
1436 2943 1534 2998 pro
1556 2929 1779 2999 justitia:
1802 2930 2068 2987 defensio-

488 3022 556 3064 ne
593 3009 645 3064 in
677 3013 917 3068 custodia
950 3014 1199 3071 detentus
1229 3026 1343 3084 est;
1375 3019 1516 3073 unde
1542 3021 1700 3090 paulo
1730 3030 1850 3091 post
1879 3022 2067 3078 diutis-

487 3114 616 3210 sus,
669 3117 774 3158 non
837 3105 1007 3161 multo
1064 3107 1346 3179 interjecto
1398 3119 1679 3181 tempore,
1732 3114 2065 3184 impollutum
2099 3149 2142 3210 ε

485 3190 704 3248 Christo
732 3195 982 3264 spiritum
1021 3198 1251 3253 reddidit
1277 3201 1447 3272 (231).

557 3282 643 3337 46.
672 3282 868 3341 Incidit
896 3303 1024 3344 vero
1053 3291 1217 3345 etiam
1248 3293 1592 3350 beatissimus
1625 3294 1786 3351 Pater
1815 3296 1995 3353 Bruno
2018 3299 2069 3354 in

483 3375 857 3445 gravissimam
902 3380 1284 3448 valetudinem,
1335 3386 1630 3457 morboque
1659 3399 1945 3455 augmenta
1975 3406 2069 3445 ca-

482 3474 767 3536 pessente,
794 3472 1246 3538 quemadmodum
1282 3488 1402 3529 sese
1433 3476 1721 3543 habuerit,
1772 3479 1966 3536 fratres
2016 3490 2071 3537 et

485 3556 578 3610 filii
616 3557 732 3627 ejus
772 3559 857 3615 his
898 3563 1079 3617 verbis
1129 3563 1183 3617 in
1230 3566 1434 3634 scripto
1476 3568 1711 3636 quodam
1752 3571 2063 3640 explicant:

486 3645 557 3702 Ut
584 3648 791 3714 sciatis,
831 3663 1031 3721 quanta
1059 3653 1275 3720 fiducra,
1325 3671 1483 3725 quam
1512 3666 1658 3712 certa
1682 3675 1773 3729 spe
1796 3660 2069 3719 liberatio-

482 3737 568 3792 nis
589 3737 707 3807 ejus
739 3756 927 3811 preces
953 3744 1209 3811 fundatis,
1245 3749 1529 3803 transitum
1555 3750 1696 3807 illius
1722 3753 1871 3808 brevi
1909 3755 2062 3810 titulo

482 3828 891 3900 innotescimus,
933 3845 992 3891 ut
1026 3838 1078 3892 in
1106 3841 1279 3895 sancti
1304 3841 1407 3896 viri
1431 3848 1898 3902 consummatione
1930 3850 2066 3904 veri-

481 3929 648 3979 tatem
713 3936 767 3982 et
830 3930 1214 3999 perfectionem
1264 3946 1552 3995 transactte
1604 3942 1726 3997 vitae
1774 3945 2061 4016 colligatis.

479 4014 671 4073 Sciens
696 4021 838 4074 enim
877 4026 1001 4093 quia
1054 4029 1200 4081 venit
1250 4030 1380 4085 hora
1426 4032 1562 4101 ejus,
1614 4047 1671 4091 ut
1710 4014 1950 4094 transeat
1995 4058 2062 4096 ex

479 4104 583 4197 hoc
611 4114 809 4169 mundo
839 4116 904 4169 ad
936 4117 1169 4185 Patrem,
1196 4128 1507 4182 convocatis
1534 4128 1791 4185 fratribus
1820 4132 1952 4197 suis,
1994 4135 2063 4189 ab

479 4195 592 4268 ipsa
619 4200 845 4258 infantia
878 4206 1115 4277 singulas
1142 4222 1330 4269 :etates
1359 4231 1484 4272 snas
1509 4219 1790 4290 replicavit
1810 4261 1825 4284 ,
1873 4195 1946 4278 et
1975 4232 2059 4278 to-

475 4290 582 4346 tius
617 4296 872 4364 temporis
919 4300 999 4354 sui
1026 4316 1243 4359 cursum
1290 4307 1513 4365 scientia
1563 4321 1619 4367 et
1662 4314 1934 4369 sententia
1979 4315 2059 4383 di;-

472 4395 635 4452 gnum
667 4385 814 4460 (252)
844 4392 1219 4461 proclamavit.

2195 528 2370 585 Credo
2407 531 2572 586 etiam
2600 540 2962 599 sacramenta,
3009 547 3129 603 qua:
3171 545 3360 591 sancta
3389 539 3557 593 credit
3588 550 3635 596 et
3672 562 3729 601 vc-

2193 632 2416 677 ncratur
2464 624 2724 690 Ecclesia,
2769 632 2823 679 et
2860 626 3179 681 nominatim
3227 642 3423 693 panem
3472 640 3525 685 et
3571 634 3730 703 vinum,

2193 727 2312 782 qum
2337 725 2727 770 consecrantur
2758 716 2811 770 in
2839 716 3021 783 altari,
3047 726 3169 788 post
3203 722 3651 779 consecrationem
3672 744 3731 782 re.

2196 820 2314 860 rum
2341 821 2540 875 corpus
2566 821 2684 863 esse
2716 807 2931 864 Domini
2957 810 3129 864 nostri
3162 810 3293 866 Jesu
3326 812 3548 879 Christi,
3592 832 3729 876 veram

2191 911 2410 952 carnem
2452 906 2506 953 et
2534 915 2719 955 verum
2756 902 3096 972 sanguinem,
3150 918 3273 972 quae
3318 912 3376 959 et
3424 921 3519 961 nos
3576 911 3730 981 accipi-

2192 1006 2311 1044 mus
2342 991 2393 1044 in
2445 993 2818 1049 remissionem
2862 1006 3209 1064 peccatorum
3247 1005 3573 1063 nostrorum,
3622 1011 3665 1056 et
3696 1006 3729 1059 in

2190 1095 2285 1149 spe
2314 1081 2503 1137 salutis
2523 1092 2759 1139 mternaa.
2786 1084 3041 1143 Proximo
3071 1086 3196 1143 inde
3226 1087 3508 1144 Dominico
3536 1091 3613 1146 die
3638 1109 3727 1149 san-

2180 1160 2280 1226 cta
2311 1173 2399 1229 illa
2434 1175 2614 1230 anima
2638 1192 2801 1232 carne
2830 1188 3004 1233 soluta
3035 1190 3116 1234 est
3172 1182 3348 1249 pridie
3398 1180 3571 1237 Nonas
3610 1183 3729 1241 Octo-

2186 1266 2300 1321 bris
2326 1283 2467 1323 anno
2481 1268 2678 1325 Christi
2708 1271 2991 1327 millesimo
3018 1274 3315 1328 centesimo
3330 1275 3529 1344 primo,
3553 1291 3731 1348 corpus-

2186 1372 2289 1426 que
2316 1358 2431 1427 ejus
2458 1358 2653 1415 fratres
2682 1360 2789 1416 illic
2817 1361 3116 1417 honorifice
3146 1363 3526 1418 condiderunt.

2256 1451 2345 1507 48.
2375 1452 2455 1507 Α(1
2481 1452 2599 1523 ejus
2625 1454 2931 1525 sepulcrum
2963 1454 3271 1524 hujusmodi
3310 1456 3633 1526 epitaphium
3657 1474 3727 1531 ap-

2186 1543 2423 1612 positum
2452 1553 2533 1598 est
2558 1562 2574 1598 :

2256 1629 2470 1707 Pri_mus
2501 1634 2555 1687 in
2590 1634 2686 1707 hac
2728 1635 2925 1690 Christi
2954 1637 3207 1707 fundator
3228 1638 3379 1693 ovilis
3402 1656 3567 1695 eremo

2330 1699 2608 1758 Promerui
2623 1705 2759 1772 ﬁeri,
2786 1709 2876 1776 qui
2906 1699 3048 1776 te'gor
3070 1710 3165 1762 hoc
3190 1709 3385 1777 lapide.

2254 1769 2437 1847 Bruno
2467 1776 2594 1847 mihi
2623 1769 2829 1840 nomen,
2862 1769 3089 1847 genitrix
3114 1769 3419 1842 Germania,
3447 1797 3615 1845 meque

2332 1842 2624 1898 Transtulit
2647 1847 2715 1898 ad
2746 1842 2999 1920 Calabros
3029 1860 3180 1920 grata
3209 1850 3356 1920 quies
3389 1842 3620 1905 uetueris.

2257 1910 2453 1984 Doctor
2472 1931 2631 1978 eram,
2668 1933 2836 1983 pra’co
2867 1910 3084 1982 (Ihrisii,
3114 1918 3189 1971 vir
3218 1910 3373 1972 notus
3408 1921 3461 1973 in
3488 1922 3615 1984 orbe,

2328 1981 2561 2056 Desuper
2592 1981 2724 2056 illud
2753 1996 2865 2056 erat
2886 1990 3078 2056 gratia,
3114 2005 3217 2041 non
3248 1991 3514 2042 meritum.

2256 2050 2443 2123 Carnis
2470 2050 2642 2109 'vincla
2670 2056 2778 2109 dies
2805 2050 3042 2110 Ociobris
3067 2050 3219 2111 sexta
3250 2060 3481 2123 resolvit,

2327 2122 2459 2176 Ossa
2490 2136 2698 2179 manent
2731 2126 2949 2190 tumulo,
2979 2129 3194 2194 spiritus
3224 2138 3371 2181 astra
3398 2132 3518 2198 pem
3549 2130 3691 2201 (225i).

2182 2233 2311 2302 Ejus
2348 2244 2526 2290 autem
2557 2237 2959 2292 sanctissimam
2989 2240 3153 2293 vitam
3183 2248 3520 2311 mortemque
3548 2244 3719 2311 pretio-

2180 2341 2293 2382 sam
2321 2336 2611 2383 consecuta
2643 2336 2769 2383 sunt
2816 2329 2984 2384 multa
3028 2331 3315 2397 miracula,
3366 2347 3485 2401 qua:
3530 2333 3592 2387 ob
3631 2334 3725 2400 ejus

2178 2418 2435 2487 przeclara
2469 2420 2657 2475 merita
2690 2419 2941 2477 Christus
2969 2420 3163 2477 effecit.
3210 2422 3342 2477 Post
3388 2424 3585 2477 obitum
3631 2423 3726 2493 ejus

2176 2522 2231 2568 et
2268 2513 2594 2583 sepulturam
2636 2514 2831 2571 fratres
2868 2518 3181 2572 monasterii
3210 2516 3327 2585 ejus
3353 2518 3567 2571 chartas
3592 2520 3725 2574 misc-

2176 2614 2324 2671 runt,
2369 2616 2428 2660 ut
2460 2607 2623 2663 habet
2650 2608 3003 2672 consuetudo,
3050 2609 3106 2663 in
3142 2610 3388 2667 diversas
3434 2612 3721 2681 provincias,

2176 2705 2337 2767 atque
2366 2699 2419 2752 in
2450 2699 2620 2769 ipsam
2654 2714 2867 2770 quoque
2892 2700 3244 2770 Britanniam,
3282 2705 3478 2773 quibus
3506 2713 3556 2759 et
3586 2702 3722 2771 ejuse

2177 2788 2283 2841 vita
2311 2788 2593 2844 decessum
2620 2791 3014 2861 significaram,
3046 2802 3102 2849 et
3129 2804 3189 2850 ut
3227 2810 3419 2865 preces
3448 2810 3543 2866 pro
3567 2802 3721 2849 sancta

2173 2880 2320 2937 illius
2343 2883 2522 2937 anima
2554 2884 2779 2940 Domino
2803 2884 3153 2950 offerrentur,
3178 2887 3453 2956 petierunt
3484 2886 3637 2959 (255).

2239 2974 2331 3028 49.
2361 2972 2616 3030 Sciebant
2649 2976 2793 3032 enim
2824 2993 2929 3033 non
2960 2992 3080 3033 esse
3100 2978 3343 3048 justum,
3383 2980 3471 3050 qui
3504 2995 3600 3035 non
3625 2994 3723 3050 pec-

2173 3075 2275 3120 cet.
2298 3066 2365 3119 Et
2385 3066 2560 3135 primo
2582 3068 2796 3137 quidem
2828 3065 3026 3125 fratres
3050 3081 3106 3125 et
3130 3070 3378 3140 discipuli
3402 3071 3537 3140 ejus,
3564 3072 3722 3126 deinde

2291 3171 2339 3209 m
2371 3156 2495 3223 alii,
2533 3160 2625 3226 qui
2674 3174 2796 3213 eum
2852 3169 3158 3226 noverant,
3199 3160 3501 3231 quibusque
3543 3162 3721 3231 cognita

2173 3257 2291 3302 erat
2320 3246 2437 3317 ejus
2462 3249 2657 3304 eximia
2685 3250 2919 3307 eruditio
2948 3261 3004 3307 et
3026 3252 3150 3307 vita:
3181 3254 3559 3319 sanctimonia,
3600 3254 3720 3308 testi-

2172 3338 2411 3393 monium
2440 3340 2506 3395 de
2551 3340 2638 3407 iis,
2672 3341 2757 3397 vel
2787 3358 2970 3413 prosa,
3000 3344 3085 3399 vel
3113 3345 3355 3400 carmine
3388 3350 3439 3399 in
3464 3347 3528 3400 iis
3550 3344 3718 3399 chartis

2173 3432 2495 3501 ascripsere.
2547 3433 2678 3500 Quae
2717 3436 2899 3491 omnia
2953 3451 3383 3493 commemorare
3417 3438 3459 3493 si
3490 3439 3715 3501 velhnus,

2171 3523 2399 3578 nimium
2444 3524 2638 3594 prolixi
2669 3527 2873 3582 erimus
2899 3545 2912 3594 ;
2949 3529 2993 3582 si
3024 3530 3441 3597 praetermittere
3465 3530 3627 3584 omnia
3655 3539 3717 3583 tot

2170 3620 2612 3689 gravissimorum
2646 3621 2923 3675 hominum
2957 3623 3299 3687 testimonia,
3350 3621 3714 3692 ingratitudinis

2168 3720 2223 3766 et
2271 3711 2617 3781 impudentiae
2665 3721 2845 3767 notam
2892 3726 2998 3767 non
3046 3712 3400 3784 effugiemus,
3447 3712 3712 3783 praesertim

2168 3798 2383 3866 quando
2408 3797 2561 3851 etiis
2587 3796 2783 3851 eximia
2812 3797 2954 3853 beati
2982 3798 3083 3852 viri
3110 3799 3371 3855 sanctitas
3394 3814 3497 3855 non
3520 3800 3712 3854 obscure

2167 3894 2346 3955 potest
2381 3886 2736 3941 adimadverti
2768 3904 2781 3953 ;
2818 3894 2873 3941 et
2913 3888 3133 3957 expedit
3190 3903 3321 3943 sane
3359 3903 3463 3944 non
3514 3888 3712 3960 ignorari

2166 3987 2251 4037 ea,
2289 3988 2408 4044 quae
2436 3972 2745 4027 annotaturi
2791 3987 3007 4038 sumus,
3041 3973 3123 4027 vel
3171 3974 3239 4028 ob
3281 3973 3334 4028 id
3384 3975 3709 4046 potissimum,

2165 4063 2308 4133 quod
2340 4063 2560 4132 quidam
2610 4062 2778 4133 inepti
2809 4069 2865 4118 et
2896 4063 3085 4119 insulsi
3135 4064 3408 4132 homines,
3456 4076 3510 4121 et
3540 4067 3629 4121 sibi
3668 4074 3711 4120 et

2166 4154 2286 4208 aliis
2336 4155 2661 4224 persuadere
2716 4153 2833 4210 ausi
2885 4163 3050 4221 sunt,
3102 4156 3248 4212 hunc
3297 4158 3511 4212 beatum
3562 4158 3710 4212 virum

2162 4256 2285 4296 enm
2334 4255 2456 4297 esse
2497 4242 2771 4299 doctorem
2803 4285 2819 4310 ,
2862 4261 3024 4317 quem
3074 4261 3173 4302 nos
3224 4248 3277 4302 in
3311 4249 3470 4321 hujus
3502 4249 3707 4305 historia:

2161 4331 2316 4386 initio
2345 4332 2657 4388 damnatum
2688 4349 2806 4389 esse
2833 4336 3069 4392 diximus
3094 4353 3108 4404 ;
3136 4339 3280 4408 quod
3311 4340 3526 4409 quidem
3559 4339 3708 4394 vanis~

2160 4423 2353 4478 simum
2379 4431 2482 4489 est,
2515 4426 2718 4491 nescio,
2756 4426 2907 4497 cujus
2937 4430 3304 4499 somniatoris,
3341 4443 3707 4500 commentum,

539 4473 630 4530 47.
662 4475 854 4536 Postea
895 4481 1057 4539 fidem
1108 4502 1259 4545 suam
1294 4491 1359 4547 de
1386 4492 1675 4563 Trinitate,
1700 4506 1975 4566 protracto
1996 4509 2052 4556 et

2385 4473 2482 4489 ---,
2516 4473 2718 4491 ---_---,
2759 4473 2907 4497 ην-
2937 4473 3304 4499 --..........,...,,
3342 4473 3705 4500 νυ......ν...υ...,

2175 4529 2277 4571 :um
2305 4516 2437 4573 satis
2462 4525 2690 4585 constet,
2708 4517 2857 4574 illum
2881 4519 3192 4577 damnatum
3218 4524 3499 4582 doctorem
3526 4525 3705 4583 beatis-

542 4606 974 4703 ???)Jntegras
1021 4620 1183 4703 hasce
1235 4622 1623 4703 commentarii
1665 4632 1851 4703 praevii
1896 4652 2045 4694 num.

468 4675 784 4757 πλέες-δᾳ
804 4675 956 4757 εθῆίι.
989 4691 1097 4744 reci
1106 4675 1536 4754 uias’iiii'éiiiés;

520 4748 1124 4838 i_(3_28j-Nee.Sanctus,
1156 4748 1536 4838 posﬁua—min
1558 4767 1902 4830 Turritanam
1930 4792 2043 4835 ere-

467 4833 618 4908 ptum
635 4832 910 4908 Asecessit,
953 4832 1208 4891 continuo
1249 4832 1316 4891 in‘
1354 4852 1541 4908 specu,
1592 4842 1669 4896 uti
1712 4842 1800 4898 hic
1855 4832 2048 4906 Surius

467 4887 868 4983 Ellgvidetur,
890 4887 1263 4983 commoratus
1270 4887 1414 4973 est:
1412 4887 1541 4983 ’.εἶξε
1569 4887 2040 4983 binas-ecclesia:

467 4958 923 5065 mittis-Trag}
954 4980 1077 5040 post
1098 4958 1500 5065 daturincitjus
1512 4958 1646 5065 pars

466 5030 749 5117 mimum
771 5030 1023 5117 ,βῖριόιῖιιξ
1035 5030 2042 5117 ΡζὶιηψηόὀῆἶίίἶιίῖΪ’Ᾰαῖ’ὗῦὶῆἶῖιὲἰἶΪ

468 5106 803 5192 ωςξξορὶζωχίἰ
830 5106 976 5192 nunt.
994 5106 1163 5192 fiﬁdet
1178 5115 1321 5192 binis
1335 5106 2037 5192 seqq.itemquenum.t'-71S.

533 5170 682 5251 (229)
719 5173 1046 5254 Μρηθειςετίρ
1067 5184 1191 5240 huic
1214 5170 1463 5242 Sanettt'sj
1475 5170 2045 5254 mihivah?

460 5247 721 5366 Εἷᾮῖἓξη.
755 5247 988 5305 Consule
1006 5253 1307 5311 Comment.
1328 5260 1511 5327 praevii
1565 5279 1712 5319 num.
1763 5247 2042 5333 ϐἑϐξνόλέ

458 5325 515 5365 ει
546 5325 660 5368 116.

532 5380 1073 5475 (Eyji‘Viet-issimum
1099 5396 1354 5475 sanehoc
1377 5411 1598 5475 apparet
1626 5420 1691 5458 ex
1745 5406 1959 5475 litteris,
1986 5412 2038 5466 in

457 5449 860 5544 Eoiugmthario
907 5449 1116 5544 praevio
1133 5449 1282 5544 git
1296 5449 1572 5536 iécii’iﬁg,"
1582 5449 1777 5544 'qvu-as"

459 5522 665 5621 {lusi-:5
681 5522 1398 5621 fratresnper‘Lati'dyi'nnm,
1420 5522 1754 5602 adi—liosc‘e‘c

455 5603 838 5664 revertentem,
868 5600 1099 5660 sanctus
1134 5602 1300 5663 misit.

494 5662 676 5758 ³(ἓξ)
695 5662 1044 5758 Αξιὲςιᾶιξὶηυεη
1073 5678 1186 5758 qui,
1212 5682 1282 5758 ex
1312 5678 1582 5758 Calabria,
1638 5696 1744 5758 quo
1764 5689 2037 5749 Bruuonis

454 5736 661 5791 visendi
689 5753 848 5794 causa
879 5736 1068 5815 iverat,
1091 5736 1740 5829 'Ca'rthusiamﬁrepctejns:

2153 4647 2397 4730 Guiberti
2450 4652 2718 4730 antipapae
2765 4655 2957 4730 incidit
3003 4666 3165 4730 atque
3201 4661 3254 4716 in
3299 4678 3572 4720 carcerem
3624 4663 3709 4721 fuit

2153 4718 2449 4804 conjectus,
2482 4718 2660 4804 inedia
2688 4726 2742 4804 in
2769 4727 2899 4804 hoc,
2931 4718 3384 4804 quemadmodum
3412 4718 3481 4789 ex
3502 4718 3582 4799 iis,
3607 4718 3706 4804 quae

2150 4787 2536 4877 Commentarii
2560 4797 2743 4877 praevii
2766 4796 2794 4869 ᾗ
2823 4787 3176 4877 4f_d'isserui,
3223 4802 3307 4858 fas
3329 4787 3702 4877 est—colligere;

2151 4860 2388 4944 interiit;
2423 4872 2481 4917 ut
2508 4860 2736 4944 proinde
2759 4860 2791 4921 ἑή
2814 4868 3045 4926 veritate
3102 4860 3320 4929 aberret
3373 4860 3701 4944 Surius,"'qui

2149 4928 2299 5007 illum
2328 4946 2433 5007 non
2464 4928 2636 5007 prius,
2669 4950 2831 5006 quam
2852 4953 2975 4994 cum
3000 4955 3030 4995 e
3055 4928 3397 5007 carcere,ini
3416 4928 3699 5007 dimittis:

2141 4999 2327 5083 jectus
2343 4999 2542 5070 fuerat,
2580 4999 2834 5064 dimissus
2863 5009 3025 5080 paulo
3047 5020 3172 5083 post
3196 4999 3362 5079 esset,
3391 4999 3608 5081 abiisse,
3627 4999 3701 5070 hic

2145 5070 2352 5126 scribit.

2217 5139 2374 5217 (2521
2404 5139 2508 5198 Pro
2531 5145 2744 5213 phrasis
2769 5147 2930 5217 hujus
2982 5150 3385 5217 significatione
3434 5155 3519 5212 adi
3563 5153 3698 5212 Com-

2146 5212 2470 5282 mentarium
2503 5212 2759 5282 przevium
2793 5212 2940 5274 num.
2985 5212 3109 5278 79,6.

2182 5350 2194 5362 .
2216 5280 2366 5361 (353)
2394 5280 2657 5362 ltttegram
2683 5286 2803 5342 fidei
2832 5289 3245 5362 professionem,
3276 5311 3305 5350 a
3325 5294 3542 5361 Sancto,
3558 5291 3693 5350 morti

2144 5358 2466 5437 ViCillulllfe
2494 5358 2781 5437 sentiente,
2811 5358 3087 5437 emissam,
3133 5358 3693 5437 commentariiprtevii

2145 5435 2304 5504 num._
2328 5422 2429 5504 .727
2469 5426 2710 5504 studioso
2750 5428 2935 5504 lectori
2966 5422 3214 5500 exhibui;
3249 5437 3432 5492 verbis
3479 5422 3691 5499 inierim,

2142 5490 2377 5563 quaehic
2414 5494 2733 5563 subduntur,
2763 5497 2960 5555 ibidem
2989 5504 3127 5558 haud
3153 5490 3489 5563 terminatur.

2214 5561 2446 5643 (234)__E
2474 5561 2897 5643 v'ersibt_ts;hi_sce
2927 5572 3132 5643 aliquot
3182 5561 3464 5633 dissonum
3489 5591 3518 5633 a
3546 5573 3690 5630 versi-

2142 5630 2268 5714 bus,
2298 5630 2491 5714 quibus
2510 5638 2681 5714 sancti
2713 5630 3058 5714 Epitaphium
3084 5630 3689 5714 primitus—‘fuitivconce-

2141 5702 3056 5785 Ρίίξξξζουβοξ-ιευιρ⁷,(ἷοέῐιώθιὶιὶιτίυῐη
3085 5702 3354 5785 ’ρῐωνίυιὴ
3391 5702 3541 5776 nim.
3580 5714 3684 5770 73L

2216 5772 2363 5845 ((235)
2402 5774 2634 5833 Consule
2656 5778 2957 5838 Comment.
2988 5772 3152 5857 prae'v.
3184 5804 3330 5843 num.
3355 5772 3625 5859 Srietseq.
