3860 6326
167 302 256 362 549

1682 296 1888 355 ACTA.

3297 306 3405 363 550

166 419 285 475 simo
324 409 564 469 anoni
592 416 649 465 et
688 408 852 465 sociis
896 405 1014 477 ejus
1058 407 1399 463 occasionem
1429 407 1726 478 praebuisse
1754 416 1802 476 Α
1830 408 2095 466 Calabriae
2117 409 2507 466 monasterium
2546 425 2576 466 a
2599 410 2744 466 beati
2772 410 2950 468 Patris
2998 413 3264 471 Brunonis
3313 416 3417 474 fer-

166 504 349 564 devita
383 503 628 561 sanctius
672 502 1000 557 instituenda
1054 500 1198 556 serio
1222 501 1513 571 cogitandi,
1543 508 1619 567 et,
1651 515 1731 557 re-

166 596 294 651 lictis
340 591 595 649 omnibus
641 590 800 662 hujus
861 590 1048 645 mundi
1097 589 1297 654 rebus,
1348 589 1402 644 in
1453 590 1730 646 horridam

165 686 493 744 solitudinem
524 681 912 753 commigrandi
943 678 1116 751 (256).

226 776 309 832 50.
334 775 459 830 Haec
488 782 763 828 tantorum
793 772 1058 837 virorum,
1103 777 1184 825 tot
1227 769 1516 842 insignium
1571 770 1733 826 colle-

163 870 356 941 giorum
404 876 461 922 et
511 880 866 936 personarum
921 862 1180 934 pratelara
1225 864 1530 919 testimonia
1584 863 1732 935 (257)

163 958 378 1022 abunde,
417 957 471 1010 ni
500 954 683 1021 fallor,
714 952 983 1009 suﬂiciunt
1021 954 1089 1008 ad
1112 953 1501 1009 ostendendam
1533 952 1734 1009 beatis-

161 1049 276 1106 simi
301 1049 477 1104 Patris
506 1047 775 1102 Bruuonis
802 1045 1152 1101 excellentem
1177 1045 1499 1109 doctrinam,
1525 1060 1735 1099 morum

164 1146 516 1207 honestatem,
567 1150 622 1196 et
663 1140 791 1195 vitae
832 1138 1268 1202 sanctimoniam,
1323 1137 1537 1193 etiamsi
1594 1137 1737 1191 nulla

163 1235 276 1305 ejus
300 1232 558 1289 miracula
583 1239 880 1287 exstarent.
902 1231 1066 1301 Atqui
1091 1246 1217 1285 vero
1240 1230 1422 1285 multis
1446 1231 1607 1285 etiam
1633 1231 1736 1284 mi-

162 1326 353 1382 raculis
380 1326 643 1381 claruisse
672 1324 888 1395 legitur,
935 1324 1029 1379 sed
1076 1339 1139 1380 ea
1185 1333 1386 1390 tamen,
1437 1324 1580 1394 quod
1620 1324 1738 1379 sine

161 1417 339 1473 dolore
384 1431 815 1471 commemorare
846 1430 951 1469 non
981 1430 1225 1486 possum,
1272 1431 1380 1471 non
1411 1430 1472 1470 ea
1511 1415 1738 1487 diligen-

164 1511 255 1575 tia,
300 1526 397 1581 qua
450 1525 553 1580 par
590 1518 729 1574 erat,
776 1517 1033 1563 aunotata
1068 1520 1213 1574 sunt,
1256 1517 1349 1562 aut
1396 1508 1441 1564 si
1486 1517 1740 1563 annotata

163 1609 304 1665 sunt,
338 1599 566 1654 alterius
606 1599 839 1653 instituti
870 1599 1174 1663 monachis,
1204 1597 1321 1667 ejus
1351 1600 1738 1653 monasterium

162 1693 565 1763 occupantibus,
598 1692 772 1762 primo
803 1692 1017 1761 quidem
1050 1691 1410 1761 negligentius
1441 1692 1737 1757 custodita,

1836 514 1962 556 vore
1988 509 2043 557 et
2069 503 2355 558 sanctitate
2385 502 2707 573 tepescendo
2735 503 3103 575 degeneravit.
3155 508 3220 563 Et
3269 519 3415 579 pete-

1832 591 1963 646 bant
1987 592 2201 661 quidem
2229 592 2345 663 ejus
2366 591 2697 649 habitatores
2722 609 2752 649 a
2783 593 3072 652 Carthusia
3099 598 3411 656 visitatorcs

1833 696 1889 740 et
1919 685 2327 752 reformatores,
2349 685 2444 740 sed
2470 686 2634 741 nimia
2663 687 2905 744 locorum
2935 689 3282 763 intercapedo
3310 709 3413 748 nou

1836 778 1992 835 facile
2023 779 2075 833 id
2101 778 2402 834 obtinebat.

1909 868 1997 923 52.
2030 868 2216 939 Itaque
2245 869 2314 923 ad
2342 867 2705 926 Cisterciense
2737 871 3043 927 institutum
3074 874 3146 928 illi
3170 888 3227 930 se
3251 883 3424 932 traus-

1839 961 2031 1027 tulere,
2060 961 2228 1031 quod,
2268 968 2376 1039 tum
2397 976 2583 1016 recens
2616 971 2820 1026 ortum,
2858 963 3298 1036 incomparabilis
3322 968 3423 1023 viri

1838 1046 1979 1101 beati
2010 1048 2265 1103 Bernardi
2294 1048 2506 1103 abbatis
2532 1046 2954 1106 Claravallensis
3000 1053 3194 1123 insigni
3223 1055 3424 1109 sancti-

1841 1145 1969 1200 tate,
2011 1137 2288 1206 multoque
2323 1137 2507 1193 labore
2540 1138 2771 1194 mirifice
2806 1152 3178 1212 propagatum,
3211 1144 3265 1198 in
3313 1160 3420 1198 ma-

1839 1245 1943 1302 gno
1972 1230 2184 1286 fervore
2220 1232 2450 1286 durabat
2478 1232 2650 1303 (240).
2678 1232 2759 1287 Ad
2809 1232 2939 1288 illud
2983 1245 3163 1290 autem
3213 1246 3425 1307 tempus

1842 1324 1893 1376 in
1940 1322 2319 1378 Carthusiauae
2358 1322 2636 1392 religionis
2666 1323 3000 1394 professione
3052 1338 3426 1396 permanserat

1840 1414 1970 1469 illud
2000 1415 2390 1469 monasterium
2439 1429 2611 1469 annos
2657 1415 2937 1484 sexaginta
2974 1416 3144 1487 (2H).
3184 1415 3292 1472 Sed
3338 1418 3425 1472 Ci-

1841 1505 2122 1562 sterciensi
2151 1521 2365 1577 quoque
2394 1506 2651 1577 religione
2676 1521 2929 1561 successu
2964 1508 3221 1576 temporis
3250 1509 3322 1563 ibi
3349 1518 3425 1563 te-

1841 1606 2117 1669 pescente,
2158 1599 2371 1653 tandem
2400 1596 2787 1652 monasterium
2820 1598 2993 1652 sancti
3040 1597 3308 1653 Brunonis
3347 1598 3427 1652 fa-

1843 1697 1988 1742 ctum
2035 1699 2118 1743 est
2174 1689 2676 1743 commendatitium
2733 1688 2899 1759 (242)
2957 1703 3126 1759 usque
3181 1690 3250 1744 ad
3311 1688 3427 1745 haec

162 1762 344 1842 deinde
388 1800 525 1839 vero
566 1785 729 1838 etiam
781 1784 989 1852 perdita
1036 1792 1177 1837 sunt.
1227 1782 1482 1851 Sepultus
1529 1791 1611 1837 est
1661 1782 1742 1836 vir
1774 1762 1816 1822 Β
1844 1780 2170 1835 sanctissimi
2193 1780 2465 1850 pontiﬁcis
2486 1779 2684 1836 Leonis
2707 1780 2900 1835 decimi
2927 1788 3188 1850 tempora.
3215 1780 3264 1835 ls
3293 1795 3428 1850 pono

152 1875 634 1946 -pra:stantissimus
658 1874 711 1927 in
740 1872 1066 1927 monasterio
1091 1888 1187 1927 suo
1218 1872 1278 1927 S.
1312 1871 1571 1942 Stephani
1623 1881 1743 1942 post

161 1981 420 2022 summum
446 1965 621 2020 altare
650 1963 819 2035 (258).
847 1964 930 2018 Ad
963 1964 1080 2033 ejus
1106 1964 1414 2034 sepulcrum
1441 1963 1561 2019 l‘ons
1589 1964 1743 2018 vivus

152 2058 477 2129 prorumpit,
526 2056 619 2127 qui
668 2055 872 2111 Christi
902 2055 1102 2110 virtute
1135 2064 1190 2110 et
1218 2053 1334 2123 ejus
1366 2054 1575 2110 meritis
1604 2054 1742 2108 mul-

163 2150 341 2205 tivaria
364 2147 529 2203 affert
564 2146 851 2218 permultis
872 2145 1109 2202 remedia
1131 2145 1398 2201 sanitatis.
1422 2145 1739 2199 llluminan-

162 2252 241 2297 tur
260 2242 368 2297 illic
395 2240 557 2306 anei,
589 2240 739 2296 surdi
766 2238 1014 2305 audiunt,
1045 2239 1225 2294 manci
1269 2246 1324 2295 et
1352 2237 1526 2293 mutili
1560 2237 1743 2293 redin-

156 2343 455 2406 tegrantur,
484 2333 681 2405 leprosi
720 2332 1072 2397 mandantur,
1105 2330 1423 2401 ἀφωοηίθοί
1463 2330 1613 2386 ocius
1654 2343 1739 2384 re-

163 2438 470 2501 purgantur.
496 2428 606 2485 Sed
636 2427 720 2484 his
749 2428 1001 2483 omnibus
1028 2426 1304 2482 miraculis
1331 2426 1459 2482 illud
1489 2426 1727 2482 admira-

162 2519 310 2575 bilius
352 2528 479 2585 est,
508 2518 673 2590 quod,
718 2518 861 2575 sicut
906 2518 1063 2574 toties
1112 2526 1364 2587 repetunt
1407 2518 1519 2588 jam
1576 2517 1739 2575 allata

165 2608 487 2674 testimonia,
515 2607 744 2678 gloriam
766 2614 820 2661 et
849 2607 1113 2661 honorem
1140 2620 1355 2662 omnem
1382 2621 1656 2677 respuere,
1686 2616 1742 2663 et

152 2698 210 2752 in
239 2707 381 2754 tanta
409 2699 541 2754 vitae
569 2698 887 2755 austeritate
912 2738 927 2766 ,
960 2697 1275 2770 integritate
1322 2706 1376 2755 et
1405 2697 1741 2770 perfectione

162 2805 506 2860 perseverare
525 2792 723 2861 potuit.

223 2881 308 2936 51.
333 2882 456 2937 Non
485 2883 645 2938 debet
671 2890 850 2938 autem
880 2883 1131 2954 cuiquam
1155 2883 1469 2953 scrupulum
1495 2872 1736 2951 movere,

163 2973 202 3027 si
228 2972 346 3029 lous
369 2974 461 3028 ille
476 2972 591 3042 jam
615 2989 718 3029 non
742 2983 1002 3030 cernatur
1026 2974 1092 3028 ad
1115 2975 1259 3030 beati
1282 2976 1383 3030 viri
1406 2977 1734 3047 sepulcrum.

162 3066 345 3123 Fontes
396 3068 543 3122 enim
592 3067 916 3123 miraeulose
958 3067 1275 3124 ebullieutes
1306 3108 1320 3134 ,
1374 3084 1480 3124 non
1523 3084 1738 3141 semper
1766 3105 1811 3170 Ο

162 3158 393 3229 perpetui
425 3167 572 3224 sunt,
604 3166 658 3213 et
684 3158 953 3214 interdum
988 3167 1212 3229 prepter
1252 3160 1531 3214 hominum
1562 3161 1741 3217 deme-

162 3250 255 3303 rita
316 3249 586 3318 ejusmodi
648 3251 743 3306 Dei
800 3249 1063 3305 beneficia
1113 3251 1526 3307 subtrahuntur.
1581 3252 1741 3309 Fiunt

154 3340 295 3395 enim
342 3341 608 3396 miracula
646 3340 938 3409 divinitus,
984 3352 1045 3397 ut
1091 3344 1537 3399 commendentur
1564 3353 1617 3399 et
1648 3345 1740 3401 de-

158 3430 426 3485 clarentur
446 3432 640 3486 merita
665 3441 1004 3499 sanctorum;
1032 3449 1151 3503 qum
1173 3432 1260 3487 ubi
1277 3433 1409 3488 satis
1436 3434 1739 3491 iunotuisse

164 3521 430 3588 videntur,
461 3531 681 3578 cessant
721 3538 1104 3593 nonnunquam
1133 3524 1416 3578 miracula.
1449 3523 1559 3579 Nec
1583 3526 1738 3581 valde

159 3612 456 3668 mirandum
488 3623 592 3679 est,
628 3614 672 3669 si
704 3614 822 3670 fons
852 3615 940 3671 ille
969 3615 1180 3671 ablatus
1207 3624 1310 3678 est,
1342 3617 1625 3673 exsulante
1669 3619 1737 3674 ab

162 3704 266 3773 eius
304 3706 637 3761 monasterio
682 3707 1027 3763 sanctissima
1082 3708 1171 3762 illa
1215 3709 1428 3764 vivendi
1483 3711 1733 3777 ratione,

137 3812 313 3867 .quam
357 3798 467 3853 illic
500 3797 583 3852 vir
627 3799 1003 3855 sanctissimus
1051 3800 1360 3855 instituerat
1404 3800 1573 3872 (259).
1604 3800 1736 3857 Cum

160 3887 295 3942 enim
316 3888 705 3945 obdormiisset
745 3890 797 3944 in
824 3889 1073 3955 Domino,
1119 3891 1173 3945 in
1204 3890 1577 3947 Carthusianae
1613 3893 1737 3948 vitae

162 3977 397 4035 instituto
458 3982 897 4050 perseveraverit
962 3981 1090 4038 illud
1168 3984 1555 4038 monasterium
1636 3985 1736 4040 sub

161 4070 388 4142 quinque
433 4072 729 4141 prioribus,
776 4073 868 4145 qui
913 4073 964 4129 ei
1012 4082 1412 4140 successerunt,
1464 4090 1634 4146 usque
1667 4078 1735 4131 ad

162 4168 394 4233 tempora
414 4163 745 4219 venerabilis
764 4162 1023 4235 Guigonis
1045 4164 1241 4235 prioris
1254 4165 1574 4221 Carthusiae.
1600 4165 1619 4221 l
1627 4167 1733 4223 nde

156 4251 209 4308 in
228 4252 405 4310 Gallia
424 4265 720 4313 crescente
745 4256 935 4312 ordine
967 4255 1364 4322 Carthasieusi,
1397 4256 1575 4314 solum
1600 4257 1733 4315 illud

222 4387 368 4462 (256)
404 4387 485 4462 [ta
505 4386 597 4462 hic
618 4387 859 4462 Surius:
887 4398 941 4446 et
965 4397 1114 4449 recte
1140 4403 1293 4462 sane,
1330 4398 1388 4448 ut
1414 4390 1632 4462 impiam
1664 4392 1733 4449 de

163 4457 334 4532 sancto
348 4457 682 4517 calumniam
706 4457 971 4532 confutet,
991 4476 1116 4517 mox
1137 4457 1726 4532 subjungituoimullos,
1759 4463 1807 4525 Ι)
1826 4457 2086 4532 Ῑῐιηιίθεις
2120 4461 2168 4515 is
2220 4468 2399 4532 autem

164 4530 344 4603 quibus
366 4539 585 4603 _sancto
615 4545 647 4584 a
669 4530 837 4585 variis
892 4532 1139 4603 ecclesiis
1193 4530 1540 4603 parentatum
1585 4532 1725 4599 fuit,

166 4600 332 4657 titulos
359 4599 643 4664 funebres;
673 4608 757 4656 ast
783 4615 906 4655 cum
948 4615 1055 4657 non
1110 4599 1211 4657 hos
1252 4610 1485 4662 tantum.
1538 4617 1729 4659 verum

163 4669 309 4740 etiam
337 4685 530 4740 omnes
548 4670 703 4735 alios,
745 4670 940 4740 quibus
959 4669 1291 4737 Brunonem,
1319 4672 1428 4727 vita
1453 4668 1721 4740 functum,

163 4736 330 4807 Italiae,
360 4739 554 4812 Gallia:
580 4749 637 4796 et
661 4736 869 4812 Anglia:
897 4739 1152 4812 Ecclesia:
1179 4736 1552 4812 plurimaeuac
1605 4736 1731 4812 per;

163 4820 296 4885 ειπερ
316 4806 689 4885 celebrarunt,
719 4806 947 4866 daturus
973 4806 1114 4885 infra
1144 4806 1295 4885 siin,_
1323 4810 1393 4885 ab
1449 4810 1536 4879 iis,
1591 4806 1731 4885 quos

166 4876 340 4937 Serius
364 4889 637 4945 recenset,
667 4880 771 4936 huc
799 4879 1221 4937 trauseribendis
1247 4876 1513 4937 abstineo.

219 4949 367 5022 (257)
401 4949 943 5024 Titulislunebribus
978 4950 1260 5018 nimirum,
1284 4966 1424 5024 quos
1453 4965 1523 5007 ex
1564 4950 1729 5011 dictis

165 5029 277 5092 nuta
277 5019 625 5092 praecedenti
648 5019 929 5092 recitavit,
953 5035 1231 5092 expressa.

224 5088 362 5163 (258)
400 5091 480 5146 De
500 5088 806 5163 Turr_itan_aa
831 5091 1002 5163 eremi
1025 5088 1297 5163 ecclesia,
1330 5090 1385 5163 in
1418 5105 1523 5162 qua
1546 5091 1727 5163 sepule

169 5158 566 5216 turam'nactus
607 5160 680 5216 sit
735 5160 795 5215 S.
830 5158 1030 5228 Bruno,
1077 5161 1280 5217 videsis
1333 5158 1726 5219 Commentarii

167 5231 328 5302 pratvii
354 5231 639 5302 num.A75l
670 5237 726 5286 et
745 5230 889 5302 binis
912 5245 1065 5302 seqq.
1096 5231 1389 5302 disputata.
1530 5248 1533 5251 ‘

227 5299 364 5371 (259)
406 5301 485 5356 De
512 5299 679 5369 fonte,
710 5301 804 5371 qui
830 5303 897 5356 ad
941 5299 1127 5357 sancti
1177 5299 1462 5369 tumulum,
1511 5302 1589 5357 uti
1637 5301 1726 5359 hic

172 5370 397 5442 traditur,
422 5371 669 5442 prodigio
697 5370 987 5442 (excitatus
1026 5371 1215 5437 fuerit,
1266 5372 1606 5441 rationeque,
1657 5372 1726 5428 ob

172 5449 308 5504 quam
335 5440 457 5496 fons
485 5440 574 5497 ille
585 5440 819 5498 desiisse
847 5456 941 5497 seu
965 5442 1245 5497 exaruisse
1264 5442 1421 5498 simul
1443 5440 1723 5507 as’seritur,

172 5512 537 5589 consulemus}?
565 5511 959 5568 Commentarii
988 5513 1174 5585 praevii
1206 5528 1357 5575 num.
1405 5511 1510 5568 755
1534 5519 1588 5568 et
1626 5511 1726 5568 ali-

172 5583 458 5652 φρίκῃ.
479 5583 619 5652 dicta
646 5590 793 5639 sunt.

232 5647 478 5724 bee
499 5651 560 5709 S.
593 5652 889 5724 Bernardo,
912 5650 1089 5724 primo
1101 5651 1483 5724 Claravallensi
1508 5653 1725 5721 abbate,

178 5720 299 5787 apud
332 5720 428 5778 tius
460 5732 589 5780 tom.
615 5723 683 5779 IV
712 5720 940 5796 Augusti
967 5723 1035 5781 ad
1055 5724 1127 5781 20
1148 5723 1306 5796 hujus
1330 5725 1532 5782 mensis
1557 5720 1720 5794 diem,

1848 1873 1997 1936 tilex,
2031 1888 2153 1927 cum
2186 1872 2475 1928 multorum
2504 1873 2768 1928 relatione
2794 1873 2860 1928 de
2889 1873 3084 1928 eximia
3115 1873 3261 1927 beati
3290 1871 3427 1927 Bru-

1844 1964 2002 2020 nonis
2024 1965 2313 2020 sanetitate
2344 1965 2536 2019 crebro
2582 1964 2865 2030 audiisset,
2890 1964 3093 2019 omissa
3141 1963 3425 2018 miraculo-

1843 2073 1964 2112 rum
2020 2056 2400 2126 inquisitione,
2446 2056 2727 2128 indignum
2777 2056 3069 2111 arbitratus
3118 2064 3220 2122 est,
3270 2071 3418 2121 eum,

1842 2166 2001 2222 quem
2027 2158 2332 2221 prtepotens
2365 2152 2524 2218 Deus,
2555 2150 2607 2204 iu
2634 2151 2735 2203 hac
2765 2148 2873 2203 vita
2903 2157 2979 2202 tot
3002 2149 3243 2204 auxisset
3262 2149 3418 2204 donis

1842 2250 1896 2298 et
1922 2226 2364 2307 charismatibus,
2391 2250 2446 2297 et
2476 2257 2619 2297 nunc
2666 2240 2870 2297 cmlesti
2919 2239 3153 2298 alIiceret
3194 2241 3427 2296 beatitu-

1842 2333 1986 2400 diue,
2037 2334 2091 2389 in
2131 2334 2292 2389 terris
2323 2350 2431 2388 non
2487 2333 2685 2389 eximia
2729 2332 2889 2387 laude
2937 2340 2994 2387 et
3040 2332 3426 2402 prmdicatione

1842 2424 2042 2490 eﬂ‘erri,
2089 2440 2190 2479 nec
2240 2424 2418 2480 debita
2470 2425 2572 2495 piae
2623 2423 2924 2480 dev0tionis
2972 2422 3144 2479 oilicia
3193 2424 3427 2494 persolvi

1842 2516 1981 2587 apud
2013 2517 2265 2571 thronum
2292 2517 2485 2572 divina:
2512 2517 2695 2588 gloriae
2726 2514 3050 2586 quiescenti,
3079 2516 3165 2570 cui
3189 2517 3428 2571 dedisset

1843 2609 2101 2666 Dominus
2124 2623 2221 2665 cor
2247 2608 2315 2665 ad
2349 2619 2677 2681 praeceptum
2707 2618 2762 2665 et
2805 2608 2979 2680 legem
3020 2608 3143 2664 vita:
3170 2617 3225 2664 ct
3266 2609 3428 2665 disci-

1841 2701 2024 2770 plina}.

1910 2792 1999 2849 55.
2031 2792 2217 2864 Itaque
2247 2807 2353 2849 non
2390 2793 2550 2849 modo
2597 2793 2919 2849 auctoritate
2980 2792 3270 2862 apostolica
3320 2791 3427 2848 cle-

1841 2892 2052 2940 menter
2081 2885 2286 2949 annuit,
2316 2886 2410 2941 sed
2438 2886 2601 2941 etiam
2635 2885 2822 2951 voluit,
2851 2894 2909 2939 ut
2936 2886 2988 2940 in
3026 2884 3250 2953 singulis
3302 2899 3406 2939 mo-

1840 2972 2096 3033 nasteriis
2156 2980 2322 3033 totius
2377 2977 2582 3033 ordinis
2640 2977 3084 3041 Carthusiensis,
3134 2984 3189 3031 et
3236 2990 3424 3030 earum

1840 3068 2086 3125 ecclesiis
2120 3069 2233 3125 sive
2283 3068 2496 3125 sacellis
2542 3068 2737 3123 festum
2785 3068 3114 3125 sanctissimi
3157 3066 3425 3123 Brunonis

1846 3160 2176 3217 confessoris
2202 3162 2359 3217 aunis
2398 3161 2626 3232 singulis
2670 3161 2754 3216 die
2798 3169 2953 3216 sexto
3000 3158 3270 3225 Octobris,
3318 3173 3425 3229 quo

1845 3253 2077 3309 decessit
2102 3269 2132 3309 e
2155 3254 2286 3319 vita,
2317 3253 2629 3309 solemuiter
2662 3252 2893 3318 colatur,
2920 3265 2975 3307 et
2999 3266 3237 3323 congrua
3267 3251 3418 3306 debi-

1845 3358 2005 3418 taque
2052 3347 2332 3403 devotione
2389 3346 2741 3411 celebretur;
2802 3346 2969 3415 ipsius
3013 3345 3180 3401 etiam
3227 3358 3425 3414 corpus

1843 3449 2004 3510 atque
2035 3440 2293 3495 memoria
2323 3439 2537 3508 dignam
2575 3439 2629 3493 in
2657 3436 2880 3493 Domino
2905 3437 3118 3492 laudem
3142 3435 3337 3491 habeat
3357 3449 3424 3490 ac

1840 3530 2242 3587 venerationem
2269 3548 2283 3596 ;
2314 3530 2639 3585 conveniens
2668 3529 2833 3585 etiam
2863 3527 3097 3584 ofﬁcium
3131 3527 3183 3581 in
3221 3527 3425 3582 honore

1840 3622 2008 3692 ipsius
2040 3631 2228 3692 agatur
2261 3630 2315 3677 et
2343 3620 2680 3689 decantetur,
2709 3635 2809 3676 nec
2836 3635 2942 3676 non
2982 3618 3221 3690 quotidie
3249 3618 3303 3674 in
3336 3618 3422 3674 di-

1838 3710 1963 3768 vino
1998 3710 2175 3767 oﬂicio
2210 3710 2276 3766 de
2304 3725 2369 3765 eo
2396 3709 2839 3766 commemoratio
2865 3709 2962 3763 ﬁat
2990 3707 3159 3779 (245).
3192 3707 3422 3764 Domum

1836 3804 2097 3865 praeterea
2123 3794 2294 3849 sancti
2318 3794 2601 3865 Stephani,
2623 3809 2784 3865 quam
2800 3793 2991 3848 beatus
3007 3792 3185 3848 Bruno
3198 3791 3253 3847 in
3267 3790 3425 3848 Cala-

1838 3884 1951 3938 bria
1968 3882 2300 3947 condiderat,
2318 3890 2372 3936 et
2394 3882 2445 3935 in
2462 3896 2567 3952 qua
2583 3896 2795 3938 sacrum
2825 3881 2941 3951 ejus
2962 3895 3157 3951 corpus
3173 3880 3420 3950 quiescit,

1838 3976 1980 4031 idem
2008 3974 2249 4047 pontifex
2274 3991 2303 4029 a
2331 3972 2784 4031 Cisterciensibus
2812 3974 2881 4030 ad
2908 3972 3293 4029 Carthusianos
3327 3986 3418 4028 re-

1835 4069 2052 4125 vocavit
2098 4082 2240 4123 anno
2268 4067 2458 4123 salutis
2488 4066 2776 4122 millesimo
2804 4064 3237 4136 quingentesimo
3270 4062 3419 4119 decio
3484 4051 3490 4057 ’

1835 4176 1924 4216 mo
1949 4168 2145 4231 quarto
2175 4157 2346 4231 (2M),
2378 4167 2437 4213 ut
2465 4158 2717 4229 deinceps
2744 4157 2855 4212 illic
2881 4155 3243 4211 Cartliusiano
3266 4168 3421 4211 more

1832 4261 1890 4310 et
1916 4252 2163 4310 instituto
2189 4251 2419 4307 vivatur.
2446 4249 2582 4307 Cum
2629 4260 2810 4306 autem
2853 4249 2969 4304 haec
3016 4262 3104 4305 res
3138 4254 3411 4320 ageretur,

1833 4406 1940 4465 quo
1961 4389 2158 4465 colitur
2179 4388 2530 4465 Romanoque
2556 4384 2676 4465 Mrl.
2713 4390 2893 4465 exstat
2930 4384 3199 4465 insertus,
3233 4388 3419 4465 actum

2478 4456 2778 4513 isterciensi
2821 4454 3046 4525 ,Qrdjni,
3074 4452 3248 4525 _qui,__
3275 4464 3420 4507 anno

1832 4520 1972 4587 1098
2006 4520 2241 4598 primum
2271 4529 2539 4598 inceptus,
2572 4539 2718 4598 anno
2741 4520 3248 4598 llOOaPaschalill
3274 4535 3412 4592 papa

1830 4592 2168 4675 approbatus
2180 4598 2378 4675 fuerat,
2394 4592 2551 4652 'anno
2580 4595 2721 4651 1115
2741 4592 3121 4675 nomgudedit,
3140 4592 3419 4675 vitamque

1831 4662 1977 4727 in'eo
1997 4669 2339 4726 sanctissime
2367 4662 2544 4723 actam
2576 4680 2721 4721 anno
2760 4664 2902 4720 1152
2936 4662 3251 4721 felicissime
3301 4671 3418 4717 tera

1829 4740 2079 4811 minavit,
2105 4739 2184 4811 uti
2218 4738 2472 4811 probant,
2494 4752 2616 4811 qua:
2644 4735 2700 4793 in
2724 4732 2951 4809 praefato
2982 4742 3130 4790 tome
3162 4732 3233 4789 de
3272 4744 3417 4791 san-

1828 4819 1918 4869 cto
1947 4809 2039 4865 illo
2072 4807 2269 4866 abbate
2296 4807 2440 4864 dicta
2461 4807 2610 4863 sunt.
2726 4807 2740 4809 '
3102 4842 3105 4843 ν
3286 4864 3289 4865 ν
3326 4832 3331 4835 ι

1898 4879 2051 4952 (241)
2089 4878 2440 4952 Turritauum
2464 4876 2523 4933 S.
2555 4874 2817 4952 Stephani
2850 4872 3253 4952 monasterium.
3278 4871 3420 4952 _diu,-

1829 4940 1939 5007 tiu's
1968 4990 2001 5025 ,_
2030 4940 2202 5025 'quam
2248 4948 2337 5005 hic
2375 4940 2692 5025 statuatur}
2741 4943 3117 5025 Carthasiensi
3166 4940 3419 5025 ipstituto

1828 5012 2031 5076 mansit
2059 5012 2368 5076 'addictum.
2415 5016 2522 5074 Adi
2571 5014 2961 5075 Commentarii
3017 5012 3205 5086 praevii
3261 5026 3415 5070 num.

1827 5091 1937 5161 7407
1967 5099 2035 5161 et
2058 5105 2174 5161 seq.
2641 5156 2655 5161 _
2680 5157 2692 5161 _
2729 5156 2746 5161 _
2982 5154 2995 5161 _
3156 5152 3191 5161 __
3251 5144 3317 5161 ,.

1897 5160 2049 5231 (242)
2083 5150 2195 5231 Pio,
2218 5166 2622 5231 temporaque
2640 5156 2694 5215 id
2720 5156 2925 5214 factum
2951 5154 3048 5220 sit,
3104 5152 3194 5210 adi
3244 5150 3410 5209 Com-

1827 5227 1992 5287 ment.
2019 5227 2199 5287 bravii
2229 5227 2377 5284 num.
2400 5227 2527 5283 752.

1900 5288 2048 5374 (245)
2084 5300 2466 5374 Videsis,_qua2
2495 5295 2719 5374 i_n___Vita‘:
2769 5291 3127 5369 praecedentis
3184 5297 3351 5363 caput
3376 5288 3412 5346 5

1827 5369 2081 5428 annotata
2113 5378 2240 5426 sunt
2270 5369 2339 5424 ad
2360 5377 2474 5425 not.
2500 5369 2627 5430 157,

1899 5442 2049 5520 (214)
2088 5440 2262 5520 Bulla,
2287 5455 2391 5520 qua
2416 5439 2536 5520 Leo
2552 5428 2763 5520 Xpapa
2802 5433 3168 5520 Turritanum‘
3200 5428 3410 5520 S._S:te:

1899 5454 2049 5513 (244)
2092 5454 2262 5503 liutla,
2287 5455 2391 5509 qua
2416 5454 2527 5496 Leo
2552 5454 2598 5494 1L
2628 5454 2763 5563 papa
2804 5454 2834 5490 ἰ
2851 5454 3158 5515 υῐτιωῐξιιιῃ
3200 5454 3261 5488 δ.
3285 5454 3410 5486 Dte-

1825 5511 1991 5583 phani
2051 5512 2439 5567 monasterium
2496 5509 2629 5566 Cart
2668 5506 2875 5562 usianis
2937 5512 3213 5566 restituit,
3267 5516 3413 5585 anno

1830 5583 1968 5638 1515
1996 5580 2125 5638 data
2168 5587 2419 5644 notatur;
2471 5579 2527 5634 hi
2580 5587 2761 5632 autem
2807 5571 3414 5647 possessionemnllius

1827 5620 2435 5709 saearmuziar.
2462 5620 2566 5703 illi
2580 5620 3405 5714 “domamusaiataiat

1827 5721 1917 5792 46,
1942 5737 2051 5796 quo
2072 5721 2279 5779 Bullam
2306 5718 2454 5777 illam
2479 5718 2743 5790 integram
2767 5714 2910 5773 dedi.
