3860 6326
464 305 566 363 Elii

1274 297 1330 351 S.
1375 292 1720 350 BRUNONIS
1755 257 2402 346 CARTHUSIANDRUM
2433 285 2920 343 INSTITUTORIS

3633 289 3721 346 552

465 418 616 491 prior
641 413 940 472 Carthusiac
971 410 1355 482 Neapolitanum,
1409 407 1493 462 eui
1548 407 1664 478 ejus
1703 404 1952 474 urgenda:
2005 411 2059 458 et
2090 413 2135 464 A
2165 401 2322 485 Turri
2361 401 2580 457 Ordinis
2611 399 3020 456 Carthusiensis
3051 399 3391 455 institutoris
3440 401 3611 472 primi,
3651 423 3706 462 cu

467 507 849 582 promovenda:
872 505 1142 574 negotium
1166 505 1347 556 datum
1376 508 1512 566 erat,
1537 499 1782 554 exhibuit
1803 511 2056 553 reveren-

469 603 537 655 do
566 597 712 653 Patri
744 595 963 651 domino
981 594 1288 656 Francisco,
1309 591 1514 662 Magnae
1531 589 1832 645 Carthusia:
1854 587 2019 654 priori
2041 627 2054 652 ,

469 701 683 764 partem
716 687 1038 742 mandibula:
1071 702 1192 740 cum
1225 685 1432 739 duobus
1461 683 1708 738 dentibus
1728 681 2056 736 sanetiBru-

476 782 634 837 nouis
650 780 822 852 (2:55),
839 781 1020 849 aitque
1041 778 1263 833 abbates
1277 778 1446 832 sancti
1464 774 1741 846 Stephani,
1757 775 1868 841 ubi,
1893 782 1950 827 ut
1980 773 2058 828 di-

470 884 619 928 etum
646 881 751 938 est,
801 886 1015 926 sacrum
1067 885 1265 939 corpus
1307 867 1459 922 beati
1493 867 1762 922 Brunonis
1804 864 2055 936 quiescit,

473 973 620 1019 tanta
649 979 777 1020 cura
808 963 947 1017 illius
974 978 1157 1018 sacras
1185 958 1438 1031 reliquias
1477 975 1693 1028 semper
1723 971 2053 1022 asservasse,

472 1054 630 1108 veriti
677 1052 962 1125 [veritos],
1015 1067 1079 1106 ne
1113 1051 1456 1106 Carthusiani
1507 1065 1602 1105 eas
1641 1058 1967 1119 repeterent,
2002 1055 2061 1101 ut

474 1147 687 1202 ossibus
720 1147 771 1200 in
804 1147 1010 1200 diversa
1050 1144 1258 1199 occulta
1305 1143 1423 1198 loca
1453 1144 1725 1214 repositis,
1760 1142 2058 1210 iisdemque

475 1237 609 1292 locis
639 1237 832 1292 crebro
858 1237 1096 1299 mutatis,
1130 1250 1286 1289 nemo
1308 1243 1502 1302 praeter
1533 1234 1781 1287 abbatem
1813 1240 1867 1286 et
1894 1231 2056 1284 alium

473 1327 649 1381 virum
682 1328 784 1381 ﬁde
813 1326 1052 1397 dignum,
1085 1324 1375 1394 quidquam
1409 1325 1474 1379 de
1520 1323 1625 1378 illis
1662 1321 1924 1392 comperti
1956 1321 2058 1374 ha-

475 1419 655 1473 buerit
686 1417 854 1487 (216).

546 1507 634 1561 54.
673 1505 843 1560 Porro
871 1521 1012 1560 anno
1055 1505 1255 1560 Christi
1308 1503 1594 1558 millesimo
1627 1501 2058 1572 quingentesimo

477 1597 686 1652 decimo
712 1606 906 1666 quarto
958 1611 1112 1651 sacra
1165 1595 1252 1649 illa
1302 1609 1422 1648 ossa
1471 1593 1729 1647 translata
1771 1603 1896 1648 sunt
1925 1603 1978 1647 et
2008 1593 2057 1648 ei

477 1688 817 1742 translationi
856 1686 1100 1740 interfuit
1128 1685 1376 1740 dominus
1411 1684 1692 1738 Matthazus
1714 1685 1859 1753 prior
1883 1683 2058 1738 Bono-

477 1778 683 1832 niensis
729 1776 1050 1831 Carthasim.
1080 1776 1128 1830 Is
1159 1790 1370 1830 sacrum
1421 1774 1566 1828 illius
1617 1783 1796 1843 caput,
1841 1789 1910 1828 ne
1936 1788 2058 1828 eum
2091 1751 2134 1809 Β

477 1873 692 1931 ossibus
715 1870 870 1924 altari
900 1866 1283 1938 imponeretur,
1315 1867 1561 1921 manibus
1597 1867 1833 1931 tenebat,
1863 1865 2062 1920 turbis-

477 1978 584 2032 que
620 1961 977 2016 amantissimi
1030 1959 1245 2013 Patroni
1296 1959 1499 2013 sanctis
1527 1957 1769 2028 reliquiis
1793 1973 1849 2012 se
1885 1961 2063 2026 priva-

481 2066 593 2110 tum
622 2054 684 2108 iri
707 2052 1185 2108 reformidantihus
1202 2051 1270 2105 ita
1289 2051 1581 2106 satisfecit:
1607 2049 1852 2120 Oportet,
1871 2049 2062 2119 inquit,

485 2158 698 2198 sacrum
757 2150 939 2212 caput,
991 2142 1058 2196 ab
1106 2141 1316 2195 ossibus
1361 2147 1722 2210 segregatum,
1771 2154 1925 2201 auro,
1982 2153 2065 2190 ar-

481 2243 644 2304 gento
671 2242 718 2287 et
749 2232 1016 2302 lapidibus
1046 2231 1300 2300 pretiosis
1324 2230 1528 2282 ornari.
1557 2229 1654 2282 llis
1692 2228 1871 2282 verbis
1909 2227 2066 2294 vulgo

482 2326 846 2395 suspicionem
875 2339 1089 2378 omnem
1119 2323 1384 2386 adimens,
1419 2321 1610 2375 Sllmtlti
1641 2311 1909 2390 pontiﬁcis
1950 2334 2068 2388 spe-

485 2417 610 2473 ciali
641 2415 906 2486 permissu
940 2422 1144 2484 partem
1177 2413 1467 2483 quamdam
1496 2413 1560 2465 de
1605 2411 1783 2480 capite
1813 2411 2065 2470 detraxit,

489 2509 714 2580 aliisque
762 2507 884 2560 inde
933 2505 1376 2568 communicavit,
1423 2503 1724 2572 prmsertim
1773 2501 2067 2556 venerabili

488 2600 634 2656 Patri
667 2597 928 2668 Gregorio
953 2597 1122 2667 priori
1164 2595 1540 2664 Friburgensi,
1598 2595 1685 2662 qui
1738 2609 1831 2662 per
1881 2595 2070 2648 domos

487 2691 778 2764 provincia:
809 2689 1108 2753 Rhenanm,
1139 2689 1292 2758 cujus
1322 2697 1439 2742 erat
1466 2687 1738 2750 visitatur,
1779 2685 2072 2755 part'eulas

489 2783 763 2840 distribuit
787 2797 928 2838 anno
961 2781 1114 2836 1513.
1141 2782 1210 2836 Ει
1235 2782 1356 2850 quia
1387 2790 1608 2834 sanctus
1636 2779 1818 2834 Bruno
1839 2779 2070 2849 patriatn

490 2873 682 2930 habuit
731 2872 1009 2928 Coloniam
1044 2872 1416 2942 Agrippinam,
1469 2870 1607 2924 idem
1661 2870 1908 2924 dmniuus
1935 2869 2073 2923 Mat-

493 2966 664 3018 thmus
693 2962 808 3031 ejus
835 2961 1028 3032 capitis
1047 2977 1264 3031 parvam
1297 2961 1835 3030 portionem-donavit
1857 2960 2075 3015 domino

495 3056 656 3109 Petro
683 3054 955 3118 Leidensi,
993 3053 1293 3108 Carthusiae
1342 3053 1678 3108 Coloniensis
1709 3053 1870 3122 priori
1903 3054 1920 3123 (

492 3147 578 3202 cui
612 3161 820 3208 munus,
851 3144 980 3200 illud
1013 3145 1111 3200 fuit
1143 3144 1299 3216 longe
1328 3144 1692 3216 gratissimum
1716 3186 1730 3209 ,
1755 3146 1954 3214 quique
1973 3145 2074 3200 do-

495 3251 642 3290 mum
685 3251 938 3291 reversus
985 3251 1128 3289 anno
1152 3235 1290 3290 1516
1314 3235 1514 3290 donum
1545 3235 1996 3304 pretiosissimum
2023 3236 2076 3290 in

493 3326 724 3382 ecclesia
769 3325 1070 3381 Carthusiae
1112 3325 1453 3381 Coloniensis
1482 3325 1567 3380 die
1592 3327 1626 3396 ὅ
1651 3326 1880 3396 Augusti
1928 3342 2082 3384 reve-

500 3425 687 3474 renter
715 3417 985 3486 deposuit.

569 3507 657 3562 55.
690 3507 868 3578 Ipsum
903 3521 1026 3563 vero
1055 3506 1351 3562 beatissimi
1377 3505 1647 3564 Brunonis
1686 3521 1902 3563 sacrum
1961 3522 2083 3564 cor-

499 3617 600 3672 pus
629 3599 906 3654 transtulit
933 3599 1174 3656 Joannes
1203 3600 1373 3656 abbas
1399 3601 1572 3655 saneti
1623 3600 1768 3667 Ruﬁ,
1825 3607 1990 3666 anno,
2023 3611 2084 3656 ut

419 3763 424 3766 _
499 3693 726 3756 dictum,
750 3690 908 3760 1514,
937 3691 1300 3762 imposuitque
1331 3692 1578 3750 ecclesia:
1613 3694 1787 3750 sancti
1821 3692 2084 3764 Stephani

501 3795 726 3839 summa:
760 3796 902 3846 arae,
959 3795 1028 3836 ex
1062 3782 1292 3837 candido
1340 3798 1611 3838 marmore
1643 3793 1951 3840 exstructas.
2003 3783 2086 3838 Ab

502 3873 608 3928 hoc
657 3872 992 3928 monasterio
1042 3873 1108 3927 ad
1141 3889 1332 3944 passus
1374 3874 1519 3930 mille
1561 3874 1887 3947 quingentos
1935 3877 2088 3932 abest

501 3975 700 4030 specus
726 3959 885 4015 valde
928 3959 1198 4030 religiosa,
1249 3961 1393 4014 inter
1439 3970 1652 4016 montes
1692 3971 1922 4031 angusto
1969 3961 2088 4016 loco

506 4053 637 4117 sita,
677 4051 998 4106 nemoribus
1042 4050 1244 4116 cincta,
1287 4064 1406 4120 quae
1457 4050 1602 4106 illius
1645 4051 1802 4106 vallis
1845 4059 2086 4106 extrema

501 4142 782 4210 claudunt,
811 4155 1140 4212 prorsusque
1165 4142 1322 4197 devia
1352 4151 1408 4198 et
1450 4143 1761 4198 hominibus
1810 4143 2087 4200 inaccessa

509 4241 654 4290 sunt.
683 4232 858 4302 Supra
886 4233 1028 4286 hanc
1055 4245 1274 4301 specum
1302 4233 1582 4288 conditum
1609 4243 1694 4288 est
1716 4233 1861 4289 haud
1887 4234 2090 4305 grande

506 4325 764 4402 sacellum
788 4340 912 4380 eum
934 4325 1116 4390 altari,
1145 4325 1235 4380 ubi
1261 4325 1451 4381 titulus
1481 4324 1713 4381 habetur
1757 4324 1931 4380 sancti
1959 4324 2094 4379 Bru-

503 4417 668 4473 nonis
691 4415 1029 4473 Coloniensis
1056 4415 1302 4472 maoistri
1353 4415 1524 4472 eremi
1569 4423 1772 4472 sauctze
1817 4415 2002 4470 Maria:
2025 4413 2093 4471 de
2124 4447 2169 4502 Β

581 4589 732 4662 (945)
771 4586 912 4662 Quid
937 4589 1120 4662 exiis,
1145 4606 1265 4660 qua:
1311 4589 1400 4646 hic
1449 4589 1641 4662 Surius
1681 4597 1803 4662 post
1839 4589 2088 4662 Blomenf

507 4659 740 4730 veunam
773 4659 960 4730 tradit,
987 4659 1058 4730 sit
1089 4659 1444 4730 consequens,
1473 4659 2087 4716 videsisCommentarii

511 4729 874 4812 luteavji‘nnm.
913 4729 1018 4812 779
1047 4737 1104 4783 et
1131 4729 1284 4812 sequ

583 4799 835 4871 (246)_Eo
860 4799 1044 4871 modo,
1079 4814 1185 4871 quo
1212 4798 1300 4854 hic
1327 4800 1608 4871 asseritur,
1637 4799 1933 4871 occultatas
1958 4798 2092 4856 fuls-

510 4887 569 4926 se
593 4867 676 4923 'ab
700 4867 982 4924 abbatibus
1012 4869 1071 4923 S.
1097 4869 1356 4938 Stephani
1403 4870 1460 4924 S.
1505 4871 1774 4924 Brunonis
1814 4869 2094 4938 reliquias,

511 4949 722 5010 eertum
752 4952 858 5010 non
887 4947 988 4994 est.
1014 4939 1248 5010 Consule
1265 4938 1566 4994 Comment.
1596 4940 1780 5010 praevii
1807 4955 1952 4993 num.
1971 4940 2096 4996 755.

585 5009 734 5080 (ἨΊ)
773 5009 939 5080 Anno
953 5009 1180 5080 scilicet,
1215 5025 1321 5078 quo
1347 5013 1574 5078 ipsemet
1601 5009 1716 5064 ’hie
1743 5011 1894 5078 prior
1933 5025 2098 5080 gene-

461 5147 466 5150 ῇ
513 5078 612 5136 rali
658 5078 874 5150 ordinis
902 5078 1305 5150 Carthusiensis
1330 5080 1566 5150 capitulo
1611 5080 1874 5144 interfuit,
1937 5079 2095 5135 1516.

513 5152 610 5206 Atti
641 5149 947 5220 Comment.
972 5149 1160 5220 prmvii
1189 5166 1336 5204 num.
1365 5149 1468 5203 777
1497 5159 1551 5203 et
1577 5164 1695 5219 seq.

586 5220 733 5293 (248)
770 5219 910 5286 Quid
931 5217 996 5275 de
1021 5219 1295 5293 continua,
1335 5235 1455 5290 qua:
1506 5221 1594 5293 hic
1625 5217 1909 5293 asset-itur,
1957 5217 2096 5293 Sans

514 5295 587 5346 eti
629 5292 682 5344 in
715 5289 882 5358 specu
930 5289 1367 5346 commoratione
1392 5289 1620 5346 sentiam
1647 5329 1662 5356 ,
1713 5291 2099 5346 Comutentarii

515 5361 701 5431 praevii
727 5375 874 5431 num.
903 5360 1006 5416 748
1028 5361 1194 5416 edixi.
1259 5430 1266 5431 γ
1305 5387 1310 5398 -

586 5430 736 5502 (249)
766 5429 1083 5502 Miraculum
1113 5432 1216 5487 hoc
1256 5430 1311 5486 in
1334 5429 1512 5487 medio
1555 5429 1769 5501 reliqui,
1794 5429 2098 5486 Comment.

517 5502 698 5572 praevii
723 5515 870 5572 num.
905 5501 1027 5558 748.

591 5571 738 5643 (250)
763 5571 1016 5630 Ecclesiae
1037 5573 1214 5646 hujus,
1239 5582 1298 5631 ut
1323 5588 1389 5632 ex
1409 5571 1710 5630 Comment.
1740 5571 1924 5643 przevii
1948 5587 2095 5628 num.

2154 491 2242 562 jus
2267 479 2428 548 etiam
2455 493 2632 562 imago
2664 491 2771 547 illic
2793 492 2936 563 picta
2963 492 3239 548 cernitur.
3281 492 3337 546 In
3365 493 3466 548 hac
3489 509 3635 565 specu
3658 499 3726 555 ille

2158 588 2242 640 vir
2263 586 2355 642 Dei
2388 587 2455 640 ab
2489 601 2554 641 eo
2587 596 2851 658 tempore,
2877 602 2984 658 quo
3026 587 3274 656 primum
3304 587 3431 641 illuc
3459 590 3614 644 venit.
3658 610 3728 646 us.

2160 693 2265 747 que
2294 680 2358 732 ad
2382 679 2585 732 obitum
2621 677 2920 734 incredibili
2963 679 3198 748 spiritus
3229 677 3448 732 fervore
3473 685 3730 748 permansit

2161 768 2330 838 (218).
2374 768 2541 824 Porro
2596 769 2646 823 in
2699 780 3078 840 argumentum
3138 778 3200 824 et
3246 771 3730 828 commendationem

2162 860 2464 915 sanctitatis
2485 861 2620 932 ejus,
2656 877 2823 932 usque
2855 863 2907 916 in
2937 862 3272 918 hodiernum
3298 863 3440 917 diem
3487 864 3623 921 locus
3644 866 3730 932 ille,

2163 951 2213 1005 in
2245 968 2350 1022 quo
2373 963 2492 1022 post
2511 967 2768 1009 excessus
2792 953 3331 1024 contemplationum
3361 953 3566 1009 defessa
3593 971 3730 1009 tuem-

2162 1048 2255 1102 bra
2287 1046 2441 1101 nudae
2475 1047 2638 1101 humo
2669 1047 2945 1113 allidehat,
2995 1062 3286 1116 nunquam
3332 1047 3550 1102 herbam
3595 1050 3734 1119 gignit

2162 1140 2227 1194 ad
2263 1156 2572 1195 mensuram
2605 1142 2851 1211 corporis
2876 1142 3013 1212 ejus,
3049 1157 3181 1196 cum
3218 1151 3400 1196 tamen
3431 1142 3734 1215 ciremnqua-

2162 1249 2267 1301 que
2292 1233 2600 1288 herbescat.
2635 1233 2744 1288 Iloc
2778 1243 2884 1288 tam
2939 1235 3161 1290 illustre
3214 1234 3535 1288 miraculum
3578 1251 3733 1292 omnes

2163 1324 2262 1379 loci
2289 1323 2405 1392 ejus
2429 1325 2628 1379 accolae
2652 1326 3096 1380 constantissime
3127 1337 3450 1380 asseverant
3482 1327 3635 1396 (2.49).
3658 1329 3732 1383 Est

2162 1425 2425 1484 pnetcrea
2452 1416 2558 1470 illic
2580 1417 2644 1470 ad
2671 1417 2864 1485 lapidis
2884 1416 3096 1485 jactum
3152 1417 3389 1471 ecclesia
3443 1417 3729 1473 beatissima!

2163 1507 2363 1568 Mariae,
2389 1523 2417 1560 a
2448 1508 2649 1561 comite
2675 1507 2909 1578 Rogerio
2954 1517 3282 1562 constructa
3336 1523 3434 1577 pro
3477 1524 3622 1564 servo
3657 1511 3729 1564 Dei

2163 1599 2424 1666 magistro
2454 1596 2724 1662 Brunonc,
2763 1607 2816 1652 et
2847 1599 3109 1668 magistro
3141 1598 3392 1653 Lanvino
3437 1598 3730 1654 Nortmanao

2161 1687 2277 1757 ejus
2303 1686 2448 1741 socia
2473 1687 2640 1757 (9.50).

2235 1799 2320 1852 56.
2357 1799 2436 1854 Ad
2462 1799 2704 1854 lueeloea
2728 1800 3050 1871 populorum
3077 1813 3341 1866 catervae,
3359 1817 3512 1858 senes
3527 1811 3576 1856 et
3587 1804 3730 1873 pueri,

2165 1890 2266 1943 viri
2299 1905 2362 1944 ac
2392 1889 2627 1958 feminae,
2656 1892 2866 1947 nobiles
2888 1902 2943 1948 et
2970 1893 3196 1963 plebeii,
3231 1894 3505 1964 principes
3546 1904 3594 1949 et
3641 1911 3732 1948 tua-

2165 1990 2382 2051 gnates,
2437 1983 2506 2037 ob
2545 1983 2875 2037 sanctissimi
2924 1983 3203 2039 Brunonis
3272 1986 3654 2040 venerationem
3690 1993 3731 2037 ti.

2166 2073 2309 2142 piam
2342 2087 2468 2143 erga
2498 2073 2647 2127 illum
2677 2074 2843 2128 animi
2877 2075 3250 2140 devotionem,
3313 2085 3472 2146 atque
3498 2077 3640 2130 etiam
3675 2077 3727 2131 ob

2168 2164 2502 2235 impetranda
2533 2165 2650 2235 ejus
2676 2166 2962 2232 beneﬁcia,
2994 2169 3230 2236 perinde
3255 2185 3320 2224 ac
3345 2171 3388 2223 si
3413 2170 3564 2237 degat
3585 2169 3630 2222 in
3654 2169 3729 2221 hu-

2169 2259 2364 2324 manis,
2401 2274 2522 2314 emn
2572 2260 2768 2332 animis
2829 2261 3290 2332 contemplantes,
3341 2261 3579 2316 certatim
3620 2276 3725 2314 eon-

2168 2350 2362 2418 ﬂuunt,
2409 2331 3050 2421 reverenter'acccdunt,
3100 2365 3439 2409 venerantur
3491 2363 3543 2408 et
3581 2363 3727 2408 orant.

2169 2445 2446 2516 Praecipue
2474 2463 2606 2502 vero
2636 2465 2854 2518 specum
2885 2450 3054 2515 illam,
3097 2451 3150 2504 in
3185 2467 3292 2519 qua
3326 2450 3439 2506 fere
3465 2451 3599 2505 solus
3618 2466 3728 2504 sem-

2172 2551 2266 2606 per
2299 2537 2410 2592 Deo
2437 2538 2724 2606 serviebat,
2760 2548 2906 2594 tanta
2932 2542 3262 2606 reverentia,
3321 2541 3425 2596 ﬁde
3468 2551 3520 2596 et
3567 2539 3725 2594 affectu

2172 2629 3094 2708 frequet‘itmit,_utcomplures'non
3128 2633 3236 2688 nisi
3287 2633 3448 2687 nudis
3487 2630 3724 2700 pedibusa

2167 2719 2279 2789 jam
2309 2721 2452 2776 dicto
2475 2723 2802 2778 monasterio
2827 2739 2894 2779 eo
2919 2725 3182 2780 accedere
3213 2724 3624 2794 conspiciantur.
3646 2719 3724 2775 Alii

2174 2816 2401 2887 genibus
2430 2818 2712 2885 reptando,
2737 2831 2947 2874 sacram
2970 2818 3120 2873 illam
3173 2833 3420 2888 specum,
3473 2826 3649 2872 terram
3684 2822 3726 2867 et

2175 2921 2307 2962 saxa
2336 2921 2402 2962 ex
2427 2908 2590 2963 animi
2615 2909 2816 2978 pietate
2845 2910 3058 2980 lingunt
3084 2950 3100 2975 ,
3143 2919 3200 2965 et
3231 2906 3619 2980 lacrymabundi
3643 2905 3727 2958 eir-

2178 3008 2456 3067 cumeunt,
2480 3010 2642 3070 atque
2689 3002 2755 3057 de
2802 3002 2917 3072 ipsa
2968 3017 3136 3072 specu
3179 3002 3459 3072 quidpiam
3499 2997 3727 3054 abradunt

1923 3052 2072 3163 #1)’
2104 3091 2149 3154 C
2180 3105 2278 3159 pro
2303 3093 2513 3161 magnis
2543 3052 2787 3163 reliquiis
2815 3052 3076 3160 habitu‘ri,
3121 3052 3542 3163 sicqueralaeres
3572 3090 3630 3144 ad
3649 3102 3724 3142 sua

2183 3181 2498 3237 abscedunt.
2562 3183 2678 3238 Nec
2729 3183 3014 3254 quisquam
3074 3201 3213 3242 sane
3266 3186 3447 3241 verbis
3500 3181 3729 3253 esplicare

2183 3282 2367 3340 queat,
2393 3283 2598 3342 quanta
2625 3276 2791 3330 animi
2823 3277 3112 3332 devotione
3135 3288 3198 3334 et
3223 3279 3407 3334 studio
3430 3277 3592 3332 virum
3629 3288 3729 3328 sau-

2184 3367 2485 3422 ctissimum
2507 3378 2908 3438 prosequantur
2930 3369 3202 3427 Calabriae
3242 3369 3499 3440 episcopi,
3523 3366 3726 3425 abbates,

2185 3456 2412 3526 prtelati,
2449 3457 2704 3526 religiosi,
2737 3459 2975 3530 itemque
2995 3460 3295 3531 principes,
3340 3461 3576 3520 comites,
3599 3455 3730 3510 baro-

2185 3562 2302 3614 nes,
2331 3556 2384 3603 et
2401 3547 2552 3617 plebs
2571 3549 2825 3605 universa
2867 3551 3038 3621 (251).
3091 3552 3341 3624 Denique
3387 3567 3492 3607 non
3533 3549 3669 3616 longe
3705 3559 3728 3596 a

2186 3642 2499 3711 supradicto
2521 3644 2851 3699 monasterio
2874 3659 3067 3702 nemus
3089 3646 3481 3718 amplissimum
3505 3649 3598 3706 est,
3613 3634 3728 3708 quod

2186 3733 2318 3788 Folo
2355 3743 2547 3788 vocant
2575 3749 2605 3788 a
2630 3735 2746 3790 viro
2775 3735 2867 3790 Dei
2894 3751 2999 3792 non
3030 3737 3136 3792 nisi
3186 3734 3538 3794 instaurando
3577 3740 3730 3784 moliar

2187 3823 2351 3878 sterio
2372 3822 2708 3892 deputatum.
2759 3824 2913 3891 Quod
2963 3825 3008 3882 si
3053 3827 3178 3896 quis
3224 3825 3537 3882 temerarius
3573 3825 3729 3876 contra

2188 3915 2328 3970 hanc
2357 3915 2474 3985 ejus
2501 3916 2834 3972 voluntatem
2860 3918 3048 3974 venire
3070 3935 3240 3976 ausus
3287 3919 3380 3984 sit,
3425 3910 3730 3986 quemadmo-

2189 4005 2316 4060 dum
2349 4004 2490 4060 fama
2524 4007 2666 4077 aqud
2686 4022 2877 4064 omnes
2897 4009 3157 4066 Calabros
3205 4011 3368 4081 longo
3416 4022 3510 4063 usu
3553 4003 3728 4058 ﬁrmata

2192 4105 2440 4162 testatur,
2486 4097 2724 4153 divinam
2754 4099 3014 4155 ultionem
3067 4115 3176 4156 non
3209 4101 3409 4166 evadit,
3461 4094 3667 4150 faciente
3689 4089 3732 4140 et

2191 4187 2374 4243 hocet
2399 4187 2666 4258 permulta
2716 4188 2862 4256 alia,
2920 4189 2988 4254 ad
3043 4190 3423 4247 declarandam
3476 4171 3730 4241 ﬁdelissimi

2194 4279 2349 4335 Servi
2379 4281 2461 4335 sui
2492 4283 2838 4339 sanctitatem
2884 4293 3221 4354 praepotente
3259 4285 3388 4348 Deo,
3432 4277 3514 4335 cui
3551 4279 3624 4329 est
3656 4269 3729 4323 lto-

2195 4387 2295 4428 nor
2316 4383 2371 4429 et
2401 4373 2569 4445 gloria
2593 4374 2644 4429 in
2672 4375 2867 4430 saecula
2898 4377 3243 4432 sazenlorum.
3276 4377 3462 4432 Amen.

2194 4603 2299 4660 755
2329 4603 2617 4676 intelliges,
2642 4618 2827 4660 curam
2857 4613 3051 4676 gerunt
3078 4601 3448 4676 Carthusiani,
3495 4594 3576 4676 qtti
3620 4589 3729 4676 Tllf'

2196 4676 2432 4749 ritauum
2463 4669 3222 4749 SfStﬁaphaniAnionasterium
3252 4669 3726 4749 incolunt,_ltocqnf:

2195 4747 2337 4814 quod
2365 4747 2541 4814 modo,
2592 4741 2859 4800 BrunOnis
2896 4749 3113 4800 nomine
3161 4748 3226 4801 ad
3277 4741 3525 4812 Stephani
3566 4741 3724 4814 nomen

2197 4811 2429 4882 adjecto,
2467 4833 2486 4865 ι
2513 4813 2625 4886 SS.
2651 4815 2910 4886 Stephani
2934 4825 2988 4870 et
3017 4817 3287 4872 Brunonis
3308 4811 3493 4871 domus
3525 4828 3539 4858 ι
3573 4811 3723 4886 ,γοςῇ

2201 4862 2307 4958 tur,
2333 4862 2436 4939 non
2472 4885 2537 4958 id,
2556 4886 2729 4958 ipsum
2749 4862 2860 4958 est,
2885 4889 3028 4956 quod
3061 4888 3118 4942 S.
3154 4862 3332 4942 Bruno
3354 4877 3624 4958 exstruafil.
3651 4862 3723 4958 55"

2199 4955 2366 5020 aliud,
2397 4950 2631 5029 quodab
2661 4950 3152 5029 hocjamcollapso
3178 4950 3632 5029 sagitt;e__cireiter
3659 4951 3726 5029 1:":

2199 5036 2291 5080 ctu
2319 5017 2796 5096 estdissitutn,titi
2836 5017 3075 5096 intelligo
3127 5045 3193 5085 ex
3241 5017 3464 5088 notitiis,
3517 5017 3724 5096 quasi}:E

2199 5097 2487 5150 Annalium
2523 5075 2988 5153 Cartliusiensium
3009 5075 3156 5154 "libri
3181 5099 3215 5152 4
3239 5075 3494 5152 hactenus
3519 5075 3611 5142 non
3636 5075 3725 5132 γυι-

2200 5169 2307 5237 gati
2371 5165 3012 5239 Vallis-DciAexemplari
3077 5169 3404 5239 descripsit,
3457 5156 3722 5239 mecumgfff

2201 5226 2620 5291 communicavit
2661 5226 3055 5294 Carthusianus
3092 5226 3428 5300 Parisiensis,
3478 5226 3724 5296 εωρίεδῐιυθ

2203 5308 2256 5362 in
2296 5308 2598 5362 Comment.
2632 5310 2832 5377 praevio
2861 5310 3126 5366 laudatus.

2275 5377 2424 5448 (251)
2450 5369 2670 5452 Summa
2701 5379 2969 5451 hodieque
2997 5382 3137 5452 apud
3182 5381 3433 5438 Calabros
3458 5373 3506 5427 in
3534 5369 3718 5452 νερςζξζ

2204 5438 2351 5520 tione
2379 5438 2499 5504 esse
2523 5448 2580 5502 S.
2600 5438 2939 5520 Bl'lmOIICl-ll,
2969 5438 3128 5510 do'cet
3150 5454 3202 5508 in
3234 5455 3474 5510 contexta
3508 5455 3532 5492 a
3557 5449 3608 5491 sc
3631 5438 3720 5494 Cll“

2207 5519 2322 5573 Vita
2349 5535 2465 5590 cap.
2505 5521 2574 5577 54
2597 5519 2898 5577 Zanottius.
