3860 6326
1500 373 1703 432 ACTA.

801 500 1484 707 Eri—8mm
1563 495 2537 704 EWW

3148 366 3256 421 55$

2088 488 3268 512 W-

118 835 148 878 a
185 818 243 877 S.
290 812 618 876 Brunonis
651 811 898 875 obitum
930 826 1452 890 quaquaversum
1482 806 2027 890 nuntiaruntejus
2052 805 2118 865 in
2153 805 2490 890 Turritana
2520 817 2734 866 eremo
2764 800 3264 880 discipuli,soli-

839 883 1029 967 taque
1061 883 1174 969 pro
1210 889 1383 950 illius
1424 889 1631 951 anima
1677 885 1975 963 suffragia
2016 883 2424 963 postularunt

92 1163 253 1217 Primo
276 1161 422 1223 loco,
455 1172 618 1228 quem
647 1157 933 1228 primatem
962 1164 1017 1213 et
1046 1165 1206 1225 caput
1230 1155 1284 1209 in
1339 1152 1582 1209 Ecclesia
1615 1138 1661 1194 Α
1688 1140 2002 1206 sufﬁcimus.
2040 1149 2108 1205 Ut
2132 1156 2310 1205 autem
2362 1149 2551 1205 sciatis
2597 1158 2797 1219 quanta
2845 1148 3063 1213 fiducia,
3107 1163 3269 1218 quam

42 1253 274 1309 credimus
306 1260 365 1305 et
394 1249 745 1312 conﬁtemur,
770 1247 1082 1318 apostolicae
1118 1246 1260 1301 sedis
1305 1244 1591 1314 praesulem

46 1355 279 1412 totamque
334 1342 488 1396 illam
539 1340 896 1410 principalem
941 1340 1149 1393 curiam
1198 1338 1427 1393 humiles
1473 1350 1595 1391 ere-

46 1434 159 1488 mila:
193 1432 457 1489 Calabriae
514 1430 833 1485 monasterii
884 1429 1101 1485 Sanctae
1151 1428 1247 1484 Dei
1306 1427 1594 1483 Genitricis

48 1522 211 1584 Maria),
236 1520 393 1590 cujus
418 1519 674 1573 fundator
697 1527 852 1587 pater
902 1516 1080 1571 Bruno
1110 1515 1209 1571 fuit
1238 1525 1293 1571 et
1320 1516 1590 1586 praelatus,

54 1611 225 1671 dumin
269 1624 440 1665 carne
471 1607 703 1669 viveret.
753 1607 930 1662 debita
988 1604 1320 1674 subjectione
1374 1618 1596 1660 venera-

57 1710 211 1755 muret
233 1700 558 1762 salutamus,
603 1697 888 1767 sanctique
940 1697 1120 1753 Patris
1166 1695 1340 1751 nostri
1389 1694 1594 1749 obitum

54 1790 186 1856 pridie
209 1787 390 1842 Nonas
419 1786 675 1843 Octobris
702 1786 1104 1851 denuntiamus,
1144 1794 1206 1840 ut
1250 1783 1462 1839 meritis
1503 1797 1596 1838 eo-

57 1896 144 1931 rum
169 1888 218 1933 et
242 1879 503 1949 precibus
528 1877 814 1946 adjuvetur
864 1877 1002 1946 apud
1046 1877 1235 1931 Deum.
1288 1875 1598 1931 Salutamus

56 1981 222 2036 quoque
246 1967 565 2022 universam
594 1976 839 2021 sanctam
894 1965 1191 2021 Ecclesiam
1222 1965 1276 2019 in
1319 1964 1599 2019 ordinibus

60 2068 99 2112 et
142 2057 567 2129 professionibus
603 2056 739 2121 suis,
770 2056 1083 2121 canonicos,
1113 2055 1431 2119 monachos,
1480 2069 1600 2109 ere-

62 2151 197 2213 mitas,
218 2150 320 2205 Deo
346 2149 570 2205 dicatas
599 2156 818 2203 sanctas
845 2147 1107 2220 virgines,
1145 2145 1341 2217 quibus
1379 2154 1435 2201 et
1478 2159 1598 2199 om-

65 2241 183 2297 nibus
203 2239 468 2311 spirituali
498 2238 788 2310 praesentia
813 2239 1236 2309 prosternimur,
1267 2245 1329 2291 ut
1352 2235 1595 2291 defuncti

66 2331 198 2386 Patris
219 2334 378 2388 nostri
420 2347 694 2387 memores
739 2345 862 2387 esse
905 2332 1097 2396 velint;
1147 2339 1207 2386 ut
1258 2330 1468 2385 dilecta:
1523 2328 1598 2383 illi

69 2422 216 2478 anima:
244 2423 285 2478 si
307 2422 549 2478 adhaesit
595 2420 807 2476 macula
836 2420 982 2492 (cum
1012 2435 1119 2475 non
1162 2420 1235 2474 sit
1274 2420 1455 2489 justus
1506 2418 1598 2488 qui

72 2526 145 2565 non
174 2514 366 2585 peccet)
393 2511 781 2582 multiplicatis
817 2510 1277 2566 intercessoribus
1297 2518 1352 2564 et
1377 2523 1605 2579 precum

74 2603 273 2660 instantia
302 2607 651 2677 detergatur,
704 2612 759 2659 et
786 2611 1028 2659 transeat
1055 2602 1123 2658 ad
1152 2601 1418 2672 requiem.
1468 2600 1602 2655 Pre-

77 2708 213 2748 tantur
236 2711 452 2767 quoque
498 2704 1031 2765 utquorumcunque
1076 2691 1317 2748 locorum
1376 2705 1599 2762 congre-

80 2785 282 2851 gationes,
303 2796 397 2841 aut
441 2799 688 2856 persona:
713 2784 979 2854 religiosa:
1004 2825 1021 2850 ,
1046 2783 1163 2853 ejus
1185 2791 1353 2853 agant
1396 2796 1606 2837 mento-

82 2873 192 2939 riam,
212 2890 261 2931 se
278 2876 604 2932 nominatim
629 2889 735 2931 non
750 2875 934 2947 pigeat
952 2876 1006 2931 in
1032 2876 1136 2930 hac
1158 2877 1347 2930 charta
1369 2872 1607 2929 subscri-

83 2962 508 3037 berc;scparatim
539 2980 689 3031 vero,
718 2966 763 3020 si
791 2966 884 3035 qui
919 2964 1107 3020 volunt
1132 2963 1251 3033 ejus
1288 2962 1606 3018 memoriam

88 3054 281 3123 scriptam
305 3066 358 3112 et
383 3056 825 3121 anniversariam
843 3057 1155 3121 observare,
1194 3054 1523 3118 scribantur,
1550 3060 1609 3106 ut

88 3156 313 3213 congruam
340 3148 520 3203 vicem
545 3146 774 3217 singulis
804 3146 1181 3217 rependamus,
1238 3152 1399 3215 prout
1447 3142 1605 3213 pauci

140 3323 251 3401 {132)
274 3326 528 3401 Epistolas
549 3327 679 3382 huic
707 3339 1143 3401 quaquaversum
1190 3339 1272 3401 οξ
1291 3335 1441 3401 more
1470 3329 1602 3401 tunc

96 3394 238 3449 usitato
264 3392 362 3461 (adi
396 3392 788 3467 Commentarii
816 3392 998 3467 pratvii
1044 3409 1190 3467 nitur.
1241 3392 1312 3446 24
1351 3393 1600 3467 et__seq.)

98 3476 163 3523 pro
183 3469 524 3522 annuntiando
571 3461 848 3522 Brunonis
882 3466 1033 3521 obitu
1080 3463 1276 3525 missae,
1329 3461 1605 3530 titulisque

100 3529 363 3608 [linearibus
387 3553 486 3592 seu
517 3537 659 3608 datis
685 3536 915 3608 ad_hanc
946 3534 1322 3608 responsoriis,
1387 3529 1602 3601 quaead

106 3599 195 3675 iiut-
223 3604 271 3657 S.
305 3606 586 3668 Brunonis.
631 3622 724 3675 per
750 3599 1051 3660 Puteanum
1086 3604 1301 3672 scriptae
1351 3599 1606 3675 annoque

103 3670 259 3757 gittiter
282 3676 411 3730 1515
445 3677 586 3757 typis
607 3670 1004 3731 Basileensibus
1025 3670 1256 3757 esensie,
1282 3671 1487 3753 calcem
1515 3670 1606 3757 an-
1638 3695 1683 3757 Ο

104 3740 311 3815 ﬁciuntur,
338 3740 593 3815 praefinire,
640 3754 844 3813 scptem
889 3746 1289 3815 prmmittuntur
1332 3740 1609 3815 versiculi,

109 3812 165 3895 figi
187 3812 353 3895 ibidem
377 3832 476 3895 pro
509 3816 677 3895 altero
704 3812 902 3895 Sancti
925 3814 1197 3895 epitapltio
1225 3812 1607 3895 obtruduntur;

110 3878 165 3954 alii
183 3893 329 3954 autem
358 3878 568 3940 titulum
602 3884 903 3948 funebrem,
939 3878 1045 3954 quo
1073 3878 1143 3937 ab
1172 3884 1301 3951 ipsis
1347 3881 1614 3954 religiosis

111 3944 339 4034 Turritanze
366 3944 980 4034 erenti_incolis_.Saneto
1027 3944 1371 4034 parentatum
1424 3944 1610 4015 fuerit,

112 4030 189 4070 esse
209 4020 304 4075 illos
330 4024 683 4080 contendunt.
736 4024 932 4079 Verum
979 4020 1110 4077 mihi
1146 4038 1248 4076 nec
1273 4037 1458 4082 unum,
1515 4036 1615 4075 nec

114 4086 274 4161 alterum
301 4093 497 4161 placet;
549 4109 654 4147 non
684 4097 941 4162 primum,
990 4093 1131 4163 quod
1184 4090 1443 4160 epitaphii
1495 4105 1620 4163 spe:-

48 4212 51 4231 ,
115 4164 454 4237 ftemltrzelerre
488 4165 629 4237 haud
655 4160 960 4237 videantur;
986 4160 1103 4237 non
1122 4163 1442 4237 secundum.
1472 4160 1615 4229 (1'10LI

115 4230 324 4305 icrsiudis
348 4233 447 4305 illis
474 4236 541 4305 ad
559 4234 671 4301 jam
702 4234 881 4288 datam
914 4230 1393 4305 epistolarn,_qit_od_
1412 4240 1615 4305 tamen.

118 4302 154 4341 ut
177 4299 343 4356 titulum
367 4299 645 4358 lnnebrem
673 4299 1084 4361 constituerent.
1110 4318 1174 4357 ex
1201 4299 1358 4355 dictis
1382 4301 1431 4353 in
1458 4301 1618 4354 Com-

122 4371 315 4441 actuario
342 4375 539 4441 przevio
568 4390 715 4426 num.
746 4373 818 4427 24
842 4384 987 4427 esset
1042 4386 1346 4434 necessum,
1397 4386 1617 4441 respon-

122 4438 537 4514 stntbaud'fuerit.
568 4441 640 4514 Ut
668 4443 830 4504 utsit,
860 4444 1207 4514 etlmpmiatn,
1262 4456 1366 4514 qua
1398 4438 1455 4494 S.
1481 4438 1619 4514 Bru-

126 4510 400 4583 ‘fOPiSjuores
427 4513 616 4566 lectori
671 4514 741 4567 ob
782 4510 1304 4583 oculos'ponuntur,
1354 4511 1493 4583 haud
1528 4510 1620 4583 _i_n-

129 4579 205 4653 $910
220 4576 525 4653 diterismee
554 4583 683 4637 mihi
702 4598 828 4639 vero
856 4576 1077 4653 prorsus
1100 4588 1325 4653 apparet
1347 4579 1615 4645 absimilc,

130 4649 289 4722 1iitlncti
313 4650 599 4720 discipulis,
623 4668 752 4722 quo,
787 4649 962 4721 qualis
992 4653 1079 4708 bic
1104 4649 1318 4722 luisset,
1348 4658 1620 4722 utcunque

194 4723 589 4794 ergpl._epistolae
616 4720 908 4794 encyclica:
921 4722 1199 4794 jamidatae
1223 4720 1395 4794 fuisse
1424 4720 1617 4794 adjun-

134 4783 433 4867 fﬁlltillds
453 4794 606 4867 adeo.
654 4783 945 4867 an'tequan't
993 4793 1059 4845 ad
1114 4791 1300 4867 titulos
1364 4783 1622 4867 funebres

136 4853 404 4925 mgfcdiar,
456 4862 555 4918 liuc
596 4853 773 4917 etiam
800 4853 982 4919 'modo
1036 4861 1418 4927 transcribam,
1469 4858 1620 4914 locus

326 5837 560 5908 Ριτηοι..
593 5850 769 5912 CLII.

1694 1252 1845 1297 certa
1872 1258 1965 1312 spe
1992 1242 2329 1298 liberationis
2369 1242 2486 1312 ejus
2540 1256 2731 1311 preces
2779 1240 3039 1305 fundatis,
3087 1250 3270 1295 trans-

1697 1336 1831 1390 itum
1863 1335 2004 1389 illius
2033 1333 2237 1406 [supple
2267 1333 2361 1403 ad]
2392 1332 2678 1387 utilitatem
2726 1332 2877 1387 brevi
2918 1333 3072 1386 titulo
3118 1334 3274 1388 inno-

1697 1428 1978 1491 tescimus,
2001 1438 2063 1481 ut
2086 1428 2137 1480 in
2156 1435 2327 1481 sancti
2360 1426 2463 1479 viri
2491 1424 2966 1480 consummatione
2990 1426 3274 1479 veritatem

1695 1528 1749 1574 et
1799 1517 2186 1589 perfectionem
2243 1525 2530 1571 transactze
2571 1516 2691 1570 vita:
2743 1514 3029 1586 colligatis.
3087 1513 3279 1570 Sciens

1695 1609 1824 1678 quia
1853 1608 2001 1664 venit
2028 1608 2160 1663 hora
2189 1606 2306 1675 ejus
2332 1616 2391 1662 ut
2444 1615 2769 1662 transeatex
2823 1606 2925 1661 hoc
2956 1607 3154 1661 mundo
3213 1607 3281 1659 ad

1697 1698 1933 1762 Patrem,
1972 1698 2286 1754 convocatis
2319 1696 2579 1751 fratribus
2603 1697 2736 1760 suis,
2773 1696 2841 1751 ab
2894 1695 3009 1766 ipsa
3045 1694 3279 1750 infantia

1698 1788 1937 1858 singulas
1959 1795 2148 1843 aetates
2170 1802 2298 1843 suas
2341 1786 2648 1858 replicavit,
2700 1795 2756 1841 et
2813 1786 2978 1841 totius
3024 1788 3283 1856 temporis

1698 1883 1779 1939 sui
1812 1882 2040 1939 scientia
2068 1891 2122 1937 et
2147 1884 2422 1939 sententia
2455 1882 2678 1953 dignum
2733 1881 3113 1952 proclamavit.
3179 1881 3284 1937 Po-

1700 1985 1812 2031 stea
1848 1977 2005 2032 fidem
2037 1992 2190 2031 suam
2215 1976 2282 2032 de
2303 1976 2572 2031 Trinitatc
2603 1984 2887 2046 protracto
2914 1985 2970 2030 et
3012 1974 3285 2046 profundo

1700 2082 1949 2123 sermone
1963 2067 2215 2138 exposuit
2235 2075 2290 2122 et
2317 2067 2581 2123 conclusit
2608 2069 2686 2123 sic
2715 2086 2728 2121 :
2759 2087 2778 2119 ι
2806 2067 2982 2123 Credo
3012 2069 3175 2122 etiam
3198 2084 3286 2122 sa-

1700 2165 1974 2213 cramenta
2014 2171 2136 2227 quas
2184 2165 2369 2212 sancta
2410 2158 2588 2213 credit
2616 2167 2668 2212 et
2700 2167 2994 2214 veneratur
3021 2158 3283 2222 Ecclesia,

1700 2254 1756 2301 et
1791 2245 2110 2300 nominatim
2162 2260 2358 2317 panem
2395 2256 2450 2301 et
2498 2248 2683 2301 vinum
2729 2261 2850 2316 qua:
2894 2254 3289 2302 consecrantur

1704 2337 1756 2391 in
1787 2337 1967 2403 altari,
1996 2346 2120 2407 post
2159 2326 2628 2392 consecrationem
2679 2352 2870 2393 verum
2914 2352 3115 2408 corpus
3166 2351 3289 2393 esse

1704 2427 1913 2482 Domini
1946 2427 2114 2481 nostri
2144 2426 2270 2482 Jesu
2296 2427 2520 2493 Christi,
2545 2443 2730 2483 veram
2759 2443 2977 2483 carnem
3006 2438 3059 2483 et
3101 2444 3289 2483 verum

1703 2516 2020 2587 sanguinem
2074 2532 2193 2586 qua:
2222 2525 2275 2572 et
2317 2532 2420 2573 nos
2466 2517 2765 2587 accipimus
2816 2519 2869 2572 in
2913 2517 3287 2573 remissionem

1704 2615 2050 2678 peccatorum
2073 2618 2383 2664 nostrorum
2406 2619 2461 2662 et
2506 2609 2558 2663 in
2610 2624 2705 2678 spe
2749 2608 2940 2664 salutis
2994 2617 3227 2665 a‘ternze.
3266 2629 3284 2659 ι

1706 2696 1960 2752 Proxima
1992 2697 2079 2752 die
2111 2698 2390 2754 Dominiea
2412 2707 2598 2753 sancta
2633 2698 2721 2753 illa
2749 2699 2931 2753 anima
2982 2714 3149 2753 carne
3205 2714 3293 2753 so-

1708 2786 1822 2842 luta
1854 2796 1937 2842 est
1967 2787 2142 2856 pridie
2181 2787 2362 2844 Nonas
2404 2788 2655 2845 Octobris
2683 2803 2826 2843 anno
2858 2786 3072 2842 Domini
3115 2788 3289 2843 mille-

1711 2878 1849 2933 simo
1878 2880 2175 2934 centesimo
2202 2881 2398 2949 primo.
2427 2880 2593 2937 Orate
2638 2894 2736 2951 pro
2785 2895 2849 2935 co
2893 2889 2948 2935 et
2989 2894 3088 2949 pro
3135 2881 3293 2935 nobis

1709 2969 2108 3037 peccatoribus.
2140 2970 2388 3025 Fratrem
2433 2978 2700 3037 nostrum,
2744 2970 2936 3024 harum
2989 2970 3293 3025 litterarum

1706 3059 1966 3127 latorem,
2009 3061 2329 3117 obedientiae
2372 3064 2545 3134 gratia
2587 3063 3043 3135 peregrinantem,
3100 3073 3295 3119 vestrae

1708 3150 1960 3207 cltaritati
1989 3153 2451 3208 commendamus.
2478 3150 2685 3208 Valete.

1706 3333 1891 3405 exigit.
1924 3332 2014 3390 Sic
2047 3334 2243 3390 habent
2274 3353 2288 3387 :

1779 3425 2051 3479 Laudatus
2082 3424 2261 3479 Bruno
2291 3423 2388 3477 fuit
2416 3423 2467 3477 in
2500 3422 2682 3477 multis
2704 3433 2759 3479 et
2787 3422 2838 3476 in
2867 3437 3002 3478 uno.

1788 3494 1879 3566 Vir
1908 3494 2007 3547 fuit
2034 3495 2256 3566 mqualis
2294 3496 2417 3549 vitm
2437 3535 2451 3556 ,
2474 3493 2557 3547 vir
2580 3496 2632 3547 in
2662 3495 2762 3549 hoc
2804 3492 3078 3566 specialis.

1786 3565 2015 3635 Semper
2032 3564 2152 3620 erat
2187 3564 2327 3619 festo
2356 3567 2538 3627 vultu,
2564 3577 2815 3635 sermone
2851 3564 3118 3619 modesto.

1782 3634 1931 3689 Cum
1957 3645 2164 3690 terrore
2189 3637 2364 3704 patris
2396 3634 2718 3688 monstravit
2757 3634 2969 3704 viscera
3013 3635 3227 3691 matris.

1785 3705 1973 3760 Nullus
2038 3703 2515 3775 eum’magnum,
2568 3704 2663 3758 sed
2723 3703 3160 3844 mitem[sensit
3239 3715 3299 3759 ut

2620 3842 2686 3844 μ
2746 3842 2759 3844 _
2897 3843 2904 3844 ί
2968 3789 3187 3844 agnum.

2968 3790 3187 3828 ειεηυιιι.

2968 3790 2994 3827 a
3039 3791 3181 3827 nun.

1789 3844 2021 3900 Prorsus
2062 3845 2115 3898 in
2147 3845 2247 3900 liae
2286 3844 2395 3899 vita
2426 3859 2588 3899 verus
2613 3842 2715 3896 fuit
2745 3789 3035 3897 lsraeliia.g
3116 3792 3143 3891 ³.
3172 3880 3181 3889 .

1790 3916 1945 3971 Hunc
1984 3916 2123 3971 Deus
2157 3931 2188 3968 a
2217 3916 2392 3985 pcenis
2418 3930 2570 3985 rape,
2601 3914 2821 3969 sedibus
2861 3913 3002 3967 infer
3038 3915 3296 3968 amoenis.

1788 4025 1959 4080 Porro
2016 4025 2467 4081 Adnotationilnts
2543 4022 2834 4089 nonnulla,
2905 4038 3025 4093 quae
3088 4023 3141 4093 in
3207 4022 3294 4076 fu-

1723 4098 1981 4151 nebribus
2031 4097 2215 4151 Sancti
2243 4095 2458 4161 Titulis,
2506 4094 2619 4164 jam
2680 4110 2801 4148 mox
2848 4092 2937 4147 hic
2980 4092 3293 4164 subdcndis.

1720 4175 2032 4231 occurrunt,
2076 4166 2469 4220 illustraturuin
2510 4180 2625 4229 me,
2659 4166 2710 4217 in
2751 4164 3053 4218 Comment.
3096 4163 3297 4229 prrevio

1722 4252 1871 4291 num.
1915 4236 1983 4289 24
2034 4236 2366 4305 significavi;
2424 4251 2490 4290 ne
2518 4246 2698 4289 autem
2732 4231 3102 4302 suppositilios
3134 4232 3299 4285 hosce

1721 4321 1842 4360 esse
1881 4307 2001 4376 quis
2026 4316 2204 4374 putet,
2256 4306 2497 4359 locorum
2529 4306 2692 4359 etiam
2722 4317 3000 4376 sacrorum
3022 4341 3040 4376 _,
3066 4315 3296 4370 quorum

1724 4370 1939 4458 nomine
1969 4370 2255 4458 signantur
2275 4417 2289 4438 ,
2315 4382 2557 4458 aetatem,
2586 4389 2707 4428 eum
2750 4381 2940 4458 potero
2982 4370 3143 4439 idque
3168 4386 3299 4458 cun:

1722 4446 1920 4500 ducere
1957 4442 2273 4500 existimaro
2295 4486 2309 4509 ,
2352 4444 2621 4506 indicabo,
2664 4453 2755 4495 aut
2786 4448 2954 4503 certe,
2986 4455 3053 4494 an
3088 4451 3142 4493 et
3170 4442 3300 4509 quid

1722 4516 1789 4569 de
1816 4518 1882 4570 iis
1908 4515 2211 4583 comperire
2256 4514 2596 4583 potissimum
2645 4511 2936 4581 potuerim,
2968 4518 3093 4579 post
3116 4511 3301 4581 singu-

1723 4585 1825 4645 las.
1865 4585 2060 4654 quibus
2095 4586 2268 4639 dictos
2304 4584 2489 4638 titulos
2518 4583 3078 4654 discreturus__sum_,_
3101 4584 3303 4635 sectio-

1723 4669 1820 4709 nes
1869 4651 2090 4718 notabo,
2145 4653 2267 4708 licet
2323 4653 2541 4709 interim
2601 4651 2988 4720 vitia,quibus
3027 4651 3080 4704 lii
3113 4660 3302 4705 contra

1723 4725 1988 4794 prosodia:
2040 4733 2308 4792 rectaeque
2357 4722 2974 4794 constructionisleges
3006 4722 3301 4794 _iaboran_t,

1722 4790 2039 4864 plerumque
2102 4790 2479 4865 inobservata,
2543 4794 2687 4865 quod
2758 4790 2923 4847 nimis
2995 4790 3304 4861 frequentia

1722 4865 1853 4931 sint,
1884 4865 2159 4935 praeterire
2185 4865 2254 4919 sit
2280 4864 2465 4919 tivum.
