3860 6326
1658 124 1685 141 Ι

523 291 625 348 559

1320 294 1376 351 S.
1416 295 1763 351 BRUNONIS
1802 294 2441 353 CARTllUSlANOllUM
2482 297 2966 354 lNSTlTUTORlS
3606 309 3685 366 560

524 406 883 462 niversarium
915 407 1051 477 ejus,
1076 407 1254 462 divina
1280 409 1724 464 subministrante
1750 409 1946 479 gratia,
1971 424 2092 479 per-
2127 410 2173 465 A
2199 413 2339 463 citur
2366 410 2611 465 Cornelio
2638 408 2809 480 (277),
2838 420 2891 463 et
2914 416 2998 464 est
3025 408 3198 463 vicina
3227 423 3395 467 eremo
3418 414 3684 483 Carthasim,

521 498 816 555 solvemus.

913 610 1163 666 Ecclesia:
1195 610 1721 684 Gratianopolilanw.

595 726 685 778 ll.
737 722 1236 793 Gratianopolitana
1296 724 1567 791 ecclesia,
1627 742 1789 796 quam
1849 725 2102 781 dominus

524 817 707 871 Bruno
732 818 1030 871 monachus
1053 825 1216 887 atque
1235 819 1461 873 eremita
1490 819 1595 873 sibi
1626 834 1867 874 eremum
1899 818 2098 885 facere,

526 908 1025 978 itabitationemque
1046 910 1195 979 prius
1225 909 1512 964 destinavit
1542 909 1714 981 (274),
1746 919 1951 979 qttanto
1977 919 2102 969 tunc

525 1003 711 1075 gavisa
740 1014 824 1058 est
869 1003 924 1057 in
969 1001 1088 1071 ejus
1130 1003 1414 1073 praesentia
1437 1043 1452 1069 ,
1480 1018 1597 1058 eam
1628 1003 1882 1058 nimirum
1914 1003 2103 1057 existi-

523 1109 679 1149 mans
704 1102 1018 1163 perpetuam
1044 1094 1262 1159 habere,
1290 1102 1441 1149 tanto
1462 1110 1606 1150 nunc
1632 1094 1804 1165 magis
1826 1093 1971 1150 dolet
1993 1109 2102 1164 prae

525 1186 738 1242 caeteris
790 1201 949 1255 super
1015 1186 1147 1240 tanti
1224 1193 1440 1257 tamque
1492 1186 1928 1256 incomparabilis
2001 1186 2102 1241 viri

524 1277 792 1331 absentia.
822 1276 1087 1343 Quocirca
1117 1275 1353 1332 oflicium
1394 1276 1515 1345 ejus
1570 1276 2103 1332 commemorationis

523 1366 797 1423 assiduum
828 1382 997 1438 usque
1030 1368 1363 1423 tricesimum
1388 1368 1536 1439 (275)
1560 1367 1790 1423 libenter
1820 1368 2097 1439 persolvit.

519 1458 722 1514 Panem
768 1474 983 1529 quoque
1018 1470 1075 1515 et
1102 1460 1283 1515 vinum
1312 1475 1432 1514 cum
1472 1460 1683 1515 cmteris
1716 1459 1952 1527 ferculis,
1984 1476 2102 1531 quae

517 1552 723 1608 fratres
750 1551 993 1621 ejusdem
1028 1552 1477 1624 Congregationis
1527 1553 1745 1609 interim
1779 1570 2058 1625 sumpsere
2083 1596 2097 1622 ,

519 1644 707 1705 eadem
735 1658 831 1713 pro
862 1643 1102 1713 ejusdem
1148 1643 1250 1697 viri
1307 1644 1485 1697 anima
1529 1644 1858 1713 pauperibus
1907 1645 2099 1716 largita

2200 516 2299 571 pro
2326 502 2613 556 sanctitate
2643 502 2776 555 tanti
2800 502 2925 568 viri,
2950 496 3107 569 cujus
3129 501 3380 566 doctrina,
3416 512 3463 557 et
3491 512 3689 581 exemplo

2200 594 2366 664 stirps
2414 602 2563 649 tanta
2610 594 2664 648 in
2695 592 2914 649 Christo
2956 592 3317 660 fructificavit,
3345 605 3523 665 septem
3546 600 3693 656 diebus

2200 685 2593 741 celebrabimus
2617 683 2848 740 cilicium
2874 695 2929 739 et
2955 685 3148 739 missas
3172 725 3187 751 ,
3211 695 3262 740 et
3286 686 3508 742 dabimus
3542 703 3693 759 panem

2200 787 2251 832 et
2278 778 2458 832 vinum
2484 792 2605 831 cum
2641 777 2858 832 caneris
2891 776 3115 832 ferculis
3141 778 3472 849 pauperibus,
3493 780 3608 836 sicut
3627 785 3697 838 uti

2202 883 2269 923 ex
2312 868 2570 924 fratribus
2614 869 2836 935 nostris,
2886 878 2940 924 ct
2988 871 3299 925 memoriam
3333 871 3694 928 anniversariam

2203 959 2318 1031 ejus
2348 962 2401 1017 in
2427 962 2673 1034 catalogo
2694 971 2884 1019 nostro
2919 962 3241 1019 scribemus.

2443 1071 2691 1127 Fratrum
2724 1071 2783 1127 S.
2821 1072 2958 1143 Ruﬂi
2985 1074 3041 1127 in
3064 1083 3206 1129 costa
3243 1073 3299 1129 S.
3324 1074 3543 1131 Andrew.

2276 1181 2361 1235 14.
2395 1179 2505 1237 Nos
2528 1182 2724 1237 fratres
2744 1196 2809 1237 ex
2847 1182 3127 1237 canonicis
3150 1183 3328 1238 Sancti
3350 1183 3492 1251 Rulli,
3514 1201 3701 1242 commo-

2205 1282 2389 1329 rantes
2421 1272 2472 1328 in
2505 1274 2739 1343 quadam
2774 1274 2968 1329 cellula
2997 1273 3185 1330 Sancti
3206 1276 3446 1341 Andreae,
3469 1290 3569 1345 qua:
3585 1278 3704 1349 vulgo

2203 1363 2362 1419 Costa
2384 1372 2610 1420 vocatur
2630 1363 2799 1436 (278).
2823 1381 2924 1435 pro
2966 1366 3201 1435 piissimi
3249 1367 3420 1421 anima
3452 1367 3703 1435 Brunonis,

2202 1468 2301 1523 per
2354 1462 2559 1524 septem
2608 1454 2723 1509 dies
2774 1456 3119 1511 continuatos
3157 1456 3431 1512 Matutinas
3479 1469 3527 1513 et
3556 1459 3706 1513 missas

2205 1544 2599 1600 celebrabimus
2623 1544 2795 1615 (279),
2821 1555 2875 1601 et
2919 1547 3081 1602 sicuti
3124 1548 3217 1601 uni
3249 1560 3311 1601 ex
3335 1547 3478 1603 nobis
3507 1564 3589 1617 pro
3618 1550 3708 1618 ejus

2204 1634 2398 1688 animae
2432 1635 2626 1689 solatio
2656 1635 3001 1705 praebendam
3031 1636 3178 1708 (280)
3207 1636 3460 1703 dabimus,
3489 1647 3537 1692 et
3568 1638 3610 1692 in
3636 1653 3707 1693 ca-

518 1741 663 1788 sunt.
690 1733 838 1788 Diem
855 1748 985 1788 vero
1016 1734 1355 1804 migrationis
1369 1749 1501 1801 suae,
1524 1749 1631 1803 quo
1650 1736 1886 1790 animam
1913 1752 2093 1803 suam,
2132 1760 2175 1815 Β
2206 1726 2382 1794 M080
2420 1726 2649 1781 rI'ﬂll‘llm
2681 1735 2993 1783 nostrorum
3033 1744 3232 1785 nomen
3258 1731 3369 1802 ejus
3398 1731 3620 1801 scriptum
3639 1731 3711 1786 ba-

516 1832 822 1886 memoratu
854 1824 1092 1895 dignam,
1110 1826 1220 1880 Deo
1239 1825 1491 1892 reddidit,
1522 1826 1573 1880 in
1596 1827 1838 1897 catalogo
1861 1843 2098 1883 summo-

517 1932 639 1971 rum
672 1916 965 1971 illustrium
1021 1916 1263 1972 virorum
1294 1931 1500 1986 ponens
1524 1957 1540 1983 ,
1589 1918 2019 1973 anniversariam
2047 1929 2102 1973 et

517 2010 789 2066 celebrem
842 2023 901 2064 se
939 2008 1140 2064 habere
1192 2008 1560 2064 indesinenter
1609 2010 1941 2079 repromisit.
1992 2008 2101 2064 Nos

519 2101 703 2171 itaque
749 2101 939 2156 humili
990 2117 1150 2172 prece
1190 2116 1287 2157 vos
1339 2117 1627 2172 precamur
1659 2110 1717 2157 ut
1770 2102 1941 2157 nostri
1982 2102 2100 2156 sitis

516 2206 787 2247 memores
810 2232 826 2258 ,
853 2202 1125 2261 quatenus
1178 2192 1489 2248 OfilllOIllIlll
1514 2208 1849 2262 orecumque
1891 2202 2100 2248 VBSU'ZI-

519 2295 639 2335 rum
664 2282 932 2351 possimus
958 2281 1073 2358 fieri
1112 2281 1425 2351 participes.

736 2410 910 2467 Eremi
938 2412 1234 2468 Carthasim
1261 2428 1418 2483 prope
1449 2395 1887 2486 GratianOpolim.

589 2525 678 2583 12.
710 2523 822 2581 Nos
858 2540 1073 2595 quoque
1104 2524 1403 2581 Carthusia:
1433 2527 1631 2583 fratres
1657 2529 1886 2599 piissimi
1922 2530 2101 2584 Patris

518 2618 690 2674 nostri
720 2617 1006 2682 Brunonis,
1033 2616 1133 2671 viri
1160 2616 1315 2672 valde
1358 2618 1679 2680 clarissimi,
1715 2620 1909 2675 solatio
1935 2620 2099 2675 mise-

518 2709 762 2765 rabiliter
797 2723 908 2779 pra:
960 2707 1215 2763 omnibus
1274 2709 1541 2775 destituti,
1592 2711 1721 2779 qttid
1752 2726 1851 2781 pro
1885 2710 1999 2781 ejus
2021 2711 2101 2764 di-

516 2803 657 2859 lecta
697 2803 878 2859 anima
909 2811 963 2856 et
1001 2810 1193 2857 sancta
1224 2800 1491 2857 faciamus
1519 2802 1744 2857 definire
1786 2803 2097 2873 nequimus.

516 2891 754 2947 Vincunt
801 2890 947 2945 enim
996 2888 1191 2943 merita
1232 2889 1622 2945 beneficiorum
1665 2889 1783 2960 ejus
1805 2905 1935 2958 erga
1966 2906 2095 2954 nos,

516 2983 776 3054 quidquid
831 2994 1153 3052 possumus,
1206 2987 1262 3035 et
1282 2979 1543 3034 valemus.
1588 2980 1773 3050 Itaque
1815 2980 1955 3035 sicut
2004 2995 2102 3049 pro

520 3075 684 3131 unico
736 3081 891 3144 patre
938 3087 1003 3126 ac
1034 3070 1254 3126 domino
1299 3079 1486 3125 nostro
1532 3086 1676 3125 nunc
1718 3078 1773 3125 et
1813 3072 1932 3125 sine
1992 3070 2101 3125 ﬁne

2200 1819 2465 1874 bebimus.

2430 1949 2809 2005 Atltanacensis
2840 1954 3056 2007 cwnobii
3085 1954 3329 2026 Lugduni
3357 1956 3512 2028 (281).

2271 2061 2356 2115 15.
2388 2062 2784 2120 Atltanacensis
2806 2080 2934 2121 vero
2965 2076 3139 2124 coetus
3176 2070 3359 2125 divino
3393 2070 3586 2125 oraculo
3605 2085 3708 2140 prte-

2202 2154 2458 2219 monitus,
2502 2168 2602 2222 pro
2632 2155 2810 2211 anima
2845 2157 3081 2228 religiosi
3114 2160 3333 2231 Deoqtte
3360 2160 3523 2216 dilecti
3555 2162 3714 2215 Bruno-

2201 2246 2286 2299 nis
2330 2245 2585 2315 generale
2629 2246 2864 2303 ollieium
2935 2250 3105 2322 (282),
3167 2254 3429 2324 simulque
3470 2253 3642 2325 preces:
3675 2262 3717 2306 et

2199 2337 2475 2393 orationes
2503 2337 2783 2407 persolvit,
2826 2348 2882 2396 et
2910 2343 3239 2413 conscriptis
3262 2360 3383 2399 cum
3410 2359 3470 2399 eo
3508 2343 3718 2398 lratribus

2205 2429 2463 2498 obsequia
2494 2433 2985 2489 commendationis
3017 2434 3290 2491 exhibuit.

2548 2521 2773 2592 Majoris
2797 2524 3028 2581 ecclesia:
3056 2525 3435 2599 Lugdunensis.

2202 2610 2285 2665 16.
2319 2609 2409 2666 Sic
2434 2626 2578 2667 mors
2610 2615 2863 2682 prudenti
2896 2616 3092 2685 parcit,
3136 2616 3289 2673 velut
3314 2616 3587 2689 insipienti.

2275 2702 2520 2759 Prudens
2546 2705 2729 2761 Bruno
2753 2707 2873 2774 fttit,
2911 2710 3020 2765 cito
3045 2720 3224 2768 morte
3252 2712 3379 2768 ruit.

2203 2791 2407 2863 Nempe
2425 2793 2567 2863 jacet
2591 2796 2772 2853 Bruno
2801 2799 3008 2855 tumulo
3055 2802 3350 2870 depressus
3383 2802 3432 2856 in
3461 2815 3577 2863 uno,

2275 2882 2375 2949 Qui
2414 2896 2679 2955 quantum
2705 2889 2903 2956 potuit,
2927 2890 3155 2961 justitia:
3181 2892 3407 2948 studuit.

2204 2976 2416 3033 Floruit
2441 2987 2496 3033 et
2525 2978 2637 3035 vita
2666 2979 2839 3039 factus
2879 2986 3105 3057 simplex
3141 2989 3392 3044 eremita.

2277 3070 2333 3125 Si
2363 3070 2463 3125 fuit
2493 3072 2597 3127 iste
2628 3086 2772 3137 reus,
2817 3084 2871 3129 tu
2902 3078 3004 3132 sibi
3035 3094 3221 3148 parce,
3258 3080 3418 3144 Deus,

523 3122 679 3131 ν---νν
738 3122 889 3144 κτα-ν
941 3122 1001 3126 ν*
1040 3122 1246 3126 νυν-την
1300 3122 1477 3125 νν-ηνν
1533 3122 1672 3125 -νηί-
1728 3122 1769 3125 νὴ
1815 3122 1927 3125 -έ-ή-
1993 3122 2096 3125 έθη-
2291 3122 2332 3125 νί
2392 3122 2460 3125 ”--
2493 3122 2592 3127 -τντ
2629 3122 2772 3137 ""‘I
2818 3122 2871 3129 ν·-
2902 3122 3004 3132 νυν·
3035 3122 3221 3148 ιη’-ἰν,
3258 3122 3418 3144 νυν-’9

516 3166 813 3229 arabimus,
866 3174 921 3220 et
978 3163 1367 3235 qualiscunque
1428 3162 1756 3226 missarum,
1810 3161 2102 3232 eaeterique
2128 3122 2169 3179 Ο
2202 3160 2299 3216 Cui
2319 3161 2517 3217 dantur
2549 3164 2750 3221 frustra
2783 3182 2880 3236 pro
2911 3167 3143 3224 Psalmis
3179 3169 3421 3223 carmina
3452 3166 3663 3237 pulchra.

520 3258 821 3331 spiritualis
850 3255 1100 3312 exercitii
1131 3253 1463 3309 consuetudo
1481 3254 1625 3307 circa
1653 3250 1934 3307 defunctos
1960 3252 2101 3321 apud
2150 3266 2153 3271 '

517 3368 618 3408 nos
661 3358 896 3410 tenetur,
946 3363 1046 3417 pro
1097 3347 1241 3401 illius
1281 3346 1463 3399 anima
1510 3344 1657 3399 omni
1704 3353 1949 3414 tempore
1982 3354 2101 3399 tan~

517 3458 680 3513 quam
709 3441 803 3496 lilii
836 3439 1206 3510 persolvemus
1233 3436 1402 3509 (276),

519 3552 778 3607 Fratrum
808 3548 1093 3605 Casca-Dei
1129 3550 1315 3631 subtus
1348 3550 1724 3671 (iurnillionem
1771 3566 1929 3621 prope
1964 3548 2100 3605 Gra-

1144 3629 1360 3671 ιιαηουο
1386 3637 1478 3671 im.

1144 3629 1478 3690 ttanopolint.

590 3713 677 3769 l3.
708 3712 817 3768 Nos
846 3710 1044 3766 fratres
1068 3719 1123 3766 et
1150 3711 1293 3766 servi
1334 3726 1614 3767 servorum
1646 3712 1927 3769 Cassa-Dei
1950 3712 2102 3768 babi-

518 3816 698 3863 tantes
722 3806 772 3860 in
800 3804 993 3860 cellula
1027 3803 1212 3859 Beataa
1258 3803 1463 3872 Mariae,
1493 3820 1613 3875 quae
1642 3806 1748 3862 alio
1776 3806 1995 3863 nomine
2019 3807 2100 3863 di-

593 4000 739 4077 (274)
768 4000 1085 4077 Cartltusiae
1121 4014 1336 4077 eremtts
1383 4000 1614 4077 scilicet,
1640 4017 1805 4077 quam
1840 4002 2096 4077 Sanctus,

515 4070 838 4158 pti'usquam
857 4073 939 4158 "in
969 4070 1302 4158 ‘tjalabr'iam
1351 4070 1679 4158 secesserit,
1734 4073 2100 4142 inhabitavit,

517 4140 573 4200 in
605 4140 825 4199 dioecesi
854 4140 1360 4209 Gratiaquolitana
1392 4141 1494 4195 sita
1526 4149 1629 4197 est.

590 4214 739 4287 (275)
790 4213 938 4287 Diem
979 4225 1194 4287 nempe.
1243 4211 1355 4287 _Adi
1406 4210 1776 4287 Ca_ngi_um_in
1826 4213 2100 4287 Glossario

518 4280 729 4342 mediae
760 4293 816 4340 et
850 4282 1047 4337 intima:
1076 4280 1388 4337 Latinitatis
1422 4282 1492 4336 ad
1530 4280 1871 4339 Vocabulum
1922 4284 2099 4356 Trige-

516 4372 729 4413 mnum.

589 4426 735 4496 (276)
763 4422 1220 4496 Anniversarium
1249 4422 1419 4496 sancti
1463 4421 1639 4477 Patris
1673 4425 1757 4478 sui
1806 4425 1945 4480 diem
1983 4440 2101 4481 sese

2272 3254 2401 3312 Plus
2434 3258 2717 3327 prodesset
2746 3260 2793 3314 ei
2828 3270 2909 3315 ter
2944 3259 3201 3316 Miserere
3231 3261 3363 3316 mei.

2610 3413 2672 3470 S.
2700 3413 2888 3470 Maria:
2922 3414 3181 3470 Blesensis
3210 3415 3380 3487 (285).

2204 3526 2288 3580 17.
2336 3524 2450 3582 Non
2484 3537 2569 3583 est
2625 3528 2959 3594 deflendum,
3001 3546 3100 3586 nec
3144 3533 3319 3600 patris
3370 3540 3533 3585 morte
3581 3525 3728 3581 dolen-

3532 3619 3679 3693 [dun].

2205 3708 2318 3763 Non
2349 3710 2481 3765 obiit
2511 3711 2711 3778 Bruno,
2738 3711 2827 3781 qui
2855 3722 3067 3783 partem
3101 3713 3215 3768 fixit
3240 3715 3292 3769 in
3326 3730 3433 3769 uno
3464 3712 3623 3782 (28H.

2204 3802 2357 3859 Hunc
2386 3803 2527 3860 Deus
2553 3805 2793 3875 excepit,
2826 3805 3075 3861 comitem
3106 3807 3189 3876 pia
3220 3809 3377 3863 turba
3410 3805 3616 3877 recepit.

2275 4014 2420 4085 (280)
2450 4015 2765 4094 Pmbenda,
2796 4019 2849 4072 ni
2883 4019 3035 4094 fallar
3056 4063 3070 4087 ,
3101 4020 3190 4077 hic
3237 4021 3509 4094 signiﬁcat
3547 4020 3740 4094 elecmo-

2204 4101 2422 4156 syuam,
2463 4088 2708 4159 portione
2756 4090 3105 4159 monachica,
3158 4108 3252 4147 seu
3292 4088 3606 4148 'monasterii
3640 4103 3741 4143 con-

2203 4163 2469 4219 stantem;
2501 4165 2561 4209 ttt
2606 4155 2838 4228 fratres,
2889 4155 3116 4228 quorum
3149 4163 3236 4218 hic
3289 4162 3497 4216 Titulus
3548 4169 3637 4224 est,
3667 4171 3740 4225 per

2203 4234 2408 4307 septem
2449 4240 2570 4280 sese
2592 4226 2709 4281 dies
2736 4226 2942 4307 tantum
2971 4231 3075 4285 cibi
3120 4248 3184 4287 ac
3219 4246 3385 4304 potus
3408 4242 3648 4302 quantum
3678 4228 3742 4280 in-

2205 4307 2350 4373 terea
2378 4300 2612 4373 ipsorum
2659 4300 3017 4373 communitas
3058 4313 3200 4357 esset
3220 4300 3514 4373 sumptura
3533 4343 3547 4365 ,
3578 4313 3743 4373 paupt':

2380 4381 2499 4421 esse
2526 4366 2770 4435 daturos,
2795 4369 2958 4424 etiam
2987 4373 3304 4441 promisisse
3342 4366 3635 4429 vidcantur.
3660 4366 3740 4422 Adi

2254 4446 2325 4490 ttu
2354 4452 2441 4490 um
2479 4452 2556 4490 x1.

2254 4446 2441 4490 Itulum
2479 4452 2556 4490 XI.

520 4493 758 4581 ᾳυξιιγρξε
801 4493 1316 4581 μξιίξιξαρςξιεηςιίαηι
1360 4493 1450 4549 hic
1488 4496 1814 4564 Ρνοιυίιιιιηι
1853 4498 2090 4564 Γθίίὲίοδί
2122 4503 2171 4562 D
2197 4576 2209 4581 _
2268 4507 2415 4581 (281)
2446 4506 2584 4561 Olim
2615 4516 2770 4581 extra
2800 4508 3041 4581 Lugduni
3066 4526 3251 4567 muros
3276 4521 3417 4580 erat,
3448 4511 3600 4567 modo
3623 4505 3744 4581 ipsis

521 4565 688 4617 eremi
718 4564 1015 4617 Cartbusia:
1038 4564 1245 4618 incolae.

592 4633 739 4702 (277)
766 4632 969 4702 Cellula
1015 4633 1130 4686 bare
1179 4648 1272 4688 seu
1310 4635 1603 4702 prioratus,
1649 4651 1678 4690 a
1739 4637 2089 4693 celeberrima

521 4702 741 4757 Ordinis
775 4711 829 4754 et
871 4701 1144 4756 Benedicti
1186 4703 1237 4755 in
1270 4701 1521 4759 Alvernia
1558 4707 1831 4762 Casm-Dei
1877 4710 2090 4763 abbatia

520 4771 848 4848 dependens,
871 4769 1383 4848 Gratianopolitanae
1409 4775 1559 4848 urbis
1580 4778 1740 4848 parti,
1776 4772 2092 4848 Lugdunum

519 4840 948 4915 respicienti,_ad
974 4840 1252 4915 dexteram
1299 4842 1457 4915 Isara:
1486 4840 1629 4898 ﬂuvii
1658 4847 1827 4915 ripam
1855 4840 2091 4915 adjacet,

563 4910 1151 4989 ueutadmodutndisco
1182 4924 1213 4964 e
1236 4910 1447 4968 laudata
1481 4916 1547 4969 ad
1578 4915 1655 4970 lit.
1687 4910 1722 4970 ti
1745 4910 2093 4989 Delpbinatus

563 4929 974 4968 ιιθιιιίιυιιιουυιιι
1005 4929 1122 4964 UISCl

520 4929 722 5039 Sl‘abula
750 4980 1122 5049 geographica.

591 5052 738 5123 (278)
758 5048 823 5127 lu
850 5051 1035 5127 eadem
1062 5048 1261 5127 Tabula
1283 5054 1639 5127 geographica
1668 5056 2091 5127 Gratianopolim

520 5121 663 5180 inter
690 5121 745 5177 et
770 5121 1090 5189 Lugdunum
1118 5121 1270 5175 locus
1298 5121 1551 5185 Occurrit,
1585 5125 1739 5180 (iacta
1767 5125 1825 5180 S.
1868 5121 2093 5184 Andrew

516 5202 765 5255 vocatus,
794 5188 885 5264 qui
911 5188 1136 5264 proinde
1163 5199 1258 5244 aut
1289 5192 1402 5261 ipsa
1428 5203 1529 5258 est,
1555 5210 1676 5264 quae
1701 5197 1789 5250 hic
1828 5213 2095 5254 memora-

518 5277 629 5328 tur,
660 5263 849 5335 cellula
892 5276 985 5335 s‘eu
1046 5261 1350 5335 prioratus,
1382 5278 1409 5316 a
1444 5264 1501 5335 S.
1554 5261 1675 5320 llufi
1722 5272 2050 5324 monasterio
2076 5310 2091 5335 ,

517 5349 682 5403 prope
716 5332 1017 5387 Valentiam
1067 5333 1225 5404 modo
1271 5333 1375 5388 sito
1428 5334 1771 5404 dependens,
1827 5347 1920 5393 aut
1950 5332 2092 5396 hunc

518 5402 691 5469 certe,
721 5404 765 5458 si
793 5404 971 5456 adhuc
999 5402 1282 5466 subsistat,
1318 5402 1712 5469 complectitur.

588 5475 735 5542 (279)
772 5472 1041 5538 Ollicium,
1069 5473 1212 5540 quod
1240 5474 1368 5546 olim
1411 5472 1774 5545 Septenaria»:
1804 5481 2089 5546 vocabant,

519 5546 768 5619 quodque
819 5558 913 5619 per
972 5554 1183 5619 septem
1231 5545 1347 5619 dies
1394 5548 1676 5619 continuos
1723 5564 1821 5619 pro
1868 5545 2093 5608 mortuis

519 5615 799 5691 agebatur,
832 5614 918 5691 hic
942 5615 1296 5691 promittitur.
1321 5617 1418 5674 Adi
1447 5614 1793 5691 Cang-ium'in
1822 5620 2092 5680 Glossario

520 5692 591 5739 ad
623 5684 939 5738 vocabulum
968 5684 1327 5753 Septenarius.

2196 4576 2463 4631 inclusum
2497 4586 2571 4631 est
2619 4578 2721 4632 ltoc
2750 4576 2955 4634 ordinis
2983 4581 3319 4638 Benedictini
3353 4576 3741 4637 monasterium,

2196 4647 2261 4700 ad
2284 4648 2618 4702 confluentes
2640 4650 2827 4704 Araris
2852 4659 2906 4704 et
2938 4652 3182 4705 Rhodani
3206 4654 3405 4708 szeculo
3421 4670 3472 4708 vr
3497 4660 3581 4706 aut
3606 4648 3743 4703 etiam

2195 4717 2354 4771 citius
2413 4726 2766 4773 exstructum.
2822 4720 3055 4776 Consule
3105 4721 3335 4777 Galliam
3411 4721 3742 4778 Christianam

2197 4795 2407 4841 auctam
2439 4798 2568 4841 tom.
2600 4789 2686 4854 IV,
2721 4790 2820 4843 col.
2853 4790 2977 4845 253.

2266 4856 2415 4927 (282)
2461 4858 2688 4933 l_d_est._
2730 4857 2974 4933 Ollicium
3012 4862 3324 4919 solenmiori
3353 4904 3367 4925 ,
3406 4877 3513 4933 quo
3558 4866 3744 4933 potest.

2197 4927 2302 4981 ritu
2336 4943 2431 4994 pro
2457 4927 2723 4983 defunctis
2744 4930 3098 4985 celebratum.
3127 4932 3230 4987 Adi
3260 4935 3311 4987 in
3338 4927 3597 4990 Glossarii
3626 4927 3744 4982 Cau—

2197 4996 2343 5071 giani
2370 4996 2753 5071 Supplemento
2794 4999 3205 5071 Carpenticrum
3245 5005 3311 5058 ad
3353 5002 3611 5061 vocabula
3648 4994 3749 5063 οπε-

2199 5069 2646 5143 εἰιιῃιῃέλεηεναζεη
2800 5138 2855 5143 __
2904 5069 2916 5071 ﬁ
3026 5142 3033 5143 γ
3603 5138 3626 5143 ,

2268 5134 2415 5212 (285)
2450 5139 2502 5191 In
2544 5140 2765 5193 civitate
2800 5138 3057 5203 Blcsensi,
3091 5143 3567 5212 quemadmodum
3589 5134 3749 5212 Galli};

2195 5204 2518 5279 Christiana:
2564 5219 2734 5263 auctae
2790 5213 3085 5279 scriptores
3110 5204 3274 5269 'tom.
3312 5212 3450 5278 Vill,
3488 5210 3590 5267 col.
3635 5204 3750 5279 1588

2196 5276 2410 5354 docent,
2434 5280 2760 5354 conspicitur
2783 5276 3167 5354 canonicorum
3194 5276 3547 5354 regulatiutn,
3569 5277 3647 5354 cui
3672 5290 3751 5354 51f-

2199 5347 2320 5418 culo
2347 5364 2398 5400 ιιι
2449 5347 2694 5405 canonici
2739 5352 3023 5406 saeculares
3063 5347 3321 5418 servier'e,
3353 5352 3595 5417 abbtllill,
3626 5348 3752 5400 beata

2197 5416 2372 5493 Maria
2412 5417 2670 5493 Blesensis
2696 5430 2790 5493 aut
2819 5416 3467 5493 ctiatnBurgus-Mrdius
3495 5418 3751 5493 appellata.

2194 5486 2381 5568 lstltrec
2411 5489 2550 5543 haud
2582 5491 2741 5545 dubie
2769 5506 2863 5559 per
2887 5490 2944 5546 S.
2980 5484 3204 5549 Mariam
3235 5484 3543 5548 Blescuscni
3566 5484 3652 5544 'bic
3678 5484 3756 5537 dc-

2195 5568 2460 5626 sngnatur.

2266 5628 2411 5698 (284)
2439 5629 2612 5683 Alludi
2643 5630 2856 5686 Videtur
2884 5632 2949 5685 ad
2996 5633 3121 5688 illttd
3164 5633 3323 5689 Lucze
3373 5650 3427 5695 x,
3463 5632 3566 5685 -ί2ε
3611 5626 3760 5701 Porro

2198 5712 2356 5751 unum
2380 5708 2452 5753 est
2479 5703 2847 5755 necessarium.
2886 5702 3059 5758 Maria
3086 5708 3331 5773 optimam
3356 5714 3565 5773 partem
3603 5698 3755 5764 de?"
