3860 6326
183 370 269 426 581
417 461 484 518 S.
524 460 672 518 Petri
699 461 1062 520 Ctimiacensis
1091 468 1309 523 emnobii
1336 468 1504 541 (285).

183 555 256 611 18.
286 554 415 611 lure
441 557 604 613 dolor
634 558 761 627 poni
792 557 954 613 debet
991 573 1089 627 pro
1119 570 1294 617 morte
1328 564 1538 633 patroni
1582 562 1754 636 (286).

241 648 489 705 Gaudeat
525 658 580 704 et
606 659 798 718 mater,
828 652 1025 722 gaudet
1053 660 1112 706 ut
1136 653 1249 723 ipse
1275 663 1448 724 pater.

179 739 423 796 Fecimus
453 742 780 813 obsequium
810 743 954 813 quod
998 744 1244 800 chartula
1274 745 1439 815 jussit
1466 748 1755 818 agendum.

240 831 303 885 Et
328 832 495 888 nobis
529 832 691 887 iidem
716 848 813 889 vos
846 832 1057 890 faciatis
1082 835 1247 891 idem.

176 920 228 975 S.
254 920 480 977 Romani
502 924 571 978 de
591 922 809 979 ecclesia
837 922 1175 994 Lugdunensi
1203 929 1564 985 archidiaconi
1586 930 1753 1003 (287).

178 1016 253 1072 l9.
293 1015 507 1072 Domne
532 1017 628 1073 tibi
661 1019 862 1088 Bruno,
891 1022 983 1091 qui
1006 1037 1224 1094 semper
1250 1039 1379 1095 rege
1407 1024 1509 1081 sub
1548 1040 1656 1082 uno

176 1105 388 1161 Sacram
409 1110 648 1165 servasti
680 1110 873 1183 legem,
903 1130 1004 1171 nec
1029 1129 1150 1170 eam
1179 1116 1414 1183 violasti,

174 1198 312 1254 Finis
339 1199 507 1257 adest
537 1203 681 1268 vitae,
712 1205 1002 1262 tristantur
1027 1207 1095 1262 ob
1135 1208 1238 1263 hoc
1263 1209 1524 1264 eremitze.

177 1289 300 1346 Sunt
320 1293 419 1348 tibi
451 1304 583 1365 post
603 1294 774 1354 fatum
803 1314 1030 1356 summa:
1062 1301 1185 1356 data
1218 1302 1411 1370 gaudia
1438 1303 1581 1357 vitae.

178 1384 280 1439 Non
308 1401 444 1459 ergo
474 1405 580 1459 pro
614 1398 667 1447 te
687 1394 919 1462 gemitus
936 1394 1099 1450 edant
1123 1396 1383 1450 eremita;.

178 1473 298 1529 Nam
326 1479 542 1534 mundo
576 1481 765 1538 vivens
794 1483 910 1539 loca
932 1483 1146 1541 deserta
1171 1486 1404 1541 subiisti.

177 1563 316 1620 Nunc
340 1567 522 1624 caelos
550 1578 742 1627 nactus
766 1572 965 1629 iactaris
988 1575 1041 1629 in
1071 1575 1288 1645 agmine
1317 1575 1541 1631 Christi.

341 1659 405 1714 S.
461 1659 728 1719 Vincenlii
749 1664 1135 1722 Cabillonensis
1164 1668 1396 1723 ecclesiis
1420 1668 1589 1739 (288).

178 1747 254 1802 â€˜30.
291 1750 427 1805 Cum
460 1752 606 1809 bene
625 1759 954 1824 praeteritam
989 1768 1218 1816 testetur
1246 1761 1426 1817 littera
1458 1762 1655 1827 vitam,

180 1838 373 1894 Etcum
399 1857 574 1911 posse
604 1846 739 1901 mori
780 1849 908 1903 nulli
930 1850 1184 1906 dematur
1209 1853 1435 1921 honori,

179 1930 347 1987 Fletus
376 1932 589 2004 deponi
613 1936 811 1993 debent
839 1955 937 2010 pro
969 1951 1142 1997 morte
1162 1944 1400 2013 patroni.

181 2020 410 2093 Namque
444 2026 594 2083 Deus
623 2028 806 2084 sedem
837 2046 1089 2100 superam
1118 2034 1220 2090 sibi
1255 2034 1483 2091 tradidit
1517 2036 1705 2092 aedem.

183 2110 318 2171 Nunc
341 2117 540 2186 igitur,
566 2119 763 2177 fratres
785 2165 798 2190 ,
830 2123 1068 2192 psalmos
1095 2126 1399 2198 missasque
1427 2136 1687 2184 canentes

184 2205 487 2264 Reddamus
516 2210 733 2268 Christo
762 2214 948 2270 laudes
973 2224 1028 2271 et
1060 2220 1304 2273 carmina
1329 2227 1546 2287 nostro,

184 2295 243 2351 Ut
258 2300 428 2367 prosit
460 2304 679 2358 cunctis
702 2347 716 2372 ,
744 2307 889 2375 quod
932 2322 1032 2363 nos
1072 2309 1407 2366 adolebimus
1437 2311 1547 2367 isti.

438 2388 505 2444 S.
532 2391 724 2447 Maria:
754 2393 1015 2451 Belvensis
1045 2397 1276 2453 ecclesia:
1318 2399 1492 2471 (289).

181 2476 259 2529 21.
289 2478 388 2533 ivit
420 2479 503 2534 ab
539 2481 644 2536 hac
670 2484 780 2537 vita
804 2483 985 2541 Bruno
1023 2487 1255 2559 simplex
1291 2491 1553 2555 eremita;

184 2562 396 2621 Tollitur
435 2583 572 2624 arce
594 2571 722 2640 poli,
751 2576 913 2629 terris
941 2590 1104 2645 super
1131 2587 1280 2633 astra
1311 2579 1547 2645 relictis,

184 2660 240 2714 Et
264 2663 340 2720 sic
362 2680 500 2721 cum
529 2666 748 2724 Christo
780 2671 980 2731 mundo
1009 2674 1304 2743 requiescit
1332 2675 1401 2731 ab
1438 2676 1563 2745 isto,

186 2755 339 2814 Orans
360 2775 472 2830 pro
498 2763 709 2818 eunetis
740 2764 1066 2834 viventibus,
1095 2775 1150 2822 et
1180 2767 1338 2823 modo
1361 2767 1561 2825 functis
1590 2769 1757 2841 (290).
1781 2805 1787 2809 -

506 2852 566 2908 S.
609 2854 861 2910 Anthonii
893 2857 1215 2914 Conteiensis
1245 2859 1418 2931 (291).

186 2940 262 2994 22.
293 2943 577 3017 Quidquid
609 2948 772 3004 habet
811 2951 1072 3019 mundus,
1098 2953 1358 3023 quidquid
1399 2953 1561 3008 vitale
1598 2969 1761 3009 voca-

1582 3056 1687 3113 tur,

190 3126 237 3182 Si
263 3130 400 3187 bene
426 3131 685 3201 discrevi,
719 3134 819 3191 sub
845 3136 1143 3193 mobilitate
1169 3148 1431 3194 moratur.
1554 3047 1573 3118 [

194 3222 326 3279 Unde
352 3222 467 3281 sub
498 3226 701 3284 incerta
746 3232 1107 3286 mutabilitate
1135 3240 1405 3288 tenemur.

191 3315 284 3369 lies
307 3332 535 3387 quoque
564 3333 670 3372 non
699 3321 928 3376 stabiles
959 3330 1013 3377 et
1040 3338 1139 3378 nos
1160 3332 1216 3378 et
1240 3332 1429 3378 nostra
1451 3323 1718 3378 videmur.

192 3402 428 3463 Volvitur
471 3411 527 3465 in
561 3409 704 3477 fatis,
732 3412 1023 3467 volvuntur
1055 3414 1162 3469 fata
1189 3415 1403 3470 diurna.

191 3499 295 3573 ipsa
330 3501 559 3571 quidem
589 3502 841 3566 titubant,
875 3503 1024 3571 quasi
1062 3517 1501 3561 commoveantur
1528 3507 1578 3561 in
1610 3522 1764 3561 urna.

194 3591 421 3648 Dulcedo
454 3594 637 3647 mundi
667 3608 755 3647 res
780 3592 955 3649 labilis
984 3603 1037 3648 et
1078 3600 1390 3663 metuenda,

197 3683 255 3738 Et
288 3686 392 3740 sibi
433 3684 698 3754 suppositi
742 3686 888 3740 velut
918 3686 1058 3757 ignis
1089 3686 1305 3743 flamma
1346 3690 1604 3745 cavenda.

197 3776 471 3848 Accipiunt
510 3791 700 3832 omnes
730 3777 818 3832 tali
847 3777 1127 3833 dulcedine
1156 3778 1344 3835 letum.

201 3865 425 3923 Dulcedo
455 3875 663 3937 pereat,
694 3880 813 3936 qua:
854 3866 1066 3922 confert
1103 3866 1175 3921 fel
1202 3878 1258 3924 et
1285 3880 1516 3925 acetum.

202 3956 400 4028 Decipit
438 3957 556 4011 haec
583 3963 806 4011 cunctos
839 3957 941 4012 sibi
973 3966 1126 4027 grata
1157 3958 1418 4028 compede
1459 3958 1695 4027 junctos,

202 4047 440 4117 Deceptis
467 4046 682 4102 tandem
712 4048 1017 4103 mercedem
1052 4048 1218 4103 donat
1252 4049 1518 4114 eamdem,

204 4135 397 4194 Merces
429 4137 518 4192 illa
549 4137 766 4208 quidem
793 4137 951 4192 datur
980 4138 1231 4194 omnibus
1252 4139 1430 4194 exitus
1465 4139 1626 4195 idem.

202 4224 241 4280 0
266 4229 432 4283 miser
458 4228 639 4283 omnis
668 4226 852 4295 homo,
877 4228 1143 4298 quamvis,
1175 4230 1318 4299 quod
1360 4229 1665 4301 decipieris,

272 4362 415 4433 (285)
443 4363 578 4435 Cum
613 4366 1028 4432 monasterium,
1052 4368 1196 4435 quod
1245 4366 1587 4422 Climiacense
1614 4383 1776 4424 voce-

206 4441 303 4506 tur,
326 4434 573 4505 nuspiam
601 4436 891 4506 inveniam,
919 4436 971 4489 in
1020 4434 1232 4490 umdum
1264 4452 1371 4506 quo
1401 4437 1663 4506 scriptum
1692 4447 1776 4494 est

208 4502 300 4558 hoc
323 4502 527 4577 pomeri
549 4505 801 4577 mendum
828 4505 1111 4577 irrepsisse
1141 4502 1297 4577 puto,
1327 4502 1529 4577 proque
1555 4506 1776 4564 Climia-

206 4573 360 4646 censis
391 4573 1102 4646 legendumCluniacensis;
1133 4573 1191 4629 ut
1222 4573 1482 4646 hoc'ann'o
1509 4578 1615 4634 910
1646 4592 1777 4634 con-

210 4640 792 4715 ditumAmpnasterium
825 4645 914 4699 hic
950 4640 1282 4715 designetur.

272 4711 420 4788 (Î¾Î¾Ï)
449 4713 507 4788 lAd
532 4723 636 4788 est,
675 4714 943 4788 magistri,
968 4711 1170 4788 domini
1211 4725 1305 4788 aut
1350 4717 1513 4771 etiam
1562 4718 1776 4788 prioris.

273 4781 417 4859 (2Î²7)
449 4782 591 4859 Quid
614 4784 727 4859 inec
748 4782 909 4838 Tituli
939 4784 1164 4854 subjecti
1194 4786 1296 4841 sibi
1324 4788 1453 4842 velit
1475 4781 1777 4859 inscriptio,

213 4848 349 4922 haud
368 4848 505 4922 satis
532 4853 790 4922 intelligo.

276 4919 416 4991 (288)
448 4919 826 4979 Cabilonensis
870 4938 965 4979 seu
1018 4922 1409 4981 Cabillonensis
1454 4928 1781 4983 cathedraiis

215 4989 427 5067 ecclesia
453 4991 568 5067 jam
598 4994 719 5067 inde
742 4994 811 5047 ab
838 5008 980 5067 anuo
1005 4993 1101 5067 Î¾Ï‰
1132 4993 1187 5067 S.
1207 4994 1475 5067 Vincentii
1505 4999 1778 5067 martyris,

218 5058 391 5133 priori,
424 5064 571 5130 quod
601 5064 883 5133 habuerat,
910 5064 969 5119 S.
1019 5064 1279 5133 Stephani
1333 5066 1551 5128 relicto,
1585 5058 1779 5121 nomen

217 5131 444 5205 accepit;
493 5141 551 5185 ut
590 5132 695 5188 alia
749 5133 890 5205 haud
925 5134 1084 5189 dubie
1119 5131 1291 5204 quam
1342 5136 1456 5190 haec
1509 5137 1562 5190 in
1608 5137 1781 5192 istbac

220 5200 557 5273 inscriptione
578 5216 695 5273 non
735 5203 1064 5273 designetur.

279 5266 422 5341 (289)
457 5270 512 5323 lu
541 5272 757 5325 civitate
798 5266 1063 5340 Bï¬‚vensi,
1099 5288 1194 5329 seu
1219 5315 1233 5338 ,
1261 5285 1323 5329 ut
1351 5276 1508 5330 modo
1535 5290 1781 5330 commu-

221 5337 327 5415 nius
346 5337 626 5415 scribitur,
652 5337 1260 5415 Bellovacensi,'przeter
1283 5346 1565 5400 ecclesiam
1594 5348 1783 5401 cathe-

222 5408 441 5474 dralem,
467 5411 533 5484 _S.
553 5410 731 5484 Petro
761 5408 1127 5483 apostolorum
1166 5416 1395 5484 principi
1422 5431 1654 5479 sacram,
1687 5432 1781 5471 sex

223 5489 337 5553 sunt
364 5481 612 5536 ecclesia:
656 5481 973 5553 collegiatm,
1005 5481 1230 5552 quarum
1280 5502 1384 5539 uua
1432 5488 1785 5542 sanctissimae

228 5546 310 5622 Dei
358 5553 610 5620 genitrici
652 5546 833 5608 Marii:
881 5546 1123 5609 dedicata
1172 5564 1287 5620 est;
1324 5565 1381 5610 ut
1409 5558 1475 5610 ad
1504 5558 1645 5611 hanc
1670 5597 1685 5622 ,
1730 5557 1785 5612 ni

229 5614 470 5697 forte'hic
502 5623 884 5697 Balvensispro
914 5623 1183 5678 Belnensis
1211 5614 1489 5697 perperam
1521 5614 1784 5697 scriptum

232 5688 308 5751 sit,
338 5694 590 5765 urbisque
610 5695 746 5747 adeo
778 5688 983 5757 Belum,
1014 5711 1132 5762 qua:
1163 5688 1224 5747 iii
1262 5688 1563 5765 Burgundia
1591 5688 1788 5751 a'civi-

238 5767 330 5814 tate
365 5763 704 5820 Cabiloncnsi
765 5766 905 5819 haud
966 5767 1251 5819 admodum
1302 5763 1485 5834 prccul
1537 5767 1637 5821 sita
1683 5776 1784 5831 cst,

1712 382 1908 438 ACTA.

1788 478 1834 532 Î‘
1859 473 2084 540 Ccrnas,
2114 477 2228 546 ipse
2253 485 2431 533 tamen
2462 480 2730 537 modicum
2758 495 2951 537 curare
2979 483 3193 550 videris,

3334 400 3436 455 562

1860 564 1926 618 Î•Î¹
1958 568 2126 634 probo
2152 569 2432 640 deceptum
2463 581 2516 626 te
2548 571 2724 627 lumen
2757 572 2937 628 cordis
2961 573 3179 632 habere.

1860 657 2193 715 Obscuratur
2221 662 2364 717 enim
2386 702 2402 729 ,
2433 664 2610 734 possis
2632 679 2699 718 ne
2734 667 2928 720 damna
2954 666 3155 722 videre.

1860 748 1971 805 Nec
1996 751 2276 807 retinenda
2304 761 2481 821 tenes,
2507 771 2611 812 nec
2632 756 2715 811 vis
2756 757 3079 812 removenda
3109 773 3347 816 movere.

1860 836 2003 892 lien!
2035 839 2249 895 miserae
2275 852 2500 906 mentes,
2535 844 2818 899 metuenda
2861 860 3052 915 parum
3082 855 3402 916 metuentes,

1860 927 1989 994 Quae
2012 928 2252 985 breviter
2282 940 2475 987 curant
2506 949 2627 1004 qua:
2655 934 2814 1006 longo
2840 944 3083 1006 tempore
3127 936 3343 1004 durant,

1860 1018 1954 1073 ilis
1976 1019 2137 1075 nimis
2165 1021 2404 1089 intentae,
2428 1039 2547 1093 qua:
2575 1036 2701 1081 sunt
2737 1035 2940 1082 mutata
2976 1030 3226 1097 repente!

1860 1111 2023 1179 Mors,
2052 1113 2297 1168 timidum
2327 1130 2545 1182 nomen,
2573 1118 2878 1174 miserabile
2918 1119 3144 1188 prtebuit
3176 1134 3332 1175 omen

1860 1203 2113 1283 Venturis
2140 1206 2286 1276 genti
2318 1208 2493 1276 primo
2521 1209 2661 1262 male
2687 1219 2813 1264 nota
2842 1211 3074 1279 parenti.

1858 1293 2002 1349 Mors
2024 1295 2197 1363 subit,
2224 1304 2279 1351 et
2300 1298 2529 1353 moritur
2551 1299 2758 1365 vivens,
2787 1316 2885 1357 nec
2912 1302 3036 1358 ï¬nis
3070 1303 3300 1360 habetur

1858 1386 2052 1441 Certus
2088 1386 2141 1441 in
2166 1388 2269 1443 hac
2293 1389 2402 1444 vita
2442 1407 2453 1442 :
2484 1389 2667 1445 Bruno
2695 1391 2889 1460 probat
2917 1392 3019 1447 hoc
3045 1394 3295 1448 eremita.

1859 1476 2039 1530 Bruno
2064 1478 2191 1540 ruit,
2216 1479 2302 1533 cui
2333 1480 2480 1551 sylva
2509 1482 2724 1545 domus,
2755 1481 2908 1537 cibus
2944 1482 3109 1536 herba
3148 1483 3321 1549 fuere;

1859 1566 1991 1632 Qui,
2032 1568 2156 1637 quia
2204 1571 2436 1626 mundus
2485 1582 2602 1625 erat
2630 1611 2644 1637 ,
2685 1571 2944 1627 nmndum
2982 1574 3307 1642 contempsit
3342 1574 3438 1627 ha-

3240 1677 3362 1717 iere.

3240 1677 3314 1716 ier

1860 1747 2062 1803 Sancta
2092 1763 2290 1820 parens
2318 1751 2553 1816 Christi,
2590 1767 2711 1821 quae
2748 1753 2857 1809 sola
2888 1753 2998 1808 Deo
3023 1661 3287 1823 placuislti,
3314 1676 3344 1718 Ï

1787 1818 1835 1878 Î’
1863 1818 2142 1896 Concedas
2162 1881 2177 1906 ,
2204 1849 2263 1895 ut
2298 1842 2346 1897 ei
2375 1841 2499 1896 data
2534 1818 2789 1899 sitâ€”sedes
2822 1818 3047 1910 requiei.
3146 1846 3155 1852 â€™

2505 1931 2781 2001 Ejusdem.

1862 2021 1952 2077 2â¸5.
1980 2020 2166 2077 Bruno
2195 2022 2290 2079 Dei
2316 2021 2509 2089 cultor,
2535 2024 2789 2080 vitiorum
2823 2026 3018 2082 nobilis
3043 2026 3204 2091 ultor,

1935 2115 2074 2171 Ante
2109 2116 2206 2171 Dei
2236 2116 2429 2173 faciem
2455 2118 2733 2187 possideas
2769 2118 3031 2188 requiem.

1864 2205 2058 2261 Lector
2082 2223 2304 2264 securus
2326 2211 2452 2280 quia
2480 2226 2623 2265 nunc
2652 2224 2841 2279 sospes
2872 2209 3169 2267 subiturus.

1936 2297 2070 2353 lluie
2100 2298 2370 2369 completa
2398 2307 2578 2355 tamen
2602 2298 2779 2355 debita
2811 2299 2989 2356 dicat:
3019 2298 3207 2354 Amen.

2246 2388 2307 2444 S.
2338 2388 2487 2444 Petri
2526 2390 2861 2446 Camoteusis
2893 2388 3066 2461 (292).

1862 2475 1954 2531 24.
1983 2476 2183 2533 Concio
2211 2477 2505 2545 Silvestris,
2532 2478 2891 2551 lacrymarum
2913 2494 3074 2549 parce
3099 2477 3333 2535 ï¬‚uentis:

1864 2571 2106 2628 Pastoris
2131 2573 2261 2641 vita,
2297 2573 2420 2629 ï¬dei
2453 2572 2601 2629 cultu
2634 2574 2883 2630 redimita
2903 2613 2918 2641 ,

1864 2664 2062 2721 Votum
2093 2664 2311 2721 laetandi
2336 2665 2493 2721 nobis
2524 2666 2643 2729 dat,
2669 2680 2774 2721 non
2805 2663 3161 2737 lacrymandi.

1866 2758 1921 2814 Si
1956 2760 2156 2815 mundo
2182 2760 2432 2824 moritur,
2457 2758 2697 2829 paradisi
2743 2757 2872 2814 sede
2907 2758 3129 2829 potitur.

1865 2850 2178 2906 Perdomuit
2225 2864 2480 2915 carnem;
2515 2850 2643 2904 dum
2683 2848 2806 2905 coeli
2841 2849 3015 2903 tendit
3052 2847 3119 2903 ad
3157 2860 3337 2902 arcem

1865 2942 1939 2998 Se
1966 2943 2138 2997 sociat
2167 2940 2384 2997 Christo
2419 2941 2623 2995 mundo
2660 2942 2788 2996 dum
2817 2940 3015 3010 migrat
3045 2937 3112 2992 ab
3145 2938 3266 2992 isto.

1867 3034 1923 3090 Si
1958 3049 2060 3103 qua
2096 3041 2273 3087 tamen
2302 3032 2481 3088 carnis
2507 3031 2726 3086 violavit
2764 3030 2971 3085 viscera
3004 3028 3181 3083 Patris

1789 3156 1836 3218 ÎŸ
1865 3126 2053 3195 Culpa,
2086 3124 2213 3180 licet
2238 3138 2430 3195 parva,
2462 3132 2640 3195 tergat
2668 3121 2948 3178 miseratio
2982 3121 3132 3191 larga

1871 3216 2000 3285 Ejus
2029 3230 2188 3285 quem
2220 3224 2330 3269 toto
2356 3215 2665 3284 properavit
2697 3227 2924 3268 cernere
2954 3221 3101 3267 voto.

1872 3305 1915 3360 ÎŸ
1946 3304 2102 3360 miles
2130 3303 2350 3369 Christi,
2376 3304 2465 3374 qui
2494 3318 2686 3374 pugnae
2712 3303 2885 3357 victor
2914 3302 3094 3367 abisti,

1870 3397 2043 3473 Quam
2068 3397 2204 3452 bene
2229 3396 2450 3451 certasti
2471 3435 2487 3461 ,
2520 3397 2645 3465 quia
2675 3396 2938 3451 certando
2969 3392 3266 3462 superasti!

1873 3490 2149 3558 Sperucns
2184 3496 2421 3553 terrena,
2461 3487 2727 3559 stipendia
2756 3487 2933 3557 carpis
2963 3498 3199 3549 amoena,

1874 3580 2024 3635 Vivis
2042 3586 2098 3634 et
2117 3578 2378 3642 exsultas,
2399 3588 2453 3632 et
2478 3580 2544 3633 ad
2575 3578 2709 3632 aulae
2749 3577 2933 3631 limina
2966 3574 3164 3646 pulsas.

1872 3668 2106 3736 Christe,
2137 3678 2227 3723 tuo
2253 3668 2414 3731 fesso,
2441 3668 2568 3738 quia
2600 3675 2651 3722 te
2685 3667 2841 3735 petit.
2866 3665 3057 3721 obvius
3086 3670 3203 3720 esto

1946 3758 2092 3813 Dans
2124 3756 2198 3812 illi
2227 3757 2491 3827 requiem,
2529 3758 2663 3811 dans
2694 3756 2811 3811 sine
2842 3755 2946 3810 fine
2974 3755 3134 3809 diem.

2253 3848 2317 3903 S.
2355 3847 2594 3918 Dionysii
2614 3863 2772 3917 prope
2812 3843 3072 3900 Parisios.

1870 3939 1960 3994 25.
1992 3938 2049 3995 Si
2080 3952 2263 4009 prosa,
2312 3936 2395 3993 vel
2423 3951 2608 3992 versus
2656 3943 2875 4005 possent
2909 3934 3155 3990 conferre
3208 3933 3454 4000 salutem,

1874 4030 1984 4085 Nec
2008 4044 2188 4099 prosa,
2219 4043 2319 4084 nec
2355 4041 2540 4083 versus
2567 4027 2755 4082 tollent
2800 4027 2918 4091 tibi,
2946 4027 3147 4091 Bruno,
3179 4024 3432 4093 salutem,

1875 4122 2010 4177 Nam
2047 4137 2205 4192 prosa
2234 4120 2317 4177 vel
2357 4135 2549 4177 versus
2591 4120 2658 4175 de
2690 4129 2740 4174 te
2772 4119 2916 4175 volat
2944 4134 3038 4174 ore
3070 4118 3239 4173 dicaci
3259 4159 3275 4183 ,

1876 4214 2008 4281 Quae
2035 4213 2129 4269 tibi
2177 4213 2257 4268 sic
2283 4219 2510 4283 prosunt
2540 4229 2553 4265 :
2585 4210 2867 4281 Serpentis
2896 4210 2964 4265 ab
2990 4223 3084 4265 ore
3114 4208 3312 4263 minaci

1878 4370 2105 4425 ecclesia
2126 4368 2225 4424 SS.
2242 4368 2335 4423 Dei
2359 4368 2617 4423 Genitrici
2645 4380 2799 4421 sacra
2826 4365 3159 4436 designetur,
3179 4364 3455 4434 subjectus

1881 4439 2092 4493 Titulus
2120 4437 2527 4493 verosimiliime
2556 4446 2782 4505 spectet.

1952 4508 2098 4579 (290)
2123 4508 2178 4579 ln
2205 4508 2401 4579 caelum
2444 4503 2716 4579 receptum
2743 4519 2863 4579 esse
2894 4503 2950 4559 S.
2977 4503 3458 4579 BrunonemLora-

1880 4573 2045 4647 reque
2072 4573 2144 4633 ibi
2168 4591 2267 4647 pro
2290 4573 2613 4647 viventibus,
2640 4575 2780 4647 haud
2810 4575 3038 4647 pbscure
3064 4573 3117 4629 in
3149 4574 3458 4647 hocjitulo

1882 4643 2185 4701 iudicatur:
2232 4646 2376 4700 ldem
2432 4646 2593 4699 etiam
2642 4643 2753 4699 fere
2802 4644 2862 4697 ï¬t
2897 4645 2949 4699 in
2997 4653 3230 4712 quatuor
3264 4644 3459 4699 Titulis

1879 4717 2123 4787 proxime
2173 4716 2508 4787 praegressis,
2538 4714 2786 4787 infraque
2827 4713 2880 4769 in
2910 4715 3096 4769 multis
3140 4716 3282 4787 aliis,
3317 4715 3458 4783 quod

1881 4785 2013 4841 sane
2041 4801 2164 4840 eum
2217 4785 2460 4855 proxime
2515 4785 2677 4839 etiam
2731 4793 2853 4855 post
2908 4798 3065 4838 suum
3109 4786 3314 4840 obitmu
3363 4798 3460 4853 pro

1883 4860 2086 4911 Sancto
2118 4870 2145 4907 a
2171 4852 2274 4911 non
2297 4856 2487 4923 paucis
2514 4852 2756 4909 habitum
2785 4852 2972 4919 fuisse,
3005 4867 3325 4923 argumento
3354 4852 3458 4908 est.

1881 4924 2113 4979 Consule
2132 4928 2295 4979 etiam
2316 4924 2617 4980 Comment.
2638 4924 2894 4994 prmvium
2916 4940 3065 4979 num.
3081 4925 3185 4981 749
3207 4935 3259 4980 et
3277 4923 3459 4979 Sancti

1885 4995 2060 5049 Vitam
2087 5011 2115 5048 a
2148 4995 2307 5049 Surio
2334 4995 2591 5063 scriptam
2622 4993 2771 5049 num.
2798 4993 2887 5047 45.

1956 5064 2102 5135 (291)
2138 5065 2292 5135 Anne
2316 5062 2458 5135 ghicâ€™
2492 5066 2631 5135 forte
2670 5072 2858 5135 curata
2883 5104 2897 5126 ,
2944 5079 3066 5135 quae
3124 5065 3175 5135 in
3224 5062 3460 5132 generali

1881 5133 2138 5189 dioecesis
2173 5133 2550 5188 Ambiauensis
2590 5133 2976 5189 beneficiorum
3009 5133 3285 5201 Catalogo,
3320 5147 3462 5185 anno

1885 5204 2020 5260 1648
2045 5203 2266 5259 Parisiis
2286 5217 2507 5273 excuso,
2524 5218 2645 5273 pag.
2670 5204 2741 5258 22
2767 5210 3091 5273 recensetur,
3126 5200 3463 5273 Coi-llciellSlb

1884 5288 1978 5330 seu
2004 5273 2373 5329 Contiacensis
2398 5270 2455 5327 S.
2495 5269 2713 5328 A'ntonii
2748 5275 2802 5329 in
2836 5270 3084 5327 Picardia
3109 5270 3339 5326 ecclesia
3372 5269 3464 5324 de.

1882 5344 2159 5400 signatur?

1932 5359 2240 5485 á¼¥á½²á¼“á½³á½¶á½²á¿—á¿–ÎµÎ¹Î·Î¹
2266 5422 2391 5472 ante
2419 5414 2671 5474 secutum
2702 5429 2753 5475 Î¹,
2772 5414 2854 5485 uti
2886 5410 3134 5485 iuGallia
3154 5409 3462 5485 Christiana

1885 5480 2051 5561 aucta
2073 5480 2204 5541 tom.
2232 5485 2378 5561 Ylll,
2409 5490 2513 5561 col.
2547 5489 2703 5554 1215,
2734 5483 2919 5561 videre
2943 5482 3107 5547 licet,
3142 5480 3468 5561 aduradices

1886 5558 2115 5640 montis,
2160 5557 2815 5640 cuinurbanarnotensis
2866 5557 3281 5640 superimposita
3345 5570 3469 5640 est,

1887 5628 2094 5700 exstitit
2154 5628 2365 5700 ordinis
2433 5627 3267 5700 Benedictinihmonasterium,
3331 5633 3475 5700 quod

1890 5698 2118 5769 Sanctus
2149 5697 2341 5769 Petrus
2369 5701 2421 5751 in
2469 5696 2618 5769 Valle
2641 5697 2960 5765 appellatur.
2988 5701 3101 5754 Hoc
3123 5696 3303 5769 ipsum
3333 5696 3473 5755 haud

1889 5768 2047 5824 dubie
2086 5784 2181 5837 per
2213 5769 2268 5823 S.
2319 5768 2537 5824 Petrum
2577 5768 2964 5826 Caruoteusem
3004 5771 3091 5827 hic
3132 5768 3469 5844 designatur.
