3864 6320
434 353 542 408 565

433 468 492 524 Si
543 463 858 522 tormentari
891 462 1262 534 prohiberent,
1303 478 1465 536 atque
1495 465 1705 530 vorari,

433 560 527 615 Sic
560 573 745 629 prosa,
782 555 864 611 vel
898 570 1085 611 versus
1114 567 1338 626 possunt
1366 557 1613 612 conferre
1654 554 1903 611 salutem.

429 652 565 707 Cum
596 650 823 720 strepitu
855 648 1003 705 vocis
1028 659 1181 705 sonet
1212 664 1341 719 ergo
1370 650 1598 705 melodia
1627 649 1834 713 cordis,

428 743 500 799 Ut
533 759 718 814 prosa,
743 742 828 797 vel
855 758 1063 807 versus,
1098 745 1242 811 quod
1273 743 1539 807 continet,
1574 742 1624 796 id
1669 742 2011 808 meditemur,

428 837 692 906 Quodque
721 845 899 902 sonat,
934 838 1046 892 fieri
1083 836 1368 892 Dominum
1415 837 1481 891 de
1516 836 1680 891 corde
1707 849 2010 905 precemur.

426 927 612 984 Bruno
636 928 796 997 digne
821 936 1002 998 pater,
1032 937 1090 982 ut
1117 944 1181 984 eo
1206 927 1432 983 salveris
1460 928 1526 982 ab
1557 928 1698 997 igne,

427 1018 528 1084 Qui
562 1034 668 1073 non
692 1017 988 1085 iustorum,
1019 1018 1112 1073 scd
1144 1032 1359 1088 semper
1392 1018 1497 1072 erit
1528 1016 1904 1085 reprobornm.

425 1105 496 1162 Et
524 1107 568 1161 si
601 1108 730 1177 quid
765 1109 947 1163 minus
983 1117 1087 1173 est,
1111 1106 1251 1177 quod
1289 1123 1396 1163 non
1425 1106 1689 1178 perfectio
1717 1106 1902 1171 donet,

423 1198 483 1253 Id
515 1198 610 1254 tibi
639 1200 828 1256 donari
858 1199 1157 1255 defectibus
1177 1210 1233 1254 et
1262 1200 1551 1270 snperaddi

424 1288 621 1344 Nostra
657 1290 765 1345 tuis
791 1290 961 1360 possit
987 1290 1221 1355 devotio,
1253 1292 1297 1346 si
1338 1291 1480 1346 Deus
1518 1290 1689 1346 audit.

425 1379 533 1435 Sed
560 1380 704 1436 Deus
728 1381 930 1446 audiet,
961 1388 1018 1435 et
1049 1380 1241 1446 faciet,
1270 1381 1393 1451 quia
1422 1382 1569 1451 justa
1595 1394 1865 1450 rogamus.

421 1470 620 1525 Audiat
641 1483 778 1541 ergo
811 1470 975 1532 Deus,
1006 1480 1061 1526 et
1090 1472 1181 1526 det
1218 1486 1337 1540 qua:
1363 1469 1509 1540 justa
1540 1454 1815 1541 rogamus,

425 1560 496 1616 Ut
527 1561 622 1617 tibi
654 1562 761 1618 fine
791 1577 987 1617 carens
1017 1563 1261 1618 caelestis
1295 1562 1385 1617 lux
1422 1563 1695 1617 tribuatur

420 1652 490 1707 Et
514 1660 691 1708 tecum
720 1654 946 1715 nostris,
978 1661 1033 1709 et
1057 1653 1267 1708 cunctis
1290 1652 1378 1708 hic
1408 1652 1654 1707 titulatis.

633 1742 692 1797 8.
732 1741 986 1797 Germani
1023 1741 1343 1798 Parisiensis
1384 1760 1463 1813 ep.
1507 1743 1677 1815 (29⁸5).

418 1830 510 1885 26.
538 1829 807 1887 Mentibus
834 1833 886 1886 in
920 1832 1122 1887 nostris
1154 1833 1379 1887 deberet
1407 1846 1621 1901 semper
1646 1831 1834 1886 haberi

420 1922 562 1990 Lux,
591 1923 645 1977 in
677 1939 781 1993 qua
821 1923 1037 1992 reprobi
1067 1923 1206 1977 mala
1247 1923 1457 1987 tollent,
1487 1938 1579 1978 seu
1613 1923 1752 1976 bona
1784 1921 1940 1993 justi.

419 2013 572 2069 Hauc
594 2014 772 2069 timuit
802 2014 1003 2081 Bruno,
1033 2014 1236 2084 sophia:
1265 2014 1355 2084 qui
1381 2028 1540 2067 verus
1568 2020 1797 2078 amator,

417 2104 585 2161 Exuit
614 2106 703 2161 hic
723 2114 963 2162 veterem
989 2106 1205 2162 mortali
1233 2121 1396 2161 carne
1420 2113 1725 2175 parentem.

417 2193 600 2265 Ipsum
628 2195 696 2251 de
721 2205 865 2251 terra
891 2196 1144 2252 Christus
1178 2197 1397 2251 devexit
1428 2196 1494 2250 ad
1520 2204 1690 2250 astra.

420 2286 592 2341 Serve
621 2285 717 2342 Dei
745 2286 945 2350 Brimo,
974 2296 1027 2342 te
1053 2287 1317 2357 suscipiat
1349 2296 1471 2341 tuus
1505 2293 1715 2340 auctor.

416 2378 687 2449 Perpetua
720 2379 895 2448 possis
926 2379 1001 2433 uti
1033 2379 1221 2448 requie
1255 2378 1523 2448 paradisi.

416 2470 575 2526 Hane
592 2470 829 2526 habeant
856 2484 1045 2525 omnes
1068 2470 1240 2524 nostri
1264 2467 1556 2537 cunctique
1593 2466 1795 2522 fideles.

764 2562 822 2618 8.
855 2562 1105 2632 Maglorii
1152 2561 1470 2617 Parisiensis
1498 2562 1669 2633 (294).

416 2653 512 2707 27.
543 2650 799 2710 Occiduis
825 2654 1027 2709 Morbis
1055 2653 1328 2718 resolutis,
1357 2669 1455 2709 cur
1476 2653 1621 2709 dolet
1653 2654 1841 2710 orbis?

418 2744 753 2815 Consumpta
780 2758 966 2816 ptena,
995 2746 1039 2801 si
1067 2760 1200 2816 pace
1231 2745 1485 2800 fruuntur
1521 2760 1760 2811 amoena,

346 2896 351 2903 ,
416 2833 535 2889 Nan
571 2850 708 2906 opus
736 2846 816 2892 est
840 2836 1024 2903 flendi,
1061 2837 1189 2909 quia
1215 2836 1451 2909 gaudent
1481 2838 1599 2893 lucc
1619 2838 1862 2908 perenni.

416 2927 515 2982 Est
556 2929 718 2983 homo
755 2929 1060 2985 laudandus
1103 2948 1116 2983 :
1148 2939 1326 2985 tamen
1356 2939 1441 2985 est
1464 2929 1568 2984 hac
1597 2945 1693 2986 vos
1713 2929 2005 3000 juvandus,

416 3017 589 3073 Parce
621 3017 953 3090 Redemptor
980 3019 1028 3073 ei
1058 3029 1284 3074 terrente
1316 3020 1580 3075 materiei.

799 3108 861 3165 8.
889 3108 1035 3163 Petri
1074 3109 1408 3164 Fossatensis
1447 3110 1619 3181 (295).

414 3201 505 3259 28.
549 3202 745 3258 Anima
790 3200 911 3271 ejus
959 3203 1013 3257 in
1062 3202 1263 3259 Christi
1315 3202 1534 3259 nomine
1594 3204 1898 3274 requiescat
1952 3207 2005 3261 in

1512 3294 1695 3368 [pace.
1736 3299 1932 3353 Amen.

413 3382 499 3440 Nil
533 3395 763 3455 prosunt
790 3387 1004 3451 animas,
1043 3401 1236 3442 versus
1261 3386 1305 3440 si
1336 3386 1519 3441 fecero
1552 3386 1718 3452 mille;

489 3476 600 3532 Vos
625 3486 782 3532 orate
814 3486 1021 3544 tamen,
1049 3490 1183 3546 pace
1208 3485 1471 3546 quiescat,
1502 3490 1685 3531 amen.

488 3654 640 3724 (293)
673 3654 831 3710 Aliud
857 3651 1082 3710 Parisiis
1112 3652 1170 3710 8.
1199 3652 1477 3718 Germani,
1525 3650 1847 3710 Parisiensis
1891 3655 2006 3725 epio

416 3728 590 3796 sc0pi,
609 3741 716 3796 seu
738 3725 1013 3794 templum,
1042 3740 1137 3796 seu
1166 3727 1553 3796 monasterium
1583 3740 1688 3778 non
1714 3735 1817 3789 est,
1840 3742 2002 3794 quam

418 3793 562 3865 quod
594 3794 651 3850 S.
680 3793 971 3851 Germanus
999 3812 1031 3847 a
1054 3794 1232 3865 Pralis
1257 3793 1489 3865 dicitur;
1525 3809 1694 3862 quare
1725 3793 2002 3864 hoc,quod

414 3865 535 3935 jam,
567 3866 752 3935 indeia
788 3865 983 3935 sicculo
1013 3873 1167 3919 sexto
1197 3864 1296 3935 fuit
1328 3864 1759 3935 fundamentum,
1806 3866 1858 3919 in
1902 3867 2003 3921 hac

416 3934 652 4004 subjecti
682 3934 843 3988 Tituli
878 3935 1225 4003 inscriptione
1253 3934 1522 4004 designari
1551 3942 1698 4003 puto.

488 4004 639 4075 (294)
690 4005 1028 4059 Exstinctum
1081 4005 1239 4075 modo
1286 4018 1370 4059 est
1401 4005 1523 4075 hoc,
1559 4005 1713 4075 quod
1733 4004 1821 4075 diu
1874 4014 2000 4061 ante

418 4073 797 4129 S.‘Brunonis
837 4083 1051 4128 aetatem
1091 4073 1368 4127 fundatum
1428 4074 1642 4138 fuerat,
1688 4073 1997 4129 Parisiense

415 4146 829 4200 monasterium.
857 4145 956 4198 Adi
980 4143 1207 4199 Galliam
1241 4144 1604 4198 Christianam
1633 4154 1869 4205 auctam,
1893 4146 1997 4199 col.

415 4213 521 4269 506
551 4225 603 4269 et
628 4216 798 4269 tribus
825 4229 978 4284 seqq.

487 4286 633 4357 (295)
657 4282 979 4357 Additur—in
1008 4282 1302 4357 Basileensi
1333 4283 1524 4357 horum
1572 4283 1850 4357 titulorum
1872 4284 1999 4357 redi-

415 4351 563 4410 tione
614 4351 628 4409 Ξ
671 4355 786 4419 Quo
809 4355 925 4407 loco
946 4363 1158 4406 sanctus
1200 4351 1421 4406 Maurus
1462 4355 1594 4406 beati
1612 4352 1878 4407 Benedicti
1916 4356 1998 4407 di-

415 4424 649 4496 scipulus
688 4440 902 4496 corpore
933 4424 1211 4496 Διμξίεεεὶιί
1260 4432 1319 4496 ut
1364 4424 1500 4477 adco
1562 4424 1993 4496 monasterium,

1229 349 1281 407 S.
1319 351 1666 411 BRUNONIS
1703 348 2345 409 CARTIIUSIANORUM
2384 350 2870 410 INSTITUTORIS
3559 370 3644 425 5st

2041 465 2091 524 Α

2226 461 2283 517 8.
2311 461 2495 517 Crucis
2524 463 2807 535 Sanctique
2835 462 3063 521 Farom's
3103 466 3382 524 Meldemis
3410 470 3559 544 (296).

2117 552 2206 609 29.
2234 552 2491 624 Cognitus
2520 556 2618 611 iste
2648 557 2780 611 satis
2804 557 3047 612 doctrina
3072 568 3192 614 erat
3231 569 3389 633 atque
3416 563 3566 622 beatis

2121 644 2356 700 Moribus
2381 655 2435 701 et
2462 648 2570 700 vita
2609 648 2790 703 Brimo
2819 648 3033 718 sapiens
3062 651 3315 716 ercmita,

2117 733 2407 805 Principiis
2432 738 2641 806 primis,
2669 738 2915 801 summis,
2949 736 3187 809 fulgebat
3217 751 3274 796 et
3305 742 3439 797 imis.

2120 826 2245 882 Post
2273 830 2568 884 monachus
2594 829 2792 895 factus,
2815 830 2928 899 jam
2964 834 3154 889 cielica
3184 834 3376 904 gaudia
3410 847 3593 894 nactus.

2118 917 2421 986 Eccejacct
2446 918 2628 976 Brimo
2669 922 2875 978 tumulo
2901 923 3188 979 conclusus
3215 925 3266 979 in
3294 941 3416 980 uno.

2119 1008 2251 1065 Nam
2276 1012 2355 1066 sic
2390 1012 2648 1067 tolluntur
2671 1014 2963 1083 sapientes,
2996 1016 3124 1070 dum
3153 1018 3471 1086 moriuntur,

2115 1100 2172 1157 In
2204 1103 2384 1157 domui
2414 1105 2621 1174 castra,
2647 1105 2907 1175 pollentia
2946 1107 3178 1179 desuper
3205 1118 3377 1163 astra.

2116 1190 2305 1246 Nullus
2335 1194 2583 1257 miretur,
2611 1195 2655 1249 si
2684 1195 2864 1250 Bruno
2892 1205 3113 1252 sanctus
3137 1198 3369 1253 habetur
3398 1216 3411 1252 ε

2116 1279 2231 1337 lloc
2258 1284 2457 1338 meruit
2480 1284 2590 1339 vita
2614 1286 2719 1340 dici
2746 1287 2973 1357 simplex
3000 1291 3247 1345 eremita.

2116 1376 2183 1430 At
2214 1378 2260 1432 si
2284 1379 2528 1446 peccavit
2558 1380 2701 1449 quod
2729 1380 2959 1436 necdum
2996 1382 3135 1438 forte
3157 1384 3361 1453 piavit,

2116 1465 2230 1522 Hoc
2263 1468 2364 1522 sibi
2394 1469 2661 1525 condonet
2686 1471 2964 1537 Dominus,
2997 1474 3245 1545 cteloque
3279 1488 3517 1532 coronet.

2361 1558 2423 1614 8.
2464 1558 2613 1614 Petri
2648 1559 2978 1618 Casiacensis
3023 1567 3243 1620 caenobii
3272 1567 3439 1638 (297).

2113 1647 2202 1701 ‘50.
2231 1645 2332 1713 Qui
2365 1662 2463 1716 pro
2487 1648 2662 1704 salute
2699 1651 2975 1706 hominum
3008 1653 3262 1723 dignatus
3289 1664 3373 1709 est
3399 1655 3506 1711 fieri

2116 1736 2322 1805 llomo,
2349 1738 2600 1811 dignetur
2645 1742 2945 1798 concedere
2993 1745 3206 1799 veniam
3237 1754 3419 1801 vestro
3448 1757 3657 1817 patrono.

2728 1831 2970 1888 SECTIO
3032 1833 3095 1889 ΙΙ.

2226 1921 2429 1978 Titulus
2455 1922 2685 1979 ecclesia:
2717 1922 2777 1979 8.
2808 1923 2997 1980 Maria!
3026 1925 3364 1983 Carnotensis
3403 1929 3557 1999 (298).

2115 2011 2205 2067 3|.
2233 2013 2489 2069 Ecclesia:
2519 2029 2705 2069 murus
2729 2013 2913 2070 Bruno
2939 2015 3039 2069 fuit
3069 2017 3213 2071 haud
3257 2020 3495 2074 ruiturus
3520 2036 3535 2073 :

2118 2100 2253 2156 Nam
2276 2103 2470 2167 bonus,
2504 2112 2667 2174 atque
2695 2102 2797 2174 pia:
2826 2105 3024 2160 mentis
3051 2105 3172 2170 fuit,
3200 2115 3367 2177 atque
3406 2110 3602 2178 sophia;

2114 2193 2317 2249 Doctor
2342 2204 2460 2249 erat
2488 2210 2647 2251 verus
2676 2214 2689 2249 :
2715 2194 2841 2251 fleat
2871 2197 3047 2266 ipsum
3078 2197 3229 2268 plebs
3261 2200 3402 2254 bona
3441 2201 3614 2257 clerus.

2113 2283 2319 2348 Justus,
2346 2286 2615 2353 sincerus,
2643 2302 2853 2343 morum
2886 2289 3153 2360 gravitate
3192 2306 3420 2347 severus

2113 2379 2355 2435 Mortuus
2380 2391 2465 2435 est
2486 2381 2688 2443 Brimo,
2723 2382 3011 2452 pugnando
3040 2398 3165 2453 rege
3196 2384 3299 2437 sub
3331 2399 3459 2440 uno.

2113 2471 2212 2538 Qui
2245 2473 2321 2527 sic
2351 2472 2635 2543 pugnavit,
2667 2472 2827 2527 Ducis
2858 2473 3040 2526 hostes
3067 2472 3209 2541 quod
3237 2475 3526 2542 superavit,

2111 2561 2280 2631 Cujus
2307 2562 2460 2617 miles
2490 2570 2628 2627 erat,
2664 2573 2996 2632 quapropter
3029 2562 3258 2632 prtemia
3306 2576 3514 2633 qumrat

2110 2652 2153 2706 A
2186 2654 2321 2709 duce
2351 2653 2677 2708 Sanctorum
2712 2653 2985 2709 laetissima
3017 2669 3180 2724 regna
3213 2654 3481 2725 polorum.

2111 2743 2178 2798 Et
2206 2760 2302 2800 nos
2332 2744 2478 2799 mille
2513 2745 2707 2809 modis,
2731 2744 2959 2799 Psalmis
2984 2760 3222 2810 oremus,
3255 2754 3311 2801 et
3347 2746 3485 2812 odis,

2115 2836 2182 2891 Ut
2207 2837 2296 2892 det
2322 2838 2573 2893 Christus
2596 2838 2644 2893 ei
2672 2837 2849 2893 lucem
2882 2852 3110 2893 summa:
3140 2839 3374 2908 requiei.

2110 2924 2245 2980 Nam
2272 2926 2315 2981 si
2344 2926 2643 2995 promeruit
2670 2927 2810 2981 hanc
2838 2927 3147 2983 mercedem
3176 2930 3297 2998 quis
3329 2929 3543 2998 habere,

2109 3016 2301 3073 Nullus
2333 3018 2638 3073 Brunonem
2671 3025 2823 3087 putet
2848 3018 2962 3072 htec
2990 3021 3241 3073 mercede
3270 3033 3481 3075 carere.

2541 3106 2734 3162 Versus
2782 3108 3047 3162 scholares
3099 3107 3265 3179 (299).

2109 3199 2196 3255 52.
2225 3198 2354 3266 Quis
2380 3199 2540 3254 fuerit
2568 3200 2763 3262 Bruno,
2793 3208 3069 3255 momento
3106 3201 3372 3269 temporis
3399 3218 3522 3269 uno,

2178 3290 2425 3351 Nescius,
2459 3292 2565 3346 huc
2593 3291 2796 3356 veniat,
2825 3290 3037 3346 discere
3063 3292 3107 3346 si
3137 3293 3349 3361 cupiat.

2109 3383 2212 3437 Iste
2244 3382 2343 3436 fuit
2363 3381 2564 3451 justus,
2589 3384 2806 3451 sapiens
2831 3383 2994 3438 nimis
3014 3424 3028 3448 ,
3055 3395 3219 3454 atque
3244 3394 3530 3453 venustus;

2179 3472 2285 3529 Sed
2323 3474 2451 3528 nulli
2486 3474 2669 3529 nocuit
2698 3475 2935 3542 discere,
2972 3476 3113 3545 quod
3145 3479 3342 3548 potuit.

2108 3653 2275 3729 tensis
2305 3650 2546 3709 ecclesiae
2580 3651 2817 3709 Titulum
2851 3653 2940 3729 hic
2966 3652 3657 3729 subiectura,ATilnlnmque

2104 3727 2420 3795 vigesimum
2450 3733 2735 3793 quartum,
2782 3727 2872 3793 qui
2928 3730 3240 3781 monasterii
3300 3727 3359 3783 S.
3402 3727 3658 3792 Petri,'in

2104 3794 2423 3850 Garnotcnsi
2457 3796 2677 3849 civitate
2721 3795 2845 3860 siti,
2893 3805 3009 3857 est,
3068 3798 3310 3852 nonnulli
3356 3799 3444 3851 alii
3495 3798 3658 3861 Tituli,

2103 3863 2437 3947 videlicet.
2463 3865 2730 3947 _Dio.nxsii.
2765 3880 2932 3947 prope
2959 3865 3224 3947 Parisios,
3253 3868 3351 3947 ,8.-
3370 3869 3609 3947 Germani
3636 3883 3659 3921 a

2103 3934 2310 4005 I’ratis,
2344 3934 2581 4005 Maglorii
2610 3934 2961 4005 Parisiensis,
3015 3938 3071 3991 S.
3121 3936 3266 3992 Petri
3313 3938 3658 3999 Fossatensis,

2105 4004 2163 4059 8.
2204 4004 2447 4059 Εεινοηίςί
2482 4004 2772 4060 Mcldensis
2815 4016 2870 4060 et
2921 4007 2977 4061 S.
3029 4006 3172 4060 Petri
3207 4009 3544 4063 Casiacensis
3567 4049 3580 4071 ,
3614 4008 3658 4059 in

2102 4076 2324 4130 dioecesi
2363 4073 2737 4129 Suessionensi
2797 4077 2916 4140 siti,
2969 4077 3393 4144 inter-jiciantur,
3436 4094 3531 4132 nec
3568 4077 3660 4131 ullo

2103 4147 2261 4199 modo
2287 4145 2594 4199 verosimile
2609 4155 2887 4212 appareat,
2913 4147 3079 4200 eremi
3105 4146 3412 4201 Turritante
3434 4148 3657 4209 fratrem,
3722 4202 3725 4205 λ

2101 4217 2192 4283 qui
2222 4215 2501 4285 epistolam
2534 4216 2894 4286 encyclicam,
2924 4218 3103 4271 obitus
3149 4216 3209 4271 S.
3246 4219 3514 4272 Brunonis
3539 4233 3659 4270 nun-

2102 4286 2262 4350 tiam,
2295 4285 2664 4356 circumtulit,
2704 4287 2754 4356 in
2792 4286 3013 4351 itinere,
3072 4288 3213 4356 quod
3250 4288 3391 4341 hunc
3438 4288 3487 4340 in
3519 4287 3657 4340 finem

2100 4356 2367 4426 confecit,
2396 4353 2689 4409 Carnutum
2721 4354 2915 4426 iterum
2936 4399 2948 4421 ,
2979 4353 3267 4426 postquam
3308 4374 3373 4413 ex
3408 4358 3508 4411 hac
3544 4357 3658 4408 urbe

2100 4425 2337 4479 Parisios
2359 4466 2374 4489 ,
2408 4426 2714 4492 Mcldasque
2742 4425 2936 4480 deinde
2974 4438 3027 4480 et
3064 4425 3380 4492 Casiacum,
3431 4426 3657 4482 diuaccsis

422 4488 563 4565 quod
612 4498 715 4571 hac
778 4488 1143 4571 inscriptione
1180 4492 1524 4571 designatur,
1580 4493 1723 4571 aliud
1781 4509 1885 4547 non
1926 4494 1984 4548 sil

2107 4488 2523 4550 Suessioncnsis-
2569 4488 2905 4556 ctenobium,
2950 4511 3041 4571 _se
3078 4488 3438 4571 contulisset,
3515 4496 3660 4549 fuisse

461 4580 582 4619 nam
613 4560 959 4619 Fossatcnse'
984 4561 1040 4616 S.
1096 4560 1469 4630 Mauri,'quod
1493 4563 1690 4618 saeculo
1719 4578 1880 4628 nono,
1922 4565 1996 4617 uti

418 4632 606 4689 Gallias
632 4634 957 4689 Christiana!
997 4639 1168 4685 auctte
1213 4632 1508 4698 scriptores
1536 4642 1664 4687 tom.
1701 4634 1819 4696 VII,
1868 4633 1992 4688 coll.

411 4705 521 4760 282
536 4716 591 4761 et
610 4705 715 4761 284
743 4706 955 4767 docent,
972 4699 1072 4756 fuit
1112 4711 1444 4756 exstructum
1471 4705 1736 4773 modoque
1758 4712 1841 4759 est
1869 4706 1999 4759 abo—

416 4776 594 4829 litum.

488 4844 636 4917 (296)
676 4841 936 4917 _Amplam
962 4841 1139 4917 hujus
1188 4843 1537 4917 monasterii,
1594 4843 1734 4917 quod
1762 4842 1819 4897 S.
1859 4842 1996 4917 Dru-

414 4913 560 4970 nnne
583 4915 752 4968 multo
766 4924 845 4966 est
863 4913 1158 4981 antiquius,
1174 4913 1419 4966 notitiam
1441 4913 1996 4967 subministrantGai-

415 4986 505 5038 lia:
543 4984 864 5039 Christianae
884 4993 1057 5037 auctae
1086 4984 1392 5052 Scriptores
1427 4983 1701 5047 tom.Vlll,
1729 4984 1833 5035 col.
1860 4983 1997 5038 1688

417 5064 472 5110 et
513 5056 654 5108 binis
693 5068 845 5110 seua.

492 5068 654 5194 (ἓξὲξ
672 5068 1223 5186 ιῖἓὲᾳιίιοηπειθνίιιηι.
1242 5123 1381 5192 quod
1412 5123 1478 5175 ad
1521 5123 1712 5177 laevam
1739 5121 1998 5194 Matrona:

419 5192 592 5263 ripam
623 5192 841 5248 duabus
879 5194 1047 5247 leucis
1089 5194 1227 5246 infra
1287 5192 1900 5263 Castrum-Theoderici
1942 5193 1993 5244 in

419 5261 640 5319 dioecesi
686 5263 1057 5317 Suessionensi
1106 5264 1270 5316 situm
1300 5274 1405 5327 est,
1447 5264 1644 5316 saeculo
1678 5277 1848 5323 nono,
1891 5261 1998 5315 imo

418 5343 636 5398 octavo,
669 5335 907 5387 creditur
958 5334 1253 5403 antiquius.
1293 5334 1390 5403 Adi
1424 5331 1626 5403 (Gallia:
1675 5330 1999 5386 Christiana:

420 5413 595 5458 aucta:
630 5404 935 5472 Scriptores
961 5401 1102 5457 tom.
1122 5401 1215 5465 IX,
1246 5401 1348 5472 col.
1376 5402 1479 5455 427
1510 5412 1563 5455 et
1602 5416 1756 5471 seqq.

491 5475 639 5550 (298)
671 5470 933 5550 _Eccle_sia
1004 5470 1329 5526 cathedralis
1382 5472 1746 5550 Carnote-nsi’s.
1785 5471 1995 5550 beatam

420 5541 644 5598 Mariam
669 5544 721 5598 in
752 5544 918 5598 caalos
949 5552 1278 5610 assumptam
1298 5580 1312 5604 ,
1363 5543 1439 5595 uti
1487 5542 1658 5596 Gallia
1689 5541 1995 5597 Christiana

421 5623 577 5669 aucta
626 5625 756 5668 tom.
798 5612 925 5674 \‘lll,
989 5611 1090 5665 col.
1142 5611 1302 5674 1091,
1338 5627 1424 5667 me
1473 5613 1658 5678 docet,
1709 5620 1997 5665 veneratur

407 5694 735 5752 .patronam;
795 5697 964 5750 quare
1005 5697 1110 5735 non
1144 5681 1302 5734 aliam
1336 5682 1411 5736 hit
1463 5698 1619 5748 quam
1659 5684 1817 5752 istam
1859 5681 1996 5734 desi-

425 5751 576 5824 gnari
594 5758 736 5824 “puto
763 5753 1066 5807 ecclesiam.
1108 5753 1277 5807 Porro
1305 5769 1424 5807 cum
1449 5759 1587 5809 inter
1614 5753 1772 5821 hujus
1792 5751 1994 5806 Carno-

2103 4580 2399 4624 reversum.
2427 4574 2634 4619 certmn
2668 4574 2922 4634 apparet,
2950 4565 3159 4621 Titnlos
3188 4566 3441 4621 funebres
3468 4580 3657 4623 omnes,

2142 4637 2191 4688 ui
2225 4637 2428 4689 chartae
2458 4643 2745 4703 separatur,
2797 4635 2848 4687 in
2877 4636 3183 4699 Adnotatis,
3224 4638 3447 4691 sectioni
3480 4649 3650 4705 prince

2101 4652 2247 4759 3enti
2277 4706 2551 4759 snbnexis.
2579 4715 2760 4759 nolam
2783 4705 2889 4759 258
2927 4714 3260 4759 memoratae.
3297 4723 3399 4759 non
3426 4708 3569 4759 fuere
3591 4703 3650 4756 iu-

2137 4707 2247 4759 enti
2277 4706 2551 4770 snbnexis,
2579 4715 2760 4760 nolam
2783 4705 2889 4759 258
2927 4714 3260 4769 memoratae,
3297 4723 3399 4761 non
3426 4703 3569 4759 fuere
3591 4703 3659 4756 iu-

2100 4778 2319 4844 scripti,
2357 4791 2461 4828 non
2500 4785 2751 4829 accurate
2778 4791 2842 4829 co
2878 4776 3097 4837 ordine,
3159 4792 3267 4845 quo
3324 4778 3375 4830 in
3424 4774 3656 4845 llotulum

2100 4842 2434 4900 seu'liollum
2476 4846 2581 4915 (adi
2629 4844 2931 4899 Comment.
2964 4846 3146 4914 praevii
3177 4842 3338 4899 vnum.
3385 4846 3476 4913 24)
3526 4842 3659 4915 fuere

2100 4917 2359 4981 conjecti,
2416 4915 2469 4967 in
2520 4914 2849 4977 Basileensi,
2928 4931 3088 4984 quam
3143 4931 3378 4984 sequor,
3441 4914 3659 4968 editione

2100 4987 2365 5040 recenseri
2399 5004 2410 5038 :
2461 4986 2494 5038 ii
2523 4996 2733 5044 autem,
2778 4984 2867 5051 qui
2905 4984 3044 5038 hanc
3085 4997 3389 5049 curarunt,
3427 4984 3654 5037 ordinem

2102 5055 2249 5109 illum
2295 5056 2555 5118 maxime,
2599 5064 2653 5107 ut
2694 5065 2944 5123 apparet,
2993 5055 3330 5124 interrupere
3372 5053 3655 5124 Tituloruiu

2101 5126 2477 5180 nonnullorum
2526 5124 2965 5194 interpositione,
3014 5127 3104 5193 qui
3131 5123 3340 5181 chartis
3364 5123 3616 5191 Separalis
3641 5158 3656 5181 ν

2101 5197 2241 5263 quod
2286 5197 2349 5249 iis
2381 5192 2764 5249 anniversarim
2796 5192 3013 5248 Sanctis
3036 5192 3182 5249 lucis
3217 5195 3505 5249 celebratio
3548 5205 3650 5263 pro-

2100 5260 2439 5328 mitteretur,
2485 5274 2641 5317 erant
2680 5265 2944 5332 inscripti.
2998 5265 3105 5319 Res
3130 5281 3191 5318 ex
3243 5267 3310 5319 iis
3368 5278 3486 5333 qua:
3532 5260 3655 5315 infra

2099 5337 2213 5390 suis
2245 5335 2375 5389 locis
2406 5334 2806 5388 annotabuntur
2841 5333 3011 5404 magis
3041 5344 3301 5403 patescet.

2171 5405 2320 5475 (299)
2360 5404 2589 5458 Cuilibet
2617 5404 2743 5458 olim
2789 5405 3083 5458 cathedrali
3141 5406 3383 5459 ecclesia:
3426 5418 3518 5457 sua
3555 5409 3658 5456 erat

2100 5477 2324 5540 schola,
2379 5475 2430 5527 in
2473 5489 2601 5542 qua,
2652 5475 2740 5542 qui
2790 5475 3061 5541 volebant,
3115 5476 3346 5542 politiori
3377 5475 3655 5542 litteratura

2100 5549 2328 5615 aliisque
2357 5540 2600 5599 scientiis
2647 5540 3047 5599 imbuebantur.
3094 5540 3304 5600 Titulus
3345 5547 3546 5615 itaque,
3576 5540 3654 5607 qui

2100 5618 2226 5672 huic
2251 5613 2594 5683 ‘inscriptioni
2641 5616 2917 5675 subditur,
2944 5630 3132 5669 eorum
3166 5627 3251 5669 cst
3304 5617 3391 5684 qui
3428 5613 3657 5667 ecclesia:

2101 5686 2428 5743 cathedralis
2458 5685 2806 5739 Carnotcnsis
2835 5686 3072 5739 scholam
3105 5686 3535 5755 frequentabant.
