3864 6320
190 291 290 349 565

1684 293 1882 352 ACTA.

3311 296 3418 354 566

187 404 280 461 Cui
309 403 399 474 pia
423 411 539 459 vota
560 394 784 470 “damus,
816 410 1161 476 nostrumque
1191 415 1397 476 patrem
1425 405 1737 477 rogitamus,
1766 411 1816 467 Α
1844 407 1943 463 stis
1990 422 2088 479 pro
2136 407 2297 463 Patre
2341 414 2521 461 vestro
2550 446 2564 471 ,
2616 414 2815 462 sanctae
2864 406 3257 463 recordationis
3297 408 3416 461 vito

253 495 319 550 Ut
340 496 551 565 fugiens
578 496 801 563 rabiem,
826 496 1097 566 possideat
1125 498 1384 566 requiem.

188 586 243 642 Si
271 586 445 642 Bruno
477 587 609 641 vixit
637 588 774 642 sicut
798 588 994 642 vixisse
1014 596 1255 657 putatur,

189 675 340 731 Vivat
365 678 415 731 in
438 687 690 732 aeternum
731 677 964 747 paradisi
997 678 1125 733 sede
1153 676 1385 732 fruatur.

186 765 304 821 Flos
330 774 443 821 erat
468 765 555 819 hic
577 775 813 835 patrum,
846 765 1086 821 solamen
1108 806 1122 831 ,
1152 766 1320 835 gloria
1360 766 1587 820 fratrum
1614 805 1628 829 ,

185 857 301 911 Veri
335 864 579 919 sectator,
612 856 807 910 divinae
852 855 985 926 legis
1023 865 1252 921 amator,

186 946 383 1001 Semita
396 944 629 1014 justitiae,
657 944 777 998 fons
818 944 926 1010 hic,
969 953 1024 999 et
1052 946 1206 1015 origo
1236 945 1457 1015 sophiae,

184 1039 311 1099 Lux,
337 1034 599 1107 Speculum
629 1034 834 1099 mundi,
867 1050 1048 1089 rerum
1074 1034 1302 1089 sublime
1332 1047 1611 1099 cacumen,

182 1128 463 1183 Labentum
490 1122 735 1190 baculus,
770 1124 1089 1180 miserorum
1114 1124 1269 1179 dulce
1296 1123 1574 1188 levamen;

181 1217 283 1274 Nec
332 1231 475 1273 meus
512 1214 684 1270 fracta
735 1215 927 1280 malis,
976 1231 1077 1271 nec
1124 1226 1241 1271 erat
1293 1216 1455 1270 nimis
1503 1215 1609 1269 alta
1655 1229 1739 1269 se-

1421 1305 1665 1379 [cundis.

184 1400 272 1456 Ilic
304 1399 401 1456 sibi
425 1414 527 1454 non
562 1399 719 1466 vixit,
754 1400 846 1455 sed
875 1400 1074 1455 mundo
1094 1440 1109 1465 ,
1147 1414 1311 1470 quem
1339 1400 1479 1454 bene
1506 1399 1663 1453 rexit.

181 1493 286 1548 Non
312 1492 415 1556 hic,
438 1491 529 1546 sed
557 1491 669 1545 vita
691 1491 920 1563 spoliata
961 1491 1053 1547 ﬂet
1081 1493 1183 1547 hoc
1222 1492 1471 1547 eremita.

184 1582 293 1637 Vita
320 1598 418 1638 non
445 1581 609 1652 eguit,
641 1582 732 1652 qui
764 1583 984 1649 mundo,
1015 1598 1120 1637 non
1150 1583 1277 1647 sibi,
1301 1582 1456 1637 vixit.

184 1673 247 1730 Ut
279 1689 485 1728 narrem
516 1674 775 1739 breviter,
805 1675 926 1744 quis
954 1682 1143 1731 narret
1169 1673 1533 1729 sutIicienter?

180 1764 365 1831 Quam,
392 1765 580 1834 plumbe
599 1765 796 1834 phoebo
823 1780 987 1835 quam
1012 1772 1205 1820 caetera
1235 1762 1425 1835 sydera
1456 1762 1626 1823 lunae,

182 1853 301 1908 Tam
326 1861 464 1910 totus
490 1856 724 1911 mundus
748 1856 881 1910 assit
906 1855 1024 1921 tibi,
1053 1854 1255 1910 Gallice
1283 1854 1462 1908 Bruno
1492 1852 1663 1924 (500).

508 1942 567 1997 S.
607 1942 915 2014 Margarita:
953 1944 1170 1998 εωθιοὸἱὶ
1208 1944 1378 2014 (501).

181 2032 260 2087 55.
295 2032 422 2088 Cum
451 2032 613 2088 Patre
642 2032 714 2087 sit
738 2032 876 2089 Nato
898 2032 1014 2089 laus
1048 2042 1103 2088 et
1130 2048 1251 2088 eum
1280 2033 1528 2090 Flamine
1555 2048 1734 2099 sacro,

181 2123 415 2179 Blandum
442 2133 734 2191 sustentat,
762 2125 958 2181 cmlum
990 2126 1192 2181 ditione
1220 2125 1502 2195 gubernat.

183 2217 352 2289 Angeli
381 2233 499 2272 cum
531 2218 827 2289 scrapbim,
859 2219 1173 2289 pariterque
1198 2220 1358 2276 beata
1385 2221 1665 2276 cherubim

183 2307 298 2362 Cum
320 2308 525 2363 caeteris
547 2308 775 2374 sanctis,
802 2308 987 2379 justis,
1019 2308 1177 2364 simul
1210 2319 1375 2381 atque
1398 2310 1591 2366 beatis.

181 2398 460 2455 Occurrant
487 2399 561 2455 illi
585 2400 747 2456 simul
777 2400 1131 2467 exsultantes,
1161 2409 1218 2457 et
1251 2401 1379 2457 lacti.

185 2489 240 2544 Et
273 2499 440 2545 tamen
469 2505 591 2545 cum
620 2489 752 2558 ipsis
772 2530 787 2554 ,
816 2490 1119 2546 astantibus
1146 2490 1385 2560 undique
1419 2492 1626 2559 turmis,

189 2580 430 2635 Virtutum
458 2581 667 2635 thronis
686 2621 699 2645 ,
728 2590 785 2637 et
809 2581 1171 2651 potestatibus
1194 2581 1357 2651 justis

190 2672 308 2727 Vere
326 2671 635 2728 beatilieent
663 2672 947 2728 Dominum
972 2712 988 2740 ,
1026 2688 1205 2745 regem
1252 2689 1468 2745 quoque
1495 2676 1736 2742 laudent,

185 2760 347 2834 lnclyti
370 2762 638 2817 Brunonis
667 2761 846 2818 adsint
873 2763 1176 2834 animmque
1200 2767 1395 2835 parati.

186 2852 431 2907 Abraham
458 2867 604 2918 mox,
638 2852 807 2918 Isaac,
835 2863 890 2909 et
917 2852 1107 2921 Iacob,
1131 2853 1231 2911 Job
1257 2865 1311 2911 et
1333 2856 1535 2924 Helias,

186 2943 352 3010 Isaias,
378 2944 597 3010 Daniel,
628 2944 815 3010 David,
840 2945 1214 3001 sanctissimus
1241 2946 1394 3003 Johel
1413 2989 1428 3014 ,

186 3034 398 3101 Abacuc,
428 3035 665 3098 Abtlias.
709 3032 1013 3105 Sophonias
1044 3045 1098 3091 et
1119 3034 1420 3093 Ilieremias

186 3123 302 3178 Cum
322 3134 508 3180 vatum
536 3125 749 3182 caeteris
778 3126 975 3182 sistent
1002 3125 1280 3183 obtutibus
1305 3128 1523 3184 Christi.

187 3213 465 3286 Supplices,
494 3226 550 3273 et
581 3216 691 3273 laeti
718 3217 1013 3287 deposcant
1041 3219 1181 3273 dono
1205 3218 1387 3284 ditari,

187 3303 244 3359 Et
263 3322 349 3362 nos
376 3322 500 3361 cum
528 3306 657 3377 ipsis
678 3306 864 3364 demus
894 3306 979 3378 pia
1009 3306 1221 3362 cantica
1246 3306 1420 3363 laudis

192 3397 425 3463 Quamvis
450 3399 677 3470 indigni,
706 3398 1123 3471 mereaturluce
1150 3398 1334 3465 beari;

189 3486 405 3543 Exsultat
434 3488 653 3554 caelum,
684 3498 825 3542 terra
851 3488 1039 3557 gemit,
1070 3503 1233 3554 nunc,
1259 3497 1312 3543 et
1332 3489 1574 3544 resultat.

445 3579 507 3635 S.
541 3579 731 3634 Maria:
773 3578 910 3634 Novi
946 3578 1254 3633 Monasterii
1290 3579 1459 3650 (502).

245 3670 322 3724 51.
348 3669 458 3726 Nos
493 3669 693 3725 fratres
734 3666 867 3723 Novi
915 3666 1227 3723 Mouasterii
1254 3708 1270 3734 ,
1310 3668 1450 3723 sicut
1500 3668 1742 3739 postula-

252 3823 388 3894 (500)
452 3822 530 3878 Ne
581 3823 730 3894 hine
764 3822 993 3894 inferas,
1050 3820 1477 3894 S._Brunonem
1527 3822 1744 3879 natione
1804 3792 1805 3795 Ἴ

191 3891 378 4016 ῗέιιιιιιὶ
402 3894 588 3950 fuisse.
633 3892 735 3948 Adi
782 3891 1242 3948 Commentarium
1285 3891 1547 3960 praevium
1590 3908 1739 3946 num.

250 4032 382 4103 (501)
420 4032 648 4088 Additur
673 4032 726 4087 in
758 4031 993 4086 editione
1018 4030 1313 4103 Baisileensi
1346 4048 1359 4085 :
1409 4030 1743 4103 Quodsitum

192 4112 254 4155 est
278 4104 324 4155 in
351 4101 539 4156 eremo.
584 4104 781 4157 Verum
804 4117 903 4155 nee
930 4102 1263 4164 cmuobium,
1318 4116 1419 4155 nec
1460 4101 1743 4157 ecclesiam

193 4172 346 4227 inveni
364 4213 378 4232 .
401 4172 485 4225 cui
512 4173 627 4227 haec
650 4172 928 4240 inscriptio
953 4170 1258 4226 conveniat.
1303 4171 1411 4224 Nec
1437 4173 1742 4227 cmuobium

194 4240 313 4295 istud
338 4256 650 4296 asseverare
678 4242 955 4295 ausimaut
986 4241 1037 4294 in
1066 4240 1285 4295 dioecesi
1310 4240 1628 4295 Carnotensi
1653 4248 1747 4294 aut

194 4323 337 4396 prope
358 4311 501 4393 illam
525 4312 687 4396 situm
692 4309 1454 4396 luisse.ANeutrutneninrex
1463 4324 1574 4396 col,
1602 4311 1745 4379 quod

1842 499 2057 553 domino
2094 498 2364 565 Brunoue,
2396 498 2685 553 clementia
2701 496 2912 552 Domini
2945 507 3195 569 prompto
3228 498 3413 552 animo

1842 591 2209 646 exorabimus.

2189 680 2248 737 S.
2273 680 2491 753 Benigni
2534 680 2858 735 Diuionensis
2894 679 3060 747 (505).

1839 773 1931 829 55.
1964 773 2057 828 Est
2084 773 2207 843 quia
2252 772 2577 843 surgendum
2602 810 2616 835 ,
2659 773 2764 825 nOn
2805 777 2888 823 est
2918 769 2983 823 de
3020 776 3193 824 morte
3232 767 3417 821 dolen-

3157 857 3339 927 [dum.

1840 954 2070 1009 Parcere
2100 969 2247 1009 mors
2281 955 2473 1020 nescit,
2510 953 2691 1023 justus
2718 952 2857 1008 bene
2882 960 3059 1007 morte
3086 948 3339 1019 quiescit.

1840 1045 2020 1100 Mutua
2040 1052 2161 1100 vota
2186 1045 2375 1099 damus
2405 1045 2606 1099 nostris
2630 1043 2926 1111 eademque
2956 1054 3230 1111 rogamus.

2176 1133 2234 1188 S.
2264 1133 2513 1203 Stephani
2556 1133 2882 1187 Divionensis
2915 1130 3086 1201 (3M).

1840 1226 1927 1281 56.
1964 1225 2064 1294 Qui
2096 1228 2233 1299 regit
2269 1242 2428 1283 omne
2473 1226 2615 1297 quod
2644 1232 2753 1292 est,
2786 1226 2928 1279 hunc
2958 1238 3095 1278 noxa
3144 1222 3317 1277 solvat
3347 1220 3414 1274 ab

3008 1316 3009 1319 “
3140 1312 3339 1384 [omni.

1911 1408 2065 1463 IIune
2096 1407 2265 1464 societ
2283 1407 2466 1477 justis,
2496 1409 2585 1478 qui
2611 1407 2750 1478 regit
2770 1421 2931 1462 omne
2957 1405 3096 1473 quod
3123 1411 3225 1458 est.

1841 1500 1969 1567 Qum
1994 1499 2176 1569 petitis
2198 1498 2392 1553 vestris
2415 1499 2600 1554 eadem
2628 1496 2919 1566 persolvite
2952 1494 3154 1548 nostris

1842 1587 2133 1658 Obsequia,
2164 1587 2400 1657 psalmos
2429 1587 2667 1653 cantica,
2696 1587 2851 1650 vota',
2881 1599 3091 1654 preces.

1843 1680 2078 1750 Spiritus
2103 1680 2158 1736 in
2187 1680 2325 1736 coelo
2360 1679 2628 1735 Brunonis
2654 1679 2984 1748 suscipiatur

1841 1769 1909 1824 Et
1932 1769 2005 1823 sit
2034 1784 2155 1825 eum
2196 1768 2435 1834 Christo,
2467 1769 2593 1823 dum
2618 1768 2773 1833 vixit,
2807 1782 2965 1836 quem
2992 1767 3332 1837 sequebatur.

1836 1860 2089 1930 Impetret
2114 1868 2168 1914 et
2195 1860 2370 1925 nobis,
2405 1858 2546 1929 quod
2576 1874 2633 1914 se
2657 1858 2925 1928 possimus
2952 1858 3129 1919 adire,

1836 1947 1983 2016 Quos
2012 1949 2158 2019 cupit
2184 1949 2272 2004 hic
2300 1948 2530 2003 mundus
2558 1947 2767 2016 peccati
2793 1947 2923 1999 faece
2947 1945 3141 2015 perire.

2225 2039 2284 2095 S.
2326 2040 2471 2094 Petri
2509 2038 2786 2094 Besuensis
2821 2037 2989 2108 (505).

1837 2132 1924 2187 5⁸1.
1959 2131 2178 2186 Transit
2203 2132 2270 2187 ab
2292 2132 2395 2187 hac
2422 2132 2531 2186 vita
2554 2131 2735 2185 Bruno
2758 2145 3001 2184 summus
3030 2128 3279 2191 eremita,

1838 2220 2009 2287 Quem
2036 2221 2235 2276 deﬂent
2265 2222 2442 2277 cuncti
2471 2221 2742 2291 sapientes
2766 2228 2926 2289 atque
2952 2220 3129 2289 periti.

1838 2309 1939 2365 Hie
1968 2311 2183 2380 sapiens
2213 2312 2376 2377 vixit,
2413 2312 2627 2381 sapiens
2658 2321 2710 2365 et
2752 2311 2855 2364 alta
2888 2311 3158 2381 migravit.

1839 2400 1955 2454 lam
1987 2400 2181 2455 malum
2214 2410 2427 2468 teneat,
2450 2400 2562 2469 jam
2594 2400 2811 2455 Christo
2838 2400 3058 2454 sedulus
3089 2408 3248 2465 astet,

1840 2489 1946 2544 Pro
1981 2491 2081 2545 sibi
2116 2491 2321 2546 devotis
2344 2505 2566 2545 securus
2597 2489 2856 2545 fratribus
2878 2505 3062 2545 orans.

2188 2581 2244 2636 S.
2270 2581 2457 2636 Μανίαν
2479 2580 2902 2635 Castellionenais
2926 2580 3093 2650 (506).

1840 2668 1930 2726 58.
1962 2667 2143 2725 Bruno
2178 2667 2263 2722 vir
2313 2668 2401 2723 hic
2460 2683 2687 2739 magnus
2729 2667 2831 2720 fuit
2883 2682 2948 2721 ac
2992 2666 3243 2736 simplex,
3272 2668 3422 2723 velut

3121 2756 3339 2827 [agnus,

1840 2851 1942 2918 Qui
1977 2849 2234 2905 mundum
2276 2861 2500 2905 cernens
2530 2848 2791 2903 vilescere
2820 2853 3127 2915 cunctaque
3152 2859 3417 2915 spernens

1844 2941 2019 2996 Vitam
2050 2938 2277 2993 mutavit
2304 2951 2608 3008 corpusque
2628 2936 2773 2991 fame
2794 2936 3112 2991 maceravit.
3222 2994 3229 3000 ,

1843 3031 1971 3085 Post
2001 3030 2295 3086 monachus
2320 3029 2520 3096 factus,
2558 3028 2727 3083 eremi
2756 3027 3063 3082 vastissima
3104 3034 3317 3091 nactus,

1844 3122 1991 3176 Hane
2020 3120 2264 3190 linquens
2285 3121 2466 3175 sedem
2492 3120 2615 3175 οωὶί
2646 3119 2963 3174 conscendit
2991 3118 3059 3173 ad
3084 3116 3275 3182 aedem,

1843 3213 1897 3266 In
1926 3227 2029 3282 qua
2057 3212 2214 3267 detur
2240 3213 2289 3266 ei
2314 3212 2464 3267 locus
2487 3222 2701 3282 optatus
2723 3210 2951 3280 requiei,

1842 3302 1907 3354 Et
1926 3302 1969 3356 si
1993 3315 2151 3370 quem
2179 3300 2315 3355 [arsit
2338 3301 2420 3355 vel
2441 3301 2486 3355 si
2514 3301 2656 3371 quod
2682 3301 2907 3356 crimine
2941 3300 3185 3367 adhzesit,

1914 3392 2025 3447 Hoc
2051 3392 2317 3448 condonet
2347 3393 2393 3448 ei
2424 3392 2594 3462 gratia
2618 3406 2808 3461 magna
2838 3392 2950 3447 Dei.

2095 3483 2435 3553 Lingonensis
2456 3483 2685 3537 ecclesia:
2712 3484 2941 3552 episcopi
2968 3482 3140 3555 (507).

1907 3574 2001 3631 50.
2027 3573 2314 3639 Robertus,
2334 3574 2686 3645 Lingonensis
2707 3574 2949 3629 ecclesiae
2964 3588 3171 3640 servus,
3197 3574 3426 3642 rogabat

1843 3666 2083 3737 ejusdem
2136 3664 2380 3720 ecclesia:
2424 3664 2715 3721 canonicos
2761 3673 2816 3718 et
2843 3664 3187 3730 sacerdotes,
3226 3678 3418 3718 mona-

1846 3834 1985 3889 tum,
2014 3824 2166 3893 cujus
2194 3825 2310 3879 hrcc
2335 3832 2418 3879 est
2440 3823 2722 3893 inscriptio
2750 3821 3072 3892 Titulusque
3104 3820 3385 3893 subjectus
3408 3861 3423 3884 ,

1845 3896 1897 3950 in
1930 3890 2150 3951 dimcesi
2176 3894 2501 3963 Liugoneusi
2530 3890 2691 3947 situm
2723 3902 2823 3963 est.
2876 3890 2996 3946 Adi'
3028 3891 3212 3963 Callia:
3264 3890 3425 3963 Chrif

1844 3967 2031 4020 stianze
2067 3973 2235 4019 auctas
2264 3960 2556 4032 scriptores
2587 3973 2718 4032 tom.
2746 3962 2841 4025 IV,
2898 3962 3000 4015 col.
3047 3961 3148 4015 668
3171 4001 3188 4032 ,
3236 3960 3328 4027 qui
3374 3960 3427 4014 id

1845 4050 1985 4089 anno
2011 4036 2229 4089 circiter
2255 4033 2357 4087 560
2377 4031 2667 4086 fundatum
2697 4031 2863 4086 fuisse
2887 4071 2901 4095 ,
2928 4032 3124 4085 ibidem
3152 4031 3366 4083 docent.

1915 4105 2063 4176 (504)
2108 4106 2273 4176 Yetus
2308 4102 2682 4176 smcularis‘S.
2707 4101 2966 4170 Stephani
2999 4098 3337 4176 Divionensis
3365 4097 3422 4176 in

1845 4166 2064 4230 didaeesi
2114 4173 2439 4243 Liugoneusi
2491 4172 2719 4243 ecclesia
2745 4212 2759 4236 ,
2803 4166 3171 4243 'qum,_anno
3204 4166 3339 4220 1115
3364 4166 3422 4219 S.

1845 4244 2127 4316 Augustini
2159 4239 2397 4316 regulam
2414 4242 2690 4311 amplexa,
2722 4254 2863 4294 anno
2886 4239 3013 4293 1611
3047 4255 3075 4291 a
3098 4246 3241 4316 statu
3274 4251 3430 4316 regir-

1848 4315 1946 4367 lari
1978 4315 2043 4367 ad
2086 4313 2397 4368 saecularem
2422 4322 2506 4365 est
2540 4325 2788 4374 reversa,
2836 4324 2931 4363 sua
2987 4313 3205 4376 proprie
3253 4313 3428 4376 nescit

203 4375 377 4457 Titulus
425 4380 543 4457 ejus
577 4381 671 4435 hic
692 4380 874 4435 Titulo
903 4378 1145 4435 ccclesize
1182 4379 1505 4457 e_atl_t_edralis
1536 4375 1741 4457 carne:
1770 4399 1821 4457 Ῑ)
1847 4384 2090 4457 exordia,
2121 4393 2181 4457 ut
2209 4382 2395 4457 Gallia:
2422 4381 2744 4457 Christiana;
2774 4390 2945 4431 aucta:
2975 4375 3301 4457 Scriptores,
3334 4375 3425 4441 qui

195 4451 340 4519 tensis
386 4448 777 4518 subjungatur,
831 4458 1010 4519 potest
1066 4448 1343 4514 concludi,
1399 4464 1520 4503 cum
1576 4449 1738 4504 Tituli

194 4515 436 4583 funebres,
464 4515 667 4576 chartae
688 4515 946 4588 separatae
963 4560 977 4585 ,
1004 4519 1070 4573 de
1089 4535 1190 4587 qua
1220 4519 1271 4572 in
1293 4519 1600 4587 Anuotatis,
1626 4535 1741 4575 sec-

198 4590 307 4643 tioni
330 4591 649 4660 praecedenti
672 4587 950 4660 subuexis,
976 4587 1314 4660 notam7258,
1330 4603 1447 4660 Anon
1473 4588 1737 4659 inscripti,

195 4657 473 4729 eoordine,
515 4658 928 4729 quo‘iniliotulo
966 4658 1219 4721 funebri,
1256 4657 1539 4729 epistolam
1578 4657 1740 4729 ency-

195 4728 358 4782 clicam
377 4772 391 4795 ,
416 4726 607 4784 mortis
628 4727 687 4783 S.
712 4728 981 4783 Brunonis
1002 4728 1246 4781 nuntiam
1266 4726 1696 4796 {complectente
1724 4769 1740 4794 ,

196 4798 331 4880 positi
376 4799 553 4880 fuere,
607 4812 958 4880 nonfegtper
1013 4805 1432 4880 recenseantur,
1484 4799 1742 4865 quemad-

197 4868 385 4921 modum
414 4870 689 4924 adonotam
732 4867 971 4937 255.jatn
1010 4867 1185 4937 docui.

252 4938 388 5009 (302)
427 4939 540 5004 Nisi
572 4939 637 4992 ad
669 4936 1076 5009 Novige’titinam
1100 4936 1349 5009 ditneesis
1369 4936 1742 5009 Laudunensis

198 5006 474 5072 abbatiam,
526 5006 886 5065 sanctissima:
913 5008 1003 5060 Dei
1034 5007 1316 5073 genitricis
1362 5007 1579 5062 nomine
1610 5008 1743 5061 insi-

198 5075 405 5142 gnitam,
452 5093 700 5148 annoque
738 5089 796 5148 ut
823 5076 1009 5148 Callia:
1038 5075 1570 5148 Christianzeauclm
1601 5075 1746 5131 Scri-

198 5154 357 5210 ptores
384 5157 511 5201 tom.
536 5145 639 5211 IX’,
672 5147 774 5201 eol.
816 5146 941 5211 605,
974 5147 1202 5211 docent,
1254 5145 1389 5199 1076
1432 5145 1740 5210 fundatam,

199 5225 377 5280 spectet
420 5216 629 5272 Titulus
672 5217 979 5286 subjectus,
1017 5214 1243 5286 delinire
1300 5216 1502 5283 pariter
1536 5230 1744 5284 nequeo

199 5285 441 5354 quodnam
476 5287 564 5342 hic
596 5284 989 5354 mortasteriutn
1008 5285 1353 5354 designetur,
1397 5294 1487 5339 aut
1512 5301 1744 5354 quonam

202 5353 394 5425 circiter
424 5356 568 5421 loco,
621 5356 762 5425 quod
814 5357 900 5410 hic
926 5352 1074 5425 Noui
1104 5353 1179 5425 8.7
1206 5355 1394 5408 Marius
1445 5352 1747 5408 monasterii

202 5422 337 5496 titulo
364 5422 694 5496 insignitur,
721 5427 883 5479 situm
917 5423 1096 5496 fuerit.
1150 5424 1322 5496 Causa
1368 5433 1627 5493 quantum
1682 5427 1746 5480 ad

312 5490 631 5614 postrlémum
662 5490 853 5565 liquet
886 5510 951 5551 ex
988 5494 1053 5548 iis
1103 5509 1221 5563 quae
1247 5493 1312 5548 ad
1352 5490 1466 5549 not.
1515 5497 1745 5565 praeced.

252 5576 276 5614 (ἶ
301 5578 324 5614 3
350 5580 442 5614 Sllll
474 5604 488 5614 .

252 5571 324 5615 cla
350 5574 488 5619 sunt.

263 5632 400 5703 (305)
440 5635 853 5702 Monasterium,
909 5633 964 5689 S.
1010 5633 1233 5704 lleuigui
1271 5634 1490 5689 nomine
1529 5635 1747 5701 insigni.

1847 4455 1961 4508 hmc
1990 4446 2203 4507 interim
2248 4452 2313 4505 ab
2338 4452 2555 4504 ineunte
2584 4448 2777 4501 saeculo
2806 4462 2948 4501 nono
2978 4446 3238 4500 duntaxat
3278 4457 3431 4513 repe-

1842 4532 1987 4586 tunt,
2019 4531 2149 4576 tom.
2182 4521 2247 4576 IV
2271 4562 2285 4586 ,
2318 4520 2421 4575 col.
2448 4519 2579 4583 752,
2612 4518 2825 4571 docent.

1911 4584 2058 4662 (505)
2097 4584 2314 4662 Ordinis
2345 4590 2401 4643 S.
2436 4587 2705 4662 Benedicti
2748 4584 3135 4662 monasterium
3173 4585 3277 4662 hoc
3299 4592 3423 4662 est,

1841 4662 1895 4716 in
1918 4653 2144 4716 'diaaeesi
2169 4658 2490 4729 Liugoneusi
2516 4665 2749 4729 quatuor
2771 4655 2989 4729 a_b_urbc
3016 4654 3240 4708 Divione
3262 4653 3430 4729 leucis

1841 4734 2035 4796 situm,
2082 4731 2222 4796 quod
2270 4722 2476 4783 sazculo
2506 4722 2736 4795 septimo
2783 4723 3285 4796 fuit_exstructum.
3324 4722 3426 4776 Adi

1843 4793 2069 4857 Galliam
2095 4793 2459 4856 Christianam
2490 4793 2701 4850 auctam
2736 4805 2864 4850 tom.
2896 4794 2995 4860 IV,
3032 4794 3134 4847 col.
3162 4793 3284 4847 705.

1914 4870 2060 4940 (506)
2125 4869 2183 4923 lu
2236 4864 3028 4940 suburbana__(adi_Calliant_
3063 4864 3428 4940 Christianam

1845 4931 2059 4995 auctam
2103 4947 2233 4994 tom.
2261 4937 2349 5004 IV,
2378 4937 2481 4991 col.
2527 4931 2653 5006 770)
2706 4936 2944 4990 civitatis
2989 4931 3430 5006 Castellionensis

1845 5011 2072 5065 ecclesia
2098 5051 2112 5075 ,
2141 5024 2260 5077 qum
2285 5008 2343 5061 S.
2376 5006 2557 5061 Maria:
2587 5005 2805 5077 nemine
2824 5005 3229 5077 decorabatur,
3261 5015 3431 5077 cano-

1846 5081 1951 5134 nici
1986 5072 2221 5151 primo}
2258 5078 2509 5151 Brunoue
2544 5076 2794 5151 episcopo
2821 5073 3143 5151 Liugoneusi
3189 5074 3269 5151 _(in
3297 5072 3433 5151 dies:

1848 5150 1955 5204 cesi
1979 5140 2122 5204 enim
2156 5147 2482 5218 Liugoneusi
2506 5140 2831 5218 civitas—illa
2857 5140 2956 5218 sita
2988 5142 3090 5211 est)
3120 5140 3220 5193 sub
3249 5140 3430 5218 saeculi

1848 5220 2040 5290 decimi
2084 5219 2244 5290 linem
2261 5209 2451 5290 viuere
2501 5216 2762 5290 instituti,
2805 5209 3334 5290 _iudcqt_te_'par.o.chia
3367 5222 3431 5287 ac

1850 5289 2065 5357 tandem
2117 5287 2329 5343 abbatia
2387 5288 2613 5344 exstitit.
2669 5284 2762 5338 Illa
2802 5282 2945 5337 haud
2966 5280 3137 5335 dubie
3168 5280 3254 5332 hic
3290 5280 3429 5331 desi-

1886 5369 2058 5412 natur.

2107 5427 2182 5482 De
2208 5425 2653 5501 ltocLingonensi
2680 5423 2953 5501 episeopo,
2983 5418 3133 5498 cujus
3158 5414 3430 5501 subjectus

1851 5497 2036 5552 titulus
2073 5508 2190 5565 est,
2244 5497 2442 5554 vidcsis
2482 5497 2937 5552 Comment-arium
2971 5497 3227 5560 pramum
3276 5500 3423 5538 num.

1851 5568 1917 5623 96
1944 5578 1995 5624 ct
2026 5584 2140 5638 seq.
