3864 6320
109 359 188 431 575

110 491 159 547 Ut
190 492 278 541 toto
301 487 504 537 cunctos
531 488 810 551 superaret
830 479 884 535 in
904 479 1037 537 orbe
1059 479 1349 551 magistros
1374 492 1397 534 :'

108 582 175 634 Sic
198 556 463 630 meditando
486 571 657 626 bonus
677 571 779 625 l'uit
798 580 960 641 atque
986 571 1253 642 loquendo
1275 572 1526 627 disertus.

107 669 275 726 lluicse
303 671 402 719 tota
425 662 564 717 dedit
600 662 863 733 sapientia
890 672 1109 733 totaque
1143 663 1283 719 sedit

108 761 232 829 Hujus
251 759 295 812 in
320 754 519 810 arcanis
545 754 693 809 dives
717 755 1084 824 penetralibus
1106 755 1324 826 hospes.

103 852 216 920 Quod
239 849 369 911 dico,
403 845 549 908 novi,
582 861 791 900 mecum
835 860 1048 916 quoque
1084 846 1311 901 Francia
1343 848 1527 916 novit,

106 944 152 997 Et
173 949 287 994 totus
318 937 453 992 novit
479 951 574 1004 per
611 935 830 991 climata
857 946 1116 1006 quattuor
1145 937 1311 992 orbis.

103 1036 196 1090 llatc
212 1033 334 1088 illum
361 1030 534 1086 docuit
560 1044 646 1084 res
669 1029 829 1099 hujus
849 1044 1106 1098 spernere
1133 1030 1315 1084 mundi

104 1128 150 1181 Et
164 1124 301 1179 solum
320 1119 434 1175 fecit
455 1118 766 1188 perquirere
786 1119 978 1189 gaudia
1000 1119 1145 1175 cteli.

103 1216 202 1272 lluic
220 1214 254 1269 si
282 1211 394 1282 quid
417 1212 585 1266 sordis
608 1213 676 1267 de
696 1211 877 1266 carnis
900 1211 1014 1281 lege
1033 1211 1258 1266 cohaesit

104 1309 218 1377 (Nam
240 1305 395 1361 cuncti
428 1303 638 1375 penitus
666 1305 869 1359 carnali
893 1303 1009 1375 lege
1035 1303 1346 1375 gravamur)

105 1399 387 1469 Omnipotens
411 1395 582 1459 tollat,
624 1395 715 1465 qui
753 1395 981 1451 crimina
1004 1403 1187 1450 nostra
1218 1394 1454 1463 relaxat,

103 1491 268 1560 Impleat
291 1498 437 1557 atque
473 1486 575 1541 sibi
607 1495 789 1541 votum
817 1527 833 1552 ,
890 1487 1032 1557 quod
1063 1501 1279 1555 semper
1304 1486 1525 1539 amavit.

191 1578 237 1636 S.
263 1577 616 1633 Bartholomtzi
646 1576 868 1646 apostoli
893 1578 947 1631 in
983 1587 1154 1632 monte
1184 1575 1261 1632 0r
1298 1576 1465 1649 (554).

104 1671 165 1725 65.
194 1669 324 1725 Orbis
342 1682 676 1723 amarescens
705 1656 1001 1723 claudescit
1036 1668 1274 1738 pondere
1311 1668 1529 1734 mortis,

104 1762 150 1815 Et
170 1760 299 1813 trahit
318 1758 378 1813 ad
396 1757 628 1827 speciem
656 1758 908 1813 humana!
934 1774 1032 1829 per
1053 1759 1206 1814 devia
1234 1759 1417 1825 sortis,

102 1849 244 1920 Mergit
262 1858 308 1903 et
334 1847 515 1903 exsilio
537 1848 879 1918 propriorum
902 1864 1129 1920 qntrqtte
1157 1850 1458 1905 tabescens.

103 1940 214 1996 Unde
231 1939 475 2001 tumescis,
508 1939 672 1994 homo
699 1938 883 2003 miser,
909 1940 1011 1995 hac
1029 1949 1192 1996 aetate
1203 1940 1532 1997 senescens?

101 2030 225 2085 Fonte
252 2028 548 2084 Caribdiueo
581 2030 843 2101 mergeris
869 2030 937 2085 ad
968 2030 1155 2086 ultima
1191 2031 1345 2099 linis,

101 2128 155 2180 Ac
184 2126 294 2179 cinis
331 2126 378 2179 in
414 2126 626 2183 cineres
656 2128 882 2184 solveris
912 2170 927 2194 ,
962 2137 1022 2184 ut
1048 2128 1238 2183 umbra
1270 2126 1528 2183 lucernis.

101 2214 167 2268 Est
193 2212 315 2269 labor
334 2214 441 2281 ejus
461 2231 619 2271 amor
640 2227 695 2272 et
719 2218 1104 2273 inextricabilis
1133 2231 1289 2272 error
1303 2258 1318 2283 ,

100 2303 263 2358 Delectu
289 2302 428 2375 cujus
448 2307 689 2361 animam
716 2308 1087 2378 complectitur
1117 2309 1342 2375 horror,

100 2394 322 2466 Postquam
344 2398 531 2453 nudata
558 2398 725 2456 fuerit
746 2400 812 2456 de
841 2416 1060 2456 carcere
1085 2400 1265 2455 carnis

104 2490 167 2545 Vel
192 2491 371 2545 Satanae
395 2491 655 2560 ducibus,
686 2494 786 2547 heu
813 2493 827 2546 ἱ
880 2494 1237 2562 circumsepta
1269 2492 1525 2548 catervis.

100 2583 208 2650 Quod
230 2593 446 2639 metuens
467 2583 751 2640 animosus
784 2585 838 2639 in
876 2584 978 2641 hoc
1006 2584 1317 2641 discrimine
1346 2581 1526 2636 Bruno

104 2673 278 2728 Servitio
298 2683 529 2743 penetrat
555 2689 801 2730 eremum
827 2675 1144 2731 certaminis
1171 2688 1309 2741 uno;

99 2762 260 2833 Linquit
286 2780 402 2833 opes
431 2766 730 2836 mundique
752 2766 915 2821 decus
933 2806 949 2831 ,
975 2781 1042 2821 ne
1066 2765 1232 2836 gloria
1258 2779 1416 2835 paena

98 2854 183 2908 Fiat
204 2856 245 2909 in
270 2856 524 2911 interitum
548 2898 564 2924 ,
598 2859 690 2913 sed
717 2873 945 2913 currens
973 2866 1197 2912 nectare
1217 2872 1353 2912 vena

100 2946 318 3002 Dulcescat
351 2947 539 3003 ﬂuctus
578 2948 745 3003 animi
777 2950 1063 3019 cordisque
1094 2956 1335 3003 tenorem

98 3037 137 3090 In
160 3053 204 3093 se
225 3039 580 3110 constringens
623 3041 888 3095 scelerum
927 3041 1268 3111 constringat
1294 3054 1532 3094 amorem

99 3127 172 3183 Per
190 3144 347 3186 cursus
373 3131 547 3186 varios
584 3145 809 3201 operum
843 3133 1040 3187 virtute
1061 3132 1324 3187 bonorum
1343 3171 1357 3196 ,

100 3218 395 3276 llortilicando
421 3230 587 3292 caput
616 3222 810 3278 mortis
836 3238 957 3277 cum
973 3222 1096 3290 jure
1122 3222 1401 3278 malorum.

105 3308 374 3379 Quapropter
395 3313 588 3367 meruit
618 3312 892 3367 consortia
922 3312 1297 3368 leicolarum

101 3401 219 3455 Liber
238 3403 294 3456 ab
318 3404 463 3458 hoste
491 3404 666 3475 stygis
692 3411 786 3458 aut
816 3419 994 3459 rerum
1028 3412 1385 3458 tartarearum
1408 3442 1425 3470 ,

102 3490 147 3544 Et
165 3494 354 3546 sociatur
383 3494 431 3549 ei
476 3508 572 3564 per
610 3484 771 3562 quem
806 3494 1145 3565 reparabitur
1172 3495 1319 3550 orbis
1339 3536 1353 3558 .

102 3583 226 3647 Quam
246 3584 415 3655 longus
441 3593 583 3639 meta
619 3593 730 3640 tam
760 3600 925 3655 purus
946 3586 1178 3655 denique
1201 3587 1431 3653 morbis,

102 3673 186 3739 Quo
217 3678 491 3746 requiescat
516 3693 680 3733 amen
713 3679 909 3734 misera
954 3679 1021 3733 de
1053 3688 1228 3735 morte
1254 3694 1541 3750 resurgens

102 3762 178 3819 Nec
198 3764 331 3819 lzedat
356 3781 578 3836 serpens
605 3765 748 3821 {teda
773 3768 1051 3839 prurigine
1074 3777 1312 3839 turgens.

645 3859 887 3915 SECTIO
923 3860 1005 3915 Ill.

276 3951 466 4006 Titulus
497 3951 559 4008 S.
594 3951 784 4006 Mariae
812 3951 1174 4007 Laudunensis
1202 3952 1373 4024 (555).

102 4038 165 4094 66.
188 4040 339 4095 Bruno
365 4042 529 4097 decus
558 4043 716 4109 cieri,
752 4043 913 4097 decus
938 4051 991 4097 et
1016 4045 1302 4113 prudentia
1332 4045 1539 4112 mundi,

103 4131 202 4185 Dum
225 4134 310 4188 fuit
338 4136 387 4188 in
418 4137 601 4200 terris,
620 4134 845 4189 ﬂorebat
874 4136 1121 4190 acumine
1156 4137 1374 4200 mentis,

105 4223 202 4277 Dum
226 4224 312 4279 fuit
336 4228 471 4281 inter
496 4241 597 4281 nos
630 4212 799 4295 (556),
839 4224 1064 4280 ﬂorebat
1088 4234 1143 4279 et
1177 4226 1230 4280 in
1255 4225 1610 4281 documentis.

105 4314 330 4387 lntcgritas
355 4335 562 4375 morum
590 4318 865 4374 cumulum
894 4317 1157 4388 supplevit
1185 4319 1475 4385 honorum;

1562 367 1624 422 Al

1717 367 1756 421 ι.
3176 375 3285 434 574
3352 380 3361 385 ’

1622 488 1672 544 Α
1701 479 1807 534 Sed
1832 487 2119 550 postquam
2147 488 2331 536 nostra
2357 481 2553 554 delegit
2577 485 2767 542 cedere
2798 486 2928 554 vita,

1704 572 1898 627 Vester
1916 571 2119 643 collega
2139 574 2443 644 vestrisque
2466 576 2600 631 locis
2628 578 2855 632 eremita

1702 663 1958 733 Deposuit
1986 680 2172 720 curam
2199 667 2434 735 poenitus
2462 667 2625 723 totius
2649 667 2891 735 honoris,

1703 756 2048 825 Amplectens
2078 773 2266 813 curam
2293 759 2494 814 Christi
2526 759 2694 815 solius
2720 761 2941 815 amoris.

1705 847 1812 902 Vos
1844 848 2027 919 igitur,
2054 848 2267 915 fratres,
2299 852 2467 907 eremi
2492 854 2704 907 deserta
2736 854 2997 921 colentes,

1701 937 1970 994 Fallacem
1999 940 2254 995 mundum
2287 942 2366 997 sic
2386 940 2497 1010 jam
2522 957 2806 1013 superasse
2836 938 3082 999 videntes

1703 1030 1988 1099 Egregium
2022 1028 2260 1097 Patrem,
2288 1047 2356 1088 ne
2379 1034 2531 1089 triste
2552 1034 2741 1090 feratis
2774 1036 2973 1099 obisse,

1703 1120 1873 1186 Quem
1898 1136 1995 1176 nos
2026 1137 2189 1192 regna
2211 1123 2315 1193 poli
2346 1124 2523 1178 divina
2548 1133 2801 1194 putamus
2831 1126 3029 1180 adisse.
3120 1116 3123 1119 ’

1703 1210 1836 1265 Cum
1858 1211 1928 1265 sit
1957 1211 2221 1279 emlicola,
2252 1214 2425 1283 potuit
2453 1216 2581 1284 quid
2614 1214 2787 1283 majus
2814 1216 3045 1272 habere?

1704 1301 1839 1356 Dum
1867 1301 2043 1357 fuitin
2078 1306 2258 1373 terris,
2286 1306 2402 1361 hzec
2434 1308 2506 1361 illi
2535 1318 2657 1363 vota
2684 1306 2855 1363 fuere.

2166 1386 2169 1387 ν
2269 1398 2419 1452 Alius
2442 1400 2698 1469 ejusdem.

1702 1488 1792 1543 67.
1824 1486 2078 1544 Gaudeas
2119 1488 2419 1555 doctorem,
2452 1505 2614 1561 quem
2658 1490 2914 1557 Francia,
2954 1489 3159 1552 Bruno.
3200 1505 3288 1544 re-

3030 1579 3214 1652 [cepit,

1704 1664 1983 1721 Clauderis
2023 1666 2075 1721 in
2104 1674 2249 1721 terra
2280 1665 2601 1725 Calabrinus
2631 1684 2776 1724 nunc
2805 1669 3069 1735 eremita;

1810 1754 1964 1822 Quod
1994 1756 2224 1812 clamant
2254 1773 2463 1824 omnes,
2489 1767 2547 1814 ut
2580 1759 2672 1813 tibi
2702 1760 2774 1814 sit
2802 1761 3039 1829 requies.

1937 1847 2251 1903 Monialium
2275 1847 2333 1903 S.
2360 1849 2584 1904 Joannis
2606 1849 2858 1920 Baptista:
2887 1851 3059 1921 (557).

1703 1940 1790 1996 68.
1823 1939 2003 1995 Bruno
2055 1940 2316 2006 laudaris,
2346 1950 2434 1997 tua
2471 1942 2581 1997 vita
2609 1943 2804 1998 decens
2829 1951 3125 1998 renovatur

1706 2031 1964 2088 Versibus
1994 2041 2047 2086 et
2072 2033 2312 2102 scriptis,
2352 2049 2471 2100 nec,
2499 2043 2699 2102 quanta
2730 2033 2857 2101 fuit,
2897 2042 3253 2089 memoratur.

1704 2121 1822 2193 Ipse
1850 2123 1991 2192 pius,
2022 2123 2280 2193 simplex,
2315 2124 2508 2194 plenus
2536 2124 2761 2180 Deitatis
2787 2138 2995 2190 amore,

1704 2213 1939 2285 Impiger
1975 2223 2032 2268 et
2069 2215 2303 2269 mundus
2323 2214 2444 2280 fuit,
2466 2215 2613 2269 omni
2638 2215 2835 2285 dignus
2861 2216 3088 2270 honore.

1706 2305 1849 2360 Vivit
1877 2306 2056 2361 adhuc
2082 2306 2285 2373 Bruno,
2316 2306 2418 2361 sibi
2447 2306 2680 2361 traditur
2704 2322 2733 2360 a
2755 2306 2914 2361 Patre
2941 2307 3071 2360 vita.

1705 2396 1949 2454 Clericus
1976 2398 2090 2466 ipse
2116 2398 2240 2463 fuit,
2269 2398 2331 2453 ﬁt
2356 2398 2675 2465 monachus,
2704 2399 2833 2454 hinc
2862 2398 3112 2453 eremita.

1707 2487 1858 2543 Nunc
1871 2487 2018 2556 jacet
2042 2504 2314 2560 exsangue
2344 2505 2542 2559 corpus
2561 2529 2577 2554 ,
2613 2500 2794 2543 tamen
2819 2489 2920 2544 hoc
2950 2496 3261 2544 veneratur.

1708 2578 1853 2634 Vivit
1882 2580 2058 2635 adhuc
2086 2580 2284 2647 Bruno,
2319 2578 2473 2647 cujus
2499 2579 2661 2635 ﬂatus
2688 2578 3009 2650 gratulatur.

1709 2674 1825 2742 Ipse
1860 2672 2116 2743 fatigatus
2142 2688 2240 2743 per
2271 2682 2513 2744 tempora
2543 2689 2752 2743 necque
2785 2682 2990 2740 reatus,

1709 2763 1861 2820 Nunc
1897 2766 1997 2821 sibi
2029 2766 2290 2820 concedat
2315 2765 2474 2831 Deus,
2508 2775 2568 2820 ut
2589 2780 2805 2835 semper
2834 2764 3162 2834 requiescat.

1989 2856 2048 2912 S.
2078 2856 2290 2910 Nicolai
2313 2859 2376 2912 de
2406 2856 2560 2912 Saltu
2599 2856 2811 2912 Vedocii
2839 2857 3007 2928 (558).

1708 2949 1794 3006 69.
1825 2948 1977 3004 Haud
2000 2950 2178 3006 doleat
2212 2951 2518 3020 quisquam,
2541 2951 2701 3005 morti
2726 2950 3079 3007 succumbere
3107 2964 3296 3019 quom-

3013 3041 3214 3113 mnam.

1632 3163 1678 3225 ε
1710 3136 1843 3192 Cum
1882 3136 2028 3190 vivat
2053 3136 2252 3206 potius.
2289 3135 2392 3203 Qui
2426 3135 2670 3206 corporis
2698 3142 2891 3192 enecat
2923 3142 3109 3201 aestus,

1710 3233 1808 3290 llic
1831 3232 1884 3289 in
1911 3242 2230 3303 perpetuum
2248 3231 2342 3300 jus
2375 3234 2567 3288 mortis
2590 3233 2725 3287 vitat
2759 3233 3049 3295 acerbum;

1713 3324 1782 3379 Et
1814 3323 1909 3378 tibi
1934 3323 2025 3377 det
2048 3320 2230 3394 jugem
2252 3337 2373 3377 cum
2404 3323 2638 3387 Sanctis,
2670 3323 2873 3388 Bruno,
2900 3322 3157 3393 quietem.

2098 3411 2163 3467 B.
2204 3410 2392 3466 Mariae
2420 3410 2695 3467 Noniandi
2731 3413 2899 3483 (559).

1711 3506 1800 3562 70.
1830 3506 2093 3578 Egregius
2122 3504 2304 3559 Bruno
2336 3518 2443 3559 non
2469 3512 2551 3560 est
2579 3504 2879 3560 laudandus
2906 3505 2957 3559 in
2989 3520 3116 3571 uno,

1711 3596 1812 3664 Qui
1837 3598 2019 3652 docuit
2045 3595 2271 3663 clerum,
2297 3604 2451 3665 pater
2477 3596 2682 3652 exstitit
2704 3604 2759 3651 et
2787 3595 3201 3659 monachorum,

1710 3690 1886 3758 Atque
1914 3689 2023 3744 Deo
2053 3690 2251 3744 charus
2287 3704 2385 3758 per
2409 3688 2585 3743 claros
2612 3688 2882 3758 splenduit
2910 3696 3080 3742 actus.

1712 3779 1976 3837 Omnilms
2006 3779 2095 3834 hic
2123 3779 2275 3835 nobis
2310 3780 2380 3834 sit
2406 3795 2619 3851 semper
2655 3779 3185 3845 commemorandus,

1712 3869 1885 3938 Ipsius
1912 3878 1970 3924 ut
1994 3877 2192 3923 statum
2222 3869 2399 3939 capiat
2422 3869 2561 3924 Deus
2586 3868 3010 3937 immaculatum,

1715 3961 1891 4018 Missis
1920 3968 1973 4016 et
1999 3960 2221 4031 psalmis
2254 3960 2493 4015 societur
2529 3960 2737 4016 civibus
2762 3959 2940 4015 almis.

2288 4050 2438 4103 Alius
2470 4050 2723 4121 ejusdem.

1715 4142 1803 4195 7l.
1831 4142 1966 4196 Dum
1990 4139 2124 4193 vixit
2148 4139 2353 4202 Bruno,
2383 4140 2589 4193 monuit
2617 4138 2848 4207 fecitque
2876 4140 3162 4205 monendo,
3200 4180 3205 4187 .

1716 4230 1786 4285 Ut
1814 4230 1969 4284 nobis
1996 4228 2228 4282 mundus
2255 4228 2499 4292 vilescat,
2544 4243 2609 4281 ne
2637 4242 2941 4296 pereamus.

1717 4321 1944 4376 Mundus
1979 4321 2142 4375 habet
2171 4318 2412 4384 fraudes,
2446 4319 2563 4374 istis
2598 4317 2874 4389 eonjungit
2901 4326 2956 4372 et
2986 4325 3147 4373 artes.

151 4493 427 4567 (33;)7Cum
481 4496 538 4552 S.
589 4496 965 4551 Bartholomaei
996 4488 1235 4560 nomine,
1268 4497 1619 4565 quemadmo—
1652 4503 1697 4558 Ι)
1722 4497 1959 4567 virgines
2008 4503 2426 4567 perseverarunt
2458 4495 2522 4567 ad
2557 4508 2756 4548 annum
2788 4507 2967 4567 usque
2999 4492 3155 4567 ll28,
3194 4506 3302 4561 quo

1724 4564 2225 4624 sanctimonialibus
2276 4564 2569 4619 monachos
2627 4564 2959 4619 substituere
3013 4564 3063 4616 in
3114 4571 3301 4616 coacta

1723 4637 1967 4693 Atrebati
2000 4635 2285 4705 provincia:
2318 4635 2602 4689 Remensis
2633 4636 2839 4704 synodo
2871 4633 2970 4705 fui_t
3000 4634 3300 4705 decretum.

1726 4708 1894 4773 llujus
1939 4701 2120 4774 itaque
2156 4704 2508 4773 parthenonis
2555 4701 2772 4759 indtihie
2806 4715 2890 4757 est
2928 4701 3145 4774 Titulus
3178 4704 3305 4756 sub.

1719 4772 1915 4845 jectns,
1963 4772 2074 4844 qui,
2129 4772 2269 4844 quod
2312 4776 2473 4845 etiam
2513 4775 2600 4828 hic
2632 4775 2977 4845 notandum,_
2994 4789 3090 4842 per
3135 4772 3302 4845 hunc,

1725 4842 1884 4915 quem
1918 4842 2162 4908 includit,
2210 4844 2531 4898 versiculum
2561 4854 2895 4915 sequentem,
2936 4842 3171 4915 Clericus
3195 4844 3304 4915 ipse

1730 4912 1849 4987 fuit,
1872 4916 1929 4981 ﬁt
1971 4916 2279 4977 monachus,
2304 4915 2422 4967 hinc
2445 4914 2945 4987 ere_mila,_opinioni
2976 4928 3183 4976 eorum,
3209 4912 3301 4987 qui

1729 4982 1787 5040 S.
1833 4986 2155 5046 Brunonem.
2212 4999 2332 5037 cum
2376 4985 2574 5038 mundo
2620 4982 2891 5046 valedixit,
2927 4999 3030 5036 non
3063 4992 3205 5035 recta
3250 4982 3303 5033 in

106 5046 227 5102 «Iralis
252 5046 465 5107 ecclesia
508 5046 871 5108 sanctissimae
900 5054 992 5107 Dei
1021 5052 1284 5109 Genitrici
1328 5070 1480 5109 sacra
1510 5065 1625 5119 est;
1729 5056 2068 5110 Carthusiam
2178 5053 2472 5107 secessisse
2556 5062 2805 5108 astruunt
2835 5095 2849 5117 ,
2935 5051 3259 5118 suﬂ‘ragatnr
3286 5089 3302 5112 ,

107 5120 234 5197 uisci
280 5123 422 5197 hinc;
460 5132 713 5193 spectare
760 5124 826 5177 ad
874 5124 1013 5178 hanc
1041 5124 1342 5194 subjectum
1371 5124 1624 5188 Titulum,
1729 5124 2179 5197 quemadmodum
2222 5124 2609 5178 Commentarii
2664 5125 2846 5194 prtevii
2897 5138 3047 5177 num.
3082 5119 3184 5173 416
3213 5121 3307 5172 do-

108 5186 399 5262 dultjttndum
429 5186 534 5247 non
570 5203 853 5262 appareat.
1138 5186 1156 5194 ⁷
1614 5186 1619 5188 ⁷
1730 5186 1835 5250 cui.

157 5256 276 5325 (336)
297 5261 487 5337 _Gallo_s
530 5256 761 5337 scilicet,
793 5273 904 5326 aut,
936 5264 979 5318 si
1014 5265 1203 5330 mavis,
1228 5263 1628 5337 archidigcesis
1766 5264 1948 5337 Δ(558)
1990 5263 2104 5337 IIoe
2149 5264 2486 5337 emnobium,
2519 5263 2663 5337 quod
2689 5265 2857 5337 tribus
2885 5260 3104 5337 circiter
3140 5256 3307 5337 lencis

107 5321 357 5407 Re‘tuen'sis,
389 5334 545 5407 cujus
590 5321 966 5390 Laudunensis
994 5321 1334 5407 episcopatus
1368 5333 1630 5403 suﬂraga-
1732 5321 1987 5407 ab‘_ttrbe_
2016 5333 2273 5407 Laudqu
2323 5335 2382 5407 in
2426 5321 2587 5407 silva“
2615 5333 2884 5407 \’_edugia,_
2915 5346 3008 5384 seu
3066 5328 3261 5391 Voeaia
3289 5365 3304 5390 ,

107 5405 569 5475 "e9§_9“~_i"c"139-
610 5473 617 5475 λ
818 5474 825 5475 γ
1028 5402 1043 5407 ’
1178 5402 1217 5475 ί
1382 5474 1385 5475 ν
1444 5473 1471 5475 μ
1522 5402 1553 5475 ς
1592 5474 1599 5475 ί
1734 5403 1912 5459 Saltus
1950 5402 2158 5475 Vcd_0_cii
2192 5405 2405 5475 nomine
2428 5403 2514 5475 hic
2539 5403 2812 5475 distincta,
2843 5402 3134 5475 situmcst,
3165 5412 3305 5475 anno

124 5466 281 5541 ,(ῗῶῖ)
315 5472 449 5524 Intra
500 5473 654 5525 urbis
685 5474 1053 5529 Laudunensis
1079 5474 1337 5528 ambitum
1371 5473 1475 5541 (adi
1506 5474 1632 5529 Gal-
1736 5475 1956 5527 circiter
2002 5473 2141 5526 1080
2182 5473 2387 5527 natales
2424 5472 2634 5541 videtur
2681 5470 2845 5541 fuisse
2868 5468 3164 5541 _sortitum.
3204 5464 3304 5517 Adi

110 5527 211 5612 tum
226 5537 573 5612 Christianam
602 5553 813 5596 auctam
850 5527 993 5597 tom.
1014 5527 1101 5605 IX,
1127 5527 1440 5597 col.587‘et
1464 5527 1629 5612 seq).
1733 5544 1960 5599 Galliam
1991 5542 2193 5612 _Christ.
2226 5554 2369 5595 auct.
2396 5552 2501 5612 tom
2530 5539 2622 5612 IX.
2660 5540 2761 5591 col.
2788 5538 2969 5612 (ηοω
2991 5552 3104 5612 seq.

110 5596 154 5653 3.
185 5603 448 5681 Salaberga
499 5612 655 5680 virgo
702 5596 989 5667 smculovtt
1014 5596 1307 5668 vzedilicavit
1346 5596 1632 5681 parthet'to;

110 5683 220 5758 [191".
345 5679 567 5758 Joannis
592 5678 850 5749 Baptista
890 5686 1104 5738 nomine
1137 5700 1231 5758 per
1262 5678 1629 5751 longissimum

112 5746 321 5813 temporis
367 5753 602 5821 spatium
651 5746 832 5822 postea
883 5746 1150 5823 vocatum,
1200 5754 1252 5810 in
1302 5746 1408 5825 quo
1465 5768 1631 5810 sacra:

104 4562 375 4635 dumGallia:
416 4567 622 4621 Christ.
664 4578 832 4622 aucta:
880 4568 1175 4635 scriptores
1226 4562 1355 4622 toin.
1397 4568 1490 4629 IX,
1516 4567 1619 4622 col.

106 4630 194 4695 l8l,
216 4635 409 4697 docent.
450 4636 507 4690 S.
541 4636 863 4691 Theudorici
898 4630 1306 4702 monasterium,
1332 4639 1381 4690 in
1420 4647 1621 4704 monte,

104 4705 319 4776 veteribus
354 4705 519 4776 Gallis
558 4706 639 4760 Οι-
673 4716 999 4776 nuncupato,
1039 4706 1209 4761 tribus
1256 4709 1322 4761 ab
1357 4708 1487 4760 urbe
1528 4707 1623 4761 ﬂe«

106 4774 232 4825 mensi
270 4774 579 4830 milliaribus
628 4776 810 4835 situm.
842 4774 1089 4843 annoque
1136 4777 1353 4832 circiter
1382 4776 1485 4830 500
1526 4792 1624 4830 ex~

105 4850 335 4905 structum,
367 4846 493 4898 olim
525 4846 691 4899 etiam
721 4846 947 4909 venerit,
998 4846 1349 4901 dubitandum
1381 4862 1487 4900 non
1531 4862 1626 4915 ap-

104 4921 217 4984 paret
231 4914 354 4984 quin
387 4916 474 4969 hic
506 4915 638 4967 illud
670 4915 998 4984 designetur.

155 4979 273 5052 (535)
312 4982 679 5038 Laudunensis
709 4979 812 5038 seu
833 4987 1008 5052 potius
1042 4983 1416 5041 Laudunensis
1438 4986 1625 5040 cathe-

1805 5612 1949 5679 (559)
1991 5610 2163 5665 Locus
2193 5628 2377 5674 sacer,
2406 5610 2496 5679 qui
2529 5610 2631 5661 hoc
2664 5608 2878 5679 nomine
2905 5604 3304 5679 hodie’appclle-

1736 5691 1853 5746 tur,
1889 5674 2084 5735 olimve
2132 5674 2644 5748 fueritalqiellattzs,
2700 5677 2942 5744 nuspiam
2994 5691 3023 5729 ιι
3081 5692 3164 5741 me
3211 5674 3304 5727 fuit

1736 5753 2000 5807 inventus.
