3864 6320
553 374 655 430 575

552 486 795 557 Denique
821 482 1038 541 mellitis
1060 484 1305 542 incautos
1333 488 1583 545 vulnerat
1610 486 1797 553 armis,

554 576 933 647 Mclliﬁcatqne
967 576 1137 640 dolos,
1168 588 1225 632 ut
1258 579 1336 634 sic
1370 581 1566 650 perdat
1601 577 1740 632 male
1769 582 1979 631 cautos.

554 668 752 724 Nostro
784 670 1020 725 Brunoni
1055 678 1329 742 nunqiiam
1359 674 1535 743 potuit
1560 668 1849 735 dominari;

555 758 634 815 Ne
663 760 970 816 dominetur
999 761 1070 826 ei,
1100 762 1273 817 nudus
1302 763 1515 818 deserta
1547 761 1755 831 petivit,

556 848 753 906 Mansit
786 851 920 906 etin
956 866 1111 921 pace,
1148 868 1249 921 pax
1282 861 1339 906 ut
1367 853 1465 907 sibi
1504 853 1659 923 longa
1693 857 1958 906 maneret.

792 941 804 951 ’
1000 942 1251 998 Ecclesia:
1281 944 1691 999 Suessionensis.

627 1034 718 1089 72.
750 1036 1069 1091 Suessorum
1110 1047 1281 1090 mater
1318 1037 1544 1092 ecclesia
1577 1033 1729 1107 (540)
1762 1034 2020 1090 fratribus
2047 1033 2134 1088 di-

556 1124 891 1190 lectissimis,
933 1135 987 1181 et
1022 1126 1133 1181 Deo
1168 1126 1350 1189 charis
1393 1126 1821 1182 consistentibus
1850 1127 1902 1180 in
1929 1140 2131 1192 eremo,

555 1231 677 1286 quae
707 1216 908 1271 dicitur
953 1216 1161 1282 Turris,
1208 1220 1678 1275 conversationem
1719 1233 2007 1287 supernam
2038 1219 2134 1273 ha-

553 1307 686 1363 bere
723 1322 935 1377 semper
965 1322 1062 1376 per
1088 1308 1386 1363 Christum.
1422 1309 1658 1365 Piissimi
1700 1324 1763 1363 ac
1813 1308 1923 1364 Deo
1953 1309 2133 1363 dilecti

552 1395 745 1460 Patris,
785 1412 912 1452 vere
961 1399 1285 1455 venerabilis
1332 1399 1630 1463 Brunonis,
1680 1400 1900 1470 cognito
1944 1409 2132 1454 sancto

551 1501 616 1541 ac
661 1486 896 1558 glorioso
943 1489 1191 1555 decessu,
1242 1491 1474 1546 dulciter
1509 1506 1672 1560 super
1715 1492 1831 1556 tali,
1878 1500 2134 1561 tantoque

550 1576 668 1630 viro
709 1578 967 1631 commoti
1020 1579 1252 1644 fuimus;
1301 1579 1548 1635 Officium
1600 1591 1778 1635 autem
1827 1580 1944 1648 ejus
1990 1580 2130 1636 felici

548 1664 743 1719 animae
775 1666 1013 1721 fidelium
1066 1683 1214 1723 more
1256 1669 1640 1738 impendimus,
1668 1678 1723 1723 et
1748 1670 1814 1723 ad
1854 1668 1969 1737 ejus
2006 1668 2135 1723 bea-

550 1764 657 1809 tam
710 1758 1029 1812 memoriam
1069 1760 1442 1815 anniversarie
1480 1761 1823 1816 recolendam
1862 1762 2003 1815 diem
2025 1776 2132 1831 quo

547 1846 730 1898 carnis
771 1862 992 1901 carcere
1027 1863 1279 1918 egressus
1325 1858 1426 1915 est,
1483 1853 1754 1919 quomodo
1788 1867 1817 1904 a
1854 1852 2008 1906 vobis
2041 1853 2132 1907 de-

546 1938 851 1992 nuntiatam
882 1940 1190 2007 accepimus
1223 1951 1465 1996 sanctam
1490 1942 1607 2012 ejus
1639 1942 2044 2007 resolutionem,
2076 1943 2130 1996 in

546 2037 734 2082 nostra
771 2028 1053 2084 matricula
1091 2031 1429 2100 scripsimus,
1460 2042 1701 2101 orantes,
1735 2042 1790 2087 et
1833 2033 2129 2103 deprecan-

549 2129 650 2186 tes,
685 2129 743 2175 ut
768 2120 883 2190 ejus
903 2123 1265 2179 sanctissimis
1293 2125 1600 2194 vestrisque
1632 2123 1885 2195 precibus
1913 2124 2133 2196 adjuve-

545 2229 672 2267 mur
712 2222 821 2269 tam
851 2215 960 2268 vivi
989 2230 1149 2283 quam
1181 2216 1664 2270 defuncti.‘Amen.

687 2301 792 2359 SS.
824 2305 1068 2359 Μαίανάὶ
1103 2316 1150 2360 et
1176 2306 1473 2361 Sebastiani
1500 2307 1785 2362 Suessione
1814 2308 1986 2379 (5M).

546 2392 635 2446 75.
659 2392 818 2449 Plebs
845 2395 931 2464 pia
957 2395 1216 2461 Medardi,
1255 2396 1453 2467 regalis
1472 2405 1528 2452 et
1553 2397 1753 2467 indyta
1780 2397 1987 2465 Sancti,

545 2485 826 2541 Flentibus
843 2496 899 2541 et
928 2489 1136 2543 maestis
1164 2488 1427 2544 solamina
1456 2498 1609 2557 grata
1638 2488 1849 2544 salutis.

548 2574 650 2642 Qui
691 2576 906 2644 gentilis
937 2576 1204 2645 functum,
1243 2579 1411 2634 functi
1436 2578 1689 2649 deponite
1717 2580 1951 2644 luctum,

550 2664 637 2719 Nil
660 2665 814 2734 juvat
846 2668 1173 2725 exstinctum
1204 2670 1421 2737 deﬂere,
1447 2671 1631 2727 dolere
1649 2672 1943 2743 sepultum.

550 2756 658 2812 Sed
684 2759 863 2828 potius
888 2771 1015 2815 v0to
1040 2763 1248 2831 prosint
1278 2762 1534 2816 libamina
1566 2773 1771 2818 sancta.

553 2847 679 2903 Haec
703 2851 1009 2906 tribuantur
1034 2855 1106 2921 ei,
1137 2855 1444 2924 quicunque
1471 2855 1707 2923 pericula
1731 2857 1923 2912 mortis

550 2937 828 3005 Pertimet,
863 2943 1152 3010 horrescit,
1182 2948 1533 3014 pereuntibus
1561 2948 1813 3003 omnibus
1845 2946 1994 3002 orbis

551 3030 835 3086 Continuis
860 3034 1109 3102 precibus
1131 3043 1432 3100 succurrat,
1461 3045 1516 3090 et
1545 3036 1857 3091 auxilietur.

551 3118 689 3176 Dum
736 3123 873 3194 petit
915 3130 970 3178 et
1005 3124 1223 3194 r0gitat,
1264 3139 1364 3194 pro
1413 3141 1473 3182 se
1517 3140 1735 3198 quoque
1778 3126 2007 3197 quisque
2054 3125 2134 3179 la-
2160 3157 2204 3216 Ο

1862 3218 2060 3289 [borat.

553 3306 687 3360 Cum
715 3306 927 3378 Moyses
956 3316 1096 3375 orat,
1127 3316 1349 3379 superat
1370 3309 1520 3379 plebs
1546 3310 1815 3375 Israelita,

552 3398 689 3450 Dum
719 3406 896 3452 cessat
926 3398 1085 3463 votis,
1125 3400 1269 3454 cadit
1298 3400 1460 3465 illico,
1494 3402 1659 3455 vincit
1684 3410 1739 3457 et
1764 3400 1953 3455 hostis.

554 3486 663 3541 Nos
689 3488 849 3541 simul
879 3504 1117 3554 oremus,
1150 3506 1250 3545 nec
1278 3502 1456 3547 cesset
1483 3492 1707 3561 spiritus
1727 3492 1888 3548 ullus.

553 3575 691 3630 Vota
709 3575 902 3644 juvant
932 3578 1225 3646 hominem,
1250 3582 1378 3636 dum
1406 3581 1537 3637 vivit
1554 3592 1612 3638 et
1634 3584 1749 3639 exit
1769 3583 1836 3637 ad
1860 3583 2069 3637 horam.

556 3664 687 3731 Qua:
723 3667 940 3737 perimit
966 3669 1151 3736 vitam,
1198 3672 1320 3726 tulit
1359 3672 1603 3743 improba
1638 3688 1786 3728 mors
1825 3674 2133 3740 eremitam,

554 3757 685 3823 Qua:
720 3768 876 3814 nocet
909 3771 964 3815 et
985 3760 1126 3816 lmdit
1149 3763 1377 3834 justum,
1412 3765 1544 3820 satis
1572 3764 1733 3835 impia
1762 3765 1924 3821 laedit.

556 3848 685 3904 llicc
715 3859 822 3905 tam
856 3854 1088 3909 crudelis
1125 3864 1284 3911 necat
1325 3857 1577 3912 insatiata
1617 3856 1887 3924 Caribdis,

557 3939 705 4003 Quos
744 3951 900 3996 vovet
917 3944 1267 4014 omniparens
1290 3947 1495 4000 nullum
1526 3947 1778 4002 miserata
1802 3949 2035 4016 dolores,

558 4031 743 4087 Salvet
769 4033 835 4088 ab
865 4034 965 4090 hac
1004 4036 1299 4104 hominem,
1333 4038 1424 4107 qui
1454 4039 1677 4108 pertulit
1703 4040 1757 4093 in
1800 4056 1959 4096 cruce
1985 4057 2134 4097 mor-

1937 4142 2063 4199 tem,

1937 4142 2027 4186 ten

556 4211 623 4265 Et
655 4214 817 4268 vitam
854 4216 1071 4283 tribuat,
1119 4233 1282 4288 quam
1312 4234 1419 4274 non
1449 4218 1771 4290 Proserpina
1796 4131 2027 4292 rum[pat.

629 4372 1015 4445 (540)1d7est
1067 4375 1295 4430 ecclesia
1369 4377 1709 4432 cathedralis.
1764 4378 1935 4444 Quam
1977 4391 2138 4445 porro

556 4443 874 4515 vocabulum
896 4444 1170 4499 Matricnla
1189 4486 1204 4512 ,
1234 4447 1287 4500 in
1311 4446 1411 4501 hoc
1432 4446 1607 4501 Titqu
1625 4443 1916 4502 occurrens
1931 4488 1945 4511 ,
1975 4443 2140 4515 signi-

561 4494 873 4585 licationeir—f
893 4494 946 4568 in
972 4532 1036 4571 eo
1058 4494 1254 4570 haheat
1273 4558 1287 4582 ,
1321 4517 1373 4570 in
1401 4494 1721 4581 Adnotatov:
1737 4518 1879 4585 quod
1906 4494 2131 4571 seciitini
2169 4494 2216 4552 Ῐ)

559 4581 748 4655 primae
773 4585 841 4636 ad
873 4594 1055 4639 notam
1089 4585 1192 4640 256
1222 4587 1506 4650 subnexui,
1531 4581 1833 4655 expositum
1868 4586 2130 4640 invenies.

631 4652 1183 4725 (Silanhitandum
1207 4672 1311 4710 non
1361 4666 1443 4709 est
1482 4652 1613 4724 quin
1638 4657 1725 4709 hic
1755 4655 1966 4725 insigne
1993 4656 2137 4710 desi-

561 4732 755 4792 gnetnr
785 4724 842 4779 S.
876 4724 1110 4778 Medardi
1140 4728 1441 4781 cmuobinm
1467 4766 1482 4789 ,
1510 4729 1560 4779 in
1590 4726 1721 4778 urbe
1757 4724 2133 4779 Sucssioncnsi

563 4793 760 4848 smculo
812 4811 884 4848 vn
932 4795 1244 4862 fundatum,
1314 4798 1381 4850 de
1432 4811 1537 4864 quo
1586 4794 1771 4849 Gallia:
1816 4796 2137 4851 Christiana:

565 4872 734 4934 aucta:
761 4864 1066 4934 Scriptores
1095 4875 1223 4920 tom.
1257 4866 1324 4919 IX
1344 4905 1358 4928 ,
1389 4865 1495 4917 col.
1521 4864 1623 4917 405
1653 4873 1709 4918 et
1734 4880 1885 4934 seqq.

635 4933 782 5000 (542)
821 4933 1078 4989 Eamdem
1102 4936 1241 4989 hanc
1261 4935 1667 5002 inscriptionem
1686 4933 1901 5003 prmfert
1927 4935 2137 4990 Titulus

561 5003 803 5075 decimus
828 5006 1121 5075 septimus;
1154 5020 1322 5074 quare
1344 5006 1595 5059 existimo
1647 5005 1949 5075 Blesensem
1995 5006 2136 5060 Irmc

563 5073 709 5144 (vide
735 5073 917 5144 notam
945 5075 1069 5138 285)
1098 5073 1482 5128 canonicornm
1515 5074 1837 5143 regularium
1868 5074 1924 5128 S.
1952 5075 2135 5144 Augu-

562 5143 690 5197 stini
714 5143 983 5199 abbatiam
1033 5145 1090 5197 S.
1123 5145 1358 5199 Brnnoni
1404 5156 1714 5212 parentasse
1745 5145 1915 5199 tribus
1946 5143 2137 5199 'l‘itulis

566 5213 825 5279 diversis,
854 5214 1106 5266 nimirum
1132 5215 1355 5283 praefato
1382 5230 1488 5268 xvn
1522 5224 1576 5269 et
1607 5216 1814 5269 duobus
1848 5215 1936 5268 hic
1962 5215 2139 5282 subje-

564 5284 701 5354 ctis,
733 5284 1086 5354 quosgambos
1114 5285 1440 5351 posteriores
1474 5296 1895 5354 sequentemqne
1936 5290 2004 5337 ab
2036 5285 2138 5338 isto

566 5350 1175 5420 priori’disjunxerin’t,
1232 5355 1324 5421 qui
1380 5350 1583 5408 Titulos
1639 5350 1821 5409 Sancti
1888 5355 2140 5409 funebres

565 5423 811 5495 edendos
830 5431 1118 5474 curarunt:
1160 5423 1314 5495 adeo,
1354 5425 1496 5495 quod
1529 5440 1687 5495 supra
1718 5426 1926 5486 monui,
1952 5440 2140 5478 verum

567 5492 1053 5565 est,_id‘hos_ce_co
1082 5492 1271 5565 ordine
1293 5509 1396 5547 non
1426 5492 1650 5565 fecisse,
1711 5512 1816 5565 quo
1854 5495 2017 5549 Tituli
2052 5495 2138 5549 isti

570 5561 746 5632 rotnlo
770 5559 1002 5632 funebri,
1034 5561 1313 5629 epistolam
1333 5564 1682 5632 encyclicam,
1710 5559 1899 5620 mortis
1923 5566 1981 5619 δ.
2005 5565 2139 5619 Bru-

570 5630 729 5702 nonis
743 5629 993 5702 nuntiam
1013 5669 1026 5692 ,
1065 5629 1449 5702 complectenli'
1467 5634 1613 5689 fuere
1643 5636 1905 5702 inscripti.

646 5698 797 5764 (545)
842 5698 896 5749 In
920 5699 1153 5764 generali
1190 5698 1583 5757 beneficiorum
1634 5698 1885 5760 «limccsis
1930 5705 2139 5761 Carno-

577 5768 740 5823 tensis
784 5766 1076 5837 Catalugo,
1130 5769 1351 5828 Parisiis
1383 5789 1521 5830 aiino
1560 5775 1691 5831 1648
1739 5790 1973 5842 excuso,
2012 5791 2134 5846 pag.

1334 365 1390 422 S.
1433 365 1781 425 BRUNONIS
1820 361 2458 422 CARTllUSlANORUM
2496 362 2978 421 INSTITUTORIS
3654 375 3725 433 576

2150 483 2201 543 Α

2627 478 2685 539 8.
2716 481 2901 536 Maria:
2920 480 3177 536 Blesensis
3208 481 3376 551 (542).

2240 574 2327 628 74.
2357 574 2557 637 Bruno,
2591 574 2673 627 vir
2699 573 2925 643 egregia
2959 572 3264 642 probitatis,
3291 589 3491 643 gemma
3521 581 3695 649 sophia,

2238 664 2401 734 Cujus
2435 664 2731 719 honestatis
2769 665 2838 718 sit
2864 677 3103 733 praesens
3129 664 3371 719 chartula
3399 667 3555 722 testis.

2236 752 2393 808 Paris
2430 756 2589 810 habet
2616 756 2772 809 fidem
2810 755 2930 810 caeli
2963 755 3256 810 translatus
3289 756 3355 810 ad
3387 758 3558 812 aedem.

2235 845 2377 916 Ergo
2409 847 2688 902 laudemus
2718 846 3029 912 Dominum,
3066 860 3409 913 veneremur,
3438 864 3661 919 amemus,

2235 936 2338 991 Per
2364 951 2520 1008 quem
2550 952 2829 993 servorum
2862 938 3149 992 decoratur
3173 938 3286 992 vita
3320 953 3547 994 suorum.

2778 1025 2931 1079 Alius
2957 1025 3212 1094 ejusdem.

2235 1116 2321 1169 75.
2349 1115 2489 1171 Usus
2514 1131 2635 1171 eras
2665 1131 2867 1182 eremo,
2890 1116 3092 1185 liquisti
3124 1126 3324 1185 terrea,
3362 1116 3552 1185 Bruno,

2234 1206 2343 1262 Nec
2365 1224 2511 1262 mors
2531 1216 2704 1262 morte
2730 1216 2818 1262 tua
2848 1208 3020 1262 tonuit
3049 1209 3265 1278 penitus
3291 1219 3379 1263 tua
3408 1210 3542 1278 jura.

2234 1296 2473 1351 Solvitur
2502 1298 2554 1352 in
2585 1299 2799 1353 cineres
2821 1313 3039 1368 corpus,
3077 1300 3138 1352 tit
3167 1298 3388 1354 cmlicus
3412 1303 3584 1357 lizeres.

2624 1389 2684 1444 8.
2715 1387 2763 1442 Κ
2771 1389 2913 1460 rileﬂi
2944 1390 3204 1445 Blesensis
3236 1390 3408 1461 (545).

2232 1476 2320 1529 76.
2352 1478 2639 1533 Contrahit
2666 1480 2843 1533 omnis
2871 1480 3031 1534 homo
3056 1481 3214 1549 primi
3241 1479 3544 1534 discrimina
3571 1481 3666 1547 fati,

2233 1567 2299 1621 Et
2326 1577 2531 1622 cunctae
2552 1569 2742 1623 vitium
2772 1578 2931 1624 nocet
2960 1570 3084 1625 Eva:
3110 1571 3438 1639 posteritati.

2235 1658 2505 1712 Exercens
2534 1658 2696 1729 igitur
2729 1650 2965 1714 studium
3000 1675 3148 1715 mors
3175 1660 3466 1730 impietatis

2232 1749 2574 1819 Aggreditur,
2605 1751 2872 1819 solvitque
2892 1752 3065 1805 virum
3107 1761 3273 1805 tanta:
3300 1751 3588 1820 probitatis.

2656 1840 2718 1895 8.
2745 1841 2936 1896 Maria:
2964 1841 3191 1897 Bernaci
3221 1843 3398 1911 (5M).

2233 1931 2320 1983 77.
2348 1928 2544 1985 Doctor
2567 1931 2847 1985 doctorum
2882 1931 3001 1993 fuit,
3036 1930 3422 1999 exemplarque
3447 1930 3670 1984 bonorum

2339 2022 2551 2077 Nostris
2582 2022 2915 2091 temporibus
2940 2022 3119 2075 Bruno
3141 2021 3227 2076 vir
3250 2019 3494 2084 eximius,

2234 2114 2474 2181 Esseque
2495 2113 2725 2183 poenalis
2750 2113 2918 2181 culpae
2946 2112 3023 2167 nil
3046 2114 3320 2168 credimus
3343 2111 3438 2177 illi,

2374 2204 2491 2274 lpse
2526 2204 2693 2258 Deum
2724 2204 2880 2257 nobis
2907 2203 3157 2258 conciliet
3198 2203 3429 2257 meritis.

2579 2292 2637 2349 8.
2662 2292 2846 2349 Cruci:
2866 2293 3262 2357 Aurelianensis
3292 2294 3459 2363 (545).

2236 2386 2323 2443 78.
2355 2387 2635 2442 Summum
2677 2385 2858 2441 Bruno
2901 2386 3068 2442 decus
3117 2394 3172 2441 et
3212 2385 3382 2457 gloria
3425 2384 3646 2454 temporis
3671 2385 3739 2439 liu-
3836 2392 3837 2395 ‘

3595 2476 3688 2547 uas.

2235 2568 2409 2623 Carne
2429 2567 2599 2635 jaees,
2630 2568 2722 2622 sed
2764 2578 2917 2639 parte
2944 2583 3131 2623 manes
3163 2568 3386 2624 meliore
3410 2577 3664 2638 superstes,

2234 2655 2446 2725 Etjusti
2480 2656 2677 2725 recipis
2708 2672 2847 2710 nunc
2875 2658 3094 2725 prmmia
3134 2664 3286 2727 grata
3324 2656 3536 2722 laboris,

2236 2745 2514 2801 Prii-claris
2545 2747 2738 2801 merito
2760 2748 3074 2803 doctoribus
3113 2749 3433 2802 associatus.

2235 2833 2437 2891 Vivens
2462 2836 2514 2890 in
2545 2837 2764 2892 Christo
2800 2837 2994 2903 nostri,
3020 2839 3106 2891 vir
3134 2849 3345 2903 sancte,
3378 2847 3618 2893 memento

2237 2925 2606 2996 Doctrinmque
2641 2937 2767 2993 tute,
2800 2944 2919 2999 quae
2953 2937 3066 2984 toto
3093 2929 3261 2999 fulget
3291 2929 3341 2983 in
3374 2930 3518 2993 orbe,

2235 3016 2453 3073 Christo
2504 3018 2668 3075 funde
2705 3033 2895 3091 preces
2921 3060 2936 3087 ,
2984 3034 3294 3075 mereamur
3336 3031 3397 3075 nt
3439 3036 3552 3076 esse
3594 3035 3745 3090 sequa-

3510 3116 3516 3121 ‘
3589 3108 3696 3180 [ces,

2236 3195 2444 3265 Quique
2471 3196 2639 3252 Deum
2673 3212 2771 3267 pro
2810 3206 2863 3253 te
2902 3196 3142 3252 fraterno
3175 3213 3326 3253 more
3370 3212 3620 3266 rogamus,

2236 3286 2434 3349 Bruno,
2480 3287 2587 3341 tuis
2623 3302 2836 3357 semper
2858 3287 3130 3357 precibus,
3159 3286 3244 3340 vir
3267 3295 3469 3348 sancte,
3501 3286 3721 3356 juvcmur.

2307 3374 2415 3428 Vos
2452 3388 2664 3442 quoque
2690 3414 2705 3439 ,
2752 3373 3081 3429 sanctissimi
3123 3373 3326 3427 fratres
3352 3413 3367 3436 ,
3400 3374 3487 3442 qui
3520 3383 3687 3426 tantum
3706 3386 3749 3425 ac

2239 3464 2396 3517 talem
2441 3472 2725 3533 patronum
2778 3464 2848 3519 ad
2899 3463 3065 3520 caelos
3102 3464 3485 3532 praemisistis,
3533 3462 3749 3519 oniuihu-

2235 3567 2408 3607 mana:
2448 3553 2836 3624 compassionis
2874 3553 3060 3608 dolore
3107 3555 3408 3622 postposito
3431 3594 3446 3619 ,
3492 3555 3684 3625 gaudete
3714 3560 3752 3602 et

2235 3644 2499 3699 cxsultate
2550 3644 2602 3698 in
2660 3644 2907 3710 Domino,
2968 3644 3268 3716 dignosque
3325 3654 3471 3702 tanto
3518 3646 3653 3700 Patre
3690 3659 3754 3698 vos

2238 3733 2407 3787 fuisse
2440 3734 2682 3787 moribus
2709 3733 2996 3797 ostendite,
3027 3743 3108 3797 ut,
3141 3733 3258 3803 ipso
3280 3750 3380 3803 pro
3417 3735 3562 3789 nobis
3586 3736 3755 3789 interce-

2237 3823 2415 3887 dente,
2444 3822 2693 3891 dignetur
2730 3823 2883 3876 vobis
2918 3821 3196 3885 Dominus,
3230 3822 3274 3876 si
3315 3839 3423 3877 non
3460 3823 3659 3877 scientia
3690 3837 3753 3889 pa-

2238 3928 2374 3976 rem,
2401 3912 2624 3968 honesta
2656 3913 2847 3967 saltem
2871 3912 2978 3967 vita
3007 3912 3345 3967 consimilem
3385 3912 3588 3977 Patrem
3620 3909 3754 3983 preti-

2238 4006 2385 4060 dere.
2419 4004 2627 4060 Valete.

2321 4117 2535 4170 Abbatis
2562 4116 2620 4171 S.
2648 4115 2873 4171 Joannis
2904 4117 3299 4174 Suessionensis
3322 4118 3535 4171 εωθιοὸἱί
3559 4116 3698 4187 (546).

2310 4221 2399 4278 79.
2453 4222 2675 4278 Dilectis
2714 4224 2767 4278 in
2815 4223 3035 4280 Christo
3077 4234 3133 4281 et
3179 4226 3288 4281 Deo
3322 4227 3498 4297 dignis
3540 4222 3756 4283 fratribus,

2240 4384 2329 4457 87,
2362 4392 2671 4457 recensetitr
2696 4398 2862 4457 prope
2889 4384 3071 4457 Dlesas
3096 4423 3109 4457 ,
3135 4400 3255 4457 quae
3301 4386 3435 4438 urbs
3464 4425 3498 4457 ,_
3526 4390 3753 4457 antequam

2243 4454 2290 4527 ei
2319 4468 2465 4527 anno
2496 4455 2530 4527 l_
2528 4453 2628 4507 697
2662 4454 2979 4527 episcopalis
3009 4454 3662 4527 cathedraconcederetnr
3682 4453 3754 4527 hit}

2244 4518 2806 4595 didzcesi‘Carnotensi
2839 4518 3095 4595 sitaerat
3120 4564 3133 4586 ,
3190 4524 3481 4595 insignitus
3510 4522 3566 4595 S.
3592 4518 3758 4595 Carilcli

2236 4607 2363 4645 sen'
2392 4590 2595 4646 Krilcili
2632 4594 2847 4646 nomine
2878 4592 3185 4659 Prioratus;
3218 4590 3362 4648 hunc
3399 4594 3528 4647 adeo
3556 4591 3631 4645 hic
3654 4590 3758 4641 desi-

2238 4662 2389 4731 gnari
2415 4660 2668 4731 coniicio.

2308 4731 2457 4799 (544)
2497 4730 2683 4785 Gallize
2705 4730 3028 4785 Christiana:
3049 4740 3221 4786 aucta:
3245 4731 3548 4800 Scriptores
3564 4739 3671 4783 tom.
3694 4724 3756 4783 XI.

2237 4801 2888 4866 col.830,interecclesi;c
2912 4801 3259 4856 choviensis
3280 4801 3598 4855 monasteria
3622 4811 3759 4850 recen-

2238 4881 2358 4924 sent
2385 4886 2548 4924 unum
2568 4911 2580 4931 ,
2611 4871 2750 4938 quod
2783 4871 2981 4925 sreculo
3016 4888 3067 4925 χι
3093 4872 3144 4923 in
3171 4872 3435 4924 honorem
3467 4868 3761 4938 sanctissima:

2239 4941 2333 4994 Dei
2365 4935 2659 4994 Genitricis
2682 4940 2849 4994 fuisse
2903 4949 3242 4994 exstructum
3295 4941 3517 5000 docent,
3570 4935 3759 5005 quodqui;

2239 5025 2360 5062 cum
2386 5010 2705 5063 Bernaicnm
2733 5020 2955 5071 vocent,
2978 5046 2991 5061 .
3019 5011 3197 5077 ipsum
3257 5010 3479 5079 induhie
3508 4998 3623 5065 est,
3656 4998 3759 5079 QIde

2238 5080 2399 5133 unius
2452 5080 2717 5133 duntaxat
2760 5079 3007 5135 litterulas
3042 5073 3349 5133 mutatione
3396 5078 3668 5133 Bernacum
3700 5073 3759 5125 hic

2240 5149 2619 5221 appellatae,
2699 5218 2708 5221 ,
2780 5218 2810 5221 __
2915 5218 2923 5221 Α
3047 5217 3079 5221 -_
3263 5217 3270 5221 Α
3452 5217 3465 5221 _
3531 5216 3543 5221 -
3684 5211 3707 5221 Α.

2310 5218 2458 5340 (545)
2508 5218 2844 5300 Gathetlralis
2898 5217 3304 5272 Aurelianensis
3353 5216 3610 5296 ecclesia,
3647 5216 3708 5291 uti
3740 5220 3760 5260 ἒ

2310 5311 2315 5340 ι
2343 5289 2409 5340 ha
2439 5286 2739 5340 Christiana
2764 5296 2917 5340 aucta
2944 5297 3073 5340 tom.
3103 5287 3534 5340 Vll|.col.1409.
3559 5282 3758 5340 mtelhgn.

2239 5282 2409 5342 Gallia
2439 5282 2739 5343 Christiana
2764 5296 2917 5342 aucta
2944 5297 3073 5341 tom.
3103 5282 3758 5357 Vll|,col.1409,7intelligo.

2242 5360 2300 5412 S.
2341 5359 2499 5412 Cruci
2550 5368 2634 5412 est
2678 5359 2890 5413 dicata:
2934 5367 2993 5412 ut
3039 5350 3226 5412 isthmc
3277 5358 3499 5411 indubie
3539 5356 3615 5408 hic
3655 5350 3759 5404 desis

2240 5436 2454 5497 gnetur.
2510 5496 2519 5497 ί
2644 5496 2653 5497 7
3566 5494 3574 5497 Α
3725 5485 3732 5493 ,

2311 5497 2458 5568 (546)
2509 5496 2731 5570 lndubie
2793 5497 2895 5570 hic
2931 5497 3243 5570 designatur
3285 5494 3688 5570 monasterium,
3725 5500 3762 5537 In

2241 5566 2547 5621 monte'scn
2576 5567 2738 5632 colle,
2781 5568 2897 5621 urbi
2928 5566 3303 5621 Sucssioncnsi
3330 5566 3763 5632 contiguo,sitnn}.

2242 5637 2384 5704 quod
2409 5638 2565 5708 modo
2593 5636 2647 5689 S.
2686 5625 2923 5708 inanncs
2956 5638 3005 5689 in
3032 5625 3573 5708 vineisinmeiipatnr
3596 5672 3613 5708 ._
3635 5625 3764 5708 (ιξιθάζ

2244 5702 2347 5774 que
2374 5706 2569 5760 sarculo
2599 5722 2649 5758 χι
2679 5706 2776 5758 fuit
2808 5706 3109 5767 fundatum.
3150 5705 3252 5758 Adi
3285 5705 3473 5759 Gallice
3498 5702 3763 5758 Christiana

2249 5784 2418 5832 aucta:
2442 5775 2746 5845 Scriptores
2771 5786 2897 5831 tom.
2925 5775 3017 5845 ιχ,
3050 5775 3151 5833 col.
3180 5774 3312 5841 456;
3347 5776 3412 5830 de
3435 5774 3585 5829 Petro
3611 5777 3761 5824 autem.

3835 0 3837 23 1

3836 322 3837 357 1

3836 364 3837 379 1

3836 382 3837 405 1

3836 510 3837 533 1

3836 804 3837 831 1

3836 834 3837 863 1

3836 872 3837 885 1

3836 964 3837 983 1

3836 988 3837 1005 1

3836 1060 3837 1081 1

3836 1092 3837 1121 1
