3860 6326
110 300 194 357 577
1616 282 1807 336 AL'lA.

3235 278 3340 337 578

109 410 340 472 Calabriae
369 404 675 465 reverendis
701 401 962 466 eremitis,
1013 399 1065 453 in
1098 394 1435 453 monasterio
1458 401 1659 447 sanctae
1690 396 1739 455 Α
1835 388 2085 445 Proderit
2113 386 2369 445 Ecclesiae
2405 387 2525 444 fidei
2556 386 2780 458 vestigia
2810 400 2992 444 nosse.

110 507 185 563 Dei
208 500 487 560 Geuitricis
526 512 744 568 semper
789 493 1017 565 virginis
1043 490 1232 544 Mante
1263 488 1372 543 Deo
1401 484 1666 540 famulan-

110 595 464 662 tibus,7Petrus
503 588 680 645 sancti
717 584 978 642 Johannis
1010 576 1423 638 Suesszionensis
1442 575 1666 632 canoni-

111 703 269 744 eorum
305 683 632 756 regularium
682 677 903 734 humilis
932 675 1132 747 labbas,
1169 680 1394 741 totaque
1437 667 1667 723 fratrum

110 794 209 835 cum
250 792 313 832 eo
356 776 557 846 degens
592 780 648 827 et
695 770 804 825 Deo
834 767 1077 823 serviens
1119 762 1490 834 congregatio,
1530 760 1669 814 bene

113 869 388 938 inctepisse,
410 863 604 919 melius
624 872 994 932 perseverare,
1019 854 1253 911 feliciter
1267 866 1665 909 consummare.

110 960 279 1015 Audito
328 959 490 1012 beato
538 954 645 1009 ﬁne
678 950 850 1008 sancti
887 948 1070 1004 Patris
1109 945 1278 1002 vestri
1326 953 1382 999 et
1425 939 1669 1012 magistri

114 1049 199 1105 mei
236 1045 523 1108 Brunonis,
573 1058 604 1097 a
660 1039 812 1109 cujus
840 1052 935 1094 ore
983 1044 1135 1091 same
1181 1032 1440 1089 doctrinae
1472 1028 1671 1085 fluenta

114 1138 402 1209 plerumque
442 1132 662 1188 haurire
708 1128 955 1199 contigit,
1003 1135 1082 1189 et,
1112 1123 1155 1180 si
1181 1137 1347 1195 opere
1374 1136 1480 1176 non
1518 1134 1670 1174 com-
1710 1146 1726 1159 -

113 1228 248 1300 pleri,
292 1228 359 1281 de
400 1223 647 1278 absentia
686 1221 1035 1275 vehementer
1082 1215 1384 1276 tristamur,
1429 1209 1674 1265 carnales

118 1319 323 1375 evasisse
370 1314 654 1385 angustias
680 1320 736 1365 et
780 1308 1021 1379 requiem
1046 1305 1301 1375 adeptum
1325 1316 1445 1357 esse
1471 1310 1673 1357 etcum

118 1407 422 1469 Dcovivere,
466 1409 629 1479 prout
662 1399 1033 1469 conjecturam
1067 1394 1135 1449 de
1165 1392 1437 1447 mundieia
1464 1399 1520 1446 et
1545 1404 1674 1459 per-

123 1500 327 1554 fectione
379 1503 671 1549 transacta:
717 1492 865 1552 vitae,
916 1486 1072 1542 nobis
1115 1484 1248 1540 satis
1293 1492 1453 1547 nota‘,
1502 1481 1678 1535 facere

118 1601 403 1660 possumus,
464 1581 845 1639 vehementius
882 1576 1307 1647 congaudemus.
1376 1573 1504 1644 Ejus
1550 1586 1678 1641 ergo

122 1676 412 1733 memoriam
438 1682 551 1728 tum
582 1671 709 1743 quia
752 1668 1015 1740 magister
1042 1672 1227 1720 noster
1252 1662 1371 1729 fuit,
1403 1670 1513 1716 tum
1554 1661 1677 1730 quia

1769 480 1998 548 Quidam
2046 480 2213 535 frater
2258 481 2323 535 de
2365 478 2588 549 praefata
2624 479 2892 545 Ecclesia,
2924 478 3227 534 Gauherius
3256 494 3354 535 no-

1769 571 1934 635 mine,
1989 580 2194 626 sanctae
2265 569 2660 626 recordationis
2711 569 2850 632 viro,
2904 583 3066 637 quem
3123 567 3353 622 multum

1770 663 2025 734 diligebat
2052 671 2108 717 et
2128 661 2300 716 solum
2332 662 2534 716 nostris
2564 660 2898 730 temporibus
2922 659 3122 715 mundo
3157 673 3356 713 lenun-

1772 756 1954 819 tiasse,
2011 754 2362 823 praedicabat,
2423 752 2755 807 tricesimum
2814 750 2978 807 faciet
3020 757 3075 805 et
3120 750 3358 818 quandiu

1773 842 1988 908 vixerit,
2015 842 2158 898 inter
2186 842 2479 898 familiares
2524 856 2652 897 suos
2683 842 2736 896 in
2778 840 3042 898 memoria
3071 839 3360 911 diligenter

1772 933 2011 990 habebit.

2002 1025 2061 1081 S.
2092 1026 2314 1080 Luciani
2338 1024 2687 1096 Belvagorum
2725 1025 2949 1096 apostoli
2977 1026 3148 1097 (551).

1772 1117 1861 1172 82.
1892 1119 2008 1174 Dux
2046 1119 2417 1183 eremitarum,
2443 1117 2535 1172 lux
2569 1118 2778 1173 corruit
2806 1117 3183 1182 ecclesiarum,

1776 1207 1931 1264 llunc
1958 1223 2172 1266 eremus
2199 1208 2395 1279 plorat,
2422 1222 2582 1277 quem
2620 1208 2849 1277 quisque
2876 1206 3048 1263 fidelis
3073 1208 3322 1263 honorat.

1776 1302 1876 1357 Est
1908 1302 2107 1357 etenim
2139 1302 2354 1371 dignus,
2384 1301 2637 1370 quoniam
2672 1300 2770 1355 fuit
2807 1301 2923 1370 ipse
2950 1301 3234 1371 benignus.

1776 1392 1911 1448 Nam
1961 1392 2222 1479 mundum
2290 1392 2493 1462 sprevit
2547 1391 2927 1460 mundanaque
2987 1399 3178 1445 cuncta
3234 1390 3363 1445 reli-

3127 1480 3291 1553 [quit,

1780 1576 2054 1633 Exercens
2087 1575 2256 1629 vitam
2291 1574 2357 1629 de
2383 1587 2441 1629 se
2472 1573 2676 1629 faciens
2703 1574 3011 1629 eremitam.

1782 1667 1955 1723 Verus
1985 1666 2037 1720 in
2064 1658 2319 1720 aethereis
2349 1665 2576 1719 erc’mita
2605 1664 2674 1719 sit
2700 1665 2813 1734 ipse
2840 1664 3079 1731 choreis,

120 1769 340 1840 precibus
370 1765 493 1834 ejus
514 1771 569 1819 et
589 1733 783 1818 vestris
804 1733 1150 1823 centidimus,
1177 1765 1325 1811 tanto
1350 1754 1490 1825 apud
1513 1752 1677 1806 Deum

1801 1756 1981 1813 Vivens
2010 1773 2133 1811 cum
2165 1756 2366 1811 nostris
2403 1756 2491 1810 hic
2525 1733 2782 1809 fratribus
2810 1754 3097 1810 attitulatis
3123 1754 3285 1826 (359).

121 1858 508 1920 etlicacioribus,
541 1862 744 1927 quanto
779 1850 1166 1910 sanctioribus,
1193 1848 1294 1906 hoc
1332 1844 1490 1899 modo
1516 1843 1673 1898 habi-

123 1963 258 2017 turos,
280 1949 656 2021 promittimus
683 1944 903 2015 triginta
934 1942 1121 1998 diebus
1150 1940 1345 1994 missas
1376 1946 1430 1992 et
1457 1935 1680 2006 Vigilias

123 2059 197 2112 pro
233 2041 477 2096 remedio
515 2040 632 2109 ejus
679 2046 1094 2104 vestrorumque
1146 2032 1370 2086 fratrum
1404 2027 1683 2084 defuncto-

124 2148 215 2186 rum
254 2124 613 2187 celebrantes.
663 2126 721 2181 ln
766 2126 905 2181 libro
936 2132 1142 2188 autem,
1184 2120 1272 2176 ubi
1310 2119 1529 2174 nomina
1574 2116 1682 2170 fra-

126 2233 238 2276 tmm
282 2220 668 2277 defunctorum
714 2216 916 2286 scripta
960 2219 1108 2276 sunt,
1156 2224 1349 2265 nomen
1403 2209 1521 2279 ejus
1554 2222 1681 2262 con—

125 2313 407 2376 scribimus,
475 2308 908 2364 anniversarium
968 2300 1321 2372 depositionis
1377 2298 1494 2369 ejus
1535 2298 1678 2351 diem

128 2404 267 2459 debita
302 2402 680 2465 veneratione,
718 2398 828 2453 Deo
881 2395 1113 2458 volente,
1164 2391 1583 2453 celebrabimus,
1627 2397 1683 2442 et

127 2497 324 2549 omnium
370 2492 760 2550 beneficiorum
815 2501 934 2557 qua}
991 2484 1132 2555 apud
1192 2497 1291 2536 nos
1333 2480 1471 2534 fiunt
1517 2487 1572 2533 et
1626 2477 1683 2532 in

130 2585 232 2641 locis
278 2600 405 2656 qua:
454 2582 523 2637 ad
564 2597 660 2637 nos
695 2580 992 2651 pertinent,
1040 2589 1163 2630 eum
1195 2570 1510 2642 participem
1537 2567 1683 2623 desi-

129 2679 341 2734 deramus
371 2685 426 2731 et
449 2691 548 2731 vos
574 2674 864 2745 participes
891 2667 1236 2737 suscipimus.

234 2768 288 2823 S.
321 2766 703 2839 Symplroriani
725 2763 974 2833 martyris
1012 2755 1340 2813 Belvacensis
1369 2752 1541 2825 (547).

130 2857 195 2911 80.
222 2860 486 2913 Abbatem
515 2864 761 2911 sanctum
788 2858 1012 2906 narrant
1038 2849 1180 2903 hunc
1208 2846 1409 2915 scripta
1440 2842 1629 2907 fuisse,

130 2948 565 3017 Commissumque
604 2958 821 3016 gregem
849 2940 1064 2996 virtutis
1096 2940 1198 2993 iter
1227 2935 1505 3000 docuisse;

132 3039 240 3111 Ergo
264 3040 305 3095 si
329 3039 474 3093 vixit
504 3036 710 3092 rotulus
739 3031 885 3105 (358)
919 3036 1149 3087 testatur
1176 3035 1233 3081 ut
1262 3026 1386 3090 istc,

136 3130 195 3188 Te
216 3133 305 3189 sibi
328 3139 655 3203 perpetuam
688 3125 928 3196 requiem
964 3120 1197 3192 petimus
1237 3118 1390 3182 dare,
1416 3114 1652 3171 Christe.

457 3260 521 3318 S.
548 3258 786 3325 Quintini
810 3252 1136 3309 Belvacensis
1159 3248 1330 3322 (549).

189 3398 262 3455 81.
289 3394 526 3452 Humilis
548 3389 896 3463 congregatio
922 3386 1096 3441 sancti
1122 3383 1364 3452 Quintini
1398 3381 1690 3437 Belvacea-

138 3489 208 3551 sis,
230 3504 473 3558 sperans,
505 3483 809 3556 patrocinio
840 3477 1121 3536 reverendi
1149 3476 1330 3531 Patris
1371 3474 1454 3530 sui
1483 3474 1692 3528 Brunoo

139 3582 206 3634 uis
229 3581 356 3650 apud
401 3578 580 3633 Deum
634 3591 693 3631 se
736 3571 1004 3645 adjuvari,
1047 3569 1361 3624 obedienter
1397 3567 1445 3623 ei
1490 3567 1694 3621 tricesi-

140 3686 255 3725 mum
280 3671 429 3742 (550)
457 3668 680 3724 ascribit
716 3674 770 3721 et
798 3679 920 3718 cum
951 3658 1211 3716 fratribus
1235 3657 1349 3713 suis
1374 3655 1691 3711 memoriam

139 3760 274 3830 ipsius
303 3770 659 3828 vestrumque
680 3754 922 3811 omnium
959 3752 1155 3806 amodo
1185 3747 1408 3804 tenebit.

192 3851 381 3923 Raptus
406 3853 479 3907 ab
512 3851 615 3904 hac
640 3849 750 3902 vita
779 3846 1053 3902 Christum
1090 3843 1281 3900 sitiens
1309 3838 1556 3904 ereinita,

192 3940 256 3997 Ne
281 3943 424 3998 mala
456 3947 728 3995 mutarent
772 3944 1017 3993 sanctam
1047 3932 1332 4005 prmsentia
1363 3930 1547 3993 vitam,

196 4035 450 4106 Quidquid
480 4030 760 4103 proposuit
782 4031 990 4093 vivens,
1022 4024 1305 4082 moriendo
1333 4020 1604 4092 probavit,

146 4209 423 4263 monasterii
452 4208 593 4262 illius
614 4207 807 4262 abbate
829 4248 842 4271 ,
872 4205 1025 4274 cujus
1048 4200 1319 4270 subjectus
1341 4200 1692 4274 [ituluscstﬂ

146 4279 308 4333 vidcsis
328 4277 791 4333 Corntucntarium
825 4271 1081 4346 praevium
1120 4288 1275 4346 Anum.
1310 4271 1412 4346 _97_
1445 4280 1499 4324 et
1555 4271 1695 4324 binis

147 4361 265 4418 seqq.
292 4349 599 4403 Notandum
630 4362 789 4418 porro
806 4341 873 4418 ex
906 4342 1414 4418 sulmcxis_sectioni
1446 4341 1696 4418 secunda:

147 4411 395 4475 Aditotatis
416 4420 482 4473 ad
514 4411 696 4473 notam
721 4416 849 4477 298,
875 4430 974 4470 nec
999 4416 1138 4467 hunc
1158 4411 1702 4479 Titulum,dnospro-

149 4490 262 4545 time
296 4491 676 4546 antecedentes
699 4498 753 4540 et
778 4487 843 4540 75
866 4501 930 4541 eo
961 4486 1178 4548 ordine,
1226 4496 1333 4551 quo
1365 4483 1452 4536 hic
1483 4496 1693 4550 ponun-

149 4566 242 4630 turg,
272 4562 440 4615 rotqu
461 4559 677 4613 funebri
708 4556 875 4630 fuisse
911 4554 1219 4630 inscriptos.

201 4618 329 4701 (547)
368 4631 481 4686 lloc
514 4628 901 4701 monasterium
952 4626 1004 4678 in
1056 4618 1223 4701 colle,
1280 4620 1401 4676 urbi
1453 4618 1695 4701 Bellovaf

150 4691 266 4756 censi
316 4691 664 4762 imminente,
726 4696 921 4752 smculo
976 4710 1031 4747 χι
1076 4694 1288 4748 initium
1336 4691 1697 4762 accepit,_gnt

151 4759 839 4891 Exlithhristianmauctze
861 4766 1168 4835 Scriptores
1196 4773 1327 4818 tom.
1342 4759 1694 4829 lX,,col.8t)7,

230 4861 286 4891 en
315 4881 331 4891 .

177 4853 331 4898 ocent.

206 4914 336 4983 (558)
374 4914 478 4968 Pro
500 4912 649 4967 vocis
678 4909 847 4983 hujus
867 4901 1259 4983 significatione
1289 4900 1376 4955 adi
1410 4899 1698 4956 Commen-

154 4978 601 5054 tarium'praavium
632 4996 778 5034 nunt.
796 4978 912 5054 24.

174 5039 484 5129 .(filﬂflloc
514 5051 903 5128 monasterium
936 5043 1197 5129 in_san_cti
1232 5041 1489 5112 martyris
1525 5039 1696 5129 Quin-

156 5112 230 5174 lini
258 5112 502 5180 honorem
547 5131 615 5176 et.
641 5119 959 5175 memoriam
996 5115 1137 5169 haud
1185 5113 1338 5181 longe
1364 5128 1393 5164 a
1428 5112 1700 5165 inmitibus

156 5189 382 5248 Bellovaci
404 5208 551 5247 anno
584 5190 716 5245 1067
747 5189 848 5243 fuit
875 5194 1230 5240 exstructum.
1261 5183 1335 5237 lta
1351 5181 1521 5237 Gallia
1544 5181 1701 5236 Clil'l-

162 5262 305 5314 stiaua
329 5275 479 5318 aucta
510 5273 638 5316 tom.
680 5259 772 5324 1X,
805 5257 906 5311 col.
939 5258 1061 5309 818.

214 5331 340 5402 (550)
377 5332 638 5389 Vocabuli
707 5322 863 5396 hujus
919 5322 1371 5402 significationem
1421 5322 1472 5402 in
1517 5322 1702 5402 Adpp:

163 5391 295 5464 tatis.
326 5391 573 5459 'sectioni
641 5391 828 5469 prima:
882 5391 1178 5459 sub'ncxis,
1244 5394 1309 5448 ad
1356 5401 1539 5449 notam
1595 5391 1698 5447 c269

164 5473 481 5545 suppeditavi.
524 5542 536 5545 Α
786 5538 807 5545 Α
841 5537 852 5545 _
900 5536 915 5545 _
1224 5542 1232 5545 _
1306 5532 1317 5545 .
1488 5480 1493 5483 -

219 5532 343 5611 (551)
366 5542 577 5597 Saeculo
606 5548 760 5596 sexto
784 5536 1004 5591 fuithoc
1028 5532 1415 5611 monasterium
1448 5532 1701 5611 trecentis

167 5602 460 5691 alicllo'vaco
482 5612 727 5682 passibus
741 5615 1100 5691 exstructum.
1131 5604 1446 5691 dditerum
1472 5602 1699 5658 Galliam

168 5673 496 5737 Christianaru-
514 5691 728 5737 auctam
765 5690 891 5734 tein.
922 5674 989 5731 IX
1010 5716 1024 5741 ,
1067 5673 1169 5730 col.
1203 5674 1327 5728 778.

2074 1894 2077 1899 .
2162 1848 2222 1903 S.
2251 1846 2503 1901 Fusciani
2530 1847 2594 1901 de
2622 1847 2783 1918 Sylva
2816 1846 2985 1918 (555).

1782 1942 1870 1998 85.
1902 1940 2110 2006 Bruno,
2140 1940 2224 1995 vir
2252 1938 2559 2008 excellens,
2612 1941 2815 2009 probus
2857 1946 2911 1994 et
2968 1937 3155 1994 vitiosa
3201 1936 3365 2007 repol-

3134 2026 3298 2099 (lens.

1786 2120 2084 2192 Discipulus
2108 2120 2332 2185 Christi,
2369 2119 2477 2174 vita
2512 2127 2777 2183 testante,
2805 2117 2979 2182 fuisti,

1784 2214 1931 2278 Vita,
1966 2212 2142 2282 quies,
2180 2210 2295 2265 sine
2322 2217 2480 2265 nocte
2506 2209 2641 2273 dies,
2683 2209 2955 2278 reparatio
2992 2206 3157 2271 mira,

1784 2302 1904 2373 Ipso
1929 2302 2091 2357 dante
2119 2301 2233 2363 tibi,
2266 2308 2483 2369 pateant
2522 2300 2585 2352 ad
2621 2299 2813 2368 gaudia
2853 2312 3004 2353 vera.

1926 2400 1930 2405 ’
2225 2391 2285 2446 S.
2320 2389 2461 2444 Petri
2485 2389 2717 2444 Corbeiw
2748 2388 2927 2461 (554).

1786 2485 1877 2542 84.
1906 2483 2129 2539 Divitias
2160 2484 2340 2537 Bruno
2371 2483 2672 2536 mundanas
2714 2480 3092 2551 postposuisti,

1786 2570 2154 2647 Exemploque
2183 2582 2275 2627 tuo
2305 2572 2709 2643 postponendas
2736 2572 2993 2638 docuisti,

1789 2668 1855 2722 Et
1886 2668 2002 2721 loca
2032 2658 2227 2720 deserti
2252 2681 2348 2733 pro
2381 2664 2525 2734 Rege
2553 2663 2659 2733 poli
2694 2663 2933 2726 coluisti,

1790 2758 2045 2813 Dulcibus
2072 2756 2322 2825 alloquiis
2351 2755 2640 2810 multorum
2664 2754 2827 2808 corda
2851 2753 3062 2824 rigasti,

1790 2850 2010 2907 Talibus
2034 2850 2306 2927 extemplo
2333 2848 2492 2904 factis
2520 2857 2705 2903 exstas
2732 2847 2973 2900 imitator

1793 2944 2112 2999 Sanctorum
2143 2941 2389 3004 Patrum,
2419 2940 2512 3010 qui
2538 2936 2797 2995 doctrinis
2825 2936 3131 3007 viguerunt,

1717 3069 1762 3131 Ο
1792 3034 1907 3090 Illic
1932 3031 2156 3089 insidias
2180 3030 2354 3086 hostis
2390 3044 2487 3099 per
2517 3037 2760 3098 tempora
2792 3025 2958 3078 multa

1793 3126 1994 3182 Passus
2028 3124 2296 3187 mansisti,
2329 3121 2482 3192 cujus
2510 3118 2730 3173 fraudes
2755 3118 3046 3187 superasti.

1791 3215 1944 3271 Nunc
1973 3223 2152 3270 tamen
2186 3214 2237 3267 in
2277 3211 2493 3266 Christo
2527 3208 2808 3279 complesti
2846 3206 2955 3261 fine
2976 3207 3132 3260 beato

1792 3307 2036 3362 Mortalis
2061 3306 2182 3359 vitae
2210 3317 2422 3365 cursus,
2449 3310 2503 3355 et
2533 3299 2728 3370 gaudia
2762 3297 2887 3359 vitae

1790 3399 2071 3469 Perpetua:
2102 3394 2387 3450 defunctus
2416 3392 2604 3455 habes,
2628 3391 2745 3444 hcce
2774 3394 2856 3442 est
2888 3395 2975 3441 tua
3006 3399 3233 3441 merces.

2079 3531 2141 3588 S.
2186 3528 2424 3596 Quintini
2474 3520 2877 3580 Vermandensis
2925 3519 3095 3601 (555).

1794 3646 1883 3702 85.
1928 3645 2064 3699 Dum
2115 3640 2343 3696 moritur
2388 3638 2591 3701 Bruno,
2624 3633 2887 3697 moritur,
2933 3630 3077 3702 quod
3115 3628 3275 3684 traxit
3314 3628 3382 3683 ab

3158 3720 3300 3792 ltum,

1797 3830 1917 3886 Stat
1940 3829 2188 3883 meritum
2221 3824 2402 3893 cujus,
2434 3822 2557 3891 quia
2589 3820 2723 3877 vivit
2750 3819 2974 3890 spiritus
2999 3815 3135 3884 ejus.

1798 3922 1919 3976 Vita
1956 3921 2260 3982 beatorum,
2289 3932 2411 3985 spes
2448 3926 2611 3982 atque
2636 3928 2838 3967 corona
2864 3910 3096 3981 piorum,

1795 4015 1973 4086 Ipsum
2012 4011 2249 4081 sydereis
2279 4010 2447 4063 societ
2470 4021 2631 4075 super
2659 4014 2805 4059 astra
2833 4001 3067 4056 choreis.

1870 4190 2017 4263 (559.)
2057 4187 2196 4242 Iliuc
2243 4183 2601 4263 colligendum
2628 4180 2804 4263 :puto;
2828 4174 3005 4231 Titulo
3044 4172 3383 4263 huicqfuisse

1800 4241 2074 4328 ascriptus
2114 4241 2416 4328 nonnulliis
2465 4255 2571 4305 vita
2606 4241 2873 4328 _fl_ll‘ltlf_lS,
2937 4260 3035 4325 pro
3090 4241 3314 4328 quilnts‘
3351 4259 3379 4292 ει

1800 4312 2066 4400 religiosis
2108 4326 2413 4400 Turritanae
2451 4321 2620 4400 eremi
2657 4319 2849 4400 incolis
2884 4312 3026 4369 orari
3059 4312 3384 4381 postnlarint

1734 4409 1779 4465 D
1806 4390 2116 4460 monasterii
2153 4397 2209 4449 S.
2243 4394 2462 4449 Lueiani
2492 4390 2763 4465 monachi.

2060 4450 2157 4521 llic
2187 4465 2407 4543 indubie
2431 4453 3016 4543 designaturdiaicesjs
3038 4450 3383 4535 .Atubiaucn-

1798 4523 2325 4602 sis‘monasterium,
2358 4531 2499 4602 quod
2546 4523 2586 4602 ᾗ
2617 4529 2803 4602 Gallia:
2848 4523 3169 4602 CnhrisJiange
3208 4536 3383 4602 aucta:

1799 4591 2168 4682 “scriptoribus
2218 4591 2347 4659 toni.
2376 4591 2470 4682 'X,
2508 4600 2614 4656 col.
2648 4598 2835 4681 1.502,"
2861 4596 2922 4649 S.
2974 4591 3274 4682 Fusrliuttus
3328 4593 3382 4673 in

1799 4662 2007 4742 555511;;
2024 4662 2292 4741 vocatur,
2323 4662 2572 4745 quodque
2600 4672 2675 4725 uti
2701 4684 2765 4724 e.\
2805 4667 2897 4745 iis,
2928 4678 3047 4745 qua:
3090 4662 3284 4745 ibidem
3328 4662 3381 4714 in

2037 4734 2290 4810 mittunt,
2323 4734 2666 4799 manifestum
2718 4750 2801 4795 est
2847 4736 2904 4791 S.
2930 4734 3201 4788 Brunonis
3224 4741 3384 4786 relate

1798 4829 1955 4894 longe
1980 4818 2385 4894 est_attt_iq:titts.

1872 4872 2137 4967 (354'le
2171 4872 2271 4967 inde
2303 4883 2668 4967 monasterio,
2711 4881 2865 4967 .quoil
2912 4876 3107 4958 szcculo
3153 4872 3389 4952 septimo

1799 4942 2034 5037 quintani“
2152 4959 2284 5037 urbe
2310 4953 2657 5037 :Xtttbiartensi
2697 4942 2911 5037 'let't'cis;
2947 4942 3230 5037 prptecipua‘
3267 4942 3389 5009 ejus

1800 5018 2021 5092 basilica
2053 5031 2152 5084 SS.
2184 5028 2344 5083 Petro
2370 5034 2423 5079 et
2470 5024 2638 5078 Paulo
2678 5018 2961 5087 dedicata,
3005 5018 3102 5073 fuit
3166 5023 3388 5071 exstru-

1802 5118 1969 5163 ctum.
2013 5101 2221 5158 Videsis
2260 5098 2435 5151 denuo
2477 5095 2705 5150 Galliam
2755 5092 3390 5155 Christianam.auctam

1803 5189 1934 5233 tom.
1965 5170 2183 5239 X,col.
2214 5169 2370 5224 1265.
2486 5236 2495 5239 Α
2786 5232 2796 5239 _
2878 5232 2889 5239 _
3019 5227 3051 5239 η
3104 5224 3140 5239 η
3190 5223 3202 5235 .

1871 5224 2174 5319 (⁷555)Ἱίοε
2206 5236 2594 5317 monasterium
2616 5276 2629 5297 ,
2657 5232 2798 5319 quod
2821 5232 2997 5319 etianl‘
3014 5227 3072 5282 S.
3098 5224 3389 5319 Quintiuus

1802 5296 2076 5372 (Icariotide
2099 5296 2466 5378 nuncupatur,
2495 5296 2765 5378 primojab
2796 5304 2926 5378 urbe
2958 5299 3172 5378 Pet-oua
3215 5296 3390 5372 lapide

1803 5365 1860 5443 in
2101 5365 2567 5456 _Vero_tnanduensi
2637 5372 2965 5456 tlimccsique
3037 5365 3388 5456 hoviorncnlsi

1804 5435 2423 5518 sui-tuitiocvst,stetitque,
2461 5435 2912 5518 quemadmodutit
2940 5454 3005 5492 ex
3039 5439 3104 5491 iis
3139 5451 3304 5518 ,__qu:e
3325 5435 3390 5518 de

1803 5504 2433 5583 eoilfialliie'Christilana:
2459 5504 2631 5571 a'nctze
2657 5513 2959 5580 Scriptores
2992 5517 3127 5583 tom.
3159 5504 3247 5570 IX,
3280 5504 3387 5557 col.

1805 5582 1941 5653 1097
1965 5605 2017 5650 et
2039 5594 2275 5663 quinque
2308 5604 2460 5663 seqq.
2485 5591 2815 5663 memorant,
2843 5582 3195 5637 statuendum
3226 5590 3389 5647 appa-

1807 5681 1887 5723 ret
1917 5676 2040 5721 ante
2059 5657 2320 5720 saeculum
2350 5657 2710 5713 undet-imum.
