3864 6320
148 271 228 327 581
996 298 1001 303 ο
1632 261 1834 318 ACTA.

1722 385 1766 441 Α
1796 376 2124 431 Cunctorum
2146 375 2352 431 cladem
2385 378 2586 430 trutina
2616 392 2734 447 quae
2761 378 2921 434 librat
2949 384 3156 436 eadem.

310 379 365 435 8.
394 378 583 434 Μαι-ξω
622 377 1051 445 Fornmellensis
1080 376 1309 433 ecclesiis
1340 375 1510 447 (366).

147 470 219 527 95.
245 469 454 525 Frustra
482 473 869 540 conquerimur
890 469 1071 540 justus
1106 469 1152 523 si
1180 476 1353 522 morte
1382 468 1611 537 sopitur.

236 560 480 616 Omnibus
507 576 615 615 una
642 561 731 614 via
756 559 1078 629 proveniens
1109 558 1256 612 varia

148 652 315 707 Tristia
343 652 629 717 damnatis,
657 651 750 706 dat
776 650 969 721 gaudia
997 649 1151 720 plena
1178 648 1370 703 beatis.

237 744 362 811 Ergo
388 743 575 797 beatus
599 742 705 796 erit
728 743 819 812 qui
845 743 978 797 bene
1009 741 1304 795 transierit.

144 832 268 888 Felix
298 831 382 886 hic
404 831 603 895 Bruno,
633 831 719 886 cui
747 839 1007 886 consonat
1032 845 1127 886 ore
1166 830 1267 885 sub
1296 845 1401 883 uno

232 922 361 975 Laus
391 920 662 976 modulata
694 920 818 989 piis,
842 929 1165 990 complaque
1192 931 1269 974 tot
1298 919 1510 975 studiis.

145 1013 328 1084 Nosque
353 1028 636 1082 precamur
659 1012 708 1067 ei
736 1012 916 1068 lumen
948 1013 1129 1067 lucere
1164 1012 1293 1078 diei,

230 1105 320 1170 Qui
340 1120 441 1159 non
477 1104 809 1175 temporibus
835 1104 1072 1159 concidit
1096 1113 1188 1158 aut
1216 1104 1443 1159 vicibus.

143 1197 233 1249 Vos
258 1208 464 1264 quoque
489 1210 585 1264 pro
610 1195 809 1250 nostris
839 1195 1009 1250 oretis
1033 1196 1489 1260 commemoratis,

146 1288 219 1342 Sic
246 1288 317 1340 sic
350 1286 619 1341 concludo
641 1286 899 1349 breviter,
929 1286 1280 1341 celeberrime
1310 1287 1509 1353 Bruno,

144 1376 222 1431 Cui
241 1375 598 1441 famulabaris,
626 1376 844 1432 Christo
874 1378 993 1431 sine
1031 1378 1136 1431 line
1162 1378 1382 1433 fruaris.

326 1466 384 1523 8.
419 1467 709 1522 Donatiam'
730 1468 1012 1539 Brugensis
1039 1469 1270 1524 ecclesia:
1299 1470 1467 1539 (367).

143 1556 214 1611 96.
240 1557 329 1613 llic
351 1543 530 1612 cultor
554 1558 685 1622 veri,
714 1559 839 1612 dum
867 1560 1017 1625 vixit,
1055 1559 1227 1629 gloria
1259 1560 1409 1628 cleri,

143 1648 293 1701 Carne
312 1647 581 1703 resolutus
610 1648 803 1704 habeat
839 1665 981 1704 nunc
1007 1651 1200 1720 gaudia
1236 1659 1404 1706 tutus.

144 1738 248 1802 Qus:
269 1737 446 1806 petitis
474 1737 694 1804 vestris,
718 1739 935 1805 lratres,
973 1740 1265 1810 impendite
1292 1741 1492 1797 nostris

146 1829 200 1883 Et
220 1829 299 1899 qui
330 1828 502 1885 lector
525 1830 674 1895 ades,
700 1830 784 1885 dic
814 1830 899 1886 Sit
922 1830 972 1886 ei
1006 1832 1240 1902 requies.

372 1919 430 1976 8.
465 1920 684 1976 Nicolai
714 1921 983 1978 Meltensis
1007 1923 1234 1978 ecclesiis
1258 1923 1427 1995 (568).

145 2012 218 2066 97.
238 2011 367 2068 Mors
398 2013 566 2068 breve
600 2027 795 2067 nomen
840 2014 1021 2081 habet,
1057 2016 1150 2071 sed
1182 2017 1403 2072 nomine
1433 2018 1566 2073 dura
1592 2019 1691 2074 sub

1480 2108 1623 2181 [ipso

239 2190 273 2246 S
293 2207 376 2246 ors
402 2192 563 2261 latet,
592 2204 647 2250 et
676 2211 811 2258 sors,
840 2211 959 2266 qua:
990 2212 1097 2251 non
1135 2197 1296 2253 breve
1318 2199 1407 2268 jus
1438 2199 1653 2255 habeat.

142 2283 296 2340 Calcat
345 2301 476 2356 epes
523 2297 581 2343 et
632 2298 844 2359 sceptra
892 2290 1087 2359 quatit,
1152 2289 1548 2360 cathedrasque
1593 2310 1689 2348 su-

1427 2382 1617 2454 trium.

231 2461 495 2534 Nemoque
527 2466 675 2520 novit
701 2466 811 2533 ubi,
841 2468 1057 2537 quando
1080 2469 1163 2524 vel
1194 2469 1335 2525 unde
1361 2472 1527 2527 venit.

144 2553 333 2621 Sensus,
371 2556 569 2623 honor,
611 2557 887 2624 meritum,
934 2559 1159 2628 species,
1206 2559 1305 2626 vis,
1354 2576 1464 2625 res,
1499 2576 1689 2632 genus,

1396 2666 1399 2667 '
1443 2650 1620 2722 laetas,

226 2732 401 2790 Omnia
426 2748 734 2792 vanescunt
764 2739 953 2793 mortis
981 2739 1032 2793 in
1069 2739 1323 2795 articulo.

144 2822 244 2879 ll:ec
277 2839 391 2879 cum
433 2835 634 2881 cuncta
686 2827 860 2884 forent
905 2829 1023 2895 tibi,
1072 2829 1256 2885 Bruno
1299 2830 1471 2902 (369),
1519 2834 1691 2901 pridie

1419 2922 1621 2995 [Nonas

225 3004 458 3062 Octobris
489 3016 671 3064 tamen
697 3024 757 3065 es
784 3019 1025 3066 mortuus
1050 3012 1166 3082 ipse
1194 3012 1371 3068 modo.

144 3095 300 3167 Magne
330 3100 515 3168 Pater,
541 3103 633 3173 qui
660 3111 851 3158 cuncta
882 3112 1061 3173 potes,
1087 3104 1173 3159 cui
1204 3106 1466 3174 competit
1488 3108 1581 3162 uni

220 3187 469 3244 Interiora
504 3192 607 3247 viri
642 3205 868 3248 cernere
895 3191 1155 3257 funditus,
1192 3204 1246 3249 et

142 3276 336 3333 Parcere
371 3282 638 3350 peccatis,
664 3283 793 3337 dare.
816 3292 936 3352 post
962 3282 1167 3338 obitum
1185 3286 1530 3353 medicinam,

222 3368 376 3425 Parce
403 3372 526 3426 viro
567 3373 724 3436 tanti,
765 3373 948 3442 sisque
974 3374 1177 3429 medela
1204 3375 1328 3430 sibi.

713 3463 960 3520 SECTIO
1002 3464 1088 3519 IV.

415 3553 627 3608 Titulus
659 3555 719 3609 8.
754 3553 900 3610 Petri
943 3554 1170 3611 Pictavis
1209 3560 1377 3631 (370).

140 3640 209 3696 98.
232 3641 355 3698 Sunt
377 3645 529 3700 dura:
558 3646 721 3701 sortis
750 3648 918 3719 nigra:
946 3650 1252 3718 spectacula
1289 3652 1502 3707 mortis.

140 3732 284 3790 Ullius
310 3751 468 3793 exors
497 3746 552 3793 et
574 3739 805 3794 fortuna:
830 3739 995 3796 libera
1023 3756 1167 3798 mors
1187 3752 1295 3808 est,

195 3934 326 4009 (560)
366 3935 481 4009 lloc
509 3937 923 4003 monasterium,
954 3938 1096 4006 quod
1136 3953 1240 3993 non
1264 3952 1431 4009 prope
1456 3939 1687 4005 Furaas,

140 4004 373 4077 thalliae
392 4007 720 4063 Christiana:
748 4017 922 4063 aucta:
968 4004 1279 4077 Scriptores
1309 4004 1437 4062 toiu.
1476 4010 1546 4073 V,
1581 4004 1687 4064 col.

138 4073 477 4159 ﬁguratior"
498 4120 513 4143 ,
546 4079 641 4133 sed
668 4093 835 4159 prope
859 4079 1003 4159 lpras
1033 4073 1195 4159 situm
1231 4087 1345 4159 est,
1378 4095 1521 4134 anno
1556 4081 1689 4137 1068

139 4144 223 4198 fuit
242 4145 515 4201 fundatum
536 4190 551 4211 ,
585 4159 641 4200 ut
667 4144 826 4202 iidem
860 4144 1054 4204 ibidem
1084 4151 1299 4202 docent.

194 4215 497 4286 (ξδηνηκη
524 4218 752 4272 ecclesia
777 4258 791 4280 ,
840 4233 959 4286 qua:
1009 4218 1334 4272 cathedralis
1382 4219 1540 4275 modo
1564 4229 1645 4275 est
1674 4260 1688 4286 ,

144 4280 190 4336 S.
215 4280 477 4357 Brunonis
512 4296 669 4342 aetate
695 4280 973 4357 colleg'iata
1003 4288 1265 4342 duntaxat
1295 4298 1431 4342 erat.

195 4354 326 4429 (568)
366 4356 503 4410 Cum
526 4373 626 4412 nec
653 4354 907 4427 templum
932 4399 945 4420 ,
976 4374 1072 4429 nec
1101 4358 1509 4429 monasterium,
1545 4360 1687 4429 quod

136 4422 365 4494 MeltenSe
399 4439 628 4481 vocetur
675 4422 972 4494 sanctoque
1003 4424 1221 4481 Nicolao
1253 4422 1687 4493 dedicatnm'sit,

137 4493 377 4572 inveniam
397 4538 409 4558 ,
440 4499 691 4566 quisnam
718 4499 807 4553 hic
835 4493 1146 4568 designetur
1172 4497 1321 4551 locus
1351 4513 1529 4564 sacer,
1556 4500 1685 4553 deli-

136 4578 233 4615 nire
259 4582 355 4618 non
388 4582 629 4633 possum.

192 4633 325 4704 (369)
364 4637 728 4707 Dignitatibus
751 4679 765 4700 ,
797 4637 985 4708 opibus
1031 4652 1095 4693 ac
1142 4652 1337 4708 genere
1374 4638 1689 4707 praestitisse

139 4700 460 4760 Bruno'non'
477 4708 709 4762 obscure
754 4700 847 4763 hic
872 4709 1101 4762 traditur
1127 4700 1165 4771 ;”
1182 4722 1353 4777 quare
1376 4700 1490 4777 itam
1518 4708 1642 4764 hinc
1670 4749 1684 4771 ,

138 4786 271 4848 quam
312 4791 380 4848 ex
415 4778 481 4830 iis
507 4818 523 4841 ,
566 4793 689 4848 qua;
731 4776 1114 4832 Commentarii
1158 4776 1336 4847 praevii
1370 4776 1457 4847 §2
1489 4778 1542 4831 in
1576 4794 1689 4833 me-

138 4840 260 4895 dium
285 4840 515 4917 adduxi,
548 4840 713 4901 nobili
745 4862 865 4901 eum
896 4840 1181 4903 stemmate
1216 4840 1395 4902 ortum
1423 4862 1565 4913 esse,
1590 4863 1688 4917 pro

136 4922 262 4965 certo
289 4915 447 4970 debet
471 4918 679 4971 haberi.

197 4981 329 5057 (570)
352 4983 488 5039 Cum
515 4986 765 5057 5.ιέυο
803 4986 1043 5057 apostolo
1086 4996 1391 5055 nuncupata
1444 4987 1534 5051 sit,
1568 5002 1688 5057 qua:

138 5051 531 5125 seculoéquarto
571 5056 631 5111 S.
676 5051 932 5110 llilari'um
985 5056 1171 5110 habuit
1219 5051 1552 5125 episcopum,
1585 5051 1687 5111 'ca-

141 5119 371 5191 thedralis
427 5125 761 5180 Pictavensis
813 5125 1061 5191 ecclesia,
1114 5119 1479 5181 huic'indubie
1527 5119 1683 5182 attri-

138 5184 356 5265 bue_n_dus
382 5205 468 5249 est
496 5195 703 5249 Titulus
739 5197 1027 5265 subjectus.

198 5261 332 5333 (37f)
366 5265 620 5319 Rutulum
649 5261 851 5320 scilicet
874 5266 1175 5327 funebrem,
1208 5266 1296 5333 qui
1331 5274 1382 5320 et
1404 5266 1686 5333 epistolam

138 5332 469 5398 encyclicam,
500 5337 676 5389 obitus
704 5338 761 5390 S.
795 5336 1061 5390 Brunonis
1109 5332 1371 5398 nuntiam,
1411 5332 1465 5388 et
1487 5336 1690 5390 Titnlos

141 5395 297 5471 plures
320 5404 572 5459 funebres
604 5422 693 5460 seu
724 5409 874 5459 datas
918 5407 982 5459 ad
1034 5407 1169 5460 hanc
1219 5395 1607 5471 responsorias,
1639 5407 1689 5459 in

142 5469 431 5545 quibusnon
461 5491 628 5545 pauca
683 5478 749 5531 de
790 5476 991 5531 Sancto
1039 5466 1424 5539 memorantur,
1457 5466 1692 5545 comple-

142 5537 301 5595 clitur.

201 5609 334 5683 (572)
375 5614 562 5671 Plures
590 5624 714 5671 sunt
764 5616 815 5670 in
884 5616 1015 5672 urbe
1077 5615 1375 5670 Pictavensi
1426 5614 1686 5677 ecclesim,

144 5684 475 5740 sanctissimae
505 5686 893 5743 DeiGenitricis
911 5688 1141 5743 nominee
1164 5686 1448 5755 insignite,
1463 5698 1690 5754 quarum

3272 270 3380 327 582

1794 465 1946 521 Sicut
1964 467 2173 535 privato
2200 506 2214 531 ,
2246 466 2325 520 sic
2355 466 2522 536 parcit
2554 466 2838 522 nobilitate
2860 507 2873 533 ,

1792 557 2170 627 Angustosque
2196 556 2337 611 lares
2359 565 2586 621 vacuat,
2622 557 2762 611 sicut
2786 558 3087 628 populares.

1793 647 1927 701 Nam
1947 647 2184 717 juvenis,
2213 646 2372 702 ﬂores
2396 689 2411 713 ,
2442 649 2606 704 decus
2630 687 2646 715 ,
2677 658 2729 702 et
2751 651 2933 716 decor,
2966 666 3051 707 res
3073 663 3125 708 et
3146 655 3379 714 honores

1794 738 1998 793 Praeter
2027 739 2206 793 divina
2231 748 2356 793 sunt
2382 740 2561 794 omnia
2594 740 2693 793 sub
2721 738 2975 796 Libitina.

1798 826 1948 882 llunc
1974 828 2173 883 obiisse
2202 828 2390 883 Virum
2412 870 2426 895 ,
2463 846 2567 886 non
2597 847 2727 903 ergo
2757 834 2826 888 sit
2850 833 2952 888 hoc
2977 835 3070 889 tibi
3103 837 3318 892 mirum.

1796 916 1902 971 Sed
1930 918 2104 987 qualis
2133 917 2325 985 fuerit,
2359 920 2405 974 si
2428 920 2568 976 forte
2595 923 2743 977 rudis
2768 923 2898 977 mihi
2925 925 3155 993 quaerit,

1796 1008 2056 1066 Solvatet
2081 1010 2297 1066 evolvat
2323 1013 2563 1066 cartham
2599 1014 2748 1086 (571)
2781 1031 3081 1087 rursusque
3113 1020 3377 1076 revolvat.

2198 1123 2263 1178 Β.
2306 1124 2495 1179 Maria:
2524 1124 2750 1182 Pictavis
2784 1130 2955 1200 (37:2).

1794 1212 1880 1267 99.
1928 1212 2075 1267 Vivis
2101 1222 2154 1269 et
2184 1214 2236 1268 in
2265 1216 2416 1271 caelis
2461 1220 2663 1287 gaudes
2686 1261 2702 1284 ,
2736 1223 2961 1279 eremita
2991 1224 3179 1287 fidelis,

1795 1304 1963 1370 Quem
1995 1305 2122 1360 felix
2150 1322 2269 1362 esse
2299 1309 2569 1378 sequitur,
2597 1310 2732 1383 fugit
2762 1329 2924 1369 omne
2954 1332 3199 1374 necesse.

1794 1394 1838 1450 Ο
1870 1394 2083 1451 Patrem
2109 1407 2354 1454 sanctum
2386 1440 2402 1467 ,
2447 1416 2547 1471 pro
2583 1418 2690 1473 quo
2729 1406 2910 1462 scelus
2938 1417 3021 1463 est
3063 1410 3193 1465 dare
3219 1410 3379 1481 plan-

3092 1501 3264 1574 [ctutn
3288 1544 3305 1571 ,

1794 1584 1959 1656 Cujus
1988 1587 2223 1659 gaudere
2249 1590 2437 1660 nequit
2466 1590 2569 1645 ulla
2594 1590 2708 1648 lues
2737 1594 2954 1650 abolere
2979 1613 2995 1662 ;

1798 1676 1989 1731 Vivere
2019 1678 2103 1732 cui
2132 1677 2272 1735 Deus
2304 1688 2417 1746 est,
2443 1682 2530 1736 cui
2554 1681 2643 1737 lux
2671 1724 2687 1748 ,
2718 1684 2805 1739 cui
2838 1702 2966 1741 vera
2998 1687 3145 1743 salus
3177 1698 3259 1745 est
3289 1691 3304 1745 ε

1793 1769 1970 1838 Euge,
2001 1769 2091 1825 Dei
2129 1785 2288 1825 verna
2319 1772 2516 1830 frueris
2530 1778 2791 1834 mercede
2815 1794 3073 1851 superna.

1794 1858 2005 1929 Accipis
2043 1861 2320 1916 inventum
2350 1864 2561 1920 modico
2590 1869 2787 1924 sudore
2816 1871 3108 1941 talentum,

1794 1948 1943 2014 Quod
1973 1952 2208 2019 prudens
2233 1953 2459 2011 Domino
2487 1957 2691 2014 solvisti
2724 1959 2935 2017 fcenore
2962 1965 3111 2020 bino.

1792 2043 1896 2098 Pro
1931 2045 2139 2099 meritis
2173 2047 2339 2102 tantis
2371 2049 2465 2104 tibi
2490 2050 2727 2107 clamant
2748 2057 2909 2111 verba
2941 2055 3203 2116 Tonantis

1795 2132 1958 2190 Utere
1981 2175 1996 2202 ,
2021 2151 2177 2193 serve
2198 2139 2367 2207 bone,
2404 2158 2617 2198 mecum
2647 2160 2856 2201 summa
2888 2150 3127 2220 regione.

2204 2227 2265 2284 8.
2302 2228 2499 2285 Hilarii
2533 2230 2762 2289 Pictavi:
2793 2236 2965 2309 (575).

1794 2316 1915 2372 100.
1955 2318 2225 2376 Brunonis
2247 2322 2370 2376 vitae
2401 2324 2595 2378 seriem
2618 2338 2864 2395 spectent
2894 2331 3135 2387 eremita:
3159 2371 3175 2400 ,

1791 2407 2043 2464 Mundum
2078 2408 2391 2480 florentem,
2428 2416 2730 2472 mundano:
2755 2419 3114 2488 decipientcm

1791 2500 1893 2567 Qui
1925 2502 2051 2555 dum
2075 2504 2413 2572 conspiceret
2439 2546 2454 2571 ,
2485 2508 2578 2561 sed
2602 2509 2783 2563 mundi
2822 2509 2940 2564 labe
2964 2523 3208 2579 careret,

1793 2592 1928 2646 Dum
1949 2594 2050 2649 sibi
2080 2594 2290 2651 vilescit
2318 2636 2332 2662 ,
2364 2596 2489 2651 dum
2518 2598 2705 2654 faetida
2741 2599 2935 2671 gaudia
2964 2604 3169 2669 nescit,

1792 2686 2063 2741 lnlnerens
2085 2687 2301 2744 Christo
2324 2690 2468 2745 seclo
2504 2690 2754 2747 discessit
2774 2693 2843 2747 ab
2871 2693 2993 2749 isto.

1792 2779 1903 2835 llac
1922 2781 2099 2841 caruit
2128 2782 2234 2835 vita
2264 2781 2445 2838 Bruno
2472 2824 2486 2849 ,
2519 2784 2646 2839 felix
2681 2788 2907 2841 eremita
2933 2826 2948 2853 ,

1793 2872 1888 2926 Est
1914 2872 2199 2927 Dominum
2228 2885 2421 2930 nactus
2444 2916 2459 2941 ,
2497 2892 2618 2932 cum
2650 2878 2809 2933 dictis
2840 2888 3101 2935 consonet
3132 2892 3300 2941 actus.

1793 2963 1908 3019 Non
1940 2965 2104 3036 igitur
2132 2966 2321 3023 flemus
2348 2983 2507 3038 quem
2539 2970 2619 3025 sic
2651 2972 2915 3042 migrasse
2938 2974 3206 3031 videmus.

2359 3059 2508 3114 Alius
2538 3061 2791 3130 ejusdem.

1794 3145 1917 3200 101.
1960 3145 2071 3202 Hoc
2101 3147 2227 3203 dum
2254 3147 2437 3203 vixisti
2469 3152 2704 3219 mundo,
2737 3155 2962 3227 vestigia
2996 3155 3201 3213 Christi

1791 3237 2042 3294 Pluribus
2067 3249 2262 3294 exutus
2293 3240 2437 3296 vitiis
2458 3282 2473 3307 ,
2505 3256 2592 3309 es,
2625 3244 2826 3312 Bruno,
2852 3259 3108 3315 secutus;

1792 3330 1936 3401 Ergo
1969 3330 2061 3385 tibi
2093 3331 2343 3387 Christus
2379 3336 2671 3403 praestabat
2696 3352 2857 3408 regna
2890 3339 3135 3407 polorum
3166 3380 3183 3407 ,

1793 3418 1849 3473 In
1876 3419 2073 3490 quibus
2102 3421 2341 3475 exsultat
2370 3423 2648 3479 lectissima
2678 3428 2833 3481 turba
2875 3429 3161 3484 bonorum.

2129 3532 2191 3587 8.
2233 3532 2572 3603 Radegundis
2602 3534 2834 3592 Pictavis
2865 3538 3037 3610 (574).

1794 3621 1917 3675 102.
1959 3622 2072 3678 ilex
2111 3626 2372 3679 immense
2404 3626 2573 3691 Deus,
2614 3629 2703 3696 qui
2736 3631 2901 3685 verbo
2926 3643 3125 3688 cuncta
3150 3639 3370 3706 creasti,

1793 3716 1895 3782 Qui
1930 3717 2132 3773 sanctis
2166 3717 2406 3787 requiem
2442 3718 2687 3775 caelestia
2714 3737 2876 3792 regna
2908 3726 3154 3796 parasti,

1793 3940 1918 3990 una,
1952 3938 2081 3996 quas
2102 3923 2390 3996 collegiata
2434 3932 2540 3996 e_s_t,
2563 3925 2748 3996 etjam
2791 3927 2914 3983 inde
2938 3946 2966 3982 a
2998 3932 3197 3987 saeculo
3224 3934 3371 3991 deci-

1792 4011 1881 4067 mo
1903 3993 2216 4067 exstitit,_$.
2246 3993 2425 4067 Maria
2457 3993 2990 4067 Major'appellatur;
3024 4000 3160 4056 hanc
3190 4014 3370 4060 autem

1794 4066 1881 4120 hic
1908 4081 2003 4134 per
2033 4062 2089 4118 S.
2126 4065 2370 4127 Mariam,
2406 4062 2657 4135 solitaria
2693 4062 2947 4135 'positam
2978 4062 3375 4130 antonomasti-

1792 4133 1961 4203 ceqne
1988 4144 2287 4202 acceptam,
2307 4133 2577 4203 designari
2609 4133 2851 4189 autumo.

1862 4203 2180 4278 (373)_Cum
2210 4204 2327 4278 dum
2358 4204 2486 4267 sint,
2538 4206 2985 4278 quemadmodum
3008 4209 3146 4278 apud
3177 4226 3275 4265 nos
3305 4214 3372 4268 ad

1792 4273 1934 4330 diem
1992 4273 2058 4327 15
2082 4273 2344 4340 Januarii,
2397 4290 2505 4342 quo
2555 4273 2619 4327 de
2664 4273 2721 4328 S.
2792 4273 3370 4341 llilario,'Pictavensi

1792 4345 2320 4415 episcopo,egim_us,
2364 4345 2546 4397 videre
2597 4343 2740 4415 licet,
2788 4344 2838 4397 in
2889 4347 3021 4401 urbe
3066 4346 3370 4406 Pictavensi

1722 4414 2064 4477 Decclesiae,
2119 4413 2177 4468 S.
2226 4413 2481 4484 Brunone
2525 4414 2876 4484 antiquiores,
2929 4431 3154 4484 quarum
3199 4421 3371 4475 altera

1792 4487 1851 4541 8.
1881 4485 2120 4538 Hilarius
2151 4483 2214 4536 de
2261 4483 2405 4537 Cella
2433 4498 2526 4537 seu
2574 4482 2766 4546 Minor,
2819 4482 2990 4539 altera
3017 4485 3077 4541 S.
3128 4486 3371 4545 Hilarius

1792 4555 1970 4626 Major
2004 4570 2096 4608 seu
2122 4553 2345 4626 Magnus
2395 4561 2753 4626 nuncupatur,
2772 4554 3006 4626 dubitari
3043 4572 3147 4611 non
3180 4558 3371 4615 imme-

1788 4622 1893 4681 rito
1932 4639 2086 4695 posse
2107 4622 2339 4696 videtur,
2367 4622 2632 4696 u_t_rius_sit
2658 4622 2869 4696 Titulus
2898 4626 3194 4696 subjectus.
3217 4630 3372 4684 Atta-

1790 4692 1945 4770 men,
1986 4710 2105 4770 cum
2133 4709 2276 4770 _perA
2295 4693 2352 4747 S.
2396 4692 2678 4770 Hilarium,
2733 4692 3109 4770 solitarie'seu
3168 4698 3373 4770 absque

1783 4768 1995 4832 addito,
2021 4766 2097 4817 uti
2133 4765 2219 4817 hic
2248 4764 2325 4826 fit,
2364 4764 2615 4832 positum,
2654 4780 2748 4833 per
2770 4767 3218 4829 antonomasiam,
3265 4764 3370 4825 non

1793 4837 1984 4909 Minor,
2032 4838 2124 4890 sed
2179 4834 2348 4909 Major
2393 4833 2471 4909 S._
2497 4834 2683 4888 Hilarii
2734 4835 2965 4909 ecclesia
3024 4838 3369 4909 intelligenda

1790 4907 2055 4970 videatur,
2092 4921 2190 4976 pro
2242 4907 2345 4961 hac
2362 4904 2541 4976 potius
2584 4919 2743 4975 quam
2790 4920 2888 4975 pro
2912 4905 2998 4960 illa
3022 4904 3373 4977 pronuntiare

1790 4977 1970 5032 velim.

1861 5047 2009 5115 (574)
2035 5046 2231 5102 Sancta
2256 5045 2600 5115 Radegundis
2621 5046 2829 5117 regina,
2855 5045 2921 5101 de
2944 5063 3048 5117 qua
3098 5046 3237 5117 apud
3267 5063 3367 5103 nos

1792 5114 1950 5171 adl3
1977 5114 2200 5188 Augusti
2224 5118 2362 5170 diem
2392 5114 2593 5180 actum,
2621 5126 2762 5188 post
2795 5114 2996 5188 factum
3030 5132 3149 5188 eum
3182 5116 3364 5170 Clota-

1792 5189 1891 5252 rio,
1926 5185 2252 5242 Francorum
2302 5202 2446 5256 rege,
2497 5186 2692 5256 marito
2740 5201 2857 5250 suo,
2884 5185 3196 5256 (“\‘Ol'lllllll,
3250 5200 3370 5242 sese

1792 5259 2087 5312 Pictavium
2130 5254 2607 5326 recepil,'hacqne
2648 5255 2699 5308 in
2732 5256 2886 5326 urbe,
2924 5256 2998 5326 uti
3048 5254 3243 5308 ibidem
3275 5257 3373 5326 do-

1792 5329 2023 5391 cuimus,
2042 5328 2177 5381 duas
2199 5324 2474 5384 ecclesias,
2502 5327 2725 5378 alteram
2760 5325 2909 5388 vilis,
2943 5324 3167 5377 alteram
3194 5325 3368 5378 sacris

1794 5399 2111 5467 virginibus,
2152 5396 2411 5467 condidit.
2456 5394 2873 5467 l’osteriorguna
2925 5408 3046 5446 cum
3069 5462 3081 5467 _
3110 5393 3369 5461 adjuncto

1793 5462 2129 5539 paflhenone
2154 5464 2439 5539 S._C_rucis
2485 5465 2698 5539 nomine
2749 5463 3014 5539 hodieque
3051 5462 3365 5539 decoratur;

1795 5528 1940 5607 prior
1978 5553 2127 5596 vero.
2156 5536 2242 5590 cui
2272 5534 2329 5589 8.
2357 5534 2544 5607 Μανίῳ
2573 5547 2764 5607 nomen
2797 5528 3022 5607 indil'nln
3058 5531 3209 5607 initio
3232 5528 3364 5607 fuit,

1796 5600 1976 5676 'pnstea
2008 5608 2066 5661 8.
2100 5607 2309 5674 Reginw
2336 5620 2429 5658 seu
2480 5603 2541 5657 S.
2594 5600 2927 5676 Hadegundis
2953 5600 3370 5676 Ba_silic_a,_nt_iAe

1795 5668 2499 5732 CallimChristianmauctze
2512 5668 2831 5739 scriptorum
2850 5678 2977 5724 tom.
3004 5670 3059 5736 ll,
3079 5669 3183 5724 col.
3204 5668 3366 5737 1299,
