3864 6320
600 262 707 322 587

602 379 700 432 Cui
726 391 886 447 super
912 392 1071 433 omne
1094 372 1300 433 bonum
1330 375 1647 447 placuerunt
1670 377 1866 449 gaudia
1898 373 2045 440 εαξη,

600 468 736 522 ΙΙΙυά
768 470 863 524 des
895 487 1039 536 esse,
1066 472 1207 541 quod
1241 487 1505 542 nusquam
1540 471 1693 526 novit
1720 471 1932 527 abesse.

796 559 855 612 S.
900 560 1090 616 lllaria'
1118 560 1490 616 Connatrensis
1516 562 1569 616 in
1600 561 1789 632 Anglia
1816 561 1983 632 (591).

597 651 720 704 119.
756 650 909 705 lluuc
937 652 1137 720 pietate
1160 668 1255 707 sua
1286 669 1377 707 rex
1414 651 1659 708 Christus
1693 653 1746 707 in
1782 668 1906 707 arce
1935 651 2180 722 polorum

592 743 855 809 Collocet,
882 752 1043 812 atque
1076 743 1177 797 frui
1227 744 1411 813 requie
1443 744 1707 800 concedat
1733 757 1941 797 eorum.

953 836 1014 889 S.
1059 834 1351 887 Audomnri
1380 835 1607 903 episc0pi
1647 833 1819 905 (592).

591 925 713 978 120.
746 926 1063 995 Exemplum
1094 924 1307 977 miseris
1338 923 1657 977 mortalibus
1694 938 1817 977 esse
1838 922 2070 986 solebas,

588 1016 658 1070 Ut
682 1017 923 1072 colerent
954 1017 1250 1079 Christum,
1267 1030 1425 1084 quem
1453 1031 1687 1085 semper,
1713 1015 1911 1081 Bruno,
1930 1014 2173 1079 colebas;

585 1108 694 1163 Pro
728 1126 837 1178 quo
861 1109 1077 1163 divitias
1108 1106 1356 1177 sprevisti
1392 1106 1558 1160 totius
1580 1105 1752 1171 orbis,

594 1198 662 1253 Ut
698 1200 792 1253 tibi
829 1209 1118 1270 perpetuas
1138 1199 1292 1253 daret
1318 1206 1509 1252 auctor
1542 1197 1707 1251 totius
1736 1195 1904 1251 orbis.

589 1293 732 1363 Ergo
768 1310 892 1347 vera
930 1293 1082 1357 fides,
1110 1308 1272 1361 quam
1301 1300 1353 1344 tu
1382 1306 1597 1360 semper
1636 1289 1871 1353 coluisti,

585 1384 662 1436 'l'e
691 1386 868 1437 trahat
900 1385 964 1437 ad
993 1383 1192 1437 Christi
1224 1382 1489 1451 requiem,
1521 1396 1707 1449 quam,
1737 1379 1940 1443 Brimo,
1969 1376 2170 1448 petisti.

829 1474 886 1527 S.
924 1475 1084 1528 Pauli
1115 1485 1281 1538 (ipost.
1316 1472 1700 1526 Lundoniensis
1732 1472 1901 1543 (393).

580 1565 705 1619 121.
738 1565 896 1621 Tanti
928 1567 1070 1620 fama
1102 1567 1199 1620 viri
1231 1565 1422 1620 dill'usa
1454 1565 1551 1619 sub
1584 1565 1768 1617 ultima
1796 1563 1979 1617 mundi

578 1657 795 1711 Excitat
825 1659 1078 1714 ardentes
1109 1659 1161 1712 in
1192 1659 1351 1726 digna
1384 1659 1691 1727 precamina
1730 1664 1955 1718 mentes,

579 1749 667 1815 Et,
699 1749 847 1816 licet,
881 1760 937 1805 ut
964 1752 1200 1820 quimus,
1234 1750 1504 1818 complere
1532 1748 1700 1817 petita
1740 1747 1991 1807 velimus.

578 1841 719 1897 Vota
746 1844 1097 1912 probatorum
1135 1842 1336 1911 passim
1362 1841 1629 1910 promissa
1661 1841 1900 1893 virorum

576 1932 685 1989 Nos
733 1950 830 2004 pro
883 1950 1040 2004 posse
1093 1943 1346 1999 monent,
1391 1932 1673 1986 Dominum
1707 1945 2010 1985 memorare
2038 1928 2171 1983 Bru-

1738 2014 1747 2021 ’
1851 2023 2095 2096 lunonem,

644 2115 1047 2187 Decessumq'ie
1069 2117 1147 2172 sui
1181 2116 1362 2170 missis
1388 2114 1663 2170 celebrare
1696 2115 2009 2185 quotannis.

571 2208 953 2264 Archidiacoui
1024 2208 1355 2278 Reugerius,
1413 2207 1717 2271 Walterus,
1773 2206 2162 2273 Quintilianus,

571 2300 880 2367 Bobertus,
916 2302 1311 2369 Durandusque
1355 2299 1742 2364 scholasticus,
1787 2298 2159 2364 'fheobaldus,

574 2394 843 2459 Arturus,
874 2394 1161 2460 cmterique
1197 2407 1385 2446 omnes
1414 2390 1655 2445 canonici
1696 2391 1937 2445 ecclesiae
1985 2391 2157 2446 sancti

570 2484 721 2537 Pauli
749 2483 1143 2538 Lundoniensis
1168 2483 1469 2538 salutamus
1495 2482 1843 2551 fraternaque
1866 2483 2157 2538 dilectione

571 2575 914 2644 impertimus
943 2575 1197 2629 eremitas
1236 2574 1482 2629 ecclesia:
1526 2584 1728 2629 saneta:
1759 2574 1848 2627 Dei
1879 2573 2159 2644 genitricis

571 2665 755 2720 Mariae
780 2665 972 2721 Turris
1002 2666 1287 2731 Calabriae,
1322 2665 1780 2735 concedimusque
1810 2673 1867 2717 ut
1898 2662 2153 2733 petiiStis,

568 2758 999 2812 anniversarium
1052 2756 1167 2811 ﬁeri
1210 2756 1434 2825 singulis
1488 2756 1644 2810 anuis
1694 2756 1991 2810 rcverendo
2038 2772 2153 2809 ma-

567 2850 737 2919 gistro
770 2849 987 2903 domino
1024 2847 1265 2919 Bruuoni
1295 2863 1452 2903 servo
1493 2847 1585 2901 Dci
1618 2848 1934 2916 cunctisque
1965 2847 2151 2901 fratri-

564 2943 665 2996 bus
708 2941 941 2996 comobii
988 2942 1156 2995 vestri
1196 2940 1371 3010 pridie
1400 2938 1579 2996 Nonas
1618 2940 1905 3000 Octobris;
1942 2939 1992 2993 id
2023 2955 2151 2993 con-

560 3031 823 3085 cessimus
866 3029 1081 3100 publico
1122 3045 1387 3085 consensu
1438 3028 1663 3083 fratrum
1702 3038 2011 3082 n0strorum
2053 3045 2149 3083 no-

561 3138 794 3192 menque
839 3123 956 3193 ejus
1001 3122 1309 3176 nominibus
1356 3120 1583 3175 fratrum
1641 3110 1951 3175 nostrorum
1986 3122 2147 3175 ascri-

559 3215 765 3291 psimus
797 3214 850 3268 in
881 3214 1195 3268 memoriam
1227 3213 1496 3282 praedicta:
1523 3213 2073 3268 commemoratiouis.

810 3305 870 3360 S.
906 3306 1053 3360 Petri
1085 3304 1427 3360 Cassellensis
1466 3304 1695 3359 ecclesia:
1728 3304 1898 3375 (⁸594).

559 3394 685 3448 ίῖἓ.
717 3393 989 3449 Brunonis
1021 3410 1236 3449 vermes
1264 3410 1487 3449 carnem
1514 3402 1811 3465 pascuntur
1840 3394 2107 3460 inermes,

557 3486 703 3542 Proh
732 3487 911 3543 dolor!
945 3488 1197 3543 immensi
1222 3504 1316 3543 vas
1342 3504 1535 3543 sensus
1568 3499 1623 3542 et
1654 3487 1925 3542 bonitatis.

556 3576 675 3632 Non
706 3587 884 3633 tamen
914 3588 996 3634 est
1019 3579 1163 3644 inde,
1199 3580 1339 3650 quod
1365 3578 1565 3644 defleo;
1596 3594 1721 3633 nam
1746 3577 1876 3632 mihi
1904 3586 2140 3645 constat,

558 3667 711 3721 Illum
739 3677 1048 3723 sanctorum
1080 3670 1389 3735 concivem,
1423 3669 1517 3724 sed
1544 3669 1670 3739 quia
1697 3677 1873 3723 conus

558 3760 733 3830 ipsius
766 3772 960 3817 niteret
988 3763 1228 3832 privatus
1250 3763 1408 3817 Patre
1436 3763 1687 3833 benigno.

834 3856 895 3909 δ.
925 3854 1113 3910 Maria:
1139 3856 1494 3910 Atrebalensis
1518 3857 1653 3910 sedis
1685 3855 1855 3929 (595).

559 3943 683 3998 125.
717 3942 831 3999 Lux
860 3954 1064 4001 aeterna
1098 3946 1267 4015 Deus,
1296 3956 1495 4017 praeter
1523 3962 1684 4017 quam
1715 3948 1791 4003 nil
1819 3949 1962 4005 valet
1986 3965 2104 4006 esse
2124 3992 2138 4019 ,

558 4091 681 4149 men
712 4085 894 4146 postea
920 4078 1148 4149 accepit,
1178 4079 1231 4134 in
1278 4088 1460 4136 castro
1506 4079 1693 4136 Ganda
1734 4082 1799 4137 ad
1845 4082 2057 4139 Scaldis
2087 4096 2141 4140 et

554 4146 732 4218 Legi-ae
764 4164 856 4204 seu
888 4148 1025 4204 Lisae
1052 4146 1384 4206 confluentes
1412 4151 1608 4206 s:eculo
1646 4169 1719 4206 vn
1747 4169 1775 4207 a
1807 4153 1863 4207 S.
1896 4156 2140 4209 Amando

555 4217 831 4291 conditum
860 4219 993 4284 fuit;
1027 4233 1149 4291 post
1185 4223 1363 4276 varias
1409 4232 1589 4275 autem
1615 4223 2014 4280 vicissitudines
2041 4240 2140 4280 sae-

554 4288 675 4364 culo
707 4289 921 4364 tandem
952 4288 1041 4347 xvi
1068 4310 1096 4346 a
1120 4301 1260 4364 statu
1285 4294 1521 4364 regulari
1552 4295 1961 4364 (monachorum
1994 4298 2137 4350 enim

552 4357 1027 4433 Benedictinorum
1058 4363 1197 4433 erat)
1228 4363 1293 4416 ad
1322 4357 1519 4418 statum
1546 4357 1929 4420 canonicorum
1961 4382 2135 4421 samu-

1421 261 1479 318 S.
1520 258 1866 319 BRUNOMS
1906 251 2549 316 CARTllUSlANORUM
2589 254 3073 314 INSTITUTORIS

2215 376 2260 433 Α
2289 367 2390 435 Qui
2423 370 2578 426 nobis
2606 371 2773 425 voluit
2805 372 2951 427 nasci
2984 373 3050 426 de
3076 368 3281 425 semine
3306 367 3473 435 Iesse,

2289 459 2610 532 Participem
2636 462 2803 516 faciat
2837 474 2912 528 te,
2938 464 3144 526 Bruno,
3169 477 3281 516 sua:
3310 462 3571 528 bonitatis,

2289 549 2390 616 Qui
2418 549 2537 606 fons
2566 552 2863 607 multilluus
2890 562 2971 608 est
3002 554 3248 607 miriﬁca:
3279 554 3511 623 pietatis.

2851 644 3002 696 Alius
3052 646 3309 713 ejusdem.

2287 732 2409 786 124.
2444 733 2648 798 Rectze,
2674 734 2877 799 Bruno,
2910 736 3010 789 via:
3036 737 3141 790 dux
3177 746 3232 790 et
3259 737 3379 791 fons
3406 738 3711 809 philosophia

2356 823 2470 880 Non
2500 826 2660 881 aliter
2689 828 2897 893 docuit,
2930 829 3111 884 vivere
3133 845 3295 900 quam
3328 831 3545 885 studuit.

2285 916 2419 971 Dum
2447 920 2585 974 bene
2618 921 2847 975 vivendo
2880 923 3027 987 fecit,
3060 924 3425 993 quodcunque
3465 926 3696 997 loquendo

2356 1013 2450 1065 Vir
2480 1014 2652 1069 bonus
2680 1016 2937 1082 ostendit,
2969 1017 3187 1071 cmlitus
3213 1019 3455 1073 emicuit.

2286 1102 2439 1160 Unde
2460 1106 2561 1160 sibi
2594 1122 2801 1161 merces
2830 1107 3066 1162 donetur
3095 1108 3264 1179 gloria
3293 1124 3484 1178 pcrpee

2348 1196 2426 1250 Ac
2456 1196 2710 1251 diuturna
2739 1199 2896 1267 quies
2922 1210 2975 1253 et
3005 1199 3123 1253 sine
3153 1209 3312 1254 nocte
3336 1201 3472 1255 dies.

2422 1288 2483 1343 S.
2533 1287 2746 1343 Vedaui
2789 1290 3057 1345 Nobiliaci
3086 1293 3304 1345 ρωποι)ξί
3331 1293 3521 1347 scholw
3544 1296 3682 1367 (396).

2279 1378 2403 1434 125.
2432 1380 2611 1435 Ploret
2642 1382 2750 1435 vita
2782 1382 2928 1435 brevi
2962 1384 3102 1438 serie
3130 1384 3273 1452 quod
3318 1395 3549 1439 transeat
3575 1394 3679 1453 arvi;

2278 1469 2498 1527 Transit
2527 1474 2696 1539 enim,
2728 1476 2987 1544 quidquid
3008 1473 3119 1543 jam
3144 1490 3386 1543 prasens
3418 1480 3636 1533 cernitur
3657 1498 3757 1539 esse.

2278 1562 2371 1617 Sic
2395 1563 2547 1618 decet
2568 1606 2583 1631 ,
2628 1565 2788 1635 idque
2818 1568 2982 1636 petit,
3020 1569 3164 1636 quod
3194 1568 3358 1622 habet
3389 1580 3568 1623 natura
3602 1589 3777 1632 necesse.

2274 1653 2458 1709 Gloria
2488 1665 2597 1710 stat.
2630 1671 2831 1722 rerum,
2867 1659 3003 1728 perit
3033 1659 3147 1714 bare
3183 1661 3234 1714 in
3270 1670 3508 1731 tempore
3536 1664 3654 1719 ﬁnis.

2205 1722 2248 1782 Β
2280 1743 2363 1797 Nil
2393 1745 2557 1799 habet
2587 1722 2883 1809 aeternum;
2900 1746 3000 1800 nisi
3033 1749 3142 1802 sint
3174 1722 3473 1803 imitamina
3503 1754 3621 1806 veri.

2276 1836 2418 1907 Ergo
2447 1838 2693 1908 quisquis
2724 1840 2884 1893 homo
2911 1840 3029 1894 vult
3053 1841 3290 1909 prudens
3314 1855 3435 1897 esse
3464 1844 3633 1908 videri,

2275 1928 2473 1999 Diligat
2509 1930 2621 1984 luce
2650 1938 2882 1994 tantum,
2911 1945 3029 1998 qute
3052 1940 3178 1986 sunt
3204 1932 3306 1986 sibi
3334 1932 3471 1987 dona
3503 1935 3678 1990 salutis.

2274 2019 2331 2071 Si
2363 2019 2497 2072 bene
2528 2028 2676 2073 stant
2705 2035 2870 2085 curm,
2910 2020 3047 2074 bona
3080 2020 3215 2076 lucis
3242 2023 3473 2076 amando
3497 2022 3664 2081 futurae

2270 2106 2387 2162 Non
2414 2118 2666 2178 procuret
2688 2124 2776 2173 ea,
2805 2125 2925 2178 qua:
2954 2110 3034 2165 sic
3065 2111 3299 2181 fugiunt,
3331 2111 3472 2167 velut
3493 2130 3627 2168 aura.

2268 2198 2537 2269 Quidquid
2569 2200 2731 2255 habet
2764 2200 3017 2265 mundus,
3043 2210 3126 2255 est
3155 2203 3402 2270 quaedam
3424 2205 3588 2273 captio
3613 2209 3770 2273 mentis,

2271 2288 2340 2343 Ut
2367 2290 2591 2341 seducat
2619 2304 2765 2354 eam,
2796 2305 3014 2358 semper
3043 2290 3170 2361 vigil
3199 2308 3291 2347 ars
3325 2293 3539 2347 inimici.

2262 2376 2356 2432 llle
2384 2376 2468 2431 leo
2497 2378 2733 2449 rugiens,
2763 2395 3034 2448 qumreus,
3063 2397 3225 2451 quem
3254 2382 3500 2447 devoret,
3530 2386 3676 2440 hostis

2262 2468 2553 2539 Nunquam
2588 2472 2873 2535 dormitat,
2906 2488 3005 2527 nec
3035 2482 3260 2542 prmstat
3289 2477 3518 2530 membra
3540 2479 3699 2547 quieti.

2260 2558 2559 2626 lrrequieta
2592 2570 2774 2615 manet
2805 2562 2981 2616 omnis
3015 2578 3108 2617 sua
3136 2579 3265 2617 cura
3296 2580 3393 2634 per
3429 2567 3595 2632 horas,

2260 2649 2368 2705 Nec
2394 2650 2554 2705 habet
2582 2666 2833 2706 occasum
2859 2651 3137 2717 furorhic,
3177 2670 3276 2710 nec
3310 2673 3338 2710 s
3359 2673 3462 2709 acra
3497 2658 3717 2713 voluntas.

2259 2741 2432 2807 Unde,
2462 2759 2611 2811 rogo,
2634 2759 2850 2809 caveas,
2874 2744 3054 2809 homo,
3091 2761 3157 2799 ne
3191 2748 3424 2801 tenearis
3442 2748 3506 2801 ab
3541 2749 3637 2803 illo.

2257 2834 2432 2890 Mente
2462 2837 2558 2890 sed
2588 2836 2823 2891 intentus
2842 2838 3054 2908 superis
3071 2849 3127 2893 et
3148 2840 3398 2895 sensibus
3421 2856 3571 2897 omne

2254 2925 2541 2995 Impendas
2567 2928 2828 2994 studium,
2862 2943 2988 2984 vero
3013 2945 3121 3000 quo
3149 2929 3367 2987 functus
3389 2933 3598 2999 honore,

2254 3018 2444 3072 Divino
2480 3034 2693 3091 semper
2717 3036 2956 3091 puroque
2979 3020 3176 3079 fruaris
3210 3040 3413 3081 amore.

2198 3114 2219 3136 ⁴
2254 3108 2466 3180 Deperit
2488 3125 2667 3176 omne,
2713 3114 2856 3181 quod
2884 3122 2989 3178 cst,
3018 3114 3236 3184 sapiens
3261 3116 3418 3171 simul
3445 3118 3755 3189 insipiensque,

2250 3201 2476 3272 Pauper,
2520 3204 2691 3273 inops,
2723 3205 2893 3269 dives,
2928 3220 3064 3274 quos
3085 3207 3205 3262 vilis
3227 3212 3459 3281 contegit
3487 3229 3627 3277 urna,

2248 3294 2392 3363 Lege
2411 3296 2808 3365 necissumpta,
2831 3297 2913 3351 sic
2956 3296 3089 3351 fiunt
3122 3299 3300 3369 pulvis
3324 3312 3377 3356 et
3413 3317 3550 3356 ossa.

2248 3383 2428 3439 Justus
2454 3385 2588 3449 obit,
2626 3386 2872 3440 moritur.
2912 3387 3106 3457 Aliquo
3134 3388 3192 3442 lit
3215 3390 3443 3446 crimine
3482 3392 3639 3457 laesus,

2246 3473 2358 3530 Nec
2389 3485 2540 3530 caret
2571 3477 2776 3531 macula
2803 3479 3079 3533 communi
3110 3479 3228 3551 lege
3257 3491 3492 3537 creatus.

2246 3564 2401 3621 Cedit
2433 3566 2577 3620 enim
2608 3568 2761 3632 sorti,
2790 3568 3050 3623 nimirum
3091 3587 3253 3639 quam
3281 3584 3434 3642 pater
3456 3575 3611 3630 Adam

2248 3657 2349 3712 Per
2381 3670 2610 3714 matrem
2636 3660 2852 3724 meruit,
2888 3676 3047 3732 quam
3099 3662 3279 3721 littera
3317 3668 3713 3726 nomiuatEram.
3816 3684 3817 3729 ι

2248 3750 2394 3809 Mens
2434 3768 2551 3809 mea
2592 3753 2715 3810 dum
2750 3757 2998 3826 queritur
3039 3773 3201 3829 super
3238 3762 3344 3828 his,
3369 3779 3461 3834 per
3481 3766 3615 3835 plura
3651 3779 3750 3835 vaga
3810 3750 3815 3835 ,l

3616 3855 3712 3927 Itur,

2242 3938 2432 4011 Ampla
2457 3940 2618 3996 nimis
2646 3943 2785 3998 ratio
2814 3956 2910 4013 per
2935 3952 3168 3999 mentem
3202 3944 3600 4017 multiplicatur.

2315 4075 2461 4147 (399.)
2489 4076 2644 4142 Puto,
2669 4077 2757 4131 hic
2781 4077 3051 4149 designari
3085 4081 3475 4135 monachorum
3501 4083 3751 4138 emnoliium.

2247 4149 2430 4217 operis
2466 4149 2636 4202 nostri
2703 4157 2847 4203 tomo
2900 4152 3223 4217 praecedenti
3255 4152 3307 4205 in
3341 4154 3685 4207 commentario
3709 4154 3751 4202 εισι

2248 4220 2535 4292 νίῑειιηᾷξ.
2592 4218 2843 4282 Gcrardi,
2900 4218 3287 4277 Brononiensis
3335 4223 3559 4287 abbatis,
3614 4223 3751 4292 prmio

2256 4306 2404 4343 num.
2424 4288 2528 4342 245
2560 4300 2939 4354 memoratum,
2958 4292 3099 4360 quod
3129 4292 3242 4358 jam
3265 4294 3389 4347 inde
3406 4310 3435 4346 a
3466 4288 3636 4348 saeculo
3657 4306 3751 4345 nouo

2242 4362 2623 4414 canonicorum
2653 4361 2993 4415 smcularium
3038 4361 3244 4416 factum
3281 4362 3470 4430 fuisse,
3501 4365 3664 4419 ibidem
3683 4363 3748 4416 do-

553 4429 748 4502 larium
780 4432 1014 4499 transiit,
1039 4429 1269 4502 cumque
1296 4434 1487 4489 deinde
1535 4436 1584 4489 in
1612 4451 1790 4490 arcem
1816 4446 2136 4492 converten-

2245 4431 2473 4485 cuimus.

553 4501 874 4576 d_u_m_esset,
917 4504 971 4557 hi
1000 4504 1067 4558 ad
1098 4505 1155 4559 S.
1185 4501 1446 4576 Johannis
1478 4506 1753 4576 basilicam
1807 4518 1934 4563 tunc
1972 4522 2134 4576 paro-

555 4571 809 4635 chialem,
830 4589 975 4627 nunc
999 4589 1126 4629 vero
1150 4575 1539 4642 cathedralem,
1560 4574 1617 4630 S.
1641 4576 1887 4641 Buvonis,
1917 4571 2137 4632 nomine

554 4642 814 4715 J‘oltonnis
836 4644 1098 4712 deposito,
1149 4645 1490 4715 appellatam,
1544 4647 1990 4715 commigrarunt,
2045 4663 2136 4701 ca-

557 4712 802 4768 thedrale
863 4715 1115 4784 deinceps
1168 4712 1232 4768 in
1270 4717 1372 4770 hac
1434 4712 1774 4785 episc0patus
1809 4716 2131 4783 Gandensis,

554 4798 745 4856 recens
777 4787 1115 4856 tuncerecti,
1139 4787 1524 4841 canonicorum
1554 4787 1835 4856 collegium
1870 4789 2134 4845 constitu-

554 4855 681 4906 turi.
737 4855 836 4908 Adi
895 4855 1085 4924 Operis
1142 4858 1306 4909 nostri
1344 4866 1473 4908 tom.
1528 4856 1545 4909 Ι
1600 4855 1848 4912 Octobris
1895 4858 2132 4913 Gloriatu

551 4924 894 4991 posthumam
947 4927 1003 4979 ὃ.
1057 4927 1287 4979 Bavonis
1324 4926 1435 4995 §5,
1491 4928 1565 4979 uti
1615 4928 1777 4981 etiam
1830 4930 2131 4982 Sauderum

553 4997 750 5048 lterum
793 4995 1065 5049 Gandcns.
1102 4996 1195 5048 lib.
1222 5010 1317 5064 71v,
1349 5013 1470 5064 cap.
1520 4995 1554 5047 5
1592 5006 1645 5050 et
1689 4997 1874 5050 Gallia:
1929 4999 2130 5053 Christ.

554 5073 701 5137 auct.
732 5067 1029 5137 scriptores
1056 5075 1182 5118 tom.
1219 5063 1284 5129 V,
1320 5063 1427 5119 col.
1454 5066 1545 5119 l7!
1583 5076 1637 5120 et
1669 5068 1842 5122 tribus
1869 5084 2021 5137 seqq.

622 5136 771 5217 (591)
799 5134 936 5217 Cum
1004 5136 1179 5217 locum
1239 5151 1475 5217 sacrum,
1525 5138 1615 5205 qui
1664 5137 1765 5217 ita”
1792 5134 2127 5217 nominetur,

549 5214 728 5274 neque
752 5205 806 5259 in
836 5205 1130 5259 Monastico
1153 5206 1473 5275 Anglicano,
1493 5223 1665 5275 neque
1679 5206 1804 5261 alibi
1834 5209 2128 5273 inveniam,

549 5286 701 5342 puto,
728 5275 969 5348 in‘illius
1024 5275 1381 5348 scriptionem
1424 5278 1676 5348 tuendum
1711 5279 1797 5332 hic
1821 5279 2127 5348 irrepsisse,

550 5341 1153 5415 proqueiConnatrensis—
1199 5346 1479 5415 legendum
1520 5341 1949 5413 Convenlrensis}
1975 5350 2046 5402 ita
2073 5360 2130 5403 ut

550 5414 982 5491 hic_designetur
1032 5414 1354 5491 cathedralis
1380 5417 1566 5491 _hujus
1603 5420 1835 5491 nominis
1862 5421 1914 5474 in
1937 5421 2128 5491 Anglia

551 5483 805 5558 ecclesia,
831 5497 973 5558 quze,
998 5485 1351 5540 sanctissima:
1380 5483 1761 5543 Dei'Genitrici
1798 5483 2126 5558 nuncupata,

552 5551 611 5606 S.
645 5552 913 5626 Brn_r_io_uis
934 5561 1090 5626 {etate
1144 5564 1226 5626 est
1276 5558 1562 5626 antiquior.
1613 5559 1711 5613 Adi
1762 5551 2125 5614 Mabilloiiium

553 5631 686 5703 tom.
716 5621 783 5703 Ill
810 5620 1006 5703 Annal.
1034 5622 1236 5680 Bened.
1272 5620 1719 5703 li_l_i..iiwii,inuni.
1745 5630 1842 5703 69,
1865 5641 1919 5688 et
1944 5630 2127 5687 Mona-

554 5692 729 5747 sticon
751 5690 1105 5767 Anglicanam
1133 5704 1263 5752 tom.
1299 5690 1359 5766 ll,
1391 5714 1511 5773 pag.
1534 5690 1660 5758 128.

2312 4503 2459 4576 (593)
2489 4501 2827 4556 Catbedralis
2864 4500 3223 4558 Londinensis
3270 4504 3322 4557 in
3356 4505 3537 4576 Anglia
3587 4502 3747 4557 ecclesia

2328 4574 2489 4646 Paulo
2535 4587 2689 4646 sacra
2730 4580 2841 4637 est;
2892 4588 3064 4642 quare
3113 4577 3179 4629 ad
3217 4576 3359 4631 hanc
3395 4570 3521 4646 puto
3569 4584 3747 4645 spectare

2239 4642 2472 4695 'l‘itulnm
2507 4645 2826 4710 sulqectum.

2309 4712 2456 4786 (39f)
2499 4715 2807 4786 Casletum,
2845 4712 3113 4786 Flandrize
3160 4716 3512 4771 occidentalis
3541 4715 3744 4786 oppidum.

2237 4783 2600 4857 quodGalliee
2627 4794 2680 4857 et
2702 4783 2992 4857 lt‘landriee
3014 4785 3193 4857 (lasset
3240 4789 3554 4857 appellatur,
3571 4783 3743 4857 limoque

2238 4855 2305 4907 ab
2338 4855 2422 4927 iis.
2456 4856 2566 4927 qui
2597 4854 2897 4927 subjectum
2947 4856 3184 4909 Titulum
3247 4853 3533 4927 scripsere,
3573 4853 3743 4927 Gaudia

2237 4941 2332 4978 seu
2369 4924 2658 4978 Cassellum
2690 4924 2877 4978 Latine
2904 4927 3008 4980 dici
3039 4927 3232 4995 potuit,
3260 4924 3399 4983 duas
3436 4931 3585 4983 habet
3627 4926 3742 4978 colle-

2274 4996 2407 5048 iatas
2463 4996 2745 5059 ecclesias,
2803 5012 3033 5063 quarum
3077 4998 3245 5053 altera
3303 5000 3364 5053 S.
3422 4999 3592 5061 Petri,
3626 4995 3740 5047 altera

2236 5064 2295 5141 β.
2324 5065 2511 5141 Muriw
2564 5074 2929 5141 nuncupatur;
2966 5077 3021 5141 ut
3049 5068 3276 5135 proinde
3329 5071 3556 5141 priorem
3600 5081 3651 5119 ex
3688 5064 3741 5116 bis

2236 5136 2644 5211 Ιιίίτέξεςξίεηθή,
2672 5137 2751 5189 fas
2778 5137 2847 5211 sit
2872 5136 3172 5211 conjicere.
3329 5136 3347 5141 ⁷
3653 5205 3661 5211 _
3709 5204 3715 5211 ι

2305 5206 2452 5276 (395)
2479 5208 2849 5261 Atrebateusis
2879 5208 3205 5264 catliedralis
3234 5211 3488 5275 ecclesia,
3524 5205 3737 5264 sanctissiv

2232 5277 2460 5351 ωας-ζωῇ
2488 5276 2747 5351 Genitrici
2773 5292 2945 5351 saera,
2977 5279 3201 5351 indubie
3228 5280 3319 5335 hic
3363 5284 3663 5351 designatur.

2308 5347 2459 5420 (596:)
2506 5348 2873 5420 Atrebatense
2896 5348 2953 5401 S.
2988 5348 3207 5420 Vedasti
3240 5340 3736 5420 nionasterium,qt_tol

2230 5414 2383 5487 prius
2407 5417 2741 5489 Nobiliacnm
2791 5418 2995 5489 dictum
3047 5418 3169 5484 fuit,
3205 5422 3405 5476 smculo
3449 5420 3645 5489 septimo
3670 5414 3737 5489 luit

2230 5497 2621 5561 constructum.
2655 5487 3016 5542 Dubitandum
3042 5490 3225 5558 itaque
3265 5508 3373 5546 non
3401 5487 3617 5561 apparet,
3644 5487 3735 5554 quin

2232 5558 2492 5627 ascbola,
2514 5573 2673 5626 quam
2705 5574 2802 5627 pro
2828 5575 2997 5623 more,
3030 5562 3228 5614 saeculo
3256 5558 3736 5627 duodeigiinoiuemlle
3768 5610 3769 5627 ξ

2231 5624 2451 5701 usitato,
2486 5624 2871 5701 monasterium
2903 5631 3033 5687 illud
3086 5632 3427 5701 instituebat,
3453 5624 3735 5687 ’l‘itulussub-
3766 5678 3767 5701 ξ

2224 5700 2400 5771 jectus
2423 5699 2765 5770 processerit.

3769 5501 3771 5583 Α

3768 5610 3769 5663 l

3764 5694 3767 5751 pl

3764 5774 3765 5825 ι

3762 5850 3763 5905 l

3760 5936 3761 5985 ι

3756 5996 3759 6065 l

3756 6074 3757 6126 ι
