3860 6326
151 245 240 303 589

150 362 285 435 Clqu
305 366 455 430 pater
511 356 718 424 Bruno,
764 365 913 427 peto,
947 356 1019 412 sit
1048 356 1144 413 tibi
1183 356 1294 412 vita
1324 355 1613 427 perennis,

155 452 288 506 Dicat
313 451 482 505 Amen
511 448 757 519 quisquis
782 449 916 504 mibi
942 448 1317 519 respondendo
1344 448 1535 503 fidelis.

714 539 865 594 Alius
895 540 1153 611 ejusdem.

156 634 258 691 ηδ.
287 633 487 688 Lumen
518 644 573 689 et
600 632 733 687 ordo
772 633 871 687 via:
898 633 1143 689 ducentis
1189 644 1259 688 ad
1301 632 1408 688 alta
1443 632 1647 703 sophiae

151 725 351 789 Occidit,
373 723 498 778 hinc
516 723 717 778 cedens
740 732 945 779 natura:
984 723 1166 779 Bruno
1200 724 1461 779 recedens

154 816 231 869 Pat
256 812 465 883 pecudis
479 811 670 867 brutae.
700 809 841 879 Tibi,
873 811 1079 880 Bruno,
1100 814 1359 883 magister
1383 821 1572 878 acute,

157 908 297 964 \‘iluit
330 905 413 960 bic
434 904 568 960 ﬂore
596 905 848 971 mundus,
894 904 1178 975 sterilique
1205 906 1425 961 decore.

154 999 259 1055 Flos
280 998 372 1052 fuit
398 998 450 1051 in
479 996 623 1062 leno,
657 997 830 1066 viguit
855 998 959 1053 sub
982 997 1094 1052 sole
1127 1010 1342 1061 sereno,

156 1095 268 1147 Dum
297 1100 383 1144 tua
408 1096 682 1154 cantaret,
708 1088 889 1143 studio
915 1089 1043 1144 dum
1075 1103 1229 1142 musa
1259 1096 1501 1151 vacaret,

158 1186 268 1238 Dum
293 1183 444 1238 modo
469 1182 694 1237 lactaret
717 1181 939 1247 Remos,
968 1180 1129 1237 modo
1160 1196 1298 1252 pane
1313 1181 1517 1236 cibat-et
1542 1177 1710 1251 (597).

157 1280 268 1333 lliuc
294 1286 491 1339 tamen,
533 1273 756 1345 abjeetis
804 1275 998 1345 opibus
1058 1274 1359 1344 studiisque
1408 1271 1643 1344 rejectis.

152 1372 351 1425 Clausus
375 1373 425 1423 in
455 1371 690 1423 obscuro
719 1368 912 1423 frueris
937 1366 1212 1423 labamine
1239 1368 1397 1430 duro,

155 1462 318 1530 Nilque
345 1476 578 1530 sequens
605 1460 785 1514 Bruno
813 1458 1043 1523 varium,
1076 1457 1331 1514 fundatus
1353 1457 1410 1512 in
1436 1473 1570 1519 uno,

154 1555 230 1610 Sic
243 1554 415 1617 Pater,
434 1568 468 1608 ο
492 1552 858 1622 Bruno,capis
870 1567 1036 1605 unum
1059 1551 1329 1623 captusab
1346 1566 1451 1605 uno
1474 1549 1642 1622 (598).

748 1640 994 1699 SECTIO
1032 1643 1100 1698 γ.

243 1735 442 1789 Titulus
483 1733 544 1791 8.
582 1733 771 1789 Maria:
802 1733 1134 1789 Jlorlivensis
1157 1732 1390 1787 ecclesite
1425 1733 1601 1803 (599).

159 1826 259 1880 197.
289 1826 497 1881 Floruit
520 1826 573 1881 in
604 1825 805 1880 mundo
831 1826 914 1881 vir
939 1823 1175 1896 prudens
1211 1839 1309 1880 ore
1350 1823 1631 1895 profundo.

155 1917 288 1972 Utilis
312 1927 396 1972 est
429 1915 604 1971 forma
629 1931 749 1971 sors
770 1915 887 1984 ejus
915 1924 970 1971 et
987 1916 1177 1970 ultima
1216 1930 1430 1970 norma.

155 2009 297 2064 Scirit
323 2009 469 2063 enim
499 2021 649 2072 vere,
684 2007 942 2062 mundum
960 2022 1066 2063 non
1091 2021 1251 2077 posse
1285 2018 1535 2060 manere.

153 2102 368 2157 Calcavit
388 2101 554 2157 ﬂores
579 2102 717 2172 ejus,
745 2100 1071 2170 contempsit
1109 2100 1366 2154 honores.

154 2196 285 2249 Nunc
316 2197 537 2267 requies
565 2196 669 2251 sibi
696 2195 790 2261 sit,
822 2195 1081 2265 quoniam
1115 2208 1271 2248 sacra
1303 2190 1503 2262 pagina
1537 2187 1673 2243 dixit
1700 2204 1716 2241 :

154 2288 248 2344 Non
275 2300 354 2345 est
382 2292 645 2345 damnosa
678 2304 824 2344 mors
846 2286 1003 2359 justi,
1043 2286 1138 2342 sed
1161 2286 1436 2356 pretiosa;

153 2381 309 2437 Brimo
336 2381 676 2438 Hierusalem
708 2380 1031 2436 conscendit
1064 2377 1433 2450 spiritualem.

213 2474 308 2529 SS.
337 2474 481 2528 Petri
505 2484 555 2528 et
579 2472 856 2545 Augustini
887 2472 1176 2543 Anglorum
1220 2465 1444 2539 apostoli
1478 2467 1645 2539 (400).

154 2568 260 2623 128.
289 2570 467 2623 Bruno
498 2568 585 2639 pia
611 2569 717 2621 vita
745 2566 885 2623 coelo
911 2567 1060 2621 vivas
1085 2565 1335 2620 eremita.

154 2657 481 2712 lleddidimus
512 2657 734 2722 vestris,
764 2656 1063 2712 reddantur
1098 2654 1280 2708 debita
1312 2653 1542 2709 nostris.

394 2750 461 2806 S.
492 2750 760 2804 Edmundi
803 2751 937 2819 regis
986 2749 1232 2820 martyris
1260 2748 1434 2820 (Mil).

155 2841 263 2895 ιξςι.
295 2840 515 2896 Transit
550 2841 618 2895 ab
643 2843 744 2895 bac
766 2841 876 2896 vita
901 2840 1083 2895 Bruno
1108 2848 1262 2910 pater
1295 2855 1359 2894 ac
1381 2854 1427 2893 e:
1445 2838 1607 2894 emita
1629 2879 1645 2904 ,

212 2930 465 2983 'franseat
493 2929 547 2982 in
566 2928 815 2999 requiem
837 2927 1061 2998 Spiritus
1091 2925 1207 2995 ejus
1234 2943 1249 2983 :
1281 2926 1473 2982 Amen.

696 3016 849 3071 Alius
883 3016 1145 3087 ejusdem.

152 3105 497 3161 13).Annuat
533 3107 662 3161 huic
693 3107 955 3162 Dominus
981 3105 1225 3161 Bruuoni
1265 3106 1461 3176 gaudia
1495 3121 1680 3173 verus,

156 3200 363 3268 Agmina
386 3210 724 3264 sanctorum,
748 3199 838 3269 qui
863 3198 1103 3254 continet
1122 3196 1232 3253 alta
1246 3199 1480 3269 piorum.

151 3290 198 3345 S.
235 3292 414 3347 Mariis
475 3290 744 3362 Spalingte
800 3289 1142 3362 ecclesias.
1201 3287 1416 3345 Nicului
1473 3290 1721 3361 Autlcga-

729 3363 897 3416 censis
938 3360 1109 3433 (402).

154 3452 251 3507 l3l.
282 3453 337 3507 in
369 3451 577 3507 mundo
603 3450 790 3505 rutilat
817 3449 955 3517 solis,
972 3450 1135 3520 jubar
1150 3457 1207 3505 et
1223 3448 1498 3504 rutilandc

206 3547 413 3602 Transit
438 3556 496 3602 et
527 3546 741 3602 excedit
762 3545 943 3600 sidera
971 3544 1117 3601 clara
1146 3546 1288 3615 poli;

151 3637 223 3692 Sic
245 3649 296 3692 et
324 3637 595 3693 Brunonis
614 3636 880 3707 sapientia
908 3644 1054 3690 tanta
1089 3635 1318 3700 refulsit,

204 3728 337 3785 lntcr
358 3730 694 3784 Francorum
718 3728 895 3783 sidera
928 3727 1076 3784 solus
1107 3737 1167 3782 ut
1188 3728 1279 3784 hic

152 3819 616 3875 Essetcnnctorum
649 3820 749 3874 llos
781 3829 836 3874 et
885 3818 1007 3874 fons
1033 3820 1505 3891 philosophorum.

207 3912 320 3969 Flos
339 3913 622 3983 speciosus
646 3920 785 3977 erat,
821 3911 1049 3982 fonsque
1067 3912 1367 3983 profundus
1410 3923 1546 3968 erat.

153 4005 212 4060 Ex
241 4009 337 4064 hoc
366 4009 614 4063 manavit
638 4008 903 4077 sapientia
926 4015 1077 4061 tanta
1096 4021 1196 4078 per
1218 4008 1430 4072 orbem,

211 4101 271 4156 Ut
291 4117 429 4171 quos
453 4101 742 4163 imbueret,
776 4100 1131 4171 philosophos
1161 4099 1387 4156 faceret.

154 4190 395 4262 Splendor
420 4191 690 4247 sermonis
714 4191 885 4246 fuitet
911 4191 1001 4246 lux
1034 4191 1359 4261 relligionis,

204 4348 342 4417 (397)
377 4346 639 4401 Sanctum
676 4345 859 4401 Rem’s
886 4347 1091 4417 poesim
1120 4346 1404 4410 docuisse,
1429 4347 1555 4401 hinc
1585 4364 1714 4404 con-

153 4416 448 4471 cludendum
472 4426 714 4485 apparet.
738 4418 835 4469 Adi
870 4416 1067 4470 Comm.
1096 4433 1262 4487 przev.
1296 4435 1446 4472 num.
1480 4419 1567 4471 77.

219 4489 362 4558 (598)
396 4487 575 4541 Alludi
618 4487 829 4540 videtur
850 4495 903 4541 ct
950 4487 1037 4541 hic
1062 4489 1127 4541 ad
1150 4488 1287 4558 illud
1321 4488 1482 4543 Lucae
1513 4505 1565 4552 x,
1609 4489 1718 4544 42:

161 4575 174 4605 ι
203 4559 356 4681 Pori?
379 4575 554 4639 .nnum
578 4567 661 4613 est
691 4558 1079 4612 necessarium.
1112 4557 1279 4613 Maria
1315 4561 1575 4631 optimam
1598 4576 1721 4631 par-

161 4638 286 4681 iante
341 4638 440 4681 ett.
478 4648 496 4680 ι

156 4638 237 4682 ient
259 4638 440 4698 elegit.
478 4648 496 4680 ι

205 4699 341 4767 (599)
367 4698 507 4753 Cum
534 4698 730 4760 iocum,
759 4699 849 4767 qui
893 4714 987 4753 seu
1035 4698 1318 4754 Merlivum
1362 4715 1456 4755 seu
1490 4699 1715 4755 Morliva

157 4771 420 4837 incitetur,
479 4772 727 4837 nuspiam
781 4769 1084 4833 inveniam,
1137 4781 1390 4825 occurrat
1437 4780 1616 4825 autem
1663 4773 1715 4826 in

152 4835 405 4908 Britannia
464 4835 658 4892 Minori
708 4838 928 4903 civitas,
980 4855 1101 4908 qua:
1143 4840 1455 4905 Morlaaum,
1510 4840 1717 4897 Gallice

155 4907 365 4981 Mor/ais
428 4925 541 4981 seu
600 4908 866 4981 dlorlagix,
902 4907 1267 4981 nominatur,
1320 4911 1717 4981 ecclesiamqne

154 4980 483 5052 sanctissima:
508 4979 609 5052 Dei
650 4978 912 5052 Genitrici
954 4995 1197 5045 sacram,
1230 4981 1428 5046 habet,
1462 4978 1716 5052 spectare

154 5047 203 5099 ad
225 5050 354 5104 hanc
374 5049 973 5123 Titulttnt_sub_jectmn,
1000 5053 1308 5123 verusimile
1333 5047 1559 5121 apparet
1584 5070 1707 5123 per-

154 5130 416 5200 peramque
448 5120 586 5175 adeo
614 5119 945 5175 Horlivcnsis
976 5136 1073 5191 pro
1100 5119 1429 5178 Morla’cnsis
1459 5124 1547 5178 hic
1576 5119 1709 5180 exa-

156 5201 258 5244 rari.

207 5260 341 5331 μου)
395 5260 617 5335 insigne
665 5262 766 5335 hic
796 5271 928 5335 puto
982 5263 1253 5335 designari
1310 5263 1709 5322 Cantuariense

156 5334 539 5404 monasterium,
569 5332 713 5404 quod
737 5332 1173 5404 S.’Augustinus,
1206 5335 1618 5391 Cantuariensis
1653 5338 1705 5391 in
1784 5356 1789 5363 '

156 5396 313 5470 Anglia
331 5396 640 5473 episcopus,
667 5396 954 5473 Anglorum
978 5396 1257 5473 Apostolus
1288 5407 1615 5472 nominatus,
1640 5407 1708 5463 tle

158 5480 251 5542 quo
265 5474 397 5542 apud
428 5488 530 5527 nos
556 5472 623 5525 ad
667 5472 807 5526 diem
846 5474 917 5527 26
954 5472 1074 5529 Maii
1107 5488 1319 5540 actum,
1365 5478 1415 5529 in
1445 5478 1704 5533 honorem

160 5535 207 5616 S_.
233 5535 363 5616 Petri
396 5544 626 5616 apostoli
667 5543 975 5616 Cantuariae
1002 5547 1200 5599 sreculo
1230 5535 1456 5616 septimo
1483 5557 1702 5602 exstru-

160 5609 237 5690 xit.
264 5614 354 5690 Adi
379 5609 508 5690 tom.
535 5614 553 5667 ι
574 5613 1169 5690 Μοη-ίιξείςίμᾼιιεςιίεειιιίμ
1183 5609 1304 5690 pag:
1324 5617 1415 5688 25,
1440 5618 1516 5675 ιιιὶ
1539 5619 1703 5677 etiam

162 5683 310 5744 ουειιε
331 5685 497 5743 nostri
531 5695 662 5742 tom.
690 5682 755 5740 Vl
775 5683 926 5755 Maii,
955 5682 1078 5759 pag.
1110 5682 1232 5745 440.

1663 232 1847 293 ACTA

1746 358 1794 414 Α
1893 354 2020 428 Ejus
2044 356 2252 430 relligio
2282 359 2453 416 scitur
2476 360 2677 434 ubique
2698 363 2867 431 satis;

3304 246 3407 304 δοο

1818 448 1949 519 Ejus
1974 449 2219 505 doctrinm
2248 459 2375 506 sunt
2412 450 2543 508 facti
2575 462 2651 509 tot
2674 455 2968 525 sapientes,

1889 540 2037 608 Quos
2066 557 2185 597 mea
2216 559 2370 599 mens
2393 544 2642 600 neseitet
2674 560 2789 600 mea
2820 562 2995 616 penna
3018 556 3193 613 tacet;

1818 631 1949 701 Ejus
1979 633 2032 687 in
2054 633 2302 705 exemplo
2329 643 2457 690 sunt
2487 635 2639 690 multi
2667 636 2924 708 relligiusi

1894 722 1962 777 Et
1984 732 2288 780 sectatores
2313 725 2673 797 discipulique
2699 729 2898 783 crucis.

1817 815 1939 887 ipse
1974 832 2191 874 crucem
2217 818 2418 875 Christi
2458 821 2581 875 tulit
2602 830 2657 876 et
2679 836 2776 877 sua
2797 831 2996 879 cuneta
3022 821 3265 893 reliquit,

1891 910 2071 983 Seque
2098 914 2345 985 negando
2368 913 2469 969 sibi
2494 914 2694 986 profuit
2726 915 2840 985 ipse
2869 915 2993 971 sibi.

1823 1004 2007 1072 Dives,
2038 1006 2301 1070 famosus,
2343 1006 2609 1064 facundus
2632 1016 2684 1062 et
2719 1023 3017 1081 generosus

1893 1097 1950 1152 in
1970 1098 2172 1152 mundo
2202 1097 2385 1163 nituit,
2410 1098 2502 1152 sed
2526 1098 2626 1153 sibi
2652 1098 2947 1168 displicuit.

1819 1185 2047 1241 Mundus
2073 1186 2313 1257 etipsius
2344 1202 2432 1241 res
2456 1194 2513 1242 et
2538 1188 2811 1243 mundana
2854 1197 3098 1260 potestas

1889 1278 2006 1333 Non
2038 1278 2138 1335 sibi
2160 1278 2325 1334 chara
2353 1276 2752 1344 fuitpomnibus
2773 1280 3056 1337 abstinuit.

1820 1368 2011 1425 Nullus
2047 1384 2201 1425 amor
2228 1368 2311 1424 vel
2345 1369 2521 1425 honor
2545 1383 2783 1424 nocuere
2806 1368 2974 1424 Deum
3002 1369 3245 1432 sitienti;

1888 1458 1995 1515 Sed
2025 1458 2314 1530 qmerendo
2338 1458 2505 1513 Deum
2527 1458 2626 1513 fuit
2652 1456 2835 1530 [fugit]
2864 1457 2918 1512 in
2962 1458 3208 1512 exilium.

1821 1550 1989 1605 Exsul
2010 1560 2130 1607 erat
2165 1550 2377 1622 patria,
2402 1549 2519 1605 loca
2546 1549 2964 1620 praesidiumque
2986 1548 3170 1604 Maria:

1900 1640 2149 1697 Obtinuit
2169 1680 2185 1707 ,
2231 1639 2385 1712 cujus
2411 1639 2555 1695 filius
2576 1640 2692 1711 ipse
2718 1637 2839 1695 fuit.

1750 1712 1791 1767 Β
1820 1734 1968 1790 Felix
1996 1732 2151 1790 exsul
2175 1742 2314 1800 erat,
2345 1748 2506 1804 quem
2534 1733 2688 1805 virgo
2709 1732 2874 1789 Maria
2909 1733 3134 1803 recepit.

1895 1826 2019 1881 llzec
2048 1826 2147 1881 sibi
2181 1825 2446 1896 refugium
2470 1834 2692 1897 praestet
2718 1835 2773 1880 et
2796 1826 3057 1880 auxilium

1822 1919 1943 1974 Fiat
1967 1920 2014 1976 ei
2038 1929 2249 1990 portus,
2278 1918 2432 1989 cujus
2452 1917 2556 1973 fuit
2576 1919 2787 1990 integer
2816 1929 2967 1974 ortus

1892 2010 2063 2065 Filius
2086 2019 2352 2075 aeternus,
2379 2009 2451 2065 sit
2480 2010 2575 2065 tibi
2598 2020 2750 2065 certa
2778 2010 2947 2064 salus.

1822 2101 2111 2173 Religiosis
2137 2100 2398 2156 fratribus
2434 2101 2488 2155 in
2542 2100 2682 2165 loco,
2730 2100 2820 2170 qui
2853 2099 3045 2156 Turris
3076 2100 3408 2172 appellatur.

1825 2196 1936 2250 Deo
1990 2196 2183 2251 devote
2238 2193 2628 2250 famulantibus
2677 2194 3002 2251 Lambertns
3034 2196 3201 2253 abbas
3222 2206 3277 2253 et
3301 2207 3415 2255 tota

1824 2287 2171 2357 congregatio
2211 2285 2398 2341 Sancti
2453 2284 2656 2340 Nicolai
2697 2285 2928 2341 salutem
2958 2295 3012 2341 et
3042 2287 3415 2345 dilectionem.

1826 2376 2002 2431 Dolori
2060 2386 2247 2432 vestro
2288 2384 2344 2431 et
2398 2375 2718 2431 desolationi
2770 2376 3055 2431 charitatis
3114 2378 3417 2433 visceribus

1823 2467 2220 2536 contpatientes
2248 2466 2577 2536 dominoque
2615 2465 2853 2520 Brunoui
2891 2481 2958 2521 ex
2986 2467 3088 2522 hoc
3119 2467 3319 2523 mundo
3345 2470 3415 2524 a'l

1825 2557 2059 2624 Patrem,
2114 2566 2173 2612 ut
2223 2558 2517 2622 credimus,
2568 2558 2870 2613 transeunti
2903 2558 3311 2630 congaudentes
3362 2568 3413 2616 et

1827 2651 2167 2721 triumphalis
2200 2650 2406 2706 funeris
2430 2651 2676 2729 debitum
2709 2651 3054 2707 exsolventes
3087 2651 3254 2721 jnstis
3281 2650 3413 2721 peti-

1826 2744 2062 2800 tionibus
2092 2745 2286 2799 vestris
2307 2753 2362 2798 ct
2405 2744 2691 2799 desideriis
2721 2745 2856 2799 satis
2886 2742 3137 2810 facimus,
3171 2759 3411 2798 annuen-

1827 2846 1931 2901 tes,
1962 2848 2020 2891 ut
2056 2837 2200 2892 illius
2246 2836 2507 2907 depositio
2554 2837 2609 2890 in
2674 2835 3057 2908 Martyrologio
3107 2835 3414 2891 nominibus

1827 2926 2052 2981 fratrum
2095 2936 2411 2982 nostrorum
2454 2927 2870 2983 interscribatur
2920 2937 2971 2982 et
2994 2936 3255 2998 perpetua
3295 2940 3411 2984 me-

1827 3019 1999 3073 moria
2030 3018 2318 3073 recolatur.

2035 3107 2096 3165 S.
2124 3108 2311 3164 Maria:
2339 3111 2568 3164 ecclesiae
2606 3106 2987 3164 Lincolniensis
3016 3108 3185 3182 (ωδ).

1822 3202 1943 3259 152.
1980 3200 2245 3257 Transisti
2274 3202 2473 3256 mundo
2500 3216 2747 3266 securus,
2799 3203 3032 3258 maxime
3056 3203 3262 3268 Bruno,

1891 3294 2062 3364 Quem
2097 3296 2224 3367 quia
2266 3295 2538 3366 sprevisti,
2571 3295 2645 3350 nil
2669 3296 2918 3350 nocuisse
2943 3305 3097 3365 puto.

1821 3388 1898 3444 Te
1930 3388 2099 3444 voluit
2123 3387 2285 3443 rebus
2314 3387 2602 3443 fallacibus
2625 3386 2943 3457 illaquearc,

1892 3481 1999 3538 Sed
2025 3482 2119 3537 tibi
2145 3480 2484 3552 prospiciens
2507 3497 2610 3536 non
2639 3481 2788 3536 cadis
2814 3481 2863 3535 in
2893 3482 3163 3552 laqueum.

1823 3572 2033 3629 Obtulit
2068 3574 2171 3629 iste
2198 3574 2438 3641 quidem,
2464 3588 2584 3642 qua:
2609 3573 3023 3652 pronusstnltus
3054 3574 3267 3640 adorat,

1896 3666 2007 3721 lloc
2032 3675 2133 3729 est,
2172 3665 2387 3719 divitias
2416 3674 2471 3719 et
2501 3667 2661 3729 Ιιοιιιι,
2690 3681 2808 3734 qua.
2839 3675 3089 3735 pereunt.

1824 3758 1889 3814 Et
1913 3759 2038 3829 quia
2074 3774 2232 3813 nemo
2255 3766 2431 3827 potest
2463 3757 2654 3811 horum
2686 3756 2974 3825 splendore
3005 3757 3153 3813 beari
3179 3776 3193 3824 ;

1895 3848 2101 3919 Quippe
2135 3848 2267 3903 nihil
2293 3854 2537 3919 prosunt,
2569 3847 2664 3900 sed
2696 3847 2859 3901 nimis
2906 3846 3168 3912 ollieiunt,

1823 3939 2087 3996 Omnibus
2107 3938 2355 4009 abjectis,
2384 3952 2626 3991 eremum
2661 3935 2822 3991 hctus
2852 3937 3077 4006 petiisti,

1896 4033 2007 4087 Hoc
2033 4032 2203 4087 solum
2231 4031 2454 4101 cupiens
2484 4046 2640 4099 posse
2656 4030 2873 4100 placere
2898 4031 3026 4087 Deo.

1824 4124 1933 4179 Nec
1953 4126 2090 4179 bona
2115 4124 2257 4178 fama
2285 4122 2386 4177 viri
2410 4122 2566 4176 latuit
2590 4122 2831 4191 dispersa
2862 4137 2956 4191 per
2981 4122 3191 4187 orbem,

1895 4217 2002 4273 Sed
2033 4231 2165 4288 vaga
2179 4214 2476 4287 permultos
2506 4214 2842 4270 commonuit
2863 4214 3111 4284 pupillos.

1895 4353 2042 4425 (401)
2077 4352 2307 4425 Vide_de_
2334 4352 2434 4425 hoc
2460 4348 2790 4425 monasterio
2813 4347 3091 4425 Monastiei
3117 4348 3403 4425 _Anglicani

1749 4416 1791 4469 Ῐ)
1820 4416 1948 4480 tom.
1984 4416 2034 4489 Ι,’
2060 4439 2182 4494 pag.
2210 4422 2316 4477 284
2334 4432 2389 4475 et
2420 4421 2762 4494 binis_se_qq.,
2796 4419 2883 4472 ubi
2914 4434 2975 4471 ea
3010 4416 3318 4494 ttgtdunlur,
3340 4436 3402 4494 ex

1826 4488 2022 4566 quibus
2052 4488 2226 4563 palam
2267 4501 2371 4558 est,
2404 4492 2493 4546 diu
2525 4489 2654 4544 illud
2685 4488 2852 4544 fuisse
2888 4498 3014 4543 ante
3044 4488 3104 4543 S.
3137 4488 3402 4545 Brunonis

1823 4577 2038 4623 aetatem
2070 4572 2463 4619 constructum.

1893 4635 2041 4709 (402)
2072 4636 2457 4709 Andegavense
2483 4630 2689 4685 ordinis
2721 4628 2779 4686 S.
2822 4629 3092 4709 Benedicti
3132 4639 3400 4709 tnonasteo

1822 4701 1986 4771 rium,
2008 4706 2099 4776 qui
2131 4721 2161 4760 a
2196 4701 2257 4761 S'.
2290 4702 2517 4776 Nicolao
2551 4716 2750 4776 nomen
2792 4711 2875 4776 est
2910 4701 3171 4776 i_n_di_tm_n,
3210 4702 3401 4776 εωςυιις

1822 4771 2124 4840 nndeeiino,
2151 4774 2603 4844 quemadmodum
2635 4771 2880 4844 inii-allia
2906 4771 3209 4844 Christiana
3235 4773 3403 4844 veteri

1822 4842 2227 4902 Sammarthani
2260 4846 2455 4900 fratres
2488 4853 2615 4896 tom.
2647 4842 2731 4900 IV.
2772 4858 2890 4912 pag.
2928 4842 3030 4896 ($88
3059 4844 3277 4906 docent,
3305 4842 3402 4898 fuit

1820 4918 2134 4983 fundatum;
2158 4926 2320 4987 atque
2350 4914 2454 4969 hoc
2483 4912 2700 4987 quidem
2730 4913 2816 4987 hic
2844 4929 2940 4983 per
2959 4913 3401 4987 Andegavensent

1818 4990 1876 5044 S.
1915 4988 2118 5043 Nicolai
2166 4983 2462 5042 Ecclesiam
2510 4984 2784 5053 designari
2833 4993 3086 5047 autumo;
3136 4994 3232 5053 per
3257 4983 3401 5038 aliud

1816 5069 1996 5114 autem
2018 5100 2032 5123 ,
2060 5059 2203 5129 quod
2234 5059 2359 5113 huic
2387 5056 2757 5135 prmntittitur,
2784 5053 2861 5135 _S.
2905 5053 3096 5135 Marire
3134 5054 3404 5135 Spaliuga'.

1815 5147 2011 5185 nomen
2030 5125 2191 5185 unam
2214 5145 2278 5183 ex
2308 5127 2575 5190 ecclesiis,
2602 5141 2738 5193 quas
2763 5127 2831 5179 de
2856 5140 3004 5178 more
3026 5125 3228 5193 (plures
3253 5125 3401 5178 enim

1812 5203 1939 5256 olim
1989 5201 2291 5271 majoribus,
2322 5198 2585 5253 coenobiis
2620 5206 2778 5251 erant
2819 5196 3085 5265 ecclesia)
3130 5202 3405 5249 monaste-

1814 5275 1953 5328 rium
1982 5272 2110 5325 illud
2140 5270 2393 5325 habebat.

1889 5343 2037 5411 (405)
2067 5340 2465 5411 Lincolniensis
2498 5336 2829 5411 cathedralis
2861 5337 2912 5411 in
2945 5333 3399 5411 Anglia_ecclesia

1810 5404 2168 5470 sanctissima:
2198 5411 2289 5466 Dei
2313 5410 2573 5464 Genitrici
2602 5408 2801 5469 Marius,
2835 5408 2910 5460 nti
2958 5416 3088 5459 tom.
3124 5404 3187 5458 Ill
3216 5404 3401 5458 Mona-

1809 5485 1928 5539 stici
1960 5484 2118 5553 Angl.
2161 5498 2317 5553 pagg.
2344 5480 2449 5534 257
2473 5491 2527 5534 et
2554 5478 2663 5533 259
2686 5479 2869 5531 videre
2898 5476 3065 5553 licet,
3093 5490 3249 5553 sacra
3277 5483 3393 5553 est;

1810 5569 1981 5626 quare
2009 5544 2367 5626 dubigtn'dum
2399 5566 2503 5626 non
2531 5557 2786 5618 apparet,
2820 5548 2952 5620 quin
2992 5547 3059 5602 ad
3093 5547 3232 5602 hanc
3254 5544 3398 5603 refe-

1809 5619 2012 5683 rendus
2043 5625 2113 5681 sit
2145 5622 2356 5679 Titulus
2387 5619 2683 5690 subjectus.
