3860 6326
535 261 633 315 591
1324 262 1379 317 S.
1425 260 1771 317 BRUNONIS
1810 255 2452 316 CARTIIUSIAXORE)!
2491 257 2978 316 lNSTlTUTORlS
3667 264 3752 321 SS!

530 371 738 427 Profuit
762 381 815 428 et
844 372 1029 428 multis
1051 388 1186 428 ﬂans
1216 375 1523 444 exemplum
1549 373 1844 427 famulandi

595 465 697 531 llli,
730 466 820 535 qui
854 466 1026 521 bonus
1049 475 1151 534 est,
1185 469 1275 537 qui
1304 469 1561 522 Dominus
1586 466 1728 520 Deus
1765 475 1864 519 est.

528 557 641 614 liae
673 560 836 627 igitur
866 561 1060 615 melius
1083 561 1203 630 quis
1231 562 1392 615 homo
1416 570 1593 631 posset
1617 559 1902 613 meditari?

604 650 711 705 lsla
747 651 893 706 salus
923 651 1105 706 multis
1135 651 1338 722 profuit
1364 661 1526 724 atque
1560 651 1652 706 libi

526 742 657 810 Quis
699 752 804 796 tam
822 741 1032 797 felicem
1060 744 1206 797 novit
1236 756 1397 814 atque
1423 747 1753 816 sapientem?

604 831 722 887 Non
755 833 878 886 novi
919 833 1075 887 talem
1106 850 1205 888 nec
1236 835 1331 889 tibi
1359 838 1723 894 consimilem.

529 924 587 978 ιιι
616 933 667 979 te
703 940 887 979 revera
927 926 1100 995 patuit
1126 926 1387 995 sapientia
1414 944 1566 993 vera,

602 1014 679 1069 Te
705 1015 882 1084 pietas
918 1016 1128 1070 Domini
1156 1018 1349 1070 nutriit
1373 1027 1426 1071 et
1452 1018 1655 1073 docuit.

531 1102 685 1158 llunc
715 1104 925 1175 elegisli
950 1120 1059 1174 prre
1091 1106 1319 1170 cunctis,
1340 1107 1480 1161 luntc
1501 1117 1553 1161 et
1573 1109 1788 1175 amasti,

597 1194 767 1262 Quem
797 1196 1104 1265 quicunque
1133 1195 1282 1260 colit,
1315 1212 1424 1251 non
1446 1198 1678 1253 coluisse
1706 1200 1891 1270 pudet.

532 1293 614 1346 Sit
648 1293 742 1346 tibi
774 1293 887 1357 lux,
918 1294 1113 1361 patria,
1149 1295 1361 1363 requies
1384 1303 1437 1347 et
1469 1295 1638 1363 gloria
1674 1305 1850 1366 parta,

597 1384 693 1438 Cui
720 1386 925 1439 servire
964 1384 1065 1439 fuit
1095 1385 1266 1456 gloria
1287 1386 1400 1441 sola
1435 1388 1552 1441 tibi.

882 1473 945 1529 S.
1000 1474 1188 1528 Maria:
1218 1475 1563 1531 Eboracensis
1589 1478 1759 1549 (404).

530 1568 657 1623 155.
688 1565 862 1620 Filius
885 1566 1128 1621 ecclesia:
1160 1567 1374 1621 mortali
1405 1584 1568 1623 carne
1594 1570 1829 1639 solutus,

601 1657 783 1711 Bruno
811 1661 895 1712 vir
926 1658 1159 1727 sapiens,
1192 1660 1331 1727 quod
1368 1676 1462 1714 sua
1488 1660 1628 1715 facta
1668 1665 1914 1732 probant,

532 1750 644 1804 Non
670 1750 1084 1818 estplorandus,
1119 1751 1243 1819 quia
1275 1768 1545 1820 nunquam
1570 1755 1679 1824 jam
1710 1757 1970 1821 ruiturus,

601 1842 757 1912 Spes,
788 1858 942 1895 amor
983 1852 1144 1912 atque
1180 1844 1333 1908 ﬁdes,
1368 1847 1507 1914 quod
1538 1864 1805 1916 meruere,
1840 1860 2005 1907 tenet.

1102 1935 1251 1989 Alius
1293 1937 1551 2006 ejusdem.

526 2024 648 2078 15L
695 2025 738 2080 Ο
772 2026 813 2080 si
848 2041 976 2081 voce
1007 2027 1083 2080 rei
1108 2027 1274 2081 divini
1308 2044 1498 2098 pompa
1528 2032 1751 2102 trophrei

512 2108 712 2170 Posset
738 2118 969 2183 laudari,
1005 2119 1086 2173 vel
1112 2120 1268 2189 plene
1293 2123 1559 2177 netificari
1588 2125 1600 2177 !

528 2205 632 2258 Sed
657 2208 778 2274 quia
817 2207 1095 2274 deficeret,
1126 2210 1227 2263 nisi
1260 2226 1318 2264 se
1345 2228 1459 2266 mea
1493 2229 1596 2265 vox
1630 2214 1913 2270 cohiberet

527 2294 676 2358 Quod
706 2297 833 2348 mihi
855 2298 990 2351 velle
1016 2300 1193 2362 datur,
1220 2300 1456 2368 perfecte
1481 2318 1640 2371 posse
1658 2313 1906 2375 negatur.

528 2386 633 2439 Sed
668 2395 844 2441 tamen
874 2389 1079 2459 absque
1109 2406 1257 2444 mora
1288 2403 1470 2462 surgat
1498 2410 1613 2449 mea
1646 2410 1742 2464 per
1772 2413 2113 2469 ntareprora,

534 2471 629 2539 Ut,
672 2475 717 2527 si
751 2476 828 2529 fas
856 2477 1031 2543 detur,
1061 2477 1337 2533 Christum
1363 2481 1632 2537 laudando
1663 2496 1935 2553 precetur.

528 2564 669 2619 Laus
692 2568 806 2632 tibi,
838 2584 1047 2625 summe
1074 2572 1255 2635 Pater,
1285 2574 1368 2628 cui
1393 2576 1574 2630 subdit
1598 2594 1643 2630 er
1674 2578 1879 2634 iuferus
1902 2589 2018 2636 ater

529 2657 799 2723 Laustibi,
830 2659 961 2719 laus.
991 2660 1228 2726 Christe,
1264 2664 1347 2717 cui
1382 2666 1613 2719 mundus
1641 2666 1883 2737 subjacet
1912 2671 2018 2726 iste

529 2748 779 2804 Cwlestis
802 2751 925 2805 doni
952 2753 1015 2806 da
1041 2755 1284 2823 praemia,
1304 2771 1512 2826 quasso,
1558 2757 1795 2813 Brunoni

531 2840 599 2897 Ut
622 2841 738 2904 tibi,
767 2843 855 2912 qui
892 2844 1043 2909 vixit,
1077 2844 1167 2914 qui
1199 2847 1473 2901 mundose
1502 2848 1797 2914 crucifixit,

530 2932 685 2988 Vivat
706 2935 757 2989 in
789 2944 1052 2990 :eternum
1080 2952 1178 2992 nec
1205 2938 1396 2993 mortis
1425 2949 1605 3010 tangat
1628 2956 1910 2997 averuum.

528 3025 683 3091 Quod
713 3026 895 3094 petitis
929 3026 1100 3087 vobis.
1127 3027 1420 3098 impendite
1446 3040 1634 3085 mutuo
1672 3032 1846 3086 nobis.

634 3115 691 3171 S.
722 3115 868 3171 Petri
897 3117 1240 3172 Eboracensis
1265 3119 1467 3191 Anglire
1509 3123 1807 3194 metropolis
1836 3124 2005 3196 (405).

533 3210 651 3264 155.
686 3209 791 3264 Pro
828 3227 934 3280 quo
958 3210 1139 3266 Bruno
1167 3210 1345 3267 brevis
1376 3215 1687 3284 reprobavit
1712 3216 1873 3271 noxia
1902 3217 2044 3284 vitae,

533 3302 653 3371 Ipse
683 3305 944 3373 rependat
971 3303 1018 3358 ei
1052 3319 1275 3358 numera
1313 3316 1607 3375 perpetuze.

1099 3397 1244 3449 Alius
1287 3397 1542 3465 ejusdem.

529 3483 647 3539 156.
679 3485 843 3539 Fama
870 3486 1020 3556 prius
1053 3487 1206 3541 nobis
1235 3489 1438 3554 retulit,
1466 3506 1625 3559 quam
1646 3491 1822 3549 littera
1847 3502 2046 3557 vestra,

605 3574 720 3629 Non
748 3576 818 3631 de
839 3587 1012 3631 tnorte
1045 3579 1282 3648 quidem,
1308 3581 1400 3635 sed
1431 3582 1671 3638 bonitate
1695 3586 1817 3639 viri.

529 3664 752 3720 Gemma
782 3668 973 3722 domus
1002 3668 1210 3723 Domini
1240 3669 1417 3725 Bruno
1434 3671 1711 3744 fuitatun
1733 3673 2008 3739 columna,

599 3760 666 3813 Et
697 3760 817 3814 fidei
853 3776 1011 3816 verus
1034 3764 1210 3817 cultor
1242 3765 1576 3833 apostolicae.

532 3850 667 3905 Vera
698 3851 829 3906 fides
855 3851 993 3920 ejds,
1023 3853 1314 3909 virtutibus
1343 3855 1629 3921 mdiftcata,

598 3942 888 3998 IEthereas
915 3943 1056 3999 .edes
1077 3944 1362 4000 :edifrcavit
1384 3946 1456 3999 ei.

527 4034 725 4099 Gloria,
760 4034 984 4097 divit'ue,
1015 4049 1266 4104 persona,
1303 4035 1526 4090 scientia
1559 4052 1740 4091 rerum

594 4125 672 4181 llli
699 4124 846 4179 clara
886 4125 1041 4189 satis,
1065 4125 1161 4180 sed
1187 4126 1322 4194 pede
1352 4126 1547 4195 pressit
1567 4142 1653 4181 ea.

490 4205 495 4210 ’
528 4216 671 4271 Sunt
695 4232 815 4286 qua:
836 4217 968 4270 dant
994 4216 1342 4285 bomiuipost
1366 4218 1794 4273 mortemvivere
1828 4233 2003 4288 posse,

596 4308 707 4364 Nec
731 4319 911 4364 tamen
943 4310 1061 4363 lucc
1082 4317 1309 4378 possunt
1336 4318 1508 4362 morte
1534 4324 1724 4365 carere
1748 4312 1898 4365 dare.

500 4420 503 4423 ·
525 4401 670 4456 Mors
686 4404 886 4473 premit
917 4418 1081 4458 omne
1105 4410 1298 4472 caput;
1330 4416 1449 4472 quae
1471 4402 1514 4456 si
1538 4402 1625 4457 cui
1656 4418 1881 4474 parcere
1903 4413 2085 4475 posset

597 4495 759 4549 Certe
786 4494 1028 4550 Brunoni
1059 4510 1288 4563 parcere
1310 4495 1572 4549 debuerat

528 4583 843 4649 Morsbona,
874 4602 1017 4640 mors
1048 4585 1199 4650 felix,
1232 4587 1276 4641 si
1310 4602 1454 4641 mors
1479 4595 1561 4641 est
1588 4586 1675 4641 illa
1700 4587 1969 4654 vocanda,

603 4674 775 4741 Quam
804 4677 1053 4745 sequitur
1077 4676 1293 4747 requies
1323 4678 1537 4749 vitaque
1560 4688 1845 4749 perpetua.

599 4867 746 4950 (404)
790 4867 904 4950 lloc
945 4868 1362 4950 monasterium,
1485 4869 1667 4950 Mat-ite
1708 4871 2103 4950 nomine_insi-

530 4938 737 5010 guitum
761 4980 775 5001 ,
802 4938 891 4991 diu
928 4939 1135 5010 pariter
1155 4948 1280 4992 ante
1303 4938 1361 4993 S.
1396 4940 1660 4996 Brunonis
1689 4951 1901 4996 aetatem
1932 4944 2107 4997 fuerat

529 5007 888 5083 éxstruetum.
910 5009 1009 5083 Adi
1028 5007 1254 5083 ligonest.
1278 5010 1493 5083 Anglic.
1522 5021 1649 5065 tom.
1678 5013 1722 5077 l,
1749 5029 1866 5083 pag.
1900 5014 2028 5079 584,
2053 5025 2108 5069 et

531 5080 713 5136 Mabil.
738 5080 789 5133 in
825 5079 1016 5133 Annal.
1044 5078 1241 5131 Beued.
1277 5079 1369 5133 lib.
1398 5096 1496 5142 vu,
1530 5096 1679 5135 num.
1710 5078 1799 5135 69.

490 5180 495 5184 -
602 5149 751 5220 (405)
780 5151 1009 5220 Dubium
1035 5162 1138 5201 non
1164 5157 1269 5212 est,
1296 5150 1425 5218 quin
1466 5150 1552 5203 bic
1581 5152 1894 5220 designetur
1919 5153 2107 5209 cathe-

531 5219 717 5284 dralis,
746 5237 865 5291 qua:
887 5220 945 5274 S.
977 5219 1139 5291 Petro
1159 5233 1310 5272 saera
1335 5230 1437 5283 est,
1469 5219 1818 5291 Eboracensis
1842 5223 2105 5277 Ecclesia.

601 5290 907 5361 (406)’ll;ec
949 5290 1212 5354 ecclesia,
1257 5304 1377 5360 qua:
1420 5290 1700 5359 collegiata
1742 5303 1825 5347 est
1861 5301 2023 5361 atque
2057 5297 2109 5349 in

529 5378 664 5433 agro
691 5362 1065 5418 Beverlacensi
1096 5362 1227 5426 sita,
1250 5362 1339 5414 diu
1373 5370 1498 5433 ante
1519 5362 1577 5414 ὃ.
1602 5362 1868 5418 Brunonis
1894 5375 1964 5433 tet
2004 5372 2109 5418 tem

529 5430 760 5495 exstitit.
800 5434 875 5487 uti
899 5434 1078 5487 videre
1106 5438 1189 5488 est
1220 5440 1331 5484 tum
1357 5445 1423 5485 ex
1463 5430 1550 5494 iis,
1576 5448 1696 5501 qua:
1722 5435 1787 5487 de
1816 5434 1873 5490 S.
1902 5432 2112 5489 Joanne

527 5503 904 5559 Beverlacensi
925 5545 940 5567 ,
983 5502 1395 5571 archiepiscopo
1421 5501 1782 5567 Eboracensi,
1817 5504 1883 5558 ad
1914 5504 1943 5556 7
1982 5504 2106 5557 Maii

528 5575 693 5638 diem,
719 5589 826 5643 quo
852 5574 917 5628 de
947 5574 1049 5628 hoc
1075 5574 1215 5643 apud
1256 5588 1354 5627 nos
1389 5583 1566 5627 actum
1589 5614 1603 5636 ,
1637 5574 1917 5629 docuimus
1941 5618 1955 5641 ,
1991 5585 2104 5628 tum

528 5644 693 5702 etiam
717 5642 784 5702 ex
812 5646 1033 5714 iis,qu:e
1067 5642 1195 5705 tom.
1218 5642 1282 5699 lll
1305 5644 1585 5702 Monastici
1608 5646 1885 5715 Anglicani
1922 5644 2109 5702 inCol-

2093 4447 2107 4471 ’
2139 4446 2186 4505 D

2138 376 2182 430 Α
2214 370 2270 424 Si
2293 371 2421 439 quid
2451 372 2498 425 ei
2531 381 2745 427 terrena
2778 373 2923 427 dedit
2947 380 3197 441 contagio
3226 372 3401 426 sordis

2291 463 2446 535 (Nam
2477 465 2594 519 sine
2621 474 2843 533 peccato
2872 466 3055 519 vivere
3096 480 3254 519 nemo
3276 466 3468 535 pOIest)

2215 555 2411 609 Abluat
2434 555 2522 607 illa
2554 556 2715 618 Deus,
2748 556 2836 624 qui
2871 557 3042 610 trintts
3075 556 3205 609 vivit
3229 567 3283 610 et
3323 572 3458 610 unus

2286 649 2353 702 Et
2381 649 2471 702 det
2491 647 2537 701 ei
2568 647 2835 716 requiem,
2863 649 3006 701 dicat
3044 655 3098 701 et
3122 648 3300 701 oumis
3329 667 3341 701 :
3372 650 3552 701 Amen.

2218 739 2367 807 Quod
2398 739 2579 808 petitis
2608 739 2802 794 vestris
2833 738 2948 808 jam
2979 738 3207 794 fecimus
3234 750 3288 793 et
3321 739 3585 807 faciemus,

2288 831 2348 885 Et
2381 831 2633 900 petimus,
2662 832 2864 884 nostris
2887 840 2944 885 ut
2976 830 3189 886 faciatis
3218 832 3378 886 idem.

2220 918 2520 974 S.Jommis
2557 921 2931 991 archiepiscopi
2960 919 3346 977 Bererlacensis
3383 922 3596 975 ecclesitr
3616 924 3738 995 (406)

2220 1015 2342 1068 157.
2377 1015 2575 1078 Bruuo,
2602 1014 2743 1084 quod
2772 1015 2979 1083 sprevit
3022 1015 3231 1077 vivens,
3269 1016 3321 1069 in
3357 1024 3523 1070 morte
3554 1016 3738 1088 reliquit

2220 1105 2351 1159 Nam
2384 1106 2642 1160 mundum
2682 1104 2815 1175 fugit
2838 1106 3220 1179 mundanaque
3245 1106 3371 1160 vilia
3395 1108 3541 1161 dixit.

2218 1196 2439 1251 Christo
2463 1197 2706 1261 servivit,
2747 1213 2915 1267 quare
2941 1197 3137 1251 caelum
3166 1199 3488 1266 penetravit.

2219 1290 2393 1360 Ipsius
2418 1290 2553 1345 tales
2582 1292 2952 1345 transmittere
2980 1294 3075 1344 sed
3112 1291 3239 1361 quia
3269 1291 3461 1345 fratres

2221 1384 2476 1438 Chartam
2501 1383 2767 1448 fecerunt,
2793 1384 2962 1437 nostri
2989 1384 3189 1439 domini
3217 1384 3501 1440 voluerunt

2221 1474 2326 1529 Pro
2351 1473 2551 1528 famulo
2584 1484 2731 1529 tanto
2753 1484 3029 1545 postremo
3062 1484 3310 1545 tempore
3338 1476 3520 1531 functo

2220 1563 2467 1619 Oﬂicium
2495 1562 2667 1617 servis
2696 1571 2906 1631 gratum
2930 1561 3245 1632 persolvere
3274 1563 3502 1618 cunctis.

2808 1653 3022 1707 Ricardi
3045 1653 3217 1723 (407).

2149 1726 2191 1784 Β
2224 1745 2345 1799 158.
2376 1742 2477 1809 Qui
2505 1757 2632 1797 casu
2667 1742 2877 1804 mortis.
2905 1742 3116 1797 sublato
3143 1742 3329 1807 Patre,
3355 1743 3557 1810 doletis,

2220 1836 2411 1890 Ponite
2447 1833 2742 1898 tristitiam,
2772 1841 2956 1888 manet
2981 1849 3170 1889 onmes
3194 1836 3372 1889 exitus
3398 1836 3551 1889 idem.

2224 1925 2356 1979 llinc
2375 1933 2459 1977 est
2483 1924 2835 1993 pensandum.
2862 1922 2986 1992 quia
3022 1923 3207 1977 mundi
3227 1923 3398 1994 gloria
3422 1925 3615 1990 fenum,

2221 2018 2299 2071 Ad
2339 2027 2551 2087 tempus
2585 2015 2762 2081 ﬂoret,
2785 2015 2986 2069 ﬂorens
3008 2016 3307 2085 pertransit
3338 2025 3391 2071 et
3414 2026 3549 2081 aret;

2220 2110 2286 2163 Et
2316 2110 2440 2177 quia
2482 2110 2559 2163 sic
2589 2107 2743 2163 ﬂoret
2767 2106 2985 2172 ﬂorens,
3016 2108 3095 2161 sic
3119 2108 3319 2161 transit
3345 2115 3397 2161 et
3428 2118 3560 2173 aret,

2222 2200 2560 2255 Declinemns
2590 2216 2729 2263 eam,
2762 2200 2932 2270 magis
2966 2199 3295 2269 inquirendo
3336 2198 3583 2253 futuram.

2217 2292 2335 2349 Jam
2366 2292 2708 2363 praecessisti,
2732 2290 2842 2359 jam
2877 2292 3082 2360 regula,
3116 2291 3322 2355 Bruno,
3355 2291 3520 2355 fuisti,

2216 2384 2337 2441 Jam
2365 2384 2697 2449 conclusisti,
2725 2384 2869 2454 quod
2898 2391 3056 2437 caute
3090 2384 3449 2453 proposuisti.

2220 2477 2480 2533 Florebas
2504 2477 2705 2531 mundo
2743 2476 2941 2544 fragili,
2968 2475 3062 2530 sed
3090 2475 3224 2530 ﬂore
3248 2474 3454 2530 caduco

2221 2568 2481 2637 Sprevisti
2508 2570 2765 2621 mundum
2790 2565 3059 2637 fragilem,
3088 2566 3390 2634 ﬂoremque
3416 2564 3672 2626 caducum,

2219 2657 2656 2727 Contemplatlva:
2685 2672 2936 2725 qumrens
2954 2656 3252 2711 succedere
3286 2656 3431 2719 vitae,

2222 2751 2393 2820 Quam
2422 2749 2516 2805 tibi
2541 2747 2823 2814 concedat,
2849 2747 2940 2819 qui
2963 2746 3105 2801 seela
3138 2761 3239 2817 per
3275 2745 3454 2802 omnia
3487 2754 3669 2815 regnat.

2894 2840 3116 2894 Alberli.

2225 2933 2342 2990 1⁸59.
2370 2933 2469 2987 Det
2502 2932 2677 3002 pietas
2716 2929 2919 2986 Christi
2951 2931 3069 2995 tibi,
3100 2930 3308 2994 Bruno,
3337 2930 3474 3000 quod
3499 2927 3705 2983 meruisti

2220 3025 2481 3080 Factusin
2496 3026 2598 3080 hac
2610 3026 2717 3079 vita
2747 3025 3048 3079 monaclms
3064 3023 3240 3093 prius,
3259 3021 3602 3077 biuceremita
3618 3017 3750 3089 (408].

2879 3113 3150 3169 Turstani.

2222 3206 2344 3260 MO.
2377 3204 2461 3261 Sit
2484 3204 2601 3271 tibi,
2632 3204 2833 3269 Bruno,
2860 3206 3038 3275 quies,
3068 3205 3139 3259 sit
3171 3205 3285 3271 lux,
3313 3205 3381 3259 sit
3403 3203 3560 3275 gloria
3580 3213 3749 3271 perpes.

2292 3301 2375 3358 Sit
2408 3301 2501 3357 tibi
2532 3317 2658 3357 vera
2689 3301 2855 3368 salus,
2889 3316 3016 3356 vera
3052 3302 3263 3356 medela
3294 3301 3451 3357 Deus.

2883 3390 3159 3445 Richardi.

2219 3484 2339 3540 Ml.
2378 3483 2657 3539 {Eternam
2683 3483 2864 3539 sedem
2890 3482 3044 3537 nobis
3068 3483 3263 3539 invidit
3290 3494 3343 3540 et
3367 3485 3528 3539 aedem

2218 3575 2458 3631 [Etenim
2496 3576 2641 3629 sedis
2671 3574 2847 3629 factus
2878 3575 3027 3645 prior
3043 3574 3193 3629 exsul
3218 3582 3275 3630 et
3302 3578 3449 3639 tedis,

2216 3669 2657 3724 Arborisillicila:
2686 3669 2809 3723 dum
2830 3678 3046 3738 gustum
3078 3670 3322 3739 suggerit
3353 3670 3472 3723 Eme

2217 3761 2432 3826 Gustat,
2467 3761 2525 3815 ﬁt
2551 3771 2776 3831 gustaus
2799 3761 3121 3816 mortalibus
3142 3762 3326 3815 addita
3352 3762 3495 3830 fatis,

2217 3855 2574 3924 Porrexitque
2603 3855 2740 3918 viro,
2766 3871 2897 3910 casu
2925 3854 3085 3909 simili
3107 3855 3340 3910 ruituro.

2216 3948 2540 4002 immortalis
2564 3957 2700 4011 erat,
2719 3947 2861 4002 sicut
2887 3946 3115 4001 Deitatis
3151 3947 3350 4019 imago,

2215 4039 2543 4095 Immortalis
2569 4047 2705 4104 erat,
2738 4040 2907 4096 costis
2930 4040 3123 4095 educta
3153 4040 3374 4112 virago;

2217 4132 2323 4188 Sed
2358 4150 2480 4187 mox
2511 4142 2631 4202 post
2656 4143 2869 4203 gustum
2900 4133 3157 4188 mortales
3186 4135 3494 4190 efﬁciuntur

2220 4226 2543 4296 Dejeetuque
2573 4226 2722 4296 gravi
2749 4226 2999 4295 paradiso
3029 4225 3378 4294 deﬁciuntur.

2219 4319 2442 4373 Intravit
2470 4318 2727 4372 mundum
2760 4333 2909 4375 mors
2945 4320 3134 4385 eflera,
3161 4320 3405 4375 subdidit
3436 4320 3573 4373 illum

2216 4411 2449 4480 Legibus
2474 4410 2563 4464 illa
2588 4409 2726 4476 suis,
2755 4410 3006 4475 moritur,
3035 4413 3126 4481 qui
3167 4413 3431 4476 nascitur,
3462 4409 3635 4463 OmnEs.

2216 4503 2447 4558 Parcere
2474 4520 2580 4557 non
2605 4503 2775 4568 novit,
2804 4502 2897 4558 sed
2929 4519 3031 4559 nec
3064 4505 3180 4568 tibi,
3214 4504 3420 4566 Bruno,
3463 4497 3691 4571 pepercit.

2215 4597 2479 4666 Apposuit
2505 4596 2767 4665 patribus,
2797 4593 2907 4663 iam
2941 4596 3026 4650 sit-
3044 4597 3136 4651 tibi
3170 4597 3353 4651 vivere
3374 4595 3604 4651 Christus

2228 4689 2295 4743 Et
2321 4698 2532 4759 raptum
2564 4689 2765 4743 mundo
2796 4698 2847 4742 te
2875 4689 3127 4744 restituat
3152 4690 3425 4760 paradiso.

2219 4867 2434 4940 legiatis
2465 4866 2669 4940 Anglia:
2694 4868 2949 4940 Ecclesiis
2965 4870 3126 4940 pag.l
3150 4871 3200 4923 in
3228 4870 3435 4924 litteras
3461 4865 3605 4940 missa
3629 4863 3740 4940 sunt.

2288 4938 2433 5013 (407)
2469 4936 2592 5013 llic,
2614 4942 2705 5007 qui
2732 4939 2909 4994 Titulo
2929 4936 3187 5013 subjecto.
3216 4940 3429 5009 aliique.
3452 4936 3537 5013 qui
3559 4939 3743 5013 quatuor

2217 5010 2411 5065 Titulis
2441 5010 2688 5079 proxime
2717 5011 3071 5080 sequentibus
3111 5012 3312 5066 Sancto
3348 5010 3640 5080 nominatim
3668 5012 3740 5066 pa-

2217 5078 2531 5145 rentarunt,
2573 5078 2871 5150 collegiate
2913 5080 3319 5136 Beverlacensis
3358 5078 3583 5134 ecclesia:
3615 5081 3741 5151 pater

2218 5153 2321 5206 nici
2372 5149 2870 5222 indubiefuermrt.
2916 5152 3264 5222 Singulorum
3304 5166 3463 5221 porro
3501 5149 3673 5199 nonum
3700 5149 3740 5222 ut

2218 5204 2455 5277 editione
2493 5204 2801 5276 Basileensi
2839 5204 3055 5277 additu?
3078 5204 3475 5283 rddieiunidem;
3514 5229 3608 5285 quo
3640 5204 3738 5288 quid

2219 5293 2603 5347 verosimiliter
2659 5292 3026 5361 significetur,
3078 5308 3146 5348 ex
3199 5291 3504 5353 A'dnotatis,
3555 5287 3738 5338 secttent

2214 5374 2382 5418 sextae
2411 5364 2619 5433 adnot.
2653 5363 2751 5417 421
2790 5364 3115 5429 subdendis,
3146 5364 3355 5433 collige.
3699 5413 3707 5433 ν

2286 5433 2443 5507 (408)
2469 5432 2720 5503 Opinioni
2752 5449 2966 5507 eorum,
2993 5437 3082 5507 qui
3104 5428 3401 5493 Sanctum,
3434 5442 3545 5507 cunt
3577 5428 3735 5507 ητιιξιιίνξο

2213 5497 2652 5569 νειΙύάὺέίι,ἠοιι
2698 5515 2844 5559 recta
2886 5505 2938 5558 in
2984 5497 3324 5560 Carlhusiam
3361 5497 3623 5556 secessisse
3650 5497 3732 5569 ξιιιο

2217 5583 2403 5638 tuunt,
2448 5568 2774 5645 sull'ragatttr
2808 5574 2895 5628 hic
2923 5574 3156 5633 Titulus.
3198 5575 3297 5632 Adi
3326 5568 3733 5629 Commentariun!

2215 5646 2475 5714 praevium
2509 5662 2656 5700 num.
2689 5645 2794 5700 415
2821 5654 2876 5701 et
2898 5661 3033 5715 seqq
