3864 6320
94 451 177 499 biit?

710 542 973 598 Wilfreo'mi
983 585 992 597 .

102 639 182 696 112
222 634 459 692 Cannina
491 635 535 688 si
561 648 780 704 possent
808 645 955 690 tanto
980 635 1236 706 prolesse
1267 635 1511 700 Patrono,

155 729 256 785 iam
281 729 552 797 prodesset
578 729 626 782 ei
660 744 807 782 musa
839 744 1037 782 canora
1070 729 1194 783 mei.

98 824 315 880 Carmina
342 830 613 876 cantasset
645 822 802 876 titulo
833 822 1061 877 fruitnra
1093 824 1349 892 perenni,

155 915 278 971 Mille
312 914 479 968 modis
513 923 662 967 tanto
691 915 947 984 psalleret
977 914 1064 968 illa
1093 915 1228 980 viro,

100 1007 317 1062 l‘sztlleret
339 1005 421 1058 illa
459 1004 601 1067 viro,
627 1005 866 1058 studiosa
904 1014 1085 1058 mente
1121 1020 1390 1074 manuque

155 1101 436 1168 linguaque
464 1097 809 1166 magniﬁcum
843 1097 1129 1168 magniﬁca
1141 1107 1220 1151 ret
1246 1114 1391 1153 eum.

101 1194 183 1246 Sed
213 1191 326 1260 quia
357 1188 611 1243 defuncto
641 1189 712 1243 ttil
743 1197 970 1258 prosunt
994 1190 1233 1244 carmina
1259 1190 1453 1257 laudis,

155 1280 316 1333 Virtus
343 1294 550 1332 summa
596 1278 690 1332 Dei
725 1278 1051 1348 propitictur
1080 1280 1150 1334 ei.

101 1375 350 1426 Turrtteral
372 1372 597 1440 phmbus
629 1371 710 1425 bis
737 1387 830 1425 sex
859 1383 1091 1441 octoque
1122 1373 1310 1426 dielms

102 1466 302 1526 Libram,
330 1478 447 1516 cum
479 1463 584 1516 vita
617 1463 865 1517 discessit
890 1463 958 1516 ab
979 1465 1080 1518 hac
1107 1465 1330 1517 ercmita
1358 1461 1506 1534 (109)

309 1553 360 1607 5.
421 1550 564 1605 Petri
602 1552 895 1606 Castrensis
941 1552 1172 1607 ecclesia:
1216 1553 1387 1622 (410).

105 1645 200 1698 115.
230 1643 394 1697 Gloria
419 1642 694 1710 justorum
715 1685 729 1707 ,
762 1643 953 1698 solatia
988 1644 1100 1698 sola
1137 1659 1353 1698 reorum

157 1736 311 1789 Bruno
328 1734 423 1789 fttit
453 1735 645 1790 vivens
676 1750 882 1805 parque
915 1735 1066 1790 dolor
1096 1735 1354 1790 moriens.

103 1827 166 1882 To
187 1827 257 1880 ius
276 1825 394 1880 cleri
425 1825 612 1888 decus,
637 1823 914 1894 exemplar
945 1838 1162 1894 quoque
1188 1823 1324 1888 veri,

159 1919 280 1973 Mors
312 1917 498 1972 dolor!
542 1917 762 1986 eripuit,
793 1916 921 1970 dum
967 1917 1129 1971 Pater
1148 1917 1422 1970 occubuit.

105 2012 299 2067 Effectus
328 2010 623 2064 monachus
651 2009 818 2079 prius,
846 2009 972 2063 hinc
1001 2007 1336 2080 eremitaque
1366 2019 1570 2072 rectus,

157 2101 317 2158 Gratia
341 2117 548 2156 summa
573 2103 664 2158 Dei
697 2104 1021 2173 propitietur
1054 2103 1128 2158 ei.

106 2195 197 2249 Huc
219 2195 425 2249 tendunt
449 2205 593 2261 vota,
624 2210 734 2266 quo
764 2196 1075 2267 pmpitiatio
1101 2204 1216 2251 tota

159 2287 230 2341 Sit
263 2287 424 2355 fragili
450 2289 575 2343 vita:
606 2291 706 2344 sub
729 2289 994 2344 brevitate
1017 2290 1154 2346 sita).

107 2380 217 2434 lhtic
241 2380 326 2434 fuit
349 2381 598 2436 Octobris
631 2381 957 2436 immanibus
982 2382 1125 2436 edita
1150 2383 1358 2453 probris

159 2473 289 2529 Finis
311 2483 454 2529 sexta
481 2474 618 2540 dies,
643 2474 715 2529 sit
747 2475 848 2528 sibi
869 2473 982 2543 jam
1007 2476 1237 2546 requies.

633 2565 781 2620 Alius
823 2565 1078 2635 ejusdem.

110 2656 204 2710 111.
232 2655 464 2710 Persona:
485 2656 674 2711 titulus
693 2657 792 2711 sub
825 2656 1042 2710 nomine
1067 2657 1430 2725 przetitulatus

111 2749 371 2820 Virginiset
392 2749 600 2814 Matris,
631 2764 793 2820 quam
825 2758 945 2818 post
973 2749 1258 2803 Dominum
1285 2749 1414 2804 colit
1441 2765 1474 2805 ο
1508 2751 1611 2816 bis,

111 2841 321 2896 Diversus
343 2841 513 2897 luctus
535 2842 768 2896 mumlus
788 2850 943 2895 sonat
967 2841 1205 2910 undique
1236 2851 1395 2908 totus,

113 2933 172 2985 Ad
197 2932 372 2987 multas
393 2943 595 2986 mortes
615 2948 801 2987 secem
829 2933 1071 2987 ducendo
1095 2933 1368 2989 cohortes.

114 3024 368 3079 Prosternit
399 3035 623 3080 cunctos
655 3041 810 3081 sacro
841 3027 1164 3097 baptismate
1188 3029 1344 3095 lotos,

113 3117 232 3171 Sicut
267 3119 582 3173 demonstrat
613 3120 880 3176 Brunonis
911 3121 1054 3176 clara
1079 3124 1318 3178 lucerna.

114 3211 149 3262 ls
167 3227 268 3264 cum
295 3213 575 3267 multorum
606 3213 853 3268 laudetur
886 3230 1012 3269 voce
1038 3215 1297 3284 virorum,

116 3302 178 3356 Sit
195 3307 380 3366 meritis
409 3322 618 3361 morum
643 3308 952 3378 spectabilis
975 3308 1319 3376 exitniorum,

117 3395 226 3463 Lege
250 3408 416 3452 tamen
431 3399 621 3454 mortis
649 3415 766 3452 sors
795 3399 938 3452 hunc
961 3399 1082 3453 tulit
1111 3400 1272 3470 impia
1298 3411 1485 3470 portis.

119 3486 294 3544 l‘ietnns
328 3489 620 3556 vobiscum,
647 3489 741 3544 sed
764 3504 899 3559 opus
924 3491 1052 3559 quid
1107 3491 1173 3546 ad
1205 3491 1315 3547 Itaac
1369 3494 1466 3547 nisi
1501 3493 1658 3547 Chri-

1417 3583 1585 3656 [slum

120 3667 331 3736 Poscere,
349 3671 486 3740 quod
512 3675 726 3742 requies
753 3674 852 3729 sibi
879 3675 947 3728 sit
976 3684 1093 3743 post
1120 3673 1305 3730 funera
1336 3693 1549 3748 perpes.

123 3758 175 3812 l‘t
196 3761 371 3815 vestris
398 3761 598 3816 functis
627 3763 895 3827 dedimus,
913 3764 990 3818 sic
1012 3780 1106 3819 vos
1130 3765 1250 3819 date
1277 3768 1491 3820 nostris.

121 3854 167 3907 S.
188 3855 351 3910 ilnrim
370 3869 416 3912 et
431 3858 489 3913 S.
518 3859 744 3912 Altlelmi
764 3859 1220 3914 .lfalmesbencusia
1235 3859 1466 3913 ecclesia’
1487 3858 1658 3931 (411).

124 3947 217 4001 liii.
244 3951 332 4004 llic
361 3952 530 4006 bonus
567 3952 794 4016 athleta,
826 3954 978 4022 cuius
1001 3953 1353 4008 celeberrima
1377 3954 1485 4007 vita

47 4087 54 4092 .
123 4041 298 4096 1⁵116113
334 4060 358 4098 r
391 4052 494 4106 tur,
535 4044 816 4099 laudabilis
844 4060 963 4100 esse
993 4046 1274 4113 probatur.

126 4128 228 4182 Nam
256 4133 294 4185 si
322 4133 393 4186 sic
427 4135 574 4196 vixit,
608 4149 844 4202 prteseus
873 4143 924 4188 ttl
961 4134 1204 4188 chartula
1234 4133 1388 4198 dixit,

125 4219 226 4274 Etsi
249 4225 524 4279 munificus
547 4225 644 4279 fuit
669 4237 723 4278 et
754 4227 872 4296 pius
902 4237 1063 4295 atque
1089 4227 1342 4294 pudicus,

127 4313 169 4365 Si
193 4315 384 4370 sibimet
421 4333 614 4386 parcus
643 4316 762 4383 fuit,
790 4318 1020 4388 indignis
1046 4334 1263 4388 quoque
1291 4320 1493 4389 largus,

127 4407 168 4458 Si
188 4408 401 4464 calcator
421 4427 600 4481 opum,
631 4411 902 4481 sispretor
929 4412 1268 4477 deliciarum,
1351 4478 1358 4483 .

129 4497 169 4546 εἰ
193 4501 349 4555 verbis
386 4501 562 4556 cultus
587 4501 684 4555 fuit
710 4514 763 4556 et
790 4501 924 4556 bene
956 4503 1332 4570 morigeratus,

131 4587 196 4641 Est
214 4591 327 4659 quid
357 4609 489 4662 opus
515 4593 700 4656 verbo,
719 4593 846 4663 quid
873 4593 1052 4646 dicere
1083 4593 1233 4661 plura
1265 4592 1487 4646 laboro?

129 4676 220 4730 .I-nn
243 4698 372 4736 nunc
394 4692 666 4736 tantorum
697 4684 894 4737 ctelum
919 4691 1060 4737 tenet
1086 4691 1200 4737 arte
1228 4683 1518 4745 honorum,

132 4767 235 4822 Nam
255 4773 348 4826 sibi
382 4789 476 4844 pro
507 4775 716 4828 meritis
747 4783 828 4828 est
864 4774 1101 4828 redditus
1127 4775 1358 4845 astriger
1387 4775 1521 4827 axis.

133 4859 253 4919 Nunc
284 4865 436 4936 igitur
471 4867 649 4921 Brttno
673 4867 886 4922 lzctatur
906 4877 969 4922 -ct
1001 4867 1170 4923 lueret
1191 4870 1244 4922 in
1271 4883 1404 4934 uno,

187 5020 313 5089 (109)
342 5025 496 5078 Anno
535 5024 788 5078 nimirum
835 5025 963 5078 1101
992 5063 1006 5084 .
1047 5038 1156 5092 quo
1183 5023 1241 5078 S.
1285 5023 1465 5077 Bruno
1499 5023 1632 5076 obiit
1655 5063 1670 5084 .

136 5092 443 5162 nondumque
480 5096 820 5162 Grcgoriana
857 5094 1162 5148 Calemlarii
1212 5095 1481 5148 correctio
1525 5094 1668 5147 facta

141 5172 248 5232 erat,
273 5161 473 5232 signum
498 5165 775 5220 Libtm'sol
806 5161 904 5218 fuit
925 5165 1199 5232 ingressus
1221 5166 1305 5218 die
1334 5165 1391 5217 l7
1418 5164 1668 5232 Septem-

142 5226 244 5302 bris,
272 5250 296 5285 a
319 5226 512 5302 quo-ad
540 5236 682 5289 diem
712 5235 746 5288 6
768 5226 1035 5292 Octobris.
1063 5235 1264 5288 Sancto
1290 5226 1669 5298 emortualem,

141 5300 230 5374 dies
245 5300 438 5370 viginti,
459 5314 768 5374 computato
790 5314 1016 5374 utroque
1037 5316 1304 5368 extremo,
1328 5303 1670 5358 elﬁuxernnt.

195 5373 320 5442 (illi)
359 5376 450 5430 llic
481 5377 734 5430 fortassis
771 5373 1052 5445 collegiata
1092 5376 1298 5444 Anglia:
1335 5375 1576 5430 Ecclesia
1608 5375 1675 5430 de

141 5439 312 5514 Cestre,
333 5463 452 5514 qua:
474 5447 532 5500 S.
561 5445 726 5500 Petro
760 5439 1032 5510 sacraVsit,
1058 5439 1392 5514 designatur.

196 5513 322 5583 (111)
355 5513 858 5579 Μειιηιθεὺιιτίθιιδο,
895 5517 960 5569 de
1006 5531 1114 5584 quo
1157 5513 1288 5570 tum.
1333 5517 1349 5569 I
1394 5515 1674 5570 Monastici

144 5580 382 5656 Anglicani
416 5603 535 5656 pag.
573 5586 646 5640 49
673 5597 727 5640 et
752 5602 902 5655 seqq.
940 5580 1138 5654 agitur.
1168 5586 1554 5656 monasterium
1577 5626 1591 5646 ,
1622 5588 1676 5638 in

145 5666 248 5716 agro
279 5655 611 5711 Wiltoniensi
642 5657 838 5718 situm,
870 5657 1252 5710 verosimiliter
1282 5656 1370 5709 hic
1416 5655 1677 5720 designa-

151 5730 644 5797 lIIr._perperamque
670 5727 894 5796 proinde
923 5726 1386 5781 Malmesbenensis
1419 5741 1516 5795 pro
1541 5724 1681 5778 Mal-

149 5795 474 5852 mrsbnriénsis
501 5795 783 5852 scribitur.

205 5864 331 5932 (ita)
381 5869 510 5925 Cum
571 5867 802 5925 ecclesia
877 5867 1200 5925 cathedralis
1273 5864 1681 5939 Rotomagensis

1591 427 1791 490 ACTA.

1681 3267 1726 3327 C

3207 435 3310 494 591

1662 548 1706 603 Α
1738 544 1910 598 Unum
1933 546 2169 616 suscepit
2199 546 2395 610 Bruna,
2423 555 2516 618 qut
2547 554 2712 600 tnutta
2746 547 2981 617 reliquit.

1739 642 1835 695 Est
1865 651 2042 697 tamen
2077 645 2178 699 hoc
2211 645 2383 699 solum
2416 645 2625 699 cunctis
2649 646 2995 714 prrestantius
3023 662 3208 701 untnn.

1739 729 1794 785 Si
1827 733 1987 802 quam
2016 734 2087 788 sit
2121 750 2402 805 magnum,
2433 733 2585 802 juvat
2610 735 2710 789 hoc
2737 737 3018 790 addiscere
3047 736 3280 806 lucrum,

1739 821 1834 875 Sat
1854 821 2028 876 dicam
2054 823 2310 888 breviter,
2340 827 2631 894 paucisque
2657 824 2859 879 docebo
2886 833 3154 895 patenter.

1739 914 2282 983 SuscepitChristum
2311 917 2550 972 solamen
2584 917 2738 970 dulce
2770 916 3038 980 laborum,

1736 1003 1874 1070 Quid
1893 1004 2112 1071 prodest
2145 1005 2326 1074 igitur,
2352 1006 2494 1076 quod
2525 1022 2622 1060 nos
2647 1005 2747 1060 sibi
2777 1005 3188 1060 vcrsifrcamur?

1740 1092 1844 1146 Sed
1876 1093 2323 1161 puto,proﬁeerc,
2355 1095 2399 1149 si
2431 1095 2551 1149 dico
2580 1113 2592 1147 :
2630 1094 2792 1159 Deus,
2824 1096 3106 1150 miserere.

1740 1187 1838 1241 Ast
1869 1187 2122 1255 quoniam
2150 1202 2306 1242 nemo
2338 1186 2667 1256 peccaminis
2689 1185 2908 1240 estsine
2934 1203 3118 1251 mero,

1811 1278 1866 1332 Si
1891 1279 2031 1348 quod
2052 1279 2213 1332 habet
2246 1277 2474 1342 facinus,
2518 1288 2572 1332 tu
2599 1279 2736 1333 bone
2767 1289 2915 1347 terge
2946 1277 3107 1333 Deus.

1918 1371 1978 1426 S.
2005 1370 2194 1426 Maria:
2253 1370 2680 1442 Rothomagertsis
2711 1370 2944 1425 ecrlesire
2967 1371 3140 1442 (ιῑιὲ),

1750 1462 1864 1518 116.
1900 1461 2155 1517 Ecclesia:
2187 1472 2389 1517 sancta:
2412 1464 2576 1517 totius
2611 1462 2789 1532 lugeat
2815 1463 2966 1526 ordo,

1743 1553 1970 1610 llumani
2003 1553 2216 1623 generis
2249 1552 2383 1608 ﬁcus
2410 1553 2761 1624 irreparabile
2789 1555 3066 1608 damnum.

1744 1649 1941 1704 Mundo
1965 1647 2197 1705 decessit
2225 1647 2478 1702 mundani
2504 1649 2678 1703 victor
2707 1648 2928 1702 honoris

1743 1739 1925 1794 Druno
1954 1747 2127 1808 pater,
2166 1748 2365 1792 sancta:
2388 1736 2642 1793 fundator
2664 1737 2980 1809 Relligiouis
2999 1781 3014 1803 ,

1744 1832 1907 1903 Cujus
1941 1843 2086 1887 tanta
2115 1833 2256 1903 piam
2287 1833 2450 1886 vitam
2479 1831 2824 1886 commendat
2853 1832 3153 1896 honestas,‘

1672 1905 1714 1963 Β
1749 1923 1815 1979 Ut.
1835 1925 1906 1978 sit
1929 1938 2051 1977 cum
2075 1923 2326 1993 cuiquam
2357 1937 2462 1976 non
2491 1921 2828 1991 :cquipararc
2855 1928 3118 1990 potestas.

1747 2016 1863 2085 Ipse
1891 2015 1991 2069 fuit
2018 2015 2254 2085 sapiens,
2285 2014 2369 2067 vir
2409 2013 2622 2077 nobilis,
2655 2011 2831 2066 imlole
2861 2011 3104 2084 fulgens,

1747 2109 1987 2163 lmbutus
2025 2106 2170 2162 fonte
2204 2107 2366 2161 totius
2401 2104 2795 2176 philosophize;

1745 2201 1802 2256 lu
1825 2216 1932 2272 quo
1961 2217 2085 2255 cum
2119 2201 2289 2254 virtus
2314 2199 2599 2270 probitatis
2626 2199 2745 2252 viva
2787 2197 3005 2258 niteret,

1746 2294 2033 2350 Gloriﬁcos
2059 2294 2258 2358 fasces,
2285 2309 2387 2364 qua
2419 2291 2785 2360 promeruisse
2815 2289 3040 2353 valeret,

1747 2388 2096 2444 Proculcator
2121 2400 2304 2454 opum,
2339 2391 2658 2439 cunctorum
2687 2390 2898 2453 spretor
2927 2381 3215 2447 honorum,

1749 2482 1812 2536 Et
1837 2479 2020 2535 mundi
2045 2477 2262 2534 stultam
2302 2476 2437 2546 pede
2459 2474 2705 2530 contudit
2729 2472 3081 2528 ambitionem

1750 2572 1816 2626 Et
1844 2570 2023 2625 studio
2050 2577 2292 2624 sanctam
2321 2566 2567 2621 fundavit
2595 2564 2974 2634 Rclligionem.

1749 2661 2004 2718 Mundum
2033 2661 2334 2722 declinans,
2368 2659 2550 2713 mundi
2583 2656 2834 2713 sublimia
2871 2657 3051 2711 vitans

1751 2756 1923 2827 Elegit
1956 2755 2135 2825 petitis
2157 2753 2364 2823 privata
2391 2752 2586 2820 degere
2613 2751 2744 2805 vita.

1751 2850 1858 2904 Sed
1880 2848 2127 2918 quamvis
2155 2847 2374 2901 humilis
2400 2845 2577 2899 clarus
2611 2844 2821 2899 meritis
2859 2843 3111 2907 eremita,

1751 2941 1917 3013 Cujus
1945 2939 2243 3011 magniﬁca:
2269 2939 2524 3010 quoniam
2554 2938 2752 2991 seriem
2785 2936 3003 3006 pietatis

1753 3034 1923 3089 Nemo
1948 3031 2152 3102 referre
2181 3030 2340 3092 valet,
2379 3037 2600 3082 actusve
2623 3027 2722 3098 pia:
2752 3027 3042 3089 bonitatis,

1756 3126 1849 3180 llis
1874 3121 2279 3194 prtctermissis,
2307 3121 2556 3191 precibus
2587 3136 2683 3173 nos
2720 3118 3087 3187 invigilemus,

1757 3217 1932 3286 Atque
1962 3214 2176 3268 Patrem
2206 3228 2474 3266 Sll:tlttltl'l|
2509 3211 2704 3263 devota
2739 3219 2915 3262 mente
2937 3224 3217 3276 rogemus,

1763 3311 1830 3367 Ut
1856 3311 2016 3364 I‘aler
2048 3307 2280 3362 eximius
2308 3305 2452 3359 vitali
2494 3305 2610 3358 luce
2640 3303 2852 3356 fruatur

1755 3404 1942 3460 Justus
1971 3411 2023 3457 et
2052 3397 2639 3470 agminilmsjustorum
2667 3395 3030 3450 consocietur.

1759 3496 1867 3551 Nos
1909 3493 2373 3560 llothnmagenscs
2420 3487 2734 3556 metropolis
2789 3485 3034 3540 ecclesia:
3090 3481 3345 3537 canonici

1761 3585 1986 3656 singulis
2016 3582 2174 3636 anuis
2204 3579 2532 3634 venerabilis
2576 3569 2676 3631 viri
2729 3576 2998 3630 Brunonis
3034 3573 3344 3627 anniversa-

1763 3679 1899 3732 rium
1925 3676 2200 3730 fac3emtzs.

2083 3765 2141 3820 S.
2181 3765 2456 3818 Trinitatis
2503 3761 2816 3831 Rotlromngi
2856 3759 3024 3830 (H5).

1764 3859 1888 3914 H7.
1918 3858 2179 3925 Quamvis
2213 3871 2365 3910 mens
2396 3853 2628 3909 hominis
2654 3852 2824 3906 nescit
2856 3851 3194 3914 discernere,
3228 3846 3374 3904 ﬁnis.

1764 3955 1897 4021 Quis
1923 3954 1991 4006 sit
2025 3961 2377 4012 cunctorum;
2412 3949 2506 4002 sed
2545 3947 2665 4000 fons
2687 3955 2742 3999 et
2767 3945 2920 4014 origo
2952 3943 3242 4006 bonorum,

1765 4047 1863 4104 Cui
1901 4056 2047 4116 patet
2072 4043 2365 4102 occultum.
2397 4058 2496 4097 nec
2525 4041 2653 4110 quid
2678 4039 2906 4094 dimittit
2933 4037 3182 4098 iuultutn,

1769 4138 1875 4193 Nos
1909 4147 2107 4200 tamen,
2143 4145 2199 4187 ttt
2229 4149 2407 4187 mores
2436 4133 2717 4203 designant
2750 4130 3066 4191 exteriores,

1769 4229 1951 4283 Dulcis
1975 4237 2022 4280 et
2057 4226 2294 4279 emerit:e
2324 4225 2406 4294 pia
2431 4221 2831 4278 consummatio
2864 4221 3021 4282 vine,

1769 4320 2074 4379 Credimus,
2103 4319 2168 4370 ad
2195 4317 2437 4384 Superos
2461 4314 2603 4384 quod
2634 4325 2810 4366 vester
2841 4311 3051 4365 transiit
3085 4310 3276 4364 lieres.

1772 4411 1902 4477 Qum
1933 4407 2216 4461 vosoratis
2249 4408 2312 4461 de
2344 4407 2482 4460 votis
2511 4404 2926 4466 concclebratis,

1776 4499 1900 4553 llzce
1929 4500 2117 4553 eadem
2156 4497 2356 4550 nostris
2378 4495 2724 4565 exposcimus
2756 4503 2813 4547 ul
2835 4493 3071 4554 faciatis,

1703 4631 1744 4684 υ
1779 4588 1847 4647 Ut
1876 4590 2059 4644 vivant
2085 4587 2324 4646 Christo.
2356 4603 2492 4656 quos
2522 4601 2744 4640 carcere
2772 4584 2934 4638 solvit
2960 4585 3026 4638 ab
3053 4585 3177 4638 isto.

2273 4677 2331 4730 S.
2361 4675 2664 4746 Leorlegnrii
2686 4675 2856 4742 (414).

1780 4771 1900 4826 HS.
1936 4769 2033 4825 llic
2065 4769 2379 4840 Leodcgarii
2417 4769 2602 4823 titulus
2637 4765 3148 4824 describituralmi.

1777 4866 1820 4920 Δ
1855 4865 1994 4920 facie
2022 4863 2212 4918 mortis
2244 4863 2429 4932 nequit
2458 4861 2598 4917 ullus
2626 4862 2820 4918 sistere
2852 4860 3037 4917 fortis'

1781 5017 2138 5076 sanctissime
2165 5015 2260 5070 Dei
2289 5013 2550 5070 Genitrici
2591 5029 2748 5069 sacra
2775 5015 2874 5080 sit,
2902 5013 3046 5070 illam
3091 5013 3179 5070 hic
3216 5012 3359 5068 cht-

1781 5091 1968 5162 gnari1
1983 5087 2339 5162 indubitatum
2376 5094 2618 5162 apparet.

1848 5160 1994 5229 (M5)
2027 5157 2140 5229 Hoc,
2165 5151 2576 5220 monasterium,
2603 5156 2743 5229 quod
2769 5155 2821 5209 in
2855 5163 3035 5229 monte
3065 5167 3230 5222 prope
3255 5151 3364 5205 Ro-

1781 5226 2050 5296 toutagutn
2104 5228 2266 5283 situm
2318 5236 2469 5288 erat,
2525 5227 2722 5280 sarculo
2767 5241 2820 5279 xr
2861 5226 2962 5280 fuit
2995 5231 3364 5296 exstructum,

1783 5316 1833 5356 et
1883 5292 1954 5353 ad
2001 5314 2200 5352 annum
2246 5311 2416 5364 usque
2465 5297 2624 5356 1597.
2671 5312 2779 5364 quo
2835 5309 3019 5349 mensa
3078 5292 3365 5364 ahbatialis

1784 5371 2085 5427 Cartbusia:
2120 5361 2451 5423 Gallionensi
2485 5361 2742 5420 attribttia
2776 5375 2887 5428 est,
2939 5364 3041 5416 sub
3079 5361 3364 5415 abbatibus

1785 5440 2185 5514 perseveravit,
2211 5448 2269 5514 ut
2287 5437 2480 5514 Calliae
2506 5436 2826 5514 Christiana:
2864 5441 3034 5488 aucta:
3057 5431 3368 5504 Scriptores

1785 5505 1917 5568 ium.
1950 5510 2041 5569 XI.
2073 5509 2176 5563 col.
2206 5507 2307 5562 124
2335 5517 2388 5561 et.
2411 5522 2526 5574 seq.
2557 5505 2768 5559 docent.

1857 5580 2007 5650 (414)
2043 5578 2376 5650 Pratellense
2404 5577 2461 5650 S‘.
2491 5569 2816 5650 Leodt-garii
2845 5572 3153 5650 comobium
3173 5611 3186 5633 ,
3221 5569 3368 5639 quod

1787 5641 2094 5707 in‘tlimccsi
2138 5646 2454 5702 Lexoviensi
2491 5646 2654 5699 situm
2682 5641 2798 5705 est,
2841 5641 3146 5707 saeculaque
3180 5657 3266 5704 ιιι,
3309 5650 3368 5692 ιιι

1787 5722 1972 5777 Gallia:
1993 5720 2313 5774 Christianae
2337 5725 2506 5770 auctae
2529 5713 2836 5790 Scriptores
2858 5721 2990 5790 tum.
3018 5711 3108 5790 Xl‘,
3123 5709 3376 5790 ,θοι-8Ξῇ

1791 5793 2012 5852 docent,
2065 5791 2166 5846 fuit
2216 5795 2583 5850 exstructum,
2624 5780 3024 5838 verosimillitne
3082 5783 3170 5838 hic
3217 5780 3364 5837 desi-

1792 5873 2004 5934 artatur.
