3864 6320
458 449 566 509 505

530 559 817 618 Sed'fumo
841 558 1036 614 similis
1062 558 1172 612 vita
1200 556 1299 612 viri
1327 558 1551 615 sterilis.

459 654 692 712 Labitur
717 660 775 706 ut
798 657 991 706 ventus
1018 648 1385 719 pulcherrima
1415 656 1539 702 nata
1564 623 1854 715 juventus:

528 744 710 815 Eque
734 742 995 798 tolluntur
1026 739 1299 810 pessimus
1328 751 1492 809 atque
1521 739 1713 793 bonus.

458 836 666 893 Omnes
692 842 867 889 morte
893 840 1089 898 ruunt,
1120 840 1433 901 terramque
1463 829 1729 884 cadavera
1764 844 2003 898 quaerunt
2025 869 2041 892 ,

527 928 586 984 In
617 926 842 983 nihilum
870 924 1121 989 veniunt,
1146 922 1425 977 vermibus
1450 935 1575 975 esca
1609 919 1801 973 fluunt.

456 1020 696 1091 Corpora
728 1022 1065 1089 putrescunt,
1096 1027 1216 1083 qua:
1245 1012 1363 1066 viva
1399 1011 1631 1080 superba
1660 1010 1878 1066 fuerunt

528 1109 759 1165 llorrida
792 1108 850 1161 fit
878 1121 1006 1161 caro
1034 1112 1243 1159 mortua
1274 1109 1466 1157 cuncta
1499 1116 1649 1156 caro.

458 1200 576 1255 Mox
612 1201 773 1255 homo
802 1213 923 1253 eum
965 1194 1215 1259 moritur,
1248 1194 1433 1250 statim
1475 1209 1572 1249 sua
1606 1193 1754 1250 fossa
1795 1204 2039 1263 paratur,

530 1294 745 1347 Charus
772 1300 892 1361 post
918 1288 1095 1343 nullus
1124 1294 1278 1343 curet
1307 1286 1511 1342 habere
1539 1300 1691 1349 suus,

458 1384 564 1439 Sed
597 1383 768 1437 sociat
793 1379 961 1435 cineri
987 1378 1100 1450 iam
1131 1376 1333 1433 fmtens
1358 1390 1554 1447 corpus
1578 1375 1758 1430 amici.

533 1474 577 1530 Ο
608 1488 775 1545 quam
798 1488 970 1527 vanus
998 1486 1173 1537 amor,
1206 1486 1330 1528 cum
1363 1469 1509 1525 cadit
1532 1468 1709 1525 onmis
1737 1467 1932 1521 honor!

458 1566 698 1624 Brunoni
730 1566 1004 1631 dedimus,
1035 1564 1180 1635 quod
1203 1562 1420 1618 debitus
1445 1561 1614 1631 exigit
1638 1576 1788 1624 usus,

458 1658 570 1712 \‘os
595 1667 650 1711 et
677 1657 818 1712 idem
851 1654 1055 1711 nostris
1083 1652 1377 1724 persolvite
1404 1649 1738 1706 subtitulatis
1763 1647 1912 1721 (415)

807 1746 865 1803 8.
900 1746 1090 1802 Maria:
1118 1744 1480 1800 Potileviensis
1509 1742 1683 1815 (416).

456 1843 577 1899 H9.
606 1839 751 1898 Exiit
778 1857 809 1897 e
838 1840 1037 1896 mundo
1058 1839 1176 1905 Vir,
1205 1838 1391 1894 mundi
1415 1845 1651 1909 spretor,
1675 1836 1742 1892 ad
1770 1837 1942 1902 illum,

527 1933 627 2001 Qui
658 1932 921 1988 mundum
946 1930 1076 1987 fecit
1097 1944 1258 2001 quem
1282 1929 1399 1984 sine
1430 1928 1537 1984 ﬁne
1558 1928 1733 1995 videt;

458 2026 524 2080 Et
539 2026 664 2081 licet
683 2024 790 2090 bic,
807 2034 1064 2095 tanquam
1085 2029 1429 2087 tenebrosus,
1446 2021 1627 2081 Bruno
1643 2019 2045 2093 vocetur(il7),

527 2118 623 2172 Est
647 2127 827 2172 tamen
854 2126 908 2173 et
939 2116 1080 2172 fama
1112 2117 1322 2176 lucidus
1350 2128 1406 2175 et
1436 2117 1668 2174 meritis.

463 2209 607 2264 Luce
637 2209 729 2264 Dei
762 2208 985 2277 fruitur,
1011 2208 1137 2279 quia
1172 2210 1346 2265 lucem
1380 2209 1588 2280 respuit
1616 2209 1793 2271 istam,

524 2300 592 2354 Et
616 2315 715 2370 pro
736 2300 954 2356 deserto
978 2300 1174 2356 coelica
1202 2315 1369 2372 regna
1392 2301 1541 2357 colit.

461 2390 565 2446 Vos
591 2390 773 2461 igitur,
804 2389 1019 2456 fratres,
1045 2405 1145 2460 pro
1171 2390 1294 2446 laeto
1317 2407 1385 2446 ne
1408 2391 1653 2458 dolentis,

525 2479 658 2536 Esse
682 2494 811 2535 suos
836 2479 984 2535 laetos
1006 2479 1166 2536 hctus
1192 2493 1245 2536 et
1270 2481 1384 2551 ipse
1408 2481 1576 2550 cupit.

459 2572 515 2627 Si
552 2571 681 2641 quid
713 2571 760 2626 ei
789 2571 969 2627 minus
991 2580 1096 2639 est,
1123 2571 1266 2627 Dens
1295 2572 1370 2626 illi
1403 2570 1671 2641 compleat
1695 2569 1827 2625 illud

529 2664 594 2718 Et
622 2662 839 2719 nostras
862 2662 1269 2734 vestrisjungat
1291 2661 1339 2718 ei
1380 2662 1653 2731 precibus.

1061 2754 1303 2811 SECTIO
1358 2755 1443 2810 VI.

602 2848 809 2904 Titulus
841 2848 903 2905 S.
934 2846 1126 2903 Maria;-
1144 2847 1455 2918 Bajocensis
1477 2844 1711 2902 ecclesia:
1733 2845 1881 2918 (418)

459 2942 583 2999 150.
614 2922 922 2997 Strennuus
958 2950 1013 2997 et
1042 2941 1199 2997 fortis
1240 2950 1594 2996 conservator
1631 2940 2046 3006 monachorum,

456 3035 721 3091 Providus
748 3042 803 3091 et
822 3034 1033 3100 mortis,
1068 3033 1327 3089 fundator
1354 3034 1756 3100 coenobiorum,

458 3127 890 3197 Sanctorumque
917 3125 1135 3181 Patrum
1167 3125 1317 3197 prius
1340 3134 1396 3181 et
1420 3125 1661 3182 clemens
1683 3124 1942 3190 imitator,

459 3219 712 3289 Solamen
742 3217 994 3283 fratrum,
1028 3228 1230 3275 sanctzn
1258 3218 1473 3275 virtutis
1499 3228 1734 3285 amator,

456 3308 666 3366 Marum
692 3319 970 3366 corrector
990 3308 1191 3378 justus,
1236 3310 1321 3381 pia
1359 3326 1482 3382 spes
1513 3311 1856 3375 miserorum,

461 3400 696 3460 Iustitiae
719 3410 922 3468 rector,
954 3410 1136 3458 custos
1164 3412 1218 3458 et
1247 3404 1445 3474 ubique
1480 3404 1766 3470 bonorum,

458 3492 701 3549 Moribus
729 3502 978 3559 ornatus,
1003 3508 1097 3549 vas
1122 3502 1177 3549 et
1202 3493 1418 3564 plenum
1446 3494 1685 3565 pietatis,

456 3582 703 3641 Fortiter
725 3594 970 3642 armatus
998 3586 1187 3658 clypeo
1214 3602 1356 3642 verae
1383 3586 1687 3657 probitatis,

460 3676 724 3733 Humana:
750 3678 936 3734 Bruno
958 3679 1127 3734 subiit
1150 3679 1241 3748 jus
1269 3677 1623 3745 conditionis,

459 3768 709 3825 fluetibus
730 3766 988 3839 angelica:
1010 3768 1423 3840 coniungendas
1446 3768 1692 3840 legionis.

462 3861 579 3917 Non
608 3861 680 3918 ibi
713 3872 962 3933 raptores
991 3863 1259 3928 habitant,
1290 3876 1393 3917 nec
1421 3866 1579 3917 turba
1606 3860 1831 3917 rebellis

533 3994 683 4062 (115)
710 3995 808 4050 Adi
832 4006 1015 4051 natam
1041 3995 1167 4050 352.

530 4067 677 4137 (116)
713 4065 825 4120 Hoc
858 4067 1197 4129 cmnobium,
1232 4065 1379 4137 quod
1432 4063 1797 4137 sanctissimm
1834 4061 2047 4137 γίνεῑηί

462 4132 901 4192 Μειτίιέείιοτιιιη
948 4145 1063 4198 est,
1101 4132 1351 4206 quodque
1395 4136 1463 4189 ab
1510 4134 1632 4189 aliis
1684 4132 2043 4206 Pontilerium

462 4218 710 4271 vocatur,
742 4208 794 4261 in
838 4206 1058 4263 dimcesi
1105 4204 1343 4261 Blesensi
1390 4206 1551 4260 situm
1594 4213 1706 4267 est,
1744 4204 2049 4271 szeculoque

464 4279 782 4344 undecimo,
820 4285 877 4331 ut
922 4276 1107 4331 Galliae
1149 4277 1475 4331 Christiana)
1527 4287 1702 4329 aucta:
1741 4275 2049 4344 Scriptores

464 4357 598 4404 10m.
634 4348 768 4411 VIII,
800 4347 903 4402 col.
937 4347 1074 4403 1379
1099 4347 1317 4413 docent,
1344 4347 1444 4401 fuit
1469 4355 1829 4402 exstructum.

471 4457 474 4459 λ
535 4419 684 4483 (41⁵7)
731 4418 1005 4472 Alluditur
1035 4416 1103 4471 ad
1135 4433 1329 4473 nomen
1372 4417 1669 4480 Brunonis,
1703 4415 1909 4485 quoda
1948 4430 2048 4485 no-

465 4489 612 4543 mine
644 4488 943 4544 Teutonico
969 4487 1155 4541 Braun
1182 4529 1196 4551 ,
1228 4488 1513 4543 Flandrico
1542 4485 1723 4555 Bruyn
1754 4495 1808 4539 et
1842 4484 2047 4539 Gallico

467 4557 647 4623 Brun,
691 4558 861 4625 idem,
885 4558 1045 4628 quod
1080 4557 1272 4613 Latine
1313 4557 1545 4613 Fuscum
1581 4571 1677 4611 seu
1726 4555 2047 4625 Subnigrum

466 4629 830 4695 significante,
863 4627 1150 4683 deductum
1188 4629 1358 4683 videri
1398 4636 1594 4698 potest.

540 4699 688 4770 (A18)
726 4699 1095 4770 Sanctissimre
1120 4700 1209 4755 Dei
1232 4698 1493 4755 Genitrici
1524 4710 1679 4770 sacra
1719 4705 1822 4761 est,
1851 4711 2040 4770 quem:

473 4766 760 4825 admodum
792 4768 979 4824 Gallia:
1002 4770 1323 4825 Christianze
1347 4781 1519 4823 auctae
1547 4767 1841 4836 scriptores
1874 4775 1914 4819 t.
1970 4766 2037 4821 XI

468 4840 577 4895 col.
621 4840 726 4894 546
754 4840 968 4902 docent,
1011 4839 1343 4895 cathedralis
1400 4835 1708 4905 Bajocensis
1777 4835 2040 4902 ecclesia;

468 4911 898 4992 qua_r_cnatl.hanc
915 4910 1265 4992 referendum
1282 4918 1421 4992 puto
1451 4908 1684 4992 Titulutu
1716 4906 2036 4992 subjectum.

539 4981 691 5052 (419)
726 4980 782 5035 In
822 4980 1135 5052 iAdnotatis
1160 4977 1410 5052 sectioni
1466 4977 2043 5052 secundze‘sulmcxis

470 5046 630 5108 docui
659 5046 886 5121 singulis
922 5050 1036 5106 fere
1065 5050 1472 5121 cathedralibus
1514 5061 1655 5121 suas
1690 5046 1820 5121 olim
1872 5046 2039 5121 fuisse

471 5123 710 5188 scholas,
744 5116 796 5177 in
821 5121 1041 5192 quibus,
1068 5121 1159 5190 qui
1193 5120 1465 5192 volebant,
1496 5119 1727 5192 litteras
1767 5116 2041 5192 doceban-

475 5204 563 5248 tur
593 5211 607 5248 :
640 5188 856 5252 verum;
883 5207 1005 5246 cum
1032 5188 1235 5259 praeter
1255 5190 1470 5245 scholas
1495 5190 1675 5253 hasce,
1708 5202 1827 5257 qua:
1849 5188 2047 5255 cpisco-

470 5263 613 5334 pales
639 5264 995 5325 vocabantur,
1024 5261 1473 5334 monasticasque,
1512 5275 1635 5334 quze
1691 5259 2045 5334 monasteriis

472 5330 899 5389 instituebantur
924 5371 937 5394 ,
973 5341 1153 5386 essent
1174 5331 1339 5385 etiam
1370 5330 1450 5385 ’in
1501 5331 1726 5384 urbibus
1774 5330 2045 5383 nonnullis

473 5404 697 5467 sebolzc,
755 5418 878 5471 quae
909 5417 937 5455 a
970 5402 1262 5471 magistris,
1318 5403 1385 5457 ab
1435 5402 1693 5471 episcopo
1714 5398 2046 5471 approbatis,

394 5479 415 5531 ἴ
472 5483 625 5529 extra
658 5470 996 5530 cathedrales
1021 5470 1281 5526 ecclesias
1310 5470 1746 5540 monasteriaque
1789 5470 2042 5540 institue-

472 5545 674 5599 bantur
702 5584 719 5609 ,
765 5542 1155 5610 nesciantque,
1188 5543 1276 5610 qui
1337 5558 1423 5597 res
1469 5543 1523 5595 in
1579 5538 1710 5595 urbe
1762 5538 2043 5608 Bajoeensi

476 5616 535 5669 S.
568 5614 837 5670 Brunonis
859 5621 1019 5667 aetate
1050 5612 1298 5682 habuerit
1329 5652 1343 5676 ,
1367 5621 1645 5682 spectetne
1664 5611 1727 5682 ad
1769 5613 2047 5682 episcolta-

476 5686 604 5748 lem,
628 5701 695 5739 an
718 5685 784 5739 ad
813 5683 970 5737 aliam
999 5680 1347 5748 Bajocensem
1379 5680 1616 5739 SCIIOIZIIII
1676 5680 1888 5735 Titulus
1919 5681 2046 5734 sub-

472 5754 671 5823 jectus,
699 5770 799 5825 pro
824 5764 975 5809 certo
1015 5767 1221 5825 nequeo
1245 5755 1477 5815 edicere,
1516 5760 1814 5825 potestque
1838 5753 1882 5805 is
1922 5766 2045 5825 pro-

478 5821 653 5881 fectus
680 5821 801 5881 esse
848 5826 916 5879 ab
964 5823 1214 5881 omnibus
1239 5825 1397 5879 simul
1444 5821 1680 5878 civitatis
1725 5821 2037 5891 Bajocensis

477 5897 682 5955 scholis
710 5936 726 5967 ,
757 5896 799 5952 si
832 5895 1013 5969 plures
1041 5896 1181 5952 forte
1205 5897 1400 5953 ibidem
1443 5894 1664 5951 fuerint.

1219 443 1279 503 S.
1318 442 1671 501 BRUNONIS
1706 434 2356 497 CARTIIUSIANORUM
2395 435 2881 497 INSTITUTORIS

2067 558 2113 609 Α
2143 550 2249 608 Nec
2274 553 2423 622 pravi
2457 567 2641 609 mores
2667 553 2737 607 tbl
2772 561 2922 616 sunt,
2954 548 3048 606 sed
3077 549 3311 622 quisque
3337 550 3523 609 fidelis.

3600 442 3685 502 596

2145 645 2264 712 Quo
2291 645 2449 700 nobis
2478 646 2685 699 aditum
2712 644 2916 699 tribuat
2939 642 3055 699 Rex
3087 646 3443 715 perpetualis,

2146 737 2334 792 Mortis
2362 746 2485 807 post
2507 737 2712 791 obitum
2745 736 3008 805 protectio
3043 736 3345 805 spiritualis

2144 830 2380 899 Spiritus
2410 828 2498 884 hic
2524 843 2731 883 summa
2761 829 3030 884 Brunonis
3054 846 3187 896 pace
3218 829 3437 883 fruatur

2144 922 2393 991 Luceque
2423 918 2738 989 splendiflua
2776 919 2979 989 pietate
3010 921 3107 975 Dei
3136 921 3394 991 potiatur.

2378 1010 2569 1065 Versus
2597 1009 2861 1064 scltolarcs
2887 1010 3123 1080 ejusdem
3153 1011 3297 1065 urbis
3330 1008 3498 1082 (419).

2148 1102 2268 1157 151.
2315 1100 2415 1156 Hic
2443 1099 2631 1164 dolor,
2667 1115 2701 1154 o
2739 1098 2957 1166 Bruno,
3005 1100 3123 1170 plus
3161 1116 3327 1173 quam
3368 1102 3615 1172 processit
3638 1104 3691 1159 ab

3492 1189 3632 1263 [uno,

2147 1281 2301 1339 Unde
2330 1278 2494 1344 dolet,
2522 1279 2748 1351 plangit,
2778 1295 2939 1351 quam
2973 1295 3123 1336 mors
3150 1291 3238 1335 tua
3272 1279 3512 1335 funditus
3540 1282 3689 1353 angit!

2144 1374 2261 1429 Non
2293 1373 2642 1443 lacrymando
2664 1388 2854 1443 parum
2882 1374 3187 1428 communis
3228 1374 3387 1429 turba
3422 1372 3692 1429 scholarum

2143 1467 2324 1536 Atque
2352 1480 2492 1537 genu
2526 1479 2698 1534 prono
2736 1463 2827 1517 tali
2861 1464 3081 1519 viduata
3104 1464 3347 1518 Patrono

2146 1561 2253 1617 Pro
2278 1559 2474 1614 merito
2501 1556 2680 1611 dando
2706 1554 2958 1611 diffundit
2988 1565 3111 1612 vota
3144 1556 3447 1626 precando,

2146 1654 2214 1709 Et
2241 1652 2442 1722 Regem
2472 1649 2669 1721 poscit,
2694 1648 2784 1720 qui
2814 1658 3010 1705 cuncta
3050 1650 3271 1704 latentia
3297 1648 3491 1715 noscit,

2151 1745 2223 1803 Ut
2255 1745 2350 1801 tibi
2374 1743 2465 1800 det
2492 1742 2684 1808 vitam,
2723 1749 2777 1797 te
2800 1742 3107 1813 suscipiens
3140 1742 3450 1797 eremitam.

2435 1832 2495 1891 8.
2541 1830 2753 1904 Georgii
2792 1833 3025 1903 ejusdem
3070 1834 3215 1887 urbis
3265 1830 3438 1903 (420).

2229 1927 2357 1982 152.
2385 1925 2512 1982 Flos
2538 1925 2915 1992 eremitarum,
2952 1924 3131 1980 lumen
3162 1924 3432 1990 mirabile,
3460 1923 3639 1980 clarum

2157 2022 2338 2095 Sydus
2358 2063 2374 2089 ,
2405 2020 2588 2075 Bruno
2605 2058 2620 2085 ,
2654 2026 2871 2089 patrum
2892 2019 3067 2089 vigor,
3091 2018 3257 2082 ordo,
3290 2018 3473 2089 regula
3500 2017 3692 2073 fratrum

2146 2112 2547 2185 Exemplarque
2575 2109 2677 2164 via:
2707 2108 2950 2165 cwlestis
2972 2150 2986 2175 ,
3022 2109 3255 2179 fonsque
3283 2110 3515 2180 sophiae,

2146 2207 2256 2264 Has
2284 2206 2465 2277 tetigit
2486 2210 2680 2268 metas,
2712 2204 2909 2273 quibus
2929 2204 3106 2259 omnis
3136 2203 3409 2259 clauditur
3437 2212 3579 2258 mtas.

2144 2301 2202 2356 In
2240 2314 2468 2355 numero
2496 2299 2727 2355 fratrum
2761 2307 2811 2354 te
2851 2297 3203 2367 scripsimus,
3248 2296 3455 2365 optime
3481 2304 3697 2366 patrum,

2146 2393 2345 2449 Sedula
2378 2393 2572 2449 devote
2597 2391 2869 2448 fundendo
2889 2389 3197 2462 precamina
3227 2404 3329 2458 pro
3359 2398 3410 2444 te
3435 2428 3456 2454 ,

2148 2484 2218 2542 Ut
2244 2486 2448 2557 pietate
2472 2485 2569 2541 Dei
2603 2485 2698 2541 tibi
2728 2485 2889 2540 detur
2911 2499 3041 2554 pars
3077 2482 3308 2551 requiei.

2666 2577 2725 2635 8.
2754 2578 3007 2649 Stephani
3035 2577 3207 2645 (421).

2148 2675 2272 2730 153.
2318 2674 2374 2730 Si
2406 2674 2489 2729 vel
2537 2689 2635 2746 per
2678 2672 2939 2745 gemitum
2989 2670 3071 2724 vel
3120 2684 3221 2740 per
3277 2669 3538 2741 lacrymas
3586 2666 3697 2722 dare

3459 2761 3627 2834 [vitam

2219 2860 2321 2916 llic
2345 2861 2576 2915 mundus
2603 2867 2806 2930 posset,
2839 2857 3073 2911 mundus
3097 2861 3392 2923 utrnque
3418 2853 3579 2918 daret,

2155 2953 2219 3009 Ut
2247 2952 2347 3008 sibi
2380 2952 2653 3008 sublatum
2680 2949 2847 3007 semel
2878 2950 3108 3004 eliceret
3143 2947 3454 3003 redivivum

2220 3043 2557 3108 Brunoncm,
2600 3040 2818 3096 miseris
2846 3054 3020 3111 spem,
3053 3039 3243 3101 decus,
3268 3037 3550 3102 auxilium;

2152 3137 2253 3205 Qui
2301 3145 2521 3193 sectans
2572 3148 2850 3199 eremum,
2901 3133 3288 3205 propriamque
3329 3146 3536 3187 crucem
3577 3126 3705 3195 baiu-

3487 3220 3650 3293 [laudo

2076 3283 2122 3343 ο
2221 3318 2360 3373 Actu
2388 3314 2698 3387 complevit,
2725 3329 2821 3371 ore
2848 3312 2992 3385 quod
3017 3312 3256 3377 edocuit,

2152 3404 2567 3476 licmiginmque
2604 3412 2795 3458 tenens
2822 3403 2944 3457 lidei
2975 3418 3123 3473 spem
3156 3403 3271 3457 fixit
3297 3402 3351 3457 in
3386 3401 3559 3465 astris,

2224 3496 2289 3549 Et
2316 3504 2433 3550 rate
2463 3495 2606 3551 felici
2627 3496 2741 3564 jam
2773 3510 2925 3551 mare
2958 3495 3255 3550 transiliit:

2154 3587 2214 3642 Et
2261 3586 2386 3657 quia
2420 3603 2524 3643 non
2549 3602 2647 3658 per
2671 3602 2730 3641 se
2761 3586 2903 3641 valet
2935 3587 3076 3642 ullus
3108 3603 3265 3657 posse
3297 3588 3465 3652 heari,

2224 3678 2380 3735 Hunc
2407 3677 2671 3734 immensa
2700 3678 2790 3732 Dei
2826 3679 2999 3749 gratia
3019 3677 3305 3747 justifieet.

2423 3769 2485 3827 S.
2522 3768 2723 3841 Vigoris
2747 3770 3015 3826 Cerasiaci
3050 3772 3271 3825 rwnobii
3295 3771 3467 3842 (422).

2153 3864 2270 3921 154.
2296 3863 2528 3920 Humilis
2551 3880 2683 3935 grex
2704 3864 2937 3919 ccenohii
2962 3865 3302 3921 Cerasiensis
3336 3864 3483 3921 beati
3509 3863 3713 3935 Vigoris,

2221 3997 2367 4068 (120)
2410 3998 2464 4052 In
2495 3998 2731 4067 generali
2755 3998 3139 4054 beneficiorum
3162 3999 3415 4054 diaeresis
3439 3997 3714 4066 Bajocensis

2148 4068 2397 4140 elencho,
2453 4083 2596 4122 anno
2651 4069 2789 4140 1648
2861 4070 3015 4140 ιιιιίςῄ
3062 4069 3467 4125 Parisicnsibus
3514 4084 3713 4130 excuso,

2148 4154 2271 4209 pag.
2303 4139 2374 4192 25
2402 4139 2606 4193 curatis
2650 4138 2891 4209 civitatis
2922 4138 3236 4208 Bajocensis
3266 4141 3511 4197 ecclesiis
3549 4154 3717 4209 acmu-

2148 4219 2299 4264 setur
2350 4210 2598 4273 ecclesia,
2625 4208 2694 4280 VS.
2754 4208 2965 4277 Georgii
3021 4211 3196 4276 dicta;
3254 4226 3425 4280 quare
3474 4226 3585 4265 cum
3626 4208 3714 4280 lo-

2148 4295 2270 4335 cum
2326 4294 2542 4335 saerum
2585 4279 2769 4340 alium.
2811 4280 2894 4333 vel
2938 4280 3215 4344 abolitum,
3253 4279 3335 4336 vel
3374 4282 3528 4335 modo
3563 4279 3719 4334 adhuc

2148 4351 2493 4411 existentem.
2522 4351 2607 4405 cui
2634 4349 2921 4406 incivitate
2946 4350 3228 4420 Bajocensi
3266 4351 3351 4406 vel
3382 4353 3472 4415 sit,
3498 4351 3576 4406 vel
3599 4349 3716 4403 olim

2149 4420 2311 4491 fuerit
2338 4437 2366 4474 a
2395 4421 2706 4491 S.Georgio
2736 4436 2955 4484 nomen,
2982 4421 3125 4476 haud
3143 4420 3719 4491 reperiam,ecc’esiam

2153 4490 2297 4545 illam
2325 4492 2412 4546 hic
2438 4492 2707 4615 designari
2741 4491 2991 4561 coniicio.

2221 4561 2371 4615 (ΗΓ)
2410 4562 2466 4615 In
2511 4577 2557 4615 et
2585 4562 2749 4615 itione
2793 4560 2991 4615 Basilee

2221 4561 2371 4631 (ΗΙ)
2410 4562 2466 4615 In
2511 4558 2749 4616 editione
2793 4558 3079 4617 Basileensi
3119 4562 3348 4616 habetur
3379 4562 3440 4619 S.
3477 4558 3709 4626 Stephani

2076 4635 2122 4689 D
2148 4632 2215 4684 ad
2251 4633 2513 4695 eumdem,
2547 4632 2597 4687 id
2626 4642 2727 4692 est.
2771 4633 2823 4685 ni
2848 4632 3036 4697 fallar,
3072 4633 3141 4685 ad
3191 4634 3434 4687 eumdem
3475 4632 3712 4691 Titulum;

2146 4701 2454 4771 hujusntodi
2500 4712 2680 4757 autem
2733 4703 3037 4771 inscriptio,
3097 4717 3218 4756 cum
3279 4718 3465 4757 vocem
3523 4700 3715 4755 Titulus

2146 4772 2377 4844 subinde
2425 4773 2589 4826 etiam
2654 4772 2720 4826 ad
2778 4773 3062 4844 epistolam
3127 4773 3498 4844 encyclicam,
3553 4771 3723 4844 obitus

2146 4841 2447 4914 eujuspiam
2499 4844 2750 4898 Inluciam
2779 4839 2825 4905 ,⁷
2857 4839 3295 4914 signiﬁcandanr
3338 4842 3398 4898 S.
3480 4839 3727 4914 Brunonis

2147 4921 2305 4967 :etate
2334 4913 2500 4967 fuisse
2542 4923 2886 4982 usurpatam,
2912 4912 2979 4968 ex
3007 4915 3118 4982 ipsa
3148 4913 3397 4983 proxime
3425 4922 3546 4968 ante
3574 4912 3721 4983 fune-

2156 4986 2283 5037 bres
2335 4984 2499 5054 hosce
2561 4984 2771 5038 Titulos
2824 4985 3091 5053 descripta
3163 4984 3392 5054 epistola
3451 4982 3725 5054 encyclios.

2153 5054 2344 5108 mortis
2372 5053 2430 5108 S.
2461 5054 2730 5110 Brunonis
2775 5050 3018 5119 nuncia,_
3041 5050 3391 5108 manifestum
3426 5056 3517 5114 sit.
3549 5050 3728 5120 'requi-g

2148 5123 2289 5177 valet
2348 5125 2472 5178 huic
2529 5124 2777 5193 sequenti
2829 5142 2844 5179 :
2896 5123 3178 5193 Responsio
3232 5123 3290 5178 S.
3362 5122 3601 5194 Stephani
3636 5119 3725 5194 ad

2148 5194 2385 5247 eamdem
2433 5190 2708 5265 epistolam
2767 5190 3114 5265 encyclidnm,
3157 5195 3343 5248 mortis
3376 5190 3729 5265 SfBruuonis

2151 5265 2411 5318 nuntium.
2452 5263 2570 5320 Iam
2606 5281 2734 5321 vero
2758 5307 2772 5328 ,
2814 5263 2937 5321 etim
2967 5266 3219 5320 dimcesis
3250 5265 3551 5333 llajocensis
3575 5263 3733 5333 situm

2157 5335 2207 5388 in
2273 5336 2405 5391 urbe
2474 5336 2796 5391 Callomensi
2828 5377 2843 5399 ,
2895 5337 3039 5406 quod
3094 5334 3153 5389 8.
3229 5331 3483 5406 Stephani
3529 5331 3735 5388 nomine

2153 5406 2508 5473 distinguitur
2543 5406 2847 5474 sarculoque
2898 5405 3183 5461 undecimo
3224 5405 3329 5460 fuit
3376 5413 3733 5474 exstrucgtm.

2157 5471 2544 5545 moualterium
2581 5471 2995 5545 corripientatur.
3021 5477 3359 5544 processisse
3376 5477 3444 5531 ab
3465 5479 3561 5531 hoc
3586 5471 3731 5526 Titu.

2153 5544 2262 5598 Itlltt
2290 5544 2596 5611 funebrem,
2628 5544 2722 5600 seu
2772 5546 3071 5614 subiectam
3117 5546 3182 5599 ad
3236 5548 3738 5617 encyclicatuhqua

2155 5630 2300 5669 mors
2352 5617 2412 5670 S.
2463 5617 2730 5670 Brunonis
2791 5612 3223 5686 quaquaversum
3287 5612 3532 5670 nuntiata
3596 5612 3728 5665 fuit-

2160 5685 2907 5760 epistolamresponsionem,
2922 5685 3247 5760 ’_verosi_mile
3272 5697 3517 5760 apparet.
3656 5750 3690 5760 η

2233 5755 2384 5822 (422)
2428 5756 2540 5811 Iloc
2565 5751 2816 5812 (limcesis
2846 5756 3157 5826 Bajocensis
3181 5751 3593 5826 monasterium,
3621 5751 3745 5826 __Ce-

2155 5828 2347 5878 rasium
2366 5828 2532 5880 etiam
2559 5828 2902 5895 appellatum,
2918 5823 2929 5826 ⁷
2945 5828 3084 5895 quod
3105 5843 3131 5879 a
3158 5825 3541 5881 Northmannis
3562 5823 3743 5877 adhuc

2156 5897 2389 5953 etimit-is
2413 5896 2832 5960 Neustriamuue
2870 5898 3254 5957 infcstanlibus
3275 5939 3291 5960 ,
3328 5898 3504 5955 fuerat
3531 5898 3744 5952 destruo
