3860 6326
117 418 189 473 591
1600 409 1789 464 ACTA.

117 531 416 603 prmonitus
444 526 667 583 oraculo
698 527 904 593 divino,
945 542 1055 597 pro
1084 526 1265 581 anima
1305 524 1547 595 religiosi
1582 539 1645 579 ac
1677 530 1724 588 Α

118 624 200 676 Deo
230 618 395 673 dilecti
446 617 715 673 Bruuonis
762 617 1014 688 generale
1051 616 1285 671 cilicium
1332 615 1481 687 (125)
1526 630 1647 685 per-

115 710 255 772 solvit,
284 722 438 761 orans
501 716 557 760 ut
583 707 632 761 ei
660 714 849 776 parcat
869 722 1079 761 sununa
1114 708 1205 761 Dei
1237 706 1433 777 pietas.

257 796 314 851 S.
347 795 538 850 Maria:
574 794 999 850 Constantiensis
1022 796 1257 851 ecclesiis
1292 797 1466 867 (424).

117 888 207 943 155.
232 887 471 942 Christus
504 888 786 942 doetocum
830 889 1046 953 doctor,
1099 888 1222 942 fons
1268 897 1431 957 atque
1479 889 1649 942 bono-

1411 976 1554 1049 [rum
1576 1018 1591 1043 ,

167 1066 317 1120 Donet
342 1066 619 1133 Drunoui,
642 1070 784 1137 quod
816 1082 1067 1123 meruere
1096 1067 1247 1122 boui.

114 1156 215 1210 Esse
237 1155 389 1210 Deum
422 1172 614 1211 verum
644 1160 893 1227 sequitur
917 1174 1021 1214 non
1050 1175 1172 1214 esse
1202 1174 1476 1225 severum,

166 1246 277 1300 Huic
301 1248 470 1317 igitur
492 1248 738 1318 placidus
778 1251 848 1304 sit
876 1252 993 1305 sine
1016 1251 1122 1305 line
1164 1251 1324 1305 Deus.

115 1336 214 1390 Nam
238 1353 394 1408 genus
440 1340 774 1406 humanum,
803 1341 1115 1396 confectum
1144 1341 1377 1397 crimine
1416 1357 1648 1409 vanum,

171 1429 257 1482 Iste
282 1429 437 1484 I‘ater
467 1430 653 1485 docuit
678 1447 839 1501 quam
866 1432 1055 1487 melius
1094 1434 1300 1504 potuit,

115 1520 273 1574 Christi
297 1524 612 1576 mandatum
641 1526 905 1593 pandens,
939 1526 1069 1580 dare
1099 1542 1297 1581 munus
1319 1535 1557 1582 amatum

168 1612 386 1665 Servanti
418 1613 713 1667 vitam-dat
749 1616 873 1685 quia
904 1626 1245 1686 perpetuam.

120 1701 197 1755 Nec
220 1702 691 1770 soluunerbiswt
719 1706 899 1761 durus
918 1708 1133 1775 doctor,
1164 1710 1379 1767 acerbis

170 1793 412 1856 Pet-docet,
440 1805 539 1850 ast.
557 1796 713 1850 factis
740 1800 1087 1868 persequitur
1119 1801 1376 1871 prepriis.

122 1884 337 1955 Perpetua
368 1888 479 1941 uita
511 1904 617 1943 cur
646 1905 750 1944 non
773 1901 925 1946 caret
955 1892 1043 1947 hic
1065 1893 1292 1948 eremita
1311 1934 1327 1960 ,

173 1975 246 2032 Est
269 1978 520 2048 quoniam
557 1994 720 2033 verus
748 1981 895 2035 solus
926 1983 977 2036 in
1008 1982 1142 2037 orbe
1172 1986 1336 2039 Deus.

123 2066 233 2132 Quod
276 2069 452 2138 petitis
516 2072 749 2139 vestris,
812 2073 915 2128 hoc
971 2074 1225 2131 Christus
1296 2076 1388 2131 det
1449 2091 1665 2146 quoque

1418 2166 1675 2234 Inostris,

172 2252 358 2309 lusiiuul
392 2265 454 2310 ut
481 2257 623 2312 socii
657 2258 767 2314 sint
794 2260 913 2316 sine
942 2260 1046 2316 line
1076 2261 1177 2318 Dei

387 2370 589 2429 Versus
626 2375 888 2431 scholares
917 2377 1150 2447 ejusdem
1180 2379 1355 2451 (425).

129 2480 216 2534 156.
237 2481 403 2538 Bruno
427 2487 729 2541 multorum
761 2498 1066 2559 praeceptor
1094 2491 1575 2561 grammaticorum

177 2571 365 2628 Cunctis
392 2591 726 2645 corporeum
753 2581 973 2635 nuntiat
1002 2581 1305 2636 interitum

126 2660 490 2729 Grammaticus,
526 2668 735 2731 rhetor,
768 2670 1087 2728 dialecticus
1114 2673 1529 2744 astrologusque

179 2754 462 2827 Ell’ugerent
481 2769 743 2828 mortem,
768 2763 811 2816 si
840 2762 1094 2832 fugienda
1127 2764 1282 2819 foret.

129 2843 206 2900 Sed
230 2849 338 2918 quia
373 2866 528 2905 mors
563 2852 708 2906 nulla
747 2855 936 2924 nequit
964 2856 1165 2910 auferri
1200 2856 1493 2922 medicina,

180 2937 375 3009 Semper
400 2942 644 3011 quisque
670 2959 826 2996 suum
853 2945 1053 3015 cogitet
1082 2945 1386 3000 interitum.

305 3076 359 3131 S.
394 3077 680 3133 Michaelis
709 3078 772 3133 de
800 3080 1032 3149 periculo
1062 3083 1223 3137 maris
1249 3081 1421 3153 (426).

135 3187 223 3241 Ilii.
245 3188 365 3244 llira
394 3192 490 3246 Dei
526 3193 697 3247 virtus
722 3192 1001 3248 mirandos
1029 3193 1244 3263 perlicit
1285 3202 1463 3249 actus.

134 3282 352 3347 Quosdam
375 3286 671 3359 justiﬁeat,
707 3289 971 3357 quosdam
1003 3288 1069 3343 de
1103 3299 1276 3344 morte
1307 3290 1563 3359 repulsat.

135 3371 241 3438 Quos
264 3380 387 3447 vult,
420 3380 666 3450 ignorat,
694 3395 831 3449 quos
855 3380 988 3443 vult,
1013 3381 1186 3435 solide
1212 3380 1314 3437 sibi
1348 3382 1563 3450 firmat;

135 3464 174 3519 In
191 3471 356 3531 quibus
378 3474 468 3527 hic
503 3473 710 3538 Bruno,
741 3474 825 3527 vir
852 3473 1154 3545 relligionis
1178 3483 1413 3543 amator,

136 3560 387 3633 Lolligitur,
410 3566 654 3636 capitur,
688 3567 921 3622 feliciter
942 3580 1357 3637 annumeratur,

136 3645 264 3718 Hujus
280 3655 414 3710 sicut
435 3671 581 3727 opus
610 3657 772 3712 rotuli
802 3658 1257 3714 contestifleatur.

137 3815 263 3890 etum,
291 3813 354 3867 ab
380 3813 603 3877 iisdem,
628 3813 785 3869 factis
809 3813 1154 3890 Christianis,
1173 3806 1681 3890 saeculoruridecimo

136 3878 211 3932 luit
241 3882 619 3949 instauratum,
648 3887 868 3940 consule
896 3878 1147 3940 Galliam
1181 3886 1559 3942 Christianam
1582 3903 1682 3943 au-

137 3958 384 4031 dentem.
414 3955 651 4031 ξιρεοι.
681 3955 868 4031 ipset
890 3971 1045 4031 seqq.

188 4023 312 4090 (125)
351 4026 451 4079 Adi
491 4034 675 4079 notam
711 4026 838 4082 282.

186 4094 315 4169 (124)
349 4096 404 4149 In
425 4095 675 4169 inferiori
699 4096 1091 4169 Northmannia
1105 4098 1207 4152 sita
1226 4099 1452 4153 est-urbs
1466 4098 1683 4169 episco-

138 4162 214 4239 pali
238 4162 350 4239 sede
388 4165 592 4221 nobilis
616 4167 961 4232 Constantia;
991 4168 1150 4239 hujus
1184 4177 1362 4223 autem
1399 4162 1688 4225 cathedra-

140 4228 188 4285 lis
242 4237 459 4292 ecclesia
488 4277 505 4300 ,
575 4228 1032 4307 quemadmodum
1060 4228 1078 4239 ’
1106 4239 1294 4294 Gallia:
1354 4240 1703 4296 Christiante

140 4312 270 4380 aucta:
292 4310 595 4380 scriptores
627 4307 884 4380 tomLXI,
921 4308 1025 4363 col.
1056 4310 1160 4364 863
1190 4310 1405 4372 docent,
1450 4313 1684 4366 sanctis-

142 4377 256 4449 sima:
292 4377 380 4431 Dei
436 4379 701 4432 Geuitrici
743 4379 923 4445 Mariae
973 4388 1282 4448 nuncupata
1335 4388 1452 4445 est;
1510 4396 1699 4449 quaret

142 4439 278 4525 locum
306 4462 523 4503 saerurn
587 4449 655 4503 ab
679 4442 912 4505 Ecclesia
946 4450 1032 4505 illa
1067 4439 1407 4517 disiinctum,
1432 4439 1691 4507 bic'desi-

142 4525 259 4587 gnari
288 4532 385 4571 non
411 4528 548 4587 pulo

3223 405 3328 465 598

2219 519 2278 577 S.
2305 520 2451 576 Petri
2478 521 2682 577 Casalis
2709 520 2877 595 (427).

1822 612 1943 669 158.
1992 612 2111 667 Vita
2137 613 2427 681 Brunouis,
2456 614 2585 670 ﬁdes
2608 622 2664 670 et
2712 628 2875 685 opera
2911 611 2956 667 si
2992 610 3111 667 talis
3157 611 3328 667 exsti-

1751 709 1835 775 tit,
1866 716 1923 762 ut
1950 707 2083 762 dicit
2106 706 2308 762 littera.

1821 800 1937 855 Non
1971 808 2054 855 est
2084 800 2370 869 lugendus,
2401 814 2523 853 cum
2554 799 2626 855 sit
2662 798 3184 868 Superissociatus;

1822 892 1930 947 Sed
1961 891 2031 956 si,
2075 893 2201 946 dum
2242 891 2453 962 fragilis
2480 892 2777 947 toleramus
2797 892 3033 961 pondera
3063 893 3269 957 carnis,

1822 984 2009 1039 Nullus
2038 993 2373 1054 compareat,
2404 985 2498 1054 qui
2528 985 2608 1039 sic
2635 986 2754 1040 sine
2781 973 3214 1052 criminevivat,

1824 1077 1896 1133 Ut
1918 1085 2107 1133 caveat
2131 1075 2286 1132 factis
2309 1085 2402 1131 aut
2428 1093 2534 1132 non
2571 1078 2887 1147 delinquere
2913 1079 3122 1143 verbis;

1824 1169 2032 1224 Idcirco
2062 1169 2342 1225 Christum
2376 1170 2866 1239 deprecamur,_ut,
2896 1172 2940 1227 si
2965 1171 3018 1227 in
3049 1172 3230 1243 aliquo
3262 1172 3341 1228 of-

1758 1261 1931 1317 fendit
1970 1261 2075 1317 iste
2095 1262 2279 1328 Pater,
2316 1261 2576 1332 dignetur
2605 1262 2905 1333 indulgere.

2068 1352 2127 1409 S.
2158 1353 2347 1408 Maria?
2387 1353 2592 1410 Louleii
2616 1355 2835 1410 εοεηοὺἱί
2874 1355 3043 1426 (428).

1833 1446 1957 1502 159.
1983 1446 2181 1502 Αυόίιο
2236 1448 2468 1503 transitu
2520 1448 2821 1505 beatissimi
2852 1449 3095 1504 eremitre
3141 1449 3348 1502 Bruno-

1764 1539 1872 1605 nis,
1909 1538 2339 1595 Cenomanensis
2400 1550 2577 1596 mater
2637 1541 2864 1596 ecclesia
2919 1539 3265 1609 trigenarium
3298 1539 3349 1593 ei

1765 1632 1893 1688 feeit
1916 1631 2088 1705 (129),
2133 1633 2570 1689 anniversarium
2602 1633 2957 1704 depositionis
3004 1632 3143 1686 diem
3204 1631 3348 1685 cele-

1763 1727 1921 1782 bratu
1930 1740 2009 1779 ra.

1802 1828 1813 1833 '
2094 1818 2169 1874 S-
2196 1818 2409 1874 Iuliani
2433 1819 2835 1873 Cenomanensis
2863 1816 3034 1888 (550).

1698 1903 1741 1957 Β
1836 1910 1960 1966 160.
1993 1909 2165 1966 Morte
2221 1920 2309 1967 tua
2352 1909 2584 1966 flendum
2642 1924 2748 1964 non
2804 1910 3100 1971 credimus,
3153 1905 3355 1976 optime

3058 1997 3283 2070 [Brutum

1843 2092 1965 2161 Qui,
1995 2093 2206 2164 fugiens
2228 2108 2401 2149 vanos
2432 2092 2912 2163 mundi'pereuntis
2943 2092 3199 2155 honores,

1840 2187 2155 2258 Angelicam
2187 2186 2240 2241 in
2275 2186 2436 2242 terris
2466 2186 2633 2241 vitam
2662 2189 2878 2255 sapiens
2908 2184 3152 2239 imitatus

1842 2278 2082 2349 Corpore
2111 2278 2288 2334 adhuc
2318 2277 2503 2333 vivens
2528 2277 2773 2332 coelestia
2812 2285 2992 2332 mente
3025 2274 3267 2347 petebas.

1841 2377 2099 2448 Corporis
2135 2392 2267 2449 ergo
2290 2377 2466 2441 malis,
2514 2376 2731 2432 Christo
2756 2376 3072 2440 miserante,
3102 2374 3313 2430 solutus

1844 2469 2075 2525 Sedibus
2106 2469 2359 2525 aethereis
2382 2479 2586 2524 aeterna
2601 2482 2735 2537 pace
2763 2467 2977 2523 frueris.

1844 2559 1890 2617 Ο
1926 2562 2131 2617 utinam
2165 2569 2254 2615 tua
2283 2570 2471 2617 sancta
2501 2560 2651 2630 sequi
2684 2558 2912 2627 vestigia
2938 2572 3179 2628 possem,

1844 2654 2103 2726 Corporis
2128 2654 2287 2711 istius
2322 2669 2430 2725 quo
2456 2653 2612 2708 laetus
2642 2653 2839 2708 damna
2870 2651 3138 2705 subirem!
3194 2710 3197 2711 ν

2362 2745 2511 2800 Alius
2533 2745 2791 2816 ejusdem.

1851 2838 1975 2895 161.
2000 2838 2150 2893 Vixit
2185 2838 2237 2893 in
2270 2838 2509 2894 Ecclesia
2539 2838 2849 2893 firmissima
2875 2837 3059 2889 Bruno
3086 2834 3362 2898 columna,

1846 2929 2081 2994 Occidit,
2114 2929 2255 2985 unde
2278 2932 2443 2983 decus
2472 2929 2727 2984 Ecclesiae
2758 2930 2975 2983 titubat.

1778 3021 2049 3076 Mundalis
2082 3020 2249 3092 luget,
2278 3021 2516 3075 cmlestis
2547 3022 2694 3076 curia
2724 3021 2939 3088 gaudet.

1854 3115 1980 3170 Haec
2010 3115 2210 3186 perdit,
2246 3123 2455 3169 tantum
2488 3114 2713 3183 suscipit
2755 3113 2840 3166 illa
2881 3113 3086 3168 Virum.

1783 3208 1972 3263 Debita
2008 3216 2218 3262 natura:
2244 3206 2404 3261 solvit
2444 3206 2667 3259 meliora
2701 3216 2961 3267 secutus,

1849 3301 1946 3356 Cui
1975 3315 2077 3371 pro
2107 3308 2283 3354 morte
2306 3298 2455 3354 brevi
2484 3298 2591 3353 vita
2622 3298 2882 3368 perennis
2906 3298 3028 3352 erit.

1942 3450 1943 3453 η
2298 3392 2448 3446 Alius
2473 3393 2590 3445 item
2620 3392 2873 3458 eiusdem.

1850 3485 1975 3543 162.
2009 3485 2092 3541 Ad
2141 3485 2385 3556 Superos
2430 3482 2697 3555 Superum
2731 3481 2907 3537 cultor
2965 3479 3249 3548 sociusque
3290 3495 3369 3537 re.

3095 3570 3300 3643 [t‘ttssiL

1855 3659 2254 3717 Commendaus
2284 3667 2445 3714 terrae
2470 3656 2670 3720 Bruno,
2703 3653 2847 3726 quod
2880 3652 2997 3725 ejus
3027 3661 3165 3717 erat,

1785 3805 2431 3886 qtt’ddrquemadmodum
2463 3813 2750 3886 abiisdem
2776 3811 3221 3886 Samniarthauis
3264 3808 3374 3886 fra-

1787 3879 1960 3941 tribus
1991 3879 2188 3940 ibidem
2228 3886 2459 3939 traditur
2490 3925 2503 3948 ,
2539 3882 2975 3939 insanctissima:
3004 3881 3234 3946 Virginis
3264 3879 3374 3932 Ma-

1787 3960 1882 4012 riae
1908 3958 2168 4011 honorem
2194 3955 2616 4014 fuitcouditum.
2659 3969 2781 4007 esse
2833 3961 2960 4021 puto
3003 3951 3129 4003 illud
3165 3951 3360 4018 ipsum.

1786 4028 1929 4099 quod
1962 4028 2063 4099 hac
2085 4028 2136 4099 in
2166 4026 2539 4099 inscriptione,
2579 4024 2829 4099 litterula‘.
2854 4022 3349 4099 Iuliusfactamiuta

1791 4089 1958 4161 tione,
1993 4096 2197 4151 Louleii
2244 4089 2460 4149 emnobii
2498 4095 2715 4148 nomine
2762 4092 3133 4158 distinguitur.
3180 4089 3375 4161 Mirum

1790 4159 2040 4245 iverim_
2067 4167 2283 4245 accidit,
2315 4167 2366 4220 in
2385 4166 2566 4221 Titulo
2594 4164 2839 4245 subjecto
2865 4161 3214 4245 exponi,‘tlton
3247 4159 3377 4245 iliiid

1790 4230 1916 4302 h'oc,
1945 4238 2041 4293 sed
2070 4239 2199 4309 quid
2217 4235 2637 4309 Cenomanensis
2674 4230 2998 4309 mommsen
3022 4230 3373 4309 cathedralis.

1791 4301 2032 4364 Ecclesia
2057 4301 2156 4377 pro
2205 4307 2263 4362 S.
2303 4307 2551 4377 Brunon‘e
2609 4302 2925 4373 prmstiterit
2953 4342 2968 4366 ,
3024 4301 3378 4370 sequentique

1791 4381 1956 4436 etiam
1988 4375 2230 4446 tempore
2252 4379 2323 4432 sit
2348 4375 2678 4446 praestitere.

1866 4448 2016 4519 (429)
2046 4450 2145 4503 Adi
2174 4458 2359 4519 notam
2389 4446 2515 4519 269.

1865 4510 2011 4593 (456)
2044 4519 2183 4574 Cum
2212 4589 2222 4593 Α
2247 4516 2572 4593 cath_edralls
2647 4513 3072 4593 Cenomanensis
3125 4510 3369 4565 Ecclesia

193 4583 425 4663 I525)__lu'
475 4588 715 4645 editione
752 4590 1046 4647 Basileensi
1100 4590 1319 4647 additur
1357 4591 1517 4647 Urbis
1560 4592 1691 4648 Vide
1723 4606 1773 4660 ι)
1795 4583 2117 4663 8.’.1ιιιὶῃηο,
2145 4589 2320 4663 primo
2346 4587 2837 4663 Cenomanensium
2862 4586 3139 4663 episcopo,
3174 4598 3382 4635 nuncu-

143 4658 437 4714 nolam.419.

195 4725 321 4800 (426)
360 4729 438 4783 De
486 4726 902 4800 boeudit‘neesis
943 4731 1298 4787 Abrineensis
1335 4734 1686 4800 monasterio,

143 4796 253 4857 quod
270 4796 334 4876 ab
360 4800 485 4876 aliis
516 4798 575 4854 S.
598 4798 821 4876 Michael
847 4803 901 4855 in
924 4803 1154 4876 periculo
1180 4805 1344 4857 maris
1362 4796 1685 4876 appellatur,

144 4870 386 4943 sanctique
430 4870 704 4943 Brunonis
739 4870 955 4943 aetatem
981 4874 1138 4940 longo
1174 4870 1449 4943 temporis
1505 4876 1683 4943 spatio

146 4940 398 5013 Dmeessit,
447 4940 533 5013 adi
559 4940 738 5010 operis
776 4942 943 4995 nostri
984 4953 1112 4997 tom.
1147 4940 1316 5007 Vlllf
1344 4940 1683 5013 Septetubris

148 5015 239 5072 1³³8-
282 5008 347 5063 80
408 5022 459 5064 et
495 5011 529 5064 5
563 5008 694 5081 seqq
724 5051 742 5077 ,
784 5013 859 5064 uti
913 5013 1078 5067 etiam
1120 5012 1308 5068 Galliae
1351 5008 1693 5069 Cliristiame

148 5082 599 5155 inegeseriptores
633 5092 686 5136 to
799 5081 892 5148 XI,
934 5083 1036 5155 col.
1085 5084 1188 5138 510
1222 5094 1277 5139 et
1304 5086 1482 5140 tribus
1524 5101 1680 5155 seqq.

202 5144 344 5230 (4‘23).
366 5144 567 5230 Locum
600 5168 851 5230 moritur,
878 5144 1105 5230 ’qui'hoe
1137 5156 1364 5230 nomine
1383 5144 1684 5230 distingua-

151 5220 230 5297 tur.
252 5219 454 5297 dicique
481 5222 660 5297 aliqua
720 5224 829 5297 veri
879 5219 1058 5297 specie
1088 5225 1133 5279 is
1154 5226 1284 5295 ,.qui
1315 5228 1403 5281 hic
1431 5219 1683 5297 designa-

152 5291 235 5345 tur,
251 5294 441 5393 possit,
468 5295 729 5361 nuspiam
746 5291 980 5348 iurentio.

203 5355 248 5393 ιι
282 5360 330 5393 tu
366 5362 745 5393 nimum-mn...“
802 5366 850 5393 ι..
895 5365 980 5393 ,κη

203 5355 330 5423 (128)
366 5355 767 5423 llIouasteriuut.
802 5366 852 5431 in
894 5365 1115 5420 dimcesi
1152 5364 1547 5420 Ceuornanensi
1606 5367 1682 5419 si-

158 5426 256 5508 lum.
276 5434 409 5508 quod
434 5433 732 5508 Lopleyuur
747 5426 992 5508 vocatur,
1030 5436 1225 5491 sarculo
1251 5437 1537 5491 undecimo
1586 5437 1687 5490 fuit

154 5503 470 5577 exstructum.
504 5503 695 5577 Liquet
723 5505 772 5560 id
801 5522 865 5559 ex
898 5506 1328 5577 ipso,utpoteeui
1362 5508 1686 5576 Sigefridus,

156 5568 319 5652 ﬁctile.
345 5568 624 5630 undeci-n'o
661 5590 774 5652 non
808 5568 1033 5631 multum
1078 5568 1356 5652 provecto.
1385 5568 1691 5652 utvﬁﬁallia:

156 5632 435 5716 Christiana;
462 5655 630 5699 aucta:
669 5648 962 5716 scriptores
1016 5632 1147 5703 tein.
1201 5646 1291 5711 XI,
1319 5632 1425 5702 col.
1456 5648 1560 5702 630
1598 5651 1693 5701 do-

157 5715 273 5787 ςεξξι.
302 5710 567 5787 Sagiensis
591 5710 897 5786 episcopus,
953 5710 1294 5787 subscripsit,
1350 5721 1691 5787 suppeditato

159 5778 602 5864 ﬁniuitnarthauis
626 5778 1055 5864 fratribustom.
1089 5778 1182 5853 IV,
1206 5778 1328 5859 pag.
1358 5778 1465 5844 57'9-
1499 5800 1688 5864 etseq.

162 5844 449 5911 (nodationis
487 5857 865 5917 instrumento.
895 5860 1038 5918 Istud
1079 5844 1240 5922 porro
1273 5844 1700 5928 monasterium,

1794 4672 1919 4735 pata
1949 4660 2039 4735 sit,
2072 4654 2173 4735 nec
2201 4660 2267 4713 ab
2290 4659 2391 4713 hac
2408 4657 2722 4735 distinctus,
2748 4654 2981 4735 cuias.
3030 4654 3243 4735 Iuliano
3288 4669 3385 4706 no-

1796 4725 1919 4788 inen
1954 4731 2156 4795 fuerit,
2195 4727 2597 4795 convenireque
2631 4742 2791 4792 posse
2838 4725 3050 4781 Titulus
3102 4725 3401 4795 subjectus.

1794 4805 2060 4864 rideatur,
2089 4800 2240 4856 locus
2290 4813 2447 4853 sacer
2486 4796 2625 4853 ullus
2678 4799 2730 4851 in
2759 4797 3152 4851 Cenomaneusi
3185 4811 3277 4849 seu
3302 4797 3383 4850 ci-

1788 4874 1967 4928 vitate
2003 4887 2111 4926 seu»
2147 4871 2367 4925 dioecesi
2409 4868 2605 4923 szeculo
2656 4868 2999 4931 duodecimo,
3047 4866 3199 4935 cujus
3231 4883 3401 4921 anno

1788 4944 1963 5014 primo
2000 4942 2251 5014 Sanetus
2280 4948 2467 4994 noster
2505 4939 2672 5014 obiit,
2717 4939 2989 5014 exstitisse
3014 4939 3367 5014 inveniatur,

1783 5009 2148 5069 cathedralem
2200 5012 2344 5066 illam
2406 5009 2695 5065 ecclesiam
2770 5009 2956 5064 hacin
3013 5009 3376 5076 inscriptione

1789 5084 2093 5154 designari,
2126 5083 2414 5145 existimo;
2445 5081 2588 5154 quod
2626 5080 2670 5134 si
2726 5089 2907 5135 autem
2958 5094 3087 5154 vera
3144 5081 3248 5154 sit_
3268 5079 3391 5132 hate

1794 5148 2145 5224 tnea'opinio.
2177 5148 2474 5209 Claudium
2496 5151 2794 5224 Robertum
2823 5159 2879 5205 et
2902 5157 3023 5224 post
3046 5150 3188 5202 hunc
3216 5148 3377 5200 Sam-

1792 5220 2111 5280 marthanos
2132 5224 2349 5287 fratres,
2371 5224 2486 5292 qui,
2516 5220 2881 5276 eathedralem
2903 5221 3375 5292 Cenomanensism

1787 5297 2101 5356 ecclesiam,
2144 5310 2266 5349 cum
2314 5287 2489 5362 primo
2518 5293 2576 5347 Β.
2610 5293 2793 5346 Mariae
2834 5306 2900 5343 ac
2926 5292 3129 5362 deinde
3164 5287 3226 5362 Si
3253 5288 3389 5362 Ger-

1792 5367 1943 5420 vasio
1970 5376 2288 5421 consecrata
2314 5357 2530 5428 fuisset;
2573 5362 2959 5417 anno-demum
3000 5361 3134 5414 1201
3196 5360 3253 5414 S.
3288 5357 3383 5410 Ju-

1792 5436 1966 5500 liano,
1998 5436 2260 5491 translato
2294 5435 2345 5489 in
2379 5436 2523 5489 illam
2565 5448 2723 5489 sacro
2775 5432 2934 5502 hujus
2957 5446 3205 5500 corpore,
3234 5430 3383 5502 dedi-

1794 5516 1969 5560 catam
1992 5506 2176 5568 fuisse,
2210 5507 2263 5560 in
2287 5506 2625 5561 concinnatis
2656 5521 2686 5557 a
2714 5518 2774 5559 se
2808 5500 3002 5557 Galliis
3054 5500 3395 5557 Christianis

1796 5577 2062 5641 scribunt,
2091 5592 2120 5629 a
2147 5578 2380 5631 veritate
2409 5577 2662 5630 aberrare
2690 5589 2915 5631 necesse
2945 5582 3052 5637 est,
3078 5574 3179 5628 nisi
3218 5571 3381 5635 forte,

1796 5648 1939 5717 quod
1970 5656 2148 5701 tamen
2178 5663 2285 5702 non
2316 5658 2462 5715 puto,
2496 5646 2682 5700 isthme
2725 5644 2887 5698 Tituli
2910 5644 3139 5717 subjecti
3162 5644 3387 5717 ~inseri-

1792 5715 1906 5789 ptto
1933 5720 2000 5772 ab
2029 5719 2094 5772 iis
2122 5718 2482 5779 solummodo,
2511 5717 2601 5787 qui
2627 5716 2882 5789 funebres
2936 5716 3128 5789 Sancti
3156 5715 3384 5770 Titulus.

1796 5786 1993 5845 sacculo
2021 5790 2084 5844 16
2098 5789 2335 5845 edendos
2365 5786 2646 5851 curarant,
2681 5786 2845 5844 fuerit
2872 5787 3135 5859 profecta.
