3860 6326
521 365 627 422 599

521 472 944 547 Sarcinulasque
973 477 1115 535 leves
1137 488 1193 535 et
1216 489 1461 551 agentem
1491 483 1720 539 Protbea
1750 487 2009 542 mundum

595 567 852 635 Despicit,
875 578 1109 624 aeternas
1140 586 1341 641 pauper
1370 572 1595 642 adeptus
1615 588 1764 643 opes.

521 644 839 728 Depositum
866 659 1070 713 interea
1094 661 1261 714 cineri
1295 662 1573 727 miscetur,
1605 663 1856 733 idemque

585 748 779 818 Sperat
805 758 859 816 et
892 759 1167 819 ειειιεοωι
1191 751 1413 821 praemia
1444 762 1587 807 sorte
1607 754 1745 822 pari.

518 836 799 906 Suspicor,
830 837 1101 907 angelicas
1133 839 1256 893 huic
1282 841 1554 895 exsultare
1580 843 1853 909 cohortes,

587 927 653 983 Et
678 928 800 982 coeli
831 929 978 983 cives
1006 930 1262 998 plaudere
1288 932 1405 986 cive
1427 948 1586 987 novo.

517 1018 678 1076 Sexta
712 1022 827 1076 dies
854 1021 1107 1077 Octobris
1132 1034 1271 1088 erat,
1305 1040 1427 1078 cum
1461 1026 1660 1091 Bruno,
1694 1037 1919 1084 secutus

496 1180 501 1185 ι
582 1112 866 1181 Naturam,
895 1116 1132 1187 Superos
1172 1127 1498 1174 exoneratus
1533 1120 1663 1175 adit.

997 1207 1150 1261 Alius
1173 1210 1345 1262 adhuc
1376 1209 1631 1279 ejusdem.

582 1299 704 1354 165.
737 1299 839 1354 Iste
861 1315 1089 1370 superna
1117 1310 1304 1371 petens
1331 1302 1542 1357 sincera
1569 1304 1869 1375 relligione,

582 1393 793 1463 Regnat
816 1408 936 1447 cum
968 1394 1171 1448 sanctis
1210 1394 1261 1448 in
1294 1393 1499 1449 caelesti
1531 1394 1768 1465 regione.

579 1483 692 1539 Iste
716 1483 1005 1549 laboravit,
1030 1482 1155 1538 felix
1186 1483 1361 1547 labor,
1386 1484 1525 1538 unde
1557 1485 1765 1538 vocavit

580 1575 767 1631 Gloria
799 1585 1135 1641 sanctorum,
1167 1591 1375 1629 merces
1400 1575 1643 1629 miranda
1672 1574 1917 1630 laborum

583 1669 685 1736 Te,
715 1670 810 1726 tibi
836 1685 915 1733 se,
947 1667 1148 1734 Bruno,
1174 1670 1305 1725 dans
1335 1685 1558 1739 regnum
1601 1670 1746 1741 Rege
1774 1670 1873 1724 sub
1903 1686 2010 1724 uno
2038 1688 2051 1723 :

577 1761 726 1832 Rege
752 1762 853 1816 sub
879 1760 982 1815 hoc
1011 1761 1151 1825 dico,
1185 1759 1439 1829 maiestas
1488 1759 1641 1829 cujus
1670 1762 1887 1832 olympo

576 1853 770 1924 Fulget
793 1863 846 1909 et
873 1862 955 1907 est
986 1851 1201 1908 Sanctis
1226 1856 1338 1918 lux,
1371 1853 1564 1924 gloria,
1587 1854 1695 1907 vita
1725 1853 1999 1923 perennis.

577 1944 739 2000 Istius
768 1961 898 2013 ergo
927 1946 1078 2001 decet
1111 1962 1207 2027 n.os
1236 1947 1619 2001 commendare
1648 1947 1891 2002 laborem

578 2038 819 2093 Muneris
848 2040 1037 2094 aeterni
1070 2040 1222 2094 decet
1261 2049 1314 2094 et
1337 2038 1559 2094 laudare
1596 2040 1862 2094 datorem.

577 2129 840 2199 Impetret
866 2138 922 2184 et
958 2131 1113 2185 nobis
1142 2141 1340 2185 nostra:
1372 2132 1590 2186 devotio
1620 2131 1813 2197 laudis,

580 2221 807 2278 Munere
828 2224 1009 2277 divino
1037 2239 1317 2293 reguemus
1347 2224 1492 2293 Rege
1522 2227 1623 2280 sub
1654 2225 1744 2279 illo

800 2312 861 2367 S.
905 2312 1164 2368 Vincentii
1185 2313 1596 2369 Cenomanensis
1628 2316 1795 2387 (431).

581 2404 704 2458 164.
739 2404 794 2460 Si
825 2415 1003 2474 posset
1031 2406 1284 2477 lacrycuis
1325 2416 1379 2459 et
1408 2406 1621 2473 phuclu
1652 2409 1757 2462 vita
1788 2409 1991 2472 reddet,

577 2498 714 2553 Cum
739 2498 940 2569 gemitu
970 2513 1165 2569 magno
1190 2508 1244 2553 et
1284 2499 1545 2571 lacrymis
1585 2501 1909 2572 planctuque
1972 2518 2099 2572 pro-

1856 2590 2032 2662 [tet-v0

581 2677 772 2734 Totius
809 2677 995 2734 liorem
1030 2682 1211 2737 muudi
1238 2682 1477 2751 clarique
1499 2682 1750 2739 decorem

583 2771 775 2829 Tristis
802 2773 1107 2829 Brunoneat
1142 2776 1471 2847 lacrymarer
1502 2777 1617 2832 luce
1647 2785 1940 2833 carentem.

912 2865 978 2919 B.
1017 2866 1222 2921 Iuliani
1262 2869 1325 2922 de
1354 2878 1503 2936 prato
1536 2868 1703 2940 (459.).

582 2957 707 3012 565.
733 2957 822 3013 Isti
857 2959 1092 3013 Brunoni
1121 2960 1389 3014 tribuatur
1416 2962 1524 3014 vita
1562 2962 1838 3031 perennis,

582 3052 818 3122 Spiritus
845 3064 1012 3124 atque
1036 3070 1186 3119 suus,
1217 3055 1426 3110 cmlcsti
1468 3056 1597 3110 sede
1637 3063 1885 3123 receptus

581 3142 790 3214 Regnet
817 3162 937 3200 eum
970 3145 1216 3210 Domino,
1246 3145 1372 3201 felix
1402 3146 1472 3200 sit
1500 3163 1641 3200 tuine
1667 3155 1721 3200 et
1751 3146 1801 3199 in
1832 3161 1963 3201 azvo.

583 3236 685 3293 Hic
715 3239 796 3293 vir
825 3239 1116 3308 praeclarus
1143 3239 1252 3293 vita
1278 3240 1572 3309 doctorquc
1608 3239 1798 3295 beatus

581 3328 735 3384 Felix
771 3331 822 3384 in
849 3331 994 3388 clero
1021 3330 1190 3394 fulsit,
1221 3345 1316 3399 per
1340 3330 1588 3401 d0gmata
1617 3330 1819 3385 mundo
1857 3347 1870 3383 :

585 3419 738 3475 Unde
768 3422 855 3490 pio
878 3422 1106 3488 gemitu,
1129 3421 1365 3491 profusis
1392 3420 1624 3485 fletibus,
1651 3430 1704 3475 et
1733 3436 1831 3475 nos

584 3510 813 3567 Oremus
845 3513 1145 3579 Christum,
1178 3531 1285 3584 quo
1315 3516 1402 3570 det
1438 3516 1540 3570 sibi
1574 3532 1717 3571 uuuc
1764 3516 2094 3586 paradisum.

728 3601 787 3657 S.
822 3604 1070 3659 Mauricii
1115 3607 1253 3661 sedis
1298 3608 1685 3676 Audegarensis
1741 3608 1911 3680 (4⁸55).

585 3693 709 3749 ltiti.
756 3695 929 3751 Gallia
984 3698 1255 3765 tristatur,
1304 3697 1531 3753 Calaber
1596 3699 1825 3770 pepulus
1917 3700 2093 3771 lacryo

1800 3790 2025 3863 {malum

590 3877 986 3951 Doctoremque
1035 3882 1234 3937 bonum
1264 3882 1431 3953 gemit
1463 3882 1588 3949 ista,
1640 3881 1733 3937 lIet
1771 3883 1859 3937 illa
1912 3892 2097 3953 patro-

1854 3970 2027 4044 [num

586 4065 722 4119 Viue
749 4065 1030 4135 praesentis
1059 4065 1174 4121 haec
1199 4065 1384 4119 laudat
1412 4080 1534 4118 eum
1561 4064 1923 4134 documentis,

582 4156 715 4226 Ejus
747 4158 1023 4212 eteximia
1046 4156 1357 4212 celebratur
1382 4158 1580 4227 ubique
1612 4158 1826 4227 sophia.

582 4248 877 4311 Plusquam
912 4249 1149 4304 Maronis
1179 4250 1429 4304 laudatur
1452 4251 1633 4320 lingua
1665 4248 1957 4316 Brunonis,

2043 4180 2095 4239 ἢ

589 4357 737 4428 (451)
780 4360 902 4415 Ilmc
928 4362 1135 4415 ordinis
1189 4359 1245 4414 S.
1279 4360 1552 4414 Benedicti
1606 4361 1843 4423 abhatia,
1885 4376 2007 4429 qua:
2045 4362 2096 4414 in

515 4445 622 4483 uno
649 4432 880 4484 civitatis
910 4432 1333 4486 Cenomanensis
1360 4431 1619 4485 sulmrbio
1642 4432 1743 4485 sita
1768 4441 1870 4492 est.
1901 4432 2099 4485 saeculo

513 4508 670 4553 sexto
701 4501 801 4554 fuit
862 4503 1126 4556 :edilicata
1170 4518 1199 4555 a
1250 4503 1309 4556 S.
1365 4502 1649 4565 Domnolo,
1700 4502 2094 4556 Cenomanensi

512 4569 788 4638 episcopo.
819 4570 894 4625 Ita
919 4575 1067 4627 docet
1104 4572 1156 4626 in
1178 4572 1480 4627 Annalibus
1501 4572 1865 4627 Benedictinis
1896 4572 1990 4627 lib.
2020 4589 2093 4639 vt,

513 4655 666 4693 nutu.
698 4640 789 4701 45,
822 4641 1179 4697 Mabillonius.

586 4708 733 4778 (452)
776 4711 951 4764 S'tum
979 4722 1062 4767 cst
1086 4714 1136 4765 in
1162 4713 1382 4767 dioecesi
1418 4712 1814 4767 Cenomanensi
1846 4713 1947 4767 hoc
1968 4727 2094 4769 san-

516 4780 910 4852 ctimonialium
938 4782 1407 4837 Bc‘netlictinarum
1452 4794 1863 4847 monasternun,
1897 4783 2097 4852 diuque

513 4858 642 4904 ante
757 4851 1024 4923 Bt'uttonis
1050 4862 1260 4906 aetatem
1304 4854 1535 4923 exstitit,
1572 4854 1647 4907 uli
1704 4854 1872 4923 liquet
1900 4869 1963 4907 ex
2007 4848 2092 4917 iis,

516 4936 639 4990 qua:
665 4920 731 4975 de
756 4936 821 4976 eo
852 4920 941 4974 lib.
972 4938 984 4974 ι
1011 4931 1064 4976 et
1089 4939 1125 4976 ιι
1153 4922 1442 4976 Annalium
1471 4920 1942 4979 Beucdictiitorum
1985 4939 2097 4979 me—

515 5000 697 5045 morat
732 4991 1092 5045 Maltillnnitts.
1600 5030 1603 5035 -

587 5061 736 5133 (455)
777 5062 958 5116 Dicata
997 5072 1079 5116 est
1108 5062 1164 5115 S.
1200 5062 1452 5118 Mauritio
1487 5063 1813 5117 eathcdralis
1845 5063 2098 5131 Andcga-

511 5133 696 5187 vensis
731 5133 992 5197 ecclesia;
1047 5148 1217 5202 quare
1269 5134 1625 5187 dubitandum
1665 5150 1768 5187 non
1824 5144 1926 5197 est,
1966 5135 2094 5200 quin

512 5205 629 5257 luce
664 5220 757 5273 per
782 5205 928 5259 sedis
956 5220 1048 5258 seu
1083 5204 1351 5258 cathedra:
1395 5204 1796 5273 Andcgavensis
1829 5204 1879 5257 S.
1936 5203 2087 5258 Mau-

520 5273 704 5327 ritium
731 5276 819 5329 hic
841 5275 1171 5343 designetur.

591 5344 740 5415 (454)
774 5346 851 5400 Nc
904 5346 1035 5400 hinc
1067 5357 1241 5415 putes.
1272 5343 1331 5399 S.
1366 5344 1666 5399 Brunouem
1690 5360 1717 5396 a
1754 5344 1873 5398 lidei
1907 5345 2092 5397 ortho-

514 5414 669 5469 done
692 5417 917 5471 veritate
940 5414 1155 5471 devium
1180 5416 1471 5485 aliquando
1498 5416 1793 5471 exstitisse.
1818 5414 1920 5468 Adi
1947 5430 2093 5471 com-

518 5489 844 5540 mentarium
876 5489 1134 5555 praevium
1166 5503 1316 5540 num.
1345 5485 1411 5540 69
1435 5496 1489 5540 et
1520 5500 1633 5554 seq.

592 5557 740 5628 (455)
781 5559 856 5612 De
886 5558 944 5612 S.
986 5558 1282 5618 Florentio,
1319 5558 1635 5626 presbytero
1669 5555 1999 5620 confcssore,
2028 5556 2093 5611 ad

515 5629 831 5697 vigesimum
847 5630 1145 5691 secundum
1170 5628 1504 5698 Septembris
1520 5628 1682 5687 diem,
1699 5642 1807 5695 quo
1830 5629 1879 5679 in
1898 5636 2096 5696 marty-

518 5698 724 5768 rologio
769 5699 1014 5752 Romano
1054 5697 1279 5767 aliisque
1343 5698 1497 5753 fastis
1537 5697 1706 5752 sacris
1740 5709 2091 5761 memoratur,

520 5769 812 5836 vitamque,
834 5768 1029 5823 SiBClllO
1052 5771 1240 5837 quittto
1267 5769 1487 5823 circiter
1511 5769 1888 5831 iueuttte,cum
1922 5777 2093 5820 morte

521 5838 897 5898 commutavit.
947 5848 1125 5895 actum
1185 5840 1323 5903 apud
1377 5855 1473 5895 nos
1511 5838 1623 5907 jam
1662 5848 1764 5909 cst,
1813 5838 1992 5906 ibitlue
2038 5838 2090 5908 in

1294 369 1354 426 S.
1396 371 1747 430 BRUNONIS
1786 373 2433 437 CARTHUSIANORUM
2474 380 2955 443 lt‘iSTlTUTOltH

2130 492 2181 549 Λ
2276 490 2458 547 Gloria
2492 492 2733 550 Platonis
2760 495 2969 552 vilescit
2997 498 3157 555 laude
3191 498 3481 558 Brunouis.

2273 582 2368 639 llic
2391 587 2730 654 przecellebat
2760 588 3095 656 doctoribus,
3124 590 3211 647 hic
3238 592 3469 649 faciebat

2271 673 2525 730 Summus
2547 676 2816 742 doctores,
2851 696 2956 733 non
2986 681 3317 738 instituendo
3345 684 3594 742 minores.

2272 766 2468 821 Doctor
2501 769 2778 823 doctorum
2811 770 2911 826 fuit
2942 773 3048 840 hic,
3073 789 3177 828 non
3203 774 3592 832 clericulorum.

2269 861 2403 916 Nam
2434 879 2532 918 nec
2590 864 2901 921 honestatos
2962 870 3278 935 verborum,
3332 883 3431 924 nec
3485 869 3740 939 gravitatcs

2272 957 2513 1026 Sumpsit
2541 958 2832 1024 Bruuonis,
2860 961 2964 1015 nisi
2996 962 3080 1015 vir
3107 978 3315 1033 magna:
3355 961 3588 1017 rationis.

2272 1048 2457 1103 liectio
2482 1052 2760 1114 prudentis
2782 1054 3072 1121 superabat
3101 1036 3352 1109 acumina
3387 1055 3596 1118 mentis,

2270 1140 2341 1195 Ut
2370 1143 2815 1198 documentorum
2844 1146 3033 1200 doctor
3054 1148 3188 1202 satis
3215 1148 3425 1204 exstitit
3454 1148 3650 1203 borum.

2271 1231 2365 1289 llis
2392 1233 2509 1302 plus
2548 1235 2845 1304 perfectam
2870 1237 3041 1293 voluit
3069 1253 3385 1310 praeponere
3410 1248 3623 1305 sectam,

2267 1325 2488 1382 Nuntiat
2510 1331 2781 1400 egregiam
2806 1331 2984 1385 divina
3015 1333 3257 1388 docendo
3283 1334 3548 1403 sopbiam.

2269 1416 2557 1488 Primaque
2591 1419 2860 1476 destruxit
2887 1430 2943 1476 et
2965 1431 3220 1492 tanquam
3253 1422 3442 1477 frivola
3468 1422 3631 1488 duxit,

2271 1507 2382 1562 Dux
2411 1508 2559 1577 prius
2582 1508 2784 1564 erroris
2808 1512 3124 1565 monstravit
3154 1512 3261 1567 iter
3292 1511 3525 1566 melioris

2268 1597 2459 1654 Postea
2484 1600 2744 1658 doctrina:
2770 1602 2944 1675 (4M),
2973 1619 3094 1674 qua}
3121 1604 3316 1672 gaudia
3348 1605 3438 1658 dat
3459 1604 3572 1658 sine
3602 1601 3712 1657 ﬁne.

2270 1688 2375 1744 Sed
2408 1690 2481 1743 nil
2508 1693 2778 1748 mundana
2808 1695 3072 1763 sapientia
3105 1695 3197 1749 dat
3229 1695 3336 1749 nisi
3362 1708 3520 1748 vana.

2274 1779 2395 1835 llaec
2436 1779 2565 1835 facit
2590 1782 2762 1837 elatos
2789 1800 3007 1853 pompa,
3041 1785 3171 1841 facit
3204 1786 3293 1840 illa
3328 1786 3533 1841 beatos.

2272 1873 2455 1930 Factis
2478 1875 2781 1946 complebat
2807 1878 3101 1946 operando,
3128 1880 3277 1948 quod
3298 1894 3397 1933 ore
3427 1877 3656 1933 docebat.

2274 1964 2469 2020 Multos
2499 1981 2778 2021 sermones
2807 1967 3038 2022 faciebat
3063 1984 3159 2039 per
3194 1970 3446 2042 regiones

2278 2055 2475 2112 Urbem
2503 2059 2754 2113 transivit
2773 2058 3027 2123 Romam,
3052 2060 3422 2130 Calabrosquc
3451 2059 3643 2129 petivit.

2275 2149 2373 2205 llic
2402 2149 2568 2204 abbas
2590 2148 2765 2204 factus
2783 2159 2867 2204 est
2898 2152 3110 2205 tandem
3141 2152 3333 2205 cmiica
3366 2162 3566 2213 nactus,

2275 2242 2409 2297 llinc
2441 2258 2570 2312 gens
2603 2242 2690 2296 illa
2720 2244 2908 2313 gemit,
2934 2244 3058 2312 quia
3103 2254 3315 2313 patrem
3350 2258 3506 2297 casus
3552 2240 3741 2306 ademit,

2274 2334 2514 2403 Cumque
2540 2333 2712 2387 virum
2748 2333 2907 2388 talem
2942 2334 3116 2402 plorat
3141 2345 3250 2388 tam
3278 2333 3624 2404 spiritualetn,

2273 2426 2388 2481 Non
2428 2440 2577 2480 mors
2603 2425 2858 2495 pastoris,
2888 2425 2979 2479 sed
3005 2426 3264 2479 damnum
3297 2441 3461 2479 causa
3484 2423 3683 2478 doloris.

2132 1850 2175 1904 B

2419 2538 2481 2596 S.
2513 2537 2772 2593 Florentii
2795 2537 3127 2593 Glarnuensis
3156 2539 3379 2593 cwnobii
3410 2536 3574 2609 (455).

2276 2653 2397 2706 167.
2429 2651 2485 2705 in
2518 2651 2685 2705 variis
2716 2650 2974 2705 membris
3004 2664 3202 2720 corpus
3252 2649 3591 2718 distinguitur
3618 2643 3741 2707 illud,

2273 2744 2374 2800 Cui
2400 2753 2560 2814 caput
2582 2752 2665 2797 est
2688 2742 3227 2811 Christus,regnator
3254 2742 3655 2802 catholicorum;

2274 2837 2329 2890 In
2359 2851 2467 2905 quo
2495 2849 2594 2889 nos
2622 2834 2898 2899 monachi,
2929 2834 3225 2889 mediocria
3258 2835 3522 2897 membra,
3547 2828 3685 2885 locati

2272 2926 2555 2981 Credimus
2579 2923 2822 2979 excelsos
2849 2924 2900 2978 in
2929 2938 2995 2979 eo
3019 2938 3178 2980 veros
3203 2925 3482 2985 eremitas.

2275 3016 2352 3070 De
2379 3027 2609 3085 quorum
2643 3029 2871 3069 numero
2897 3023 2969 3083 te,
2994 3015 3175 3069 Bruno
3208 3030 3423 3086 magne,
3458 3012 3682 3076 fatentes,

2275 3108 2503 3179 Spretus
2528 3108 2702 3162 honor
2733 3106 2917 3161 muudi
2949 3108 3091 3176 quod
3117 3107 3277 3162 nobis
3319 3105 3639 3169 testificatur,

2272 3200 2335 3253 Et
2360 3206 2561 3253 sancta:
2584 3198 2705 3251 vitae
2734 3197 2855 3251 linis
2881 3199 3054 3251 bonus
3084 3197 3429 3267 astipulatur,

2270 3291 2403 3346 Cum
2434 3291 2529 3345 tibi
2557 3289 2861 3358 descriptas
2890 3289 3079 3343 laudes
3105 3289 3335 3345 omnino
3365 3289 3639 3360 probemus

2270 3383 2487 3453 Nosque
2521 3383 2625 3436 tuis
2668 3381 2880 3435 meritis
2904 3380 3081 3435 fulciri
3106 3396 3265 3451 posse
3295 3392 3562 3451 putemus,

2272 3474 2339 3530 Ut
2373 3484 2551 3528 tamen
2581 3483 2831 3527 orantum
2864 3472 3092 3527 fratrmn
3124 3475 3379 3543 precibus
3409 3472 3679 3532 faveamus,

2270 3565 2533 3620 Effodisse
2556 3580 2745 3637 preces
2772 3580 2869 3635 pro
2897 3575 2949 3619 te
2980 3580 3075 3621 nos
3105 3567 3473 3630 notificamus,

2270 3658 2424 3714 Unde
2452 3658 2622 3713 vicem
2655 3658 2809 3712 nobis
2834 3657 3161 3712 reddendam
3191 3674 3295 3712 non
3338 3656 3646 3711 dubitamus.

2453 3796 2469 3811 -
2517 3771 2574 3827 S.
2606 3770 2819 3825 Nicolai
2855 3772 3090 3842 ejusdem
3118 3772 3264 3825 urbis
3290 3770 3462 3843 (456).

2270 3883 2391 3937 468.
2433 3880 2670 3937 Necdum
2724 3889 2904 3936 vester
2951 3890 3166 3935 nostros
3210 3880 3356 3935 lares
3380 3868 3735 3947 rolligcrmi)

2200 3977 2474 4046 attigerat,
2522 3988 2643 4027 cum
2703 3972 3026 4027 Lambertus
3073 3972 3238 4027 ahhas
3280 3980 3466 4026 noster
3502 3968 3603 4038 jam
3634 3974 3733 4017 eum

2201 4076 2514 4136 susceperat
2551 4075 2606 4120 et
2634 4064 2700 4118 de
2735 4074 2884 4119 tanto
2915 4063 3078 4118 Patre
3102 4064 3296 4132 dignos
3335 4064 3445 4133 jam
3476 4071 3645 4114 versus
3661 4065 3733 4106 as-

2200 4159 2493 4227 cripserat,
2527 4154 2653 4209 illud
2684 4166 2886 4219 autem,
2921 4155 3063 4224 quod
3087 4154 3360 4224 promisit,
3390 4153 3604 4207 libenter
3624 4157 3733 4199 con-

2199 4249 2441 4303 cedimus
2466 4256 2518 4301 et
2548 4260 2747 4318 augere
2769 4245 2883 4316 jam
2938 4244 3223 4314 promissis
3278 4245 3470 4298 iterum
3505 4228 3734 4310 promitti‘

2199 4361 2607 4434 commentario,
2636 4362 2771 4434 actis
2796 4361 2913 4434 ejus
2931 4360 3158 4434 praevio,
3180 4358 3613 4434 expositumttltll
3641 4358 3733 4434 liii}:

2200 4434 2515 4497 nasterium,
2545 4433 2594 4484 in
2623 4422 2866 4485 hodierni
2911 4422 3141 4483 ducatus
3167 4422 3559 4498 Audegavensis
3583 4422 3733 4498 ιιιιηιις

2199 4502 2404 4557 Glnnna
2425 4544 2439 4566 ,
2471 4480 2591 4556 aliis
2612 4502 2834 4557 Glomea
2853 4511 2943 4552 aut
2968 4501 3130 4553 etiam
3155 4480 3384 4552 Glomiia
3412 4497 3585 4566 situm,
3612 4480 3728 4566 quod

2205 4590 2232 4625 a
2267 4564 2467 4627 Sancto
2526 4574 2617 4626 illo
2659 4586 2852 4626 nomen
2882 4572 3041 4624 habet
3068 4609 3083 4635 ,
3122 4571 3373 4638 quodque
3416 4564 3583 4621 modo.
3627 4564 3729 4638 util

2202 4643 2409 4698 novo
2428 4642 2680 4696 Florentii
2709 4642 3059 4701 monasterio,
3081 4635 3244 4708 prope
3267 4635 3565 4693 Salzuurutu
3583 4635 3728 4708 seruis

2201 4694 2912 4782 castructo,diStinguatur,
3049 4694 3351 4762 Flor'entius
3377 4718 3509 4782 cetus
3532 4694 3731 4782 appelli“:

2203 4793 2309 4848 tur,
2331 4783 2526 4838 sa‘culo
2548 4775 2756 4837 decimo
2784 4791 2905 4850 post
2931 4781 3195 4848 duplicem
3221 4778 3567 4850 eversionem.
3595 4775 3728 4850 illul"

2199 4846 2373 4924 primo
2397 4872 2424 4907 a
2451 4846 2863 4913 Britonibus,’ac
2883 4846 3124 4924 deindea
3141 4846 3518 4924 Northmanuis
3542 4847 3725 4924 ειςςεξιξξξο

2200 4911 2305 4986 rat.
2357 4925 2717 4978 instauratum
2757 4911 2930 4976 demto
2960 4922 3140 4974 fuerit.
3186 4920 3411 4973 Sacrum
3463 4911 3578 4967 illud
3606 4916 3729 4986 :{SCCf

2201 4984 2417 5058 terium,
2452 4996 2517 5049 de
2546 5008 2652 5063 quo
2682 4994 2847 5063 etiam
2895 4993 2946 5045 in
3000 4990 3178 5063 Gallia
3211 4984 3725 5063 Christiana.illiilli")?

2202 5078 2330 5120 tom.
2349 5052 2415 5118 IV
2433 5052 2695 5134 pag-588
2723 5060 3125 5134 Sammarthani
3156 5052 3724 5134 frat_res_,‘_illud“ipftllll

3342 5112 3726 5204 Florentiiitflf'

2198 5207 2449 5266 muensis,
2480 5198 2725 5258 littéruhe
2748 5202 2925 5274 unius.
2954 5198 3359 5274 verosimillinte
3383 5198 3722 5274 οιῖιζρττοῖέξξξῖ

2200 5278 2338 5332 facta
2373 5264 2552 5330 inhoc
2604 5272 2869 5328 vocabulo
2916 5272 3235 5336 mutatione,
3292 5265 3500 5324 cwuobii
3544 5264 3726 5313 ιιοιυιιιθ

2199 5347 2569 5415 distinguitur.
2784 5414 2789 5415 ν
2832 5413 2859 5415 η
2996 5413 3003 5415 ξ
3082 5412 3094 5415 Α
3336 5410 3347 5415 _

2272 5392 2516 5487 (eam
2529 5392 2624 5469 est
2653 5456 2667 5479 ,
2696 5415 2748 5468 ui
2775 5413 2949 5489 fallar,
2968 5410 3409 5489 Δλελιηιοξςιιγοιιεῑεε
3442 5412 3497 5485 ut
3518 5392 3723 5489 hicmffjj

2198 5476 2499 5558 degavcnse
2527 5527 2542 5548 ,
2572 5476 2770 5558 dequo
2813 5486 2865 5558 in
2900 5476 3184 5558 Adnotatis
3208 5523 3222 5544 ,
3283 5476 3517 5558 sectioui

2198 5544 2342 5614 deiiti
2368 5544 2921 5624 subnexis,q'tuepiam
2946 5554 3057 5620 jam
3082 5553 3147 5605 ad
3174 5562 3285 5624 not.
3318 5548 3418 5603 402
3449 5544 3720 5598 memora".

2200 5630 2257 5684 S.
2290 5628 2492 5683 Nicolai
2522 5623 2909 5680 monasterium
2940 5626 3134 5677 iterum
3159 5623 3482 5695 designetur.

2271 5674 3566 5768 (tam:sariunt;eam{signiﬁcatione
3586 5674 3719 5731 Com-

2198 5763 2526 5827 tttetttariuttt
2561 5767 2816 5837 praevium
2856 5783 3001 5820 nunt.
3034 5763 3123 5817 Ἡ.

2126 4552 2174 4610 D
