3860 6326
563 373 663 428 607

1380 377 1437 432 s.
1482 378 1826 437 enunoms
1865 344 2508 437 cauruusranoaun
2540 379 3024 438 lNSTITUTORlS
3687 393 3766 451 σεε

562 485 852 550 inclusum,
879 484 1115 542 secundo
1164 487 1510 546 Pentecostes
1535 491 1672 548 festo
1697 509 1728 549 e
1765 492 1823 548 S.
1884 492 2145 560 Stephani
2177 499 2222 555 Α
2255 509 2360 564 que
2383 493 2756 564 religiosorum
2795 492 3100 549 Carthasim
3137 493 3196 549 S.
3245 493 3495 567 Stephani
3526 499 3768 562 incolarum

560 574 814 640 ecclesia,
851 575 903 630 in
953 593 1058 646 qua
1097 587 1348 634 servatur
1371 620 1386 646 ,
1421 582 1488 636 ad
1539 583 1823 638 ecclesiam
1864 584 1926 639 S.
1964 585 2144 640 Mariae.

562 665 787 720 solemni
815 667 920 720 ritu
948 667 1254 724 deferretur
1285 712 1300 736 ,
1349 673 1720 744 postridieque
1748 691 1819 730 ex
1856 677 1960 731 hac
1990 677 2055 731 ad
2085 677 2143 732 S.

565 760 829 829 Stephani
868 763 1154 818 ecclesiam
1187 766 1376 822 eodem
1433 770 1591 824 modo
1641 781 2035 840 reportaretur.
2080 774 2147 829 Et

559 865 692 905 vero
717 849 857 905 felici
888 868 1140 908 successu
1175 857 1314 910 haud
1364 859 1540 913 caruit
1571 861 1732 930 hujus
1781 861 2144 920 solemnitatis

563 941 854 996 institutio.
891 942 1003 997 Non
1030 945 1202 998 solum
1256 948 1400 1002 enim
1431 965 1494 1002 ex
1531 951 1630 1006 hac
1669 952 1894 1006 multum
1919 954 2149 1009 increvit

562 1033 748 1089 Sancti
776 1035 979 1100 cultus;
1013 1054 1198 1092 verum
1227 1039 1391 1094 etiam
1418 1041 1646 1096 subinde
1668 1054 1750 1098 est
1782 1044 2015 1107 factum,
2065 1055 2144 1111 ut,

560 1125 733 1195 quiad
763 1127 904 1181 illam
933 1140 1212 1196 venerant,
1243 1131 1538 1196 infirmi,S.
1568 1135 1834 1192 Brunonis
1861 1137 2149 1208 implorato

483 1269 490 1276 ,
563 1219 788 1284 auxilio,
822 1221 1060 1290 pristina:
1085 1225 1304 1278 sanitati
1339 1226 1540 1282 fuerint
1570 1231 1826 1284 restituti.

634 1311 687 1364 5.
721 1311 793 1364 lta
829 1321 1095 1366 testantur
1120 1316 1252 1368 varii
1284 1357 1294 1373 .
1331 1319 1443 1386 qui,
1475 1334 1595 1386 quae
1644 1318 1904 1376 Dominus
1926 1321 1992 1376 ad
2034 1337 2148 1376 rna-

566 1402 927 1457 nifestandam
953 1403 1103 1457 Servi
1135 1407 1216 1458 sui
1247 1407 1471 1477 gloriam
1489 1411 1699 1478 operari
1736 1420 1863 1466 tunc
1893 1411 2148 1483 dignatus

560 1498 663 1552 est,
723 1492 982 1546 miracula
1012 1493 1062 1546 in
1095 1494 1302 1550 litteras
1355 1497 1574 1552 misere.
1618 1499 1836 1569 Aliquot
1873 1516 1939 1554 ex
1997 1502 2149 1556 hisce

562 1580 830 1650 simulque
866 1583 1116 1636 nonnulla
1151 1584 1272 1645 alia,
1309 1601 1428 1654 qum
1450 1587 1570 1641 aliis
1619 1589 1782 1643 etiam
1811 1591 2146 1660 temporibus

565 1673 632 1725 ad
663 1673 718 1725 S.
747 1673 1016 1729 Brunonis
1047 1675 1442 1730 invocationem
1469 1688 1594 1732 ante
1608 1696 1806 1734 artuum
1835 1682 1973 1736 1600
1997 1681 2148 1737 fuere

561 1773 778 1832 patrata
807 1805 820 1828 ,
854 1764 1001 1818 Iubet
1041 1755 1291 1834 przesenti
1331 1767 1377 1838 §,
1410 1779 1623 1824 servato
1655 1811 1669 1835 ,
1703 1787 1810 1841 quo
1848 1773 2145 1843 contigere,

2248 585 2508 640 relatione
2564 585 2616 638 in
2664 583 2906 654 praefatis
2952 584 3065 639 suis
3110 584 3176 638 ad
3217 585 3395 640 Vitam
3445 587 3500 642 S.
3551 589 3772 653 Brunonis

2246 675 2686 731 annotationibus
2725 689 2951 729 narrare
2970 674 3139 743 pergit
3171 673 3452 732 Surianus.
3481 677 3691 735 Primum
3715 686 3770 744 sic

2247 767 2409 822 habet
2451 781 2466 818 :
2501 785 2518 817 ι
2553 765 2755 820 Domna
2825 764 2975 818 laura
3035 763 3260 821 Carrafa
3291 805 3306 830 ,
3357 765 3458 820 ﬁlia
3519 768 3655 826 ducis
3704 773 3769 829 Ni-

2246 857 2468 921 vcrniae,
2502 857 2773 911 comitissa
2806 856 3130 918 Arenarum,
3179 871 3303 908 cum
3349 872 3619 926 pnegnans
3638 874 3769 932 esset,

2249 948 2300 1002 in
2333 948 2714 1020 gravissimam
2751 947 2981 1001 incurrit
3014 946 3402 1014 valetudinem,
3432 964 3546 1019 qua:
3592 969 3696 1008 cum
3732 958 3773 1013 in

2248 1041 2506 1096 extremis
2533 1048 2737 1111 ageret,
2765 1039 2847 1092 vir
2875 1036 2992 1106 ejus
3023 1038 3086 1092 D.
3116 1038 3460 1105 Franciscus,
3479 1056 3646 1099 cernes
3670 1046 3774 1101 Are-

2248 1149 2460 1196 narum,
2487 1132 2576 1202 qui
2611 1145 2826 1198 semper
2858 1130 2915 1184 S.
2946 1130 3256 1184 Brunonem
3302 1131 3389 1201 pie
3415 1131 3655 1200 coluerat,
3696 1153 3771 1194 vo-

2251 1232 2360 1277 tnm
2393 1223 2538 1287 fecit,
2575 1221 2886 1277 oblaturum
2923 1235 2980 1275 se
3002 1220 3068 1273 ad
3117 1220 3262 1274 illius
3292 1221 3460 1276 altare
3485 1223 3684 1279 calicem
3707 1242 3776 1280 ar-

2249 1326 2537 1386 genteum;
2569 1324 2622 1370 et
2655 1325 2803 1379 tunc,
2830 1313 2970 1368 sicut
2999 1328 3182 1369 comes
3221 1314 3337 1384 ipse
3367 1323 3418 1370 et
3449 1317 3692 1372 comitissa
3720 1330 3778 1374 te-

2249 1412 2376 1465 stati
2406 1418 2557 1475 sunt,
2587 1418 2776 1464 sanata
2804 1416 2885 1463 est
2930 1407 2998 1462 ab
3047 1407 3136 1462 illa
3189 1408 3343 1478 gravi
3394 1409 3696 1474 infirmitate,
3736 1423 3777 1466 et

2251 1511 2491 1569 tempore
2538 1510 2843 1570 opportuno
2873 1499 3032 1554 enixa
3065 1507 3147 1553 est
3177 1497 3464 1564 infantem,
3507 1499 3584 1553 cui
3623 1514 3776 1555 nomen

2253 1591 2312 1648 S.
2343 1593 2613 1648 Brunonis
2663 1595 2716 1647 in
2755 1591 3082 1660 baptismate
3113 1591 3506 1661 imposuerunt.
3538 1591 3597 1645 Et
3623 1608 3680 1647 ne
3704 1595 3778 1647 im-

2252 1702 2459 1741 memor
2489 1702 2726 1756 unquam
2767 1693 2912 1740 esset
2942 1685 3148 1754 accepti
3198 1684 3444 1738 beneficii
3468 1693 3645 1749 mater,
3668 1686 3780 1740 vovit

2251 1787 2428 1831 vestes
2456 1777 2606 1832 albas
2659 1776 2902 1836 induere,
2937 1773 3189 1844 qualibus
3242 1773 3460 1828 indutus
3492 1773 3641 1828 fuisse
3666 1773 3780 1828 visus

560 1854 751 1910 ordine
781 1857 1059 1922 chronico,
1091 1873 1394 1913 recensere.
1450 1858 1528 1915 Ne
1566 1863 1709 1916 hunc
1756 1865 1892 1917 adeo
1925 1874 2143 1934 pertnr-
2179 1859 2218 1916 Β
2252 1869 2364 1940 ipse
2389 1869 2445 1924 S.
2479 1869 2662 1934 Pater,
2695 1867 2784 1937 qui
2819 1867 2870 1921 in
2900 1866 3106 1922 somnis
3129 1866 3178 1920 ci
3217 1874 3554 1935 apparuerat.
3589 1883 3605 1916 ι

561 1947 708 2009 bem,
739 1946 836 2000 abs
859 1946 984 2010 illis,
1023 1963 1143 2016 quae
1171 1959 1320 2002 extra
1365 1950 1600 2019 prtefata:
1630 1953 1987 2009 solomnitatis
2013 1964 2150 2010 tem-

559 2053 661 2106 pus
693 2036 831 2092 facta
863 2049 1006 2099 sunt,
1053 2040 1191 2093 duco
1241 2041 1475 2096 initium.
1538 2045 1804 2101 Surianus
1847 2049 1900 2101 in
1936 2049 2050 2102 suis
2083 2050 2149 2104 ad

561 2127 906 2183 S.Brunonis
930 2130 1121 2194 Vitam,
1155 2147 1184 2184 a
1213 2131 1375 2186 Surio
1399 2135 1674 2204 scriptam,
1697 2137 2151 2195 Adnotationibus

563 2235 684 2287 pag.
721 2219 824 2273 519
842 2221 919 2274 sic
943 2221 1133 2276 scribit
1159 2241 1171 2275 :
1199 2241 1216 2272 ‹
1245 2225 1402 2279 Anno
1439 2226 1574 2282 1525
1605 2229 1775 2296 prima
1800 2231 1884 2284 die
1917 2231 2153 2286 Februa-

564 2310 631 2364 rii
671 2309 734 2364 γ.
765 2311 824 2364 l’.
857 2311 1092 2368 Iacobus
1115 2315 1499 2386 Aragonensis.
1535 2321 1812 2388 professus
1848 2321 2152 2380 Carthusize

562 2401 924 2472 Neapolitanum
955 2420 1018 2457 ac
1048 2406 1194 2476 prior
1242 2406 1546 2462 Carthusise
1577 2409 1634 2465 S.
1681 2411 1944 2482 Stephani
1987 2430 2150 2483 supra

565 2495 726 2558 dicti,
758 2502 812 2549 et
856 2498 1035 2550 creteri
1069 2500 1316 2552 ll'lOllﬂClll
1375 2503 1763 2557 conventuales
1815 2507 2154 2576 scripserunt

561 2587 805 2655 capitulo
851 2589 1089 2658 generali
1157 2590 1363 2645 ordinis
1407 2591 1817 2650 Carthusiensis
1868 2597 2150 2666 sequentia

566 2677 851 2742 miracula,
887 2695 1004 2747 qua:
1037 2687 1161 2734 tunc
1189 2695 1374 2734 recent
1401 2690 1520 2750 post
1547 2696 1816 2754 receptam
1879 2685 2096 2740 domum
2127 2705 2144 2736 ι

565 2767 936 2839 (Calabrinam
970 2785 1164 2840 nempe
1201 2770 1259 2825 S.
1293 2769 1578 2844 Stephani)
1633 2776 1952 2831 acciderunt
1985 2795 1998 2830 :
2028 2777 2152 2832 lstis

561 2859 753 2914 diebus
782 2860 980 2914 nostris
1005 2861 1197 2926 nobilis
1226 2861 1532 2932 Alphonsus
1559 2865 1599 2918 Τ
1603 2866 1820 2927 oraldus
1849 2867 2152 2938 Neapolita-

566 2967 689 3016 nus,
722 2951 891 3007 frater
916 2969 1206 3023 germanus
1232 2955 1552 3010 excellentis
1579 2957 1783 3012 domini
1829 2959 2021 3015 Adami
2047 2962 2152 3015 To-

563 3045 720 3107 raldi,
751 3045 970 3100 baronis
993 3045 1060 3100 de
1092 3047 1376 3114 Badulato,
1403 3049 1556 3104 valde
1594 3065 1720 3122 erga
1751 3050 1809 3106 S.
1843 3053 2146 3109 Brunonem

564 3137 651 3204 pie
679 3136 921 3202 allectus,
947 3155 1069 3193 Cllill
1102 3150 1244 3194 esset
1271 3139 1514 3211 Trepeae,
1556 3157 1674 3211 quze
1727 3153 1810 3198 est
1873 3144 2000 3199 tnbs
2041 3145 2146 3199 Ca-

565 3337 716 3374 mare
759 3336 920 3391 super
963 3322 1250 3391 quamdam
1283 3322 1540 3378 declivem
1599 3340 1785 3394 rupem
1845 3326 2148 3382 altitudinis

564 3408 680 3463 fere
712 3420 928 3463 centum
967 3410 1269 3464 cubitorum
1295 3452 1308 3474 ,
1342 3414 1541 3466 accidit
1621 3424 1696 3476 ut,
1733 3413 1952 3470 fallente
1997 3417 2150 3484 pede,

565 3500 620 3553 in
644 3515 903 3571 praeceps,
947 3503 1124 3570 capite
1176 3503 1413 3568 inverso,
1473 3505 1768 3560 laberetur.
1804 3506 1905 3572 Qui
1953 3509 2152 3564 cadens

566 3592 842 3645 ruinosam
873 3591 1162 3646 maceriem
1210 3595 1460 3650 manibits
1489 3597 1922 3666 apprehendere,
1990 3617 2057 3654 ne
2099 3606 2151 3654 in

565 3681 672 3734 ima
694 3689 992 3748 eorrueret,
1020 3685 1285 3751 tentavit;
1317 3685 1413 3740 sed
1451 3686 1566 3756 ipsa
1595 3687 1785 3742 eadem
1821 3705 1988 3760 super
2025 3708 2147 3746 cum

568 3773 786 3843 delapsa
819 3783 930 3840 est;
979 3775 1120 3829 unde
1165 3784 1218 3830 et
1281 3777 1334 3830 in
1387 3791 1451 3832 eo
1496 3779 1808 3836 discrimine
1853 3785 2059 3851 positus
2091 3785 2150 3840 S.

566 3865 875 3920 Brunonem
915 3866 1214 3936 adjutorem
1238 3867 1526 3934 invocavit,
1558 3881 1612 3925 et
1641 3888 1763 3928 mox
1791 3877 2002 3945 aspexit
2034 3894 2156 3935 mos

565 3958 822 4022 nachum,
853 3957 1096 4013 vestibus
1119 3958 1254 4014 albis
1275 3963 1896 4032 aspectuquedecorum,
1929 3977 2146 4024 manum

565 4065 718 4106 suam
749 4049 994 4106 dextram
1025 4057 1296 4106 tenentem
1325 4061 1377 4106 et
1423 4053 1490 4107 ad
1525 4054 1630 4108 ima
1683 4055 1801 4112 loca
1851 4073 1910 4114 se
1954 4059 2154 4117 leniter

567 4141 943 4196 deducentem.

635 4263 690 4318 4.
729 4281 748 4314 ι
784 4261 901 4330 Quo
940 4261 1140 4317 factum
1197 4269 1303 4326 est,
1347 4269 1405 4316 ut
1435 4262 1634 4318 nullam
1665 4279 1730 4319 ex
1769 4281 1834 4322 eo
1865 4283 1994 4324 casu
2035 4284 2131 4339 pas

565 4370 660 4412 sus
683 4356 755 4410 sit
781 4355 1077 4420 laesionem,
1104 4368 1228 4410 cum
1261 4362 1439 4408 tamen
1493 4353 1610 4423 ejus
1644 4358 1893 4423 comites,
1940 4359 2056 4428 qni'
2085 4360 2152 4414 ad

564 4449 849 4503 cadentem
895 4455 1243 4503 accurreranl
1261 4487 1276 4514 ,
1304 4447 1633 4502 exstinctum
1657 4464 1778 4506 eum
1806 4459 1899 4505 aut
1927 4467 2156 4522 corpore

566 4538 906 4594 confractum
936 4554 1004 4594 ex
1054 4538 1206 4608 lapsu
1263 4541 1661 4595 existimarent.
1707 4542 1874 4614 Igitur
1900 4547 2153 4614 pedester

563 4631 784 4685 domum
813 4640 893 4685 est
913 4647 1208 4700 regressus,
1240 4643 1310 4686 ne
1337 4633 1581 4687 vehiculo
1602 4634 1818 4702 quidem
1843 4645 1943 4690 aut
1973 4636 2148 4691 aliena

567 4738 730 4793 opera
754 4723 999 4792 indigens
1021 4724 1084 4778 ad
1129 4725 1264 4790 iter;
1302 4727 1442 4794 quod
1482 4726 1803 4782 beneficium
1855 4731 2152 4785 maximum

582 4815 796 4872 meritis
815 4813 874 4870 S.
905 4813 1173 4870 Brunonis
1201 4825 1480 4886 acceptum
1506 4818 1646 4873 tulit.
1678 4819 1891 4875 Accidit
1919 4821 1971 4876 id
1999 4821 2146 4878 circa

569 4921 771 4963 annum
805 4906 961 4960 “29..
988 4926 1006 4959 ι
1043 4905 1304 4962 Camillus
1334 4907 1567 4963 Tutinus
1596 4910 1736 4965 idem
1767 4913 1932 4967 etiam
1963 4914 2135 4969 mira-

567 4998 817 5056 culumin
846 4991 1172 5054 concinnato
1200 5013 1307 5053 ase
1338 5000 1548 5056 ordinis
1581 5000 1989 5059 Carthusiensis
2020 5021 2147 5075 pro-

567 5101 758 5164 spectu
788 5099 1062 5156 recenset;
1089 5103 1278 5143 verum
1305 5090 1380 5155 id,
1415 5107 1522 5145 non
1553 5093 1620 5146 ad
1657 5107 1858 5147 annum
1905 5096 2150 5162 circiter,

567 5185 647 5238 uti
679 5183 767 5238 hic
799 5180 1087 5242 Surianus,
1123 5177 1282 5244 1522,
1311 5179 1405 5233 sed
1434 5180 1500 5233 ad
1523 5196 1725 5236 annum
1774 5185 1912 5240 1518
1963 5186 2150 5242 refert.

566 5276 637 5330 At
669 5289 820 5340 vero,
852 5274 952 5330 etsi
976 5273 1026 5328 id
1051 5272 1124 5325 ita
1163 5274 1254 5338 sit,
1285 5273 1390 5326 duo
1434 5273 1520 5327 isti
1548 5277 1844 5346 scriptores
1872 5281 2153 5336 seseinter

567 5385 807 5440 pugnare
833 5367 1086 5425 censendi
1120 5375 1402 5439 propterea
1428 5384 1534 5423 non
1563 5380 1852 5436 sunt,cum
1879 5372 2149 5432 Surianus

567 5461 888 5516 miraculum
921 5461 1070 5528 illud,
1104 5476 1208 5514 non
1243 5461 1491 5516 districte
1526 5478 1671 5517 anno
1699 5465 1837 5519 1522
1887 5467 2148 5534 innectat,

567 5551 660 5605 sed
691 5568 834 5607 anno
867 5551 1258 5620 circiter-152‘),
1284 5569 1404 5623 quae
1453 5553 1706 5624 loquendi
1737 5554 1962 5611 formula
1991 5559 2152 5614 trium

566 5649 869 5706 quatuorve
894 5658 1160 5698 annorum
1184 5644 1556 5700 extensionem
1589 5645 1814 5714 patitur,
1855 5649 2118 5704 accidisse
2137 5690 2150 5712 .

567 5729 1140 5789 duntaxatscribat.Ut
1154 5735 1312 5800 utsit,
1325 5734 1646 5791 miraculum
1663 5735 1790 5792 illud
1811 5739 2156 5808 praecessisse

567 5820 780 5878 videtur
799 5823 896 5882 tria
912 5825 1034 5894 alia,
1055 5842 1174 5898 quae
1196 5842 1260 5882 ex
1279 5826 1461 5884 Jacobi
1489 5813 1768 5900 A-rragonii
1801 5828 2154 5900 reliquorum-

2323 1961 2376 2016 5.
2409 1962 2714 2017 Secundmn
2748 1961 2830 2015 his
2862 1959 3043 2014 verbis
3073 1960 3417 2028 concipitur:
3453 1978 3472 2010 ι
3509 1960 3648 2012 Anno
3674 1959 3780 2012 1522

2253 2056 2468 2124 quidam
2498 2071 2562 2110 ex
2596 2055 2790 2125 oppido
2818 2053 3092 2108 Zimbario
3140 2052 3526 2123 Squillaceusis
3557 2050 3776 2118 ditecesis,

2254 2159 2487 2219 quatuor
2519 2148 2630 2203 fere
2667 2163 2923 2217 passuum
2975 2146 3212 2200 millibus
3237 2161 3269 2200 a
3319 2145 3630 2199 monasterio
3657 2163 3673 2195 ι
3696 2145 3711 2214 (
3733 2144 3776 2198 5.

2255 2239 2515 2310 Stephani
2547 2239 2825 2310 nimirum)
2862 2256 2881 2290 ι
2917 2237 3135 2301 dissilo,
3179 2237 3402 2292 nomine
3445 2235 3655 2290 Caretus
3679 2233 3780 2288 See-

2255 2333 2510 2403 pa-Casa,
2557 2349 2678 2388 cmn
2711 2346 2878 2385 uxore
2915 2346 3009 2386 sua
3044 2329 3271 2384 lsahella
3302 2329 3625 2384 adduxerunt
3649 2327 3701 2380 ad
3717 2328 3779 2397 ja-

2261 2439 2420 2477 nuam
2474 2423 2789 2480 monasterii
2845 2421 3056 2476 unicam
3108 2420 3278 2475 filiam
3333 2435 3502 2482 suam,
3546 2418 3779 2473 habentem

2253 2517 2504 2586 spiritum
2538 2517 2895 2578 immundum,
2929 2529 3162 2582 etnnqne
3193 2514 3264 2567 ad
3307 2528 3426 2568 eam
3474 2510 3634 2564 allata:
3677 2509 3780 2562 fuis-

2254 2620 2374 2665 seut
2399 2610 2640 2680 reliqui-.1:
2665 2620 2976 2664 sanctorum
3029 2607 3297 2676 Stephani
3326 2617 3381 2660 et
3431 2605 3638 2658 aliorum
3666 2601 3779 2654 divo-

2254 2715 2404 2766 rum,
2445 2711 2502 2756 nt
2529 2701 2738 2756 dmmon
2763 2700 2830 2754 ab
2862 2715 2924 2754 ea
2959 2699 3277 2770 ejiceretur,
3302 2697 3443 2752 sicut
3473 2696 3596 2750 alias
3618 2692 3778 2749 factum

2253 2791 2450 2860 fuerat,
2501 2803 2556 2850 et
2607 2793 2750 2846 nulla
2787 2807 2910 2863 spes
2963 2791 3297 2863 egressionis
3352 2797 3633 2860 appareret,
3658 2785 3777 2840 Η.

2259 2885 2498 2942 Viearius
2530 2887 2589 2943 Ρ.
2634 2888 2699 2942 de
2722 2884 2970 2941 Corduba
2995 2883 3285 2940 consilium
3307 2882 3607 2954 parentibus
3631 2878 3778 2949 puella:

2253 2978 2417 3042 dedit,
2443 2991 2500 3034 ut
2537 2980 2602 3034 ad
2626 2993 2846 3048 specum
2907 2975 2966 3032 5.
2993 2976 3290 3039 Brunonis,
3342 2991 3459 3043 qua:
3503 2971 3718 3026 milliario
3747 2984 3769 3020 a

2254 3074 2584 3128 monasterio
2609 3073 2786 3134 abest,
2837 3087 2956 3126 eam
3014 3070 3302 3125 ducerent.
3335 3069 3451 3135 Quo
3479 3080 3592 3120 cum
3627 3077 3773 3134 perre-

2283 3165 2480 3216 iissent.
2525 3164 2780 3216 terllexis
2812 3163 3038 3216 genibus
3057 3160 3326 3216 capellam
3373 3160 3556 3213 devote
3603 3162 3778 3208 orantes

564 3164 651 3204 pit:
679 3164 921 3202 ξιιιευιιιδ,
947 3164 1069 3193 cum
1102 3164 1244 3194 esset.
1281 3164 1514 3211 It'upcx,
1556 3164 1674 3211 qua:
1727 3164 1810 3198 BSt
1873 3164 2000 3199 lltDS
2041 3164 2146 3199 ha-
2206 3213 2218 3229 ἱ
2255 3165 2480 3229 "issem,
2525 3164 2780 3220 [el-ﬂexis
2812 3164 3038 3233 genibus
3057 3177 3156 3230 cap

563 3229 751 3282 labri-.e
798 3229 1093 3294 maritima,
1149 3230 1316 3284 animi
1364 3247 1528 3286 causa
1579 3232 1937 3288 deambulans
1989 3235 2145 3306 juxta
2178 3217 2220 3270 (ι
2254 3257 2664 3306 ρίνριηηὶρνυηι,
2716 3257 2846 3306 Dein
2917 3254 3093 3306 ηυεηη
3142 3271 3156 3306 ι

2254 3257 2664 3312 circumierunt.
2716 3257 2846 3312 Dein
2917 3254 3093 3324 puella
3141 3263 3267 3324 post
3311 3250 3550 3308 osculum
3599 3244 3780 3317 pedibus

2256 3349 2504 3421 imaginis
2542 3351 2601 3404 5.
2636 3350 2906 3405 Brunonis
2948 3349 3272 3418 impressum
3309 3345 3486 3400 hausit
3531 3341 3780 3408 aliquantu-

2253 3438 2363 3493 lum
2397 3441 2634 3509 pulveris
2664 3456 2731 3494 ex
2783 3440 2974 3494 eadem
3011 3453 3198 3508 specu.
3255 3434 3497 3491 Mirabile
3523 3433 3670 3493 dictu,
3689 3435 3780 3496 post

2253 3543 2525 3600 sumptum
2566 3532 2843 3601 pulverem
2877 3530 3102 3601 spiritus
3150 3528 3384 3584 infestus
3413 3525 3570 3594 erepit
3611 3535 3692 3590 per
3721 3517 3779 3569 vi-

2253 3638 2406 3678 scera
2434 3625 2625 3694 puellae
2650 3626 2976 3687 discurrere,
3003 3639 3066 3678 ac
3109 3623 3233 3677 inde
3291 3620 3594 3690 immigrans
3617 3615 3660 3667 in
3683 3612 3780 3665 bra-

2254 3717 2434 3771 chium
2463 3719 2528 3772 ad
2561 3734 2778 3772 manum
2813 3717 3027 3771 tandem
3071 3716 3317 3778 devenit;
3350 3723 3427 3778 et,
3461 3721 3516 3765 ut
3573 3704 3778 3762 indicium

2253 3825 2512 3865 excessus
2535 3811 2616 3865 sui
2649 3811 3002 3880 relinqueret,
3027 3809 3078 3863 in
3123 3811 3439 3862 summitate
3475 3799 3615 3872 digiti
3657 3800 3781 3848 unius

2258 3909 2468 3957 tumore
2497 3902 2657 3967 facto,
2687 3903 2848 3956 latius
2891 3901 3092 3971 apertis
3125 3899 3274 3968 poris
3299 3915 3403 3952 non
3433 3897 3542 3951 sine
3568 3885 3782 3956 sanguine

2254 3994 2458 4058 exitum
2491 3995 2590 4049 sibi
2622 3995 2856 4065 providit
2884 4003 2937 4048 et
2980 3993 3194 4062 penitus
3217 3989 3499 4046 abscessit.
3530 3985 3648 4038 Tam
3673 3974 3780 4032 malo

2256 4085 2467 4154 hospite
2514 4085 2737 4140 liberata
2779 4083 2952 4155 puella
2979 4099 3100 4137 cum
3156 4082 3478 4152 parentibus
3526 4075 3588 4130 ad
3630 4080 3779 4124 mona-

2256 4180 2479 4232 sterium
2521 4193 2763 4249 regressa
2815 4187 2918 4242 est,
2967 4177 3054 4230 ubi
3089 4176 3197 4230 Deo
3229 4184 3280 4228 et
3317 4173 3376 4228 S.
3405 4165 3649 4228 Brunoni.
3675 4158 3779 4212 ηδε·

2259 4269 2425 4326 ratori
2479 4288 2598 4336 suo,
2660 4270 2863 4342 gratias
2909 4271 3200 4324 immensas
3255 4266 3457 4322 retulit.
3495 4283 3512 4316 ι
3562 4249 3781 4349 ﬁniendo

2258 4365 2420 4418 etiam
2470 4373 2803 4432 postremum
2833 4378 2862 4417 e
2893 4361 3068 4415 tribus
3116 4374 3278 4428 supra
3328 4357 3490 4413 dictis
3535 4343 3778 4441 miraculis.

2261 4457 2624 4525 Sequentibus
2650 4442 2799 4511 hisce
2825 4455 2964 4524 apud
3017 4453 3311 4507 Snrianum
3357 4466 3477 4521 pag.
3523 4444 3619 4500 525

2258 4549 2550 4617 exponitur
2578 4566 2590 4601 :
2636 4565 2654 4598 ι
2685 4546 2788 4600 Per
2821 4546 3010 4600 eadem
3039 4553 3278 4614 tempora
3318 4563 3337 4595 ›
3372 4545 3584 4611 (annum
3617 4527 3778 4625 εεὶιιξθι

2263 4641 2432 4704 1525,
2477 4656 2586 4709 quo
2647 4640 2807 4693 trium
2874 4639 3140 4692 dietorum
3201 4633 3574 4689 miraculorum
3620 4627 3780 4717 ccrllus

2261 4733 2529 4786 redditum
2561 4729 2660 4784 fuit
2688 4728 2936 4800 generale
2968 4727 3174 4782 ordinis
3216 4717 3601 4781 Carthusiensis
3619 4715 3780 4779 capitu-

2261 4823 2392 4888 lam,
2425 4824 2565 4878 haud
2597 4823 2824 4877 tnnltnm
2854 4821 3174 4892 prtegrcssa)
3209 4837 3227 4869 ι
3265 4819 3318 4872 in
3377 4813 3564 4887 Oppido
3591 4806 3776 4901 Pin?“

2259 4915 2512 4970 dioecesis
2575 4913 2891 4977 Melitensis,
2950 4921 3104 4966 sexto
3159 4909 3333 4979 lapide
3380 4925 3406 4960 a
3453 4901 3773 4958 monasteria!

2259 5009 2571 5079 ('l‘urritano
2603 5005 2660 5062 S.
2717 5004 2978 5075 Stephani
3035 5002 3313 5070 nimirum)
3345 5018 3363 5051 ε
3407 4994 3604 5079 dissilo,
3639 4993 3778 5079 sa_09f‘

2259 5074 2357 5154 dos
2387 5099 2603 5166 quidatn
2627 5113 2662 5151 e
2687 5074 2892 5165 gremio
2909 5092 3332 5148 clerisarcnlaris
3358 5086 3563 5143 nomine
3589 5074 3776 5172 Soph-TT

2261 5207 2360 5246 nus
2389 5190 2635 5255 Miriano,
2663 5189 2870 5243 habens
2891 5195 3165 5257 apostema
3201 5186 3253 5238 in
3287 5193 3499 5254 pectore
3526 5175 3653 5272 cil‘cf'
3673 5172 3778 5272 ΜΤ

2259 5282 2337 5337 les
2365 5291 2565 5353 partes,
2601 5290 2786 5333 volnm
2818 5279 3142 5348 nuncupavit
3173 5277 3231 5332 S.
3272 5269 3522 5330 Brunoni.
3547 5264 3655 5330 Q'llv

2262 5346 2410 5424 tinuo
2430 5385 2596 5424 sanus
2621 5367 2866 5431 eﬂ‘cCtus,
2917 5346 3057 5421 sicut
3083 5367 3196 5434 ipse
3228 5363 3427 5432 scripto
3467 5361 3668 5410 testatus
3695 5346 3774 5394 est.

2260 5463 2431 5517 facem
2450 5478 2623 5518 cerea:
2659 5460 2847 5534 [certe]
2865 5460 3116 5530 virgineze
3141 5458 3361 5512 misitad
3378 5453 3538 5508 altare
3549 5446 3599 5500 S.
3614 5435 3779 5534 P-Bf'"

2260 5557 2440 5620 nonis,
2481 5555 2532 5608 in
2561 5570 2668 5623 qua
2702 5553 2999 5608 curationis
3025 5561 3080 5604 et
3135 5549 3409 5619 sospitatis
3435 5542 3588 5600 series
3611 5525 3778 5623 legebf'

2263 5656 2368 5702 tur.
2407 5612 2438 5698 ι’
2462 5612 2655 5700 Subdit
2693 5643 2854 5698 modo
2886 5643 2974 5698 hic
3005 5612 3274 5697 Surianus
3313 5639 3414 5694 alia
3463 5622 3704 5687 miracula.

2261 5736 2530 5792 Bz-unonis
2576 5734 2786 5789 meritis
2811 5740 3043 5805 patrata,
3073 5747 3213 5802 quat,
3260 5712 3774 5819 (ιιιθιιίειώηοιιξιῖῗῇωξς

2272 5849 2288 5882 ‹
2321 5830 2590 5900 exscripta
2622 5835 2748 5884 sunt
2777 5804 2842 5883 es
2893 5825 3107 5883 schedis
3154 5840 3282 5880 mss.
3315 5824 3372 5877 D.
3426 5809 3611 5874 Nicetai
3639 5804 3772 5860 lit'cw
