3860 6326
116 298 217 351 609

1649 280 1770 335 AC]
1786 284 1851 333 Α.

3276 287 3381 343 610

114 407 177 460 de
200 396 972 469 Taberna,professicjusdem
1001 395 1083 467 (S.
1110 394 1392 465 Stephani)
1418 393 1628 457 domus,
1671 412 1689 446 ι
1727 408 1769 467 Α
1802 392 2170 448 continentur.
2216 393 2326 449 Hoc
2355 402 2657 450 contectum
2694 404 2776 450 est
2806 393 3023 467 Neapon
3054 398 3119 452 18
3151 398 3382 458 Novem-

114 495 548 565 aceuratiusque,
603 494 829 565 adjectis
869 494 1031 548 etiam
1061 491 1183 547 aliis
1232 491 1525 557 nonnullis,
1555 507 1585 545 a
1624 489 1688 545 ν.

110 588 166 643 Ρ.
198 587 401 641 Severo
440 600 469 637 a
492 583 714 653 Neapoli
744 583 895 637 fuere
922 583 1150 652 digesta.

174 676 229 731 6.
268 674 468 730 Verum
499 690 620 730 cum
646 675 881 744 primum
913 689 977 727 ex
1009 675 1092 727 his
1118 687 1258 725 anno
1305 673 1520 726 demum
1556 671 1693 725 1521

107 768 365 822 accidisse
396 776 632 831 notetur,
666 766 932 835 citiusque
972 764 1239 830 fortassis,
1267 780 1431 833 quam
1488 764 1576 817 hic
1607 780 1692 818 me

108 860 433 923 relaturum,
464 858 518 912 in
553 856 954 912 Commentario
983 855 1185 925 prrcvio
1216 872 1365 908 innu.
1414 854 1517 908 746
1566 869 1691 924 spo-

106 948 286 1017 pondi,
323 946 384 1001 8.
422 946 695 1002 Brunonis
728 954 783 999 et
806 945 864 1000 8.
889 944 1157 1000 Vincentii
1198 942 1431 998 Ferrcrii
1473 944 1683 1011 appari-

107 1040 198 1105 tio,
246 1037 476 1110 Aloysio
524 1036 789 1091 Bertrano
846 1051 939 1091 seu
977 1035 1278 1090 Bertrando
1315 1035 1375 1090 S.
1435 1033 1691 1089 Ludovici

106 1130 394 1184 Bcrtrandi
436 1129 598 1199 patri,
651 1128 911 1182 divinitus
972 1126 1171 1189 oblata,
1231 1128 1495 1190 evenerit,
1545 1126 1692 1180 lubet

107 1220 261 1283 hanc,
288 1227 586 1289 antequam
614 1216 780 1270 ullum
817 1232 881 1271 ex
914 1216 980 1270 iis
1005 1230 1339 1279 recenseam,
1365 1214 1554 1269 lectori
1582 1216 1688 1280 hic,

105 1325 169 1364 ne
197 1309 267 1363 ab
302 1309 505 1364 ordine
535 1308 792 1362 chronico
844 1306 1146 1371 deﬂectam,
1194 1306 1474 1361 exhibere.
1507 1306 1550 1358 A
1589 1305 1692 1360 Su-

108 1404 251 1458 riano
276 1403 468 1471 itaque
493 1416 615 1472 pag.
646 1401 750 1455 518
797 1410 850 1453 et
884 1415 1000 1471 seq.
1033 1401 1175 1454 hunc
1215 1409 1468 1453 narratur
1496 1399 1548 1453 in
1578 1416 1693 1455 mo-

110 1492 270 1549 dum':
302 1513 321 1545 ι
354 1494 537 1549 Isdem
565 1495 741 1562 (pater
768 1493 974 1548 scilicet
1023 1493 1082 1547 8.
1126 1492 1383 1547 Ludovici
1428 1491 1690 1548 Bertran-

111 1587 176 1657 di)
202 1586 310 1638 alia
336 1586 489 1650 vice,
526 1584 781 1638 defuncta
809 1583 982 1653 prima
1017 1598 1117 1638 sua
1175 1598 1365 1650 more,
1428 1585 1691 1653 pergebat

111 1680 167 1733 ad
192 1679 449 1733 eamdem
484 1679 703 1733 domum
749 1677 1186 1749 (Carthusianam
1238 1680 1451 1748 nempe)
1480 1677 1686 1732 Portar-

1797 483 1881 538 br.
1920 485 2055 540 1519
2081 488 2257 557 (error
2289 485 2376 539 hic
2404 484 2588 551 cubat,
2617 493 2808 555 estque
2840 503 3031 551 annus,
3085 505 3191 559 quo
3221 495 3367 548 restiv

1798 578 2059 632 tationem
2132 579 2277 633 illam
2338 579 2559 642 factam,
2614 577 2751 633 infra
2817 597 2966 634 num.
3017 582 3378 653 i3invenies,

1799 669 1934 724 1529
1966 669 2396 742 substituendus)
2434 686 2530 740 per
2558 670 2830 723 notarium
2870 670 3148 742 Virgilium
3177 675 3242 729 de
3272 676 3378 730 Bu-

1795 759 1928 814 luito
1952 761 2017 815 de
2046 760 2265 830 Neapoli
2303 761 2445 815 inter
2482 761 2540 815 V.
2569 761 2626 815 P.
2661 761 2720 813 D.
2748 760 3102 817 Octavianum
3134 765 3199 819 de
3225 766 3379 820 Mau-

1797 865 1907 920 tua,
1938 856 2176 909 Priorem
2203 865 2328 910 tunc
2358 856 2547 911 domus
2593 855 2650 910 S.
2691 856 2951 926 Stephani
3017 875 3081 914 ac
3131 861 3382 915 visitato-

1797 962 1908 1001 rem
1941 947 2253 1017 provinciae,
2285 955 2338 1001 et
2370 946 2650 1016 prtefatum
2682 950 2959 1013 cenitem,
2995 951 3107 1019 qui,
3144 963 3201 1005 ut
3228 953 3279 1006 iu
3308 968 3373 1023 eo

1795 1039 2075 1102 scribitur,
2106 1039 2305 1094 bonam
2330 1039 2489 1094 fidem
2521 1055 2853 1110 cognoscens
2884 1050 2939 1095 et
2975 1044 3258 1098 attendens
3288 1045 3385 1099 tle-

1796 1129 2066 1184 votioncm
2093 1130 2408 1195 maximam,
2448 1145 2608 1199 quam
2640 1145 2696 1184 se
2725 1146 2912 1200 gerere
2940 1132 3075 1187 dixit
3104 1150 3231 1204 erga
3265 1152 3381 1189 mo-

1797 1220 2094 1272 nasterium
2121 1220 2178 1272 8.
2202 1218 2461 1287 Stephani
2490 1230 2542 1273 et
2564 1229 2787 1289 propter
2816 1222 3380 1293 reverentiam,quam

1794 1310 2040 1365 liabetS.
2069 1311 2329 1375 Brunoni,
2360 1311 2512 1380 Cujus
2540 1320 2741 1364 sant-ta:
2797 1311 3034 1381 reliquia:
3090 1313 3143 1367 in
3196 1330 3385 1367 mona-

1793 1402 1960 1456 sterio
2011 1402 2268 1472 przedicto
2320 1401 2700 1455 venerabiliter
2755 1412 2874 1455 sunt
2905 1404 3172 1472 reposita),
3227 1404 3381 1473 cujus

1792 1495 1987 1549 merito
2016 1504 2069 1548 et
2102 1493 2579 1548 intercessionibus
2627 1494 2880 1549 centinuo
2906 1495 3112 1548 exstitit
3142 1495 3379 1564 adjutus,

1794 1586 2177 1655 etprwsertim
2228 1584 2280 1639 in
2309 1584 2601 1639 obtinenda
2651 1600 2680 1637 a
2714 1584 2942 1638 Domino
2991 1585 3161 1655 prole,
3219 1596 3382 1657 atque

1792 1696 1889 1750 pro
1926 1682 2119 1734 anima:
2170 1696 2279 1733 sua:
2310 1690 2360 1731 et
2395 1679 2856 1747 praedecessorum
2910 1694 3132 1732 suorum
3186 1679 3382 1745 salute,

110 1771 249 1831 (lculi,
279 1785 410 1841 quae
443 1768 687 1823 Valentia
716 1768 1010 1840 (Hispania:
1032 1768 1239 1823 scilicet
1270 1769 1694 1826 Tarraconensis
1726 1771 1769 1830 Β
1798 1772 2120 1825 certioratus
2151 1770 2300 1838 prius
2324 1779 2377 1823 et
2410 1768 2566 1840 plene
2594 1768 2919 1822 informatus
2952 1769 3016 1823 de
3037 1769 3380 1839 juris-dictio-

112 1861 341 1925 civitate,
375 1859 563 1930 inqua
594 1861 1057 1931 commorabatur)
1079 1862 1495 1930 quatuorleucis
1515 1862 1689 1928 abest,

113 1954 417 2023 religiosum
501 1953 744 2007 habitum
818 1955 1111 2024 petiturus,
1181 1955 1442 2024 atquein
1497 1956 1691 2010 itinere

115 2046 259 2099 iidem
281 2045 388 2099 SS.
430 2043 747 2099 Vincentius
772 2054 826 2099 et
861 2045 1041 2101 Bruno
1071 2061 1129 2101 se
1157 2047 1416 2101 videndos
1445 2047 1691 2117 prtebue-

112 2148 241 2201 runt,
272 2137 548 2203 dicentes,
583 2136 913 2192 voluntatem
938 2138 1032 2192 Dei
1065 2154 1171 2192 non
1202 2153 1341 2203 esse,
1384 2149 1440 2193 ut
1469 2140 1687 2210 religio-

116 2243 190 2281 sus
212 2227 392 2293 ﬁeret,
418 2228 511 2281 sed
544 2236 602 2281 ut
635 2226 701 2281 ad
725 2227 979 2282 sacculum
1002 2228 1221 2282 rediret.
1258 2227 1357 2295 Qui
1384 2243 1449 2283 ex
1498 2244 1691 2283 secun-

115 2314 171 2367 da
201 2325 390 2383 postea
418 2317 581 2371 ducta
635 2332 805 2372 uxore
848 2316 1057 2372 Joanna
1102 2319 1304 2390 Angela
1358 2334 1499 2374 anno
1556 2319 1691 2374 159.6

116 2407 400 2461 sustulitB.
432 2407 768 2463 Ludovicum
799 2407 1122 2465 Bertranum
1164 2412 1374 2465 ordinis
1411 2411 1689 2468 Praedica-

120 2503 295 2562 torum,
335 2498 455 2567 qui,
496 2503 787 2555 sanctitate
814 2509 867 2556 et
909 2501 1186 2556 miraculis
1217 2501 1418 2569 clarus,
1466 2503 1531 2557 ad
1574 2518 1690 2559 cu:-

119 2585 210 2641 lutn
276 2588 416 2641 abiit
444 2605 592 2644 anno
622 2590 781 2645 1581.
846 2612 866 2644 ι
894 2591 972 2645 lla
1019 2592 1139 2648 loco
1189 2593 1356 2650 citato
1402 2593 1688 2663 Surianus,

123 2680 304 2735 ibidem
332 2683 506 2737 etiam
536 2684 765 2752 addens,
818 2685 1133 2741 relationem
1165 2688 1324 2742 istam
1354 2703 1383 2742 a
1415 2687 1476 2742 P.
1528 2687 1692 2743 Joan-

122 2785 177 2825 ne
200 2771 511 2844 Madariaga
546 2784 732 2845 part.t
777 2776 911 2832 Vita:
944 2778 1000 2832 8.
1031 2777 1297 2833 Brunonis
1329 2772 1447 2849 cap.
1480 2779 1571 2845 22,
1602 2780 1628 2852 §
1657 2780 1691 2835 5

121 2864 215 2920 eS.
240 2864 508 2923 Ludovici
533 2867 817 2923 Bertrandi
852 2869 989 2934 Vita,
1026 2886 1123 2941 per
1169 2870 1393 2926 fratrem
1423 2872 1689 2927 Justinia-

122 2971 229 3010 nam
252 2958 459 3012 Antisl.
485 2969 734 3027 exarata,
768 2959 935 3017 fuisse
965 2963 1322 3033 descriptam;
1366 2965 1508 3034 quod
1538 2980 1687 3031 sane,

123 3061 225 3102 cum
251 3049 304 3103 in
332 3050 443 3105 hac
486 3050 679 3106 relatio
704 3053 892 3107 eadem
952 3055 1278 3125 reperiatur,
1307 3057 1521 3110 veritati
1562 3066 1690 3127 puto

1798 1883 1865 1921 ne
1889 1867 2222 1931 monasterii,
2263 1876 2393 1931 elc.,
2423 1873 2630 1935 sponte,
2658 1874 2712 1918 et
2742 1865 2901 1929 bona,
2935 1880 3069 1933 pura
3117 1873 3170 1917 et
3213 1862 3385 1919 l.Lera

1796 1956 2073 2008 voluntate
2107 1955 2699 2025 rel..xavitpranlietum
2733 1954 3072 2008 territorium
3103 1956 3168 2008 de
3197 1953 3381 2018 Ninfo,

1796 2060 1859 2099 ac
1891 2061 1987 2115 per
2014 2044 2210 2099 fustem
2240 2044 2533 2114 resiguavit
2566 2044 2627 2098 V.
2665 2046 2804 2114 patri
2830 2045 3028 2110 Priori,
3080 2053 3184 2099 etc.
3216 2044 3387 2112 Cujus

1796 2148 1953 2206 capta
2016 2136 2117 2191 fuit
2170 2137 2469 2207 corporalis
2523 2136 2793 2206 possessio
2828 2136 2897 2191 29
2934 2135 3179 2190 Januarii
3236 2151 3384 2189 anno

1798 2226 1991 2281 1550a
2048 2227 2271 2296 praefato
2326 2226 2627 2281 Octaviano
2673 2226 2881 2292 Priore,
2937 2236 3204 2296 prtescnte
3260 2244 3386 2281 cum

1795 2317 2212 2373 aliisntonachis
2228 2317 2289 2371 D.
2317 2316 2593 2386 Stephano
2620 2323 2686 2371 de
2710 2316 2942 2371 Suriano
2966 2320 3209 2387 professo
3238 2315 3383 2387 ejus-

1796 2407 1917 2461 dem
1944 2408 2156 2461 domus.
2189 2426 2208 2458 ι

1865 2499 1919 2554 8.
1951 2496 2080 2551 Tale
2106 2496 2469 2567 estprimum,
2512 2496 2655 2566 quod
2697 2511 2728 2551 e
2787 2512 2917 2552 mss.
2976 2497 3178 2552 Nicolai
3210 2497 3383 2553 Riccii

1792 2591 1861 2646 de
1883 2591 2130 2647 Taberua
2154 2590 2389 2658 schedis,
2424 2605 2454 2643 a
2486 2590 2687 2644 Severo
2718 2591 2782 2645 de
2828 2590 3047 2661 Neapoli
3075 2593 3386 2646 accuratius

1793 2685 2020 2756 digestis
2049 2692 2211 2754 atque
2249 2682 2463 2737 aliunde
2496 2682 2692 2749 auctis,
2744 2683 3007 2737 Sitrianus
3056 2684 3171 2739 loco
3219 2700 3383 2755 supra

1792 2783 1962 2838 citato
1991 2779 2189 2845 refert;
2243 2778 2366 2833 huic
2391 2785 2570 2832 autem
2602 2793 2836 2848 sequens
2880 2780 3123 2848 proxime
3154 2779 3380 2847 subjun-

1793 2874 1871 2945 git
1912 2889 1926 2926 :
1975 2890 1993 2923 ί
2027 2871 2184 2926 Circa
2213 2885 2416 2925 annum
2446 2870 2601 2935 1510,
2647 2886 2769 2925 cum
2802 2870 2861 2924 Β.
2894 2870 3187 2925 Catbarina
3234 2869 3384 2925 Tho-

1793 2963 1967 3019 masia
1999 2961 2391 3031 Majoricensis,
2424 2969 2611 3031 postea
2663 2963 2923 3015 canonica
2968 2962 3249 3031 llegularis
3283 2960 3382 3015 0r-

1794 3055 1937 3110 dinis
1971 3052 2026 3109 S.
2056 3053 2340 3124 Augustini
2381 3053 2433 3106 in
2469 3054 2797 3107 monasterio
2828 3052 2885 3107 S.
2936 3053 3116 3107 Maria:
3166 3052 3383 3122 Magdao

123 3149 223 3191 esse
248 3154 580 3194 consonum.
633 3141 713 3196 Ad
740 3142 998 3197 miracula
1030 3145 1211 3210 modo,
1245 3160 1364 3213 quae
1390 3159 1455 3199 ex
1483 3144 1689 3200 Nicolai
1720 3135 1761 3195 C
1795 3146 1929 3201 lente
1959 3146 2108 3201 urbis
2140 3142 2545 3215 Majoricarum,
2587 3143 2763 3198 aetatis
2795 3152 2939 3198 esset
2971 3160 3235 3197 annorum
3276 3145 3385 3198 cir-

125 3226 269 3282 Riecii
298 3230 526 3285 schedis
555 3246 685 3285 mss.
720 3232 1052 3304 deprompsit
1082 3234 1519 3304 accuratiusque,
1551 3244 1690 3292 teste

124 3330 175 3372 ex
204 3321 368 3376 dictis
412 3321 668 3386 Suriano,
699 3324 925 3392 digessit
963 3325 1194 3397 aliisque
1242 3328 1516 3383 nonnullis
1545 3330 1695 3383 auxit

125 3408 341 3468 Severus
379 3427 411 3466 a
439 3412 685 3483 Neapoli,
716 3417 1051 3487 progredior.

182 3525 227 3578 7.
258 3524 512 3579 Primum
541 3541 573 3581 e
600 3527 818 3582 Suriani
849 3529 1166 3584 recensione
1188 3529 1266 3585 sic
1287 3529 1451 3585 habet
1479 3547 1492 3584 :
1531 3549 1549 3584 ι
1577 3530 1691 3586 An-

127 3630 180 3667 uo
204 3616 419 3671 Domini
448 3617 607 3681 1524,
635 3634 758 3672 cum
795 3629 940 3674 esset
977 3620 1131 3675 Prior
1163 3623 1321 3693 hujus
1346 3623 1430 3694 (S.
1456 3622 1691 3693 Stepha-

128 3707 411 3776 ni)domus
469 3709 532 3763 γ.
576 3708 634 3764 Ρ.
689 3709 858 3765 David
912 3712 978 3767 de
1017 3712 1390 3768 Charcascolis
1446 3713 1695 3768 Mediola-

130 3802 306 3866 uensis,
383 3800 667 3872 professus
713 3801 1017 3858 Chartusia:
1068 3804 1368 3874 Papicnsis,
1424 3807 1694 3863 excellens

129 3890 353 3950 dominus
381 3891 628 3946 Joannes
665 3880 903 3964 Baptista
935 3894 1158 3948 Carrafa
1212 3896 1278 3950 de
1321 3896 1570 3967 Neapoli,
1604 3912 1695 3951 co-

131 3994 224 4034 mes
253 3991 383 4036 tunc
410 3983 733 4051 Agrottarite
754 3998 817 4038 ac
842 3982 1095 4039 dominus
1117 3984 1536 4041 Castri-Vetcris
1569 4002 1695 4041 nec-

133 4086 218 4125 non
247 4084 299 4128 et
331 4074 590 4139 Roccllaa,
652 4074 956 4130 infirmatus
988 4086 1070 4131 est
1100 4091 1269 4147 usque
1317 4078 1381 4131 ad
1439 4087 1689 4146 mortem,

133 4166 362 4235 omnique
393 4168 729 4222 medicorum
762 4170 965 4223 auxilio
1006 4169 1298 4225 destitutus
1343 4187 1467 4224 cum
1512 4180 1695 4241 ageret

135 4255 175 4307 in
194 4258 470 4322 extremis,
506 4270 665 4314 nocte
692 4261 927 4330 quadam
969 4277 1065 4331 per
1104 4262 1279 4315 visum
1337 4260 1581 4329 objectus
1611 4274 1695 4318 est

136 4342 217 4411 ipsi
245 4347 299 4402 S.
335 4348 518 4402 Bruno
567 4349 799 4404 dicens:
839 4350 1075 4406 Joannes
1130 4351 1396 4423 Baptista,
1445 4356 1489 4410 si
1537 4357 1695 4410 resti-

136 4444 261 4493 tuere
293 4441 569 4495 distuleris
595 4442 947 4509 territorium,
1002 4460 1097 4509 per
1139 4454 1257 4500 tuos
1303 4445 1500 4515 injuste
1528 4464 1693 4503 occu-

138 4541 313 4598 patum,
356 4535 539 4587 domui
577 4550 709 4589 mea:
737 4534 794 4588 S.
831 4535 1091 4606 Stephani
1125 4537 1189 4592 de
1218 4539 1471 4606 Nemore,
1517 4552 1693 4596 morte

139 4625 363 4680 morieris
392 4636 574 4680 etnon
605 4626 775 4681 vives.
819 4628 1022 4695 Atille,
1076 4629 1237 4683 simili
1291 4646 1420 4685 voce
1469 4649 1692 4702 respon-

141 4720 269 4786 dens,
299 4723 417 4775 ait:
464 4722 619 4789 Quod
673 4723 1034 4786 territorium,
1089 4724 1283 4778 Pater?
1317 4723 1694 4793 Territorium,

142 4810 319 4875 intulit,
343 4814 484 4881 quod
515 4829 610 4867 vos
640 4814 704 4867 de
739 4811 900 4866 Ninfo
952 4814 1153 4879 dicitis,
1188 4829 1507 4869 concessum
1563 4816 1696 4871 mihi

143 4913 183 4954 et
205 4905 601 4959 successoribus
626 4905 761 4959 meis
783 4920 811 4957 a
829 4904 1026 4959 comite
1054 4905 1285 4975 Rogcrio
1301 4905 1696 4974 Northmanno,

144 5006 202 5061 et,
226 4999 306 5052 his
333 5001 513 5066 dictis,
550 4999 794 5053 evanuit.
823 4996 1022 5053 Statuit
1049 4998 1306 5069 prrefatus
1336 5015 1520 5054 comes
1550 5001 1691 5055 intra

144 5105 188 5143 se
213 5093 271 5146 de
298 5094 396 5149 hoc
422 5093 627 5149 certius
654 5092 860 5160 aliquid
898 5108 1250 5163 cognoscere,
1280 5108 1342 5147 ac
1370 5093 1549 5147 omnia
1577 5094 1696 5147 red-

146 5182 267 5237 dere.
300 5185 486 5240 Mirum
542 5184 723 5238 dictu!
761 5184 854 5237 vix
900 5184 1004 5238 hoc
1052 5185 1193 5254 apud
1249 5184 1486 5237 animum
1538 5200 1694 5239 suum

146 5279 494 5343 constituerat,
546 5292 671 5332 cum
726 5275 920 5331 melius
989 5276 1188 5330 habere
1234 5276 1399 5346 C(Ppit
1454 5286 1509 5328 et
1560 5276 1694 5330 febri

147 5378 346 5432 prorsus
371 5384 619 5439 eruntque
635 5367 761 5422 vita“:
789 5366 1097 5423 discriminc
1121 5377 1403 5438 exemptus
1431 5377 1532 5422 cst.
1561 5368 1691 5423 Dein

150 5460 403 5514 accersitis
449 5462 663 5517 notario
713 5470 769 5515 et
814 5460 1042 5515 testibus
1086 5462 1349 5515 visionem
1396 5460 1600 5526 retulit,
1634 5476 1697 5517 ac

155 5555 479 5621 territorium,
510 5555 695 5609 multis
716 5555 830 5623 jam
864 5556 1020 5608 annis
1050 5563 1391 5623 occupatum,
1441 5555 1694 5617 restituit,

153 5657 204 5697 ac
247 5662 403 5716 quam
450 5648 677 5716 plurima
728 5634 833 5702 alia
886 5646 1148 5701 beneﬁcia
1180 5660 1210 5697 a
1252 5644 1309 5698 S.
1353 5643 1412 5697 P.
1450 5643 1698 5698 Brunone

155 5737 389 5804 obtinuit,
427 5754 537 5809 qua:
582 5740 748 5796 latius
803 5740 855 5794 in
921 5739 1283 5795 instrumento
1340 5736 1701 5793 restitutionis

1793 3238 1932 3293 citer
1957 3238 2217 3309 quinque,
2251 3244 2453 3290 etcum
2482 3250 2583 3288 avo
2626 3250 2724 3289 suo
2758 3234 2861 3287 iter
2888 3235 3112 3289 haberet
3156 3236 3209 3289 in
3264 3236 3385 3289 loco

1794 3330 1986 3386 declivi
2012 3331 2167 3399 juxta
2212 3328 2556 3383 Cartliusiam
2607 3325 3009 3397 Majoriearum,
3056 3329 3305 3397 app;.ruit
3334 3331 3385 3384 ei

1794 3425 2096 3479 monachus
2136 3423 2356 3493 quidam
2411 3422 2465 3474 in
2505 3429 2657 3475 veste
2708 3419 2851 3485 alba,
2879 3435 2998 3489 qua:
3028 3420 3385 3474 Carthusien-

1794 3517 1934 3571 sium
1979 3526 2061 3571 est
2112 3515 2353 3585 propria,
2400 3514 2491 3583 qui
2550 3512 2608 3567 S.
2661 3512 2842 3566 Bruno
2893 3512 3060 3566 fuisse
3114 3513 3377 3577 creditur,

1796 3609 1997 3680 quique
2020 3609 2067 3664 ei
2094 3608 2366 3679 prrcdixit,
2391 3622 2510 3661 eam
2557 3606 2759 3660 Christi
2812 3621 3065 3675 sponsam
3119 3606 3385 3671 futuram,

1794 3711 1850 3755 et
1878 3716 2004 3765 nou,
2037 3710 2094 3753 ut
2126 3715 2258 3754 avus
2299 3700 2543 3769 Optabat,
2594 3698 2943 3751 matrimonio
2999 3697 3382 3766 copulandam.

1794 3794 1912 3848 Alia
1958 3793 2210 3847 similiter
2239 3792 2374 3853 vice,
2423 3801 2713 3860 antequam
2762 3790 3029 3844 decimum
3078 3792 3255 3844 (etatis
3290 3806 3386 3844 an-

1796 3903 1925 3941 num
1958 3887 2270 3956 attingeret,
2302 3899 2425 3939 cum
2477 3893 2690 3938 antrum
2718 3884 2988 3952 quoddam
3046 3883 3384 3954 intrOgressa

1796 3979 1850 4033 in
1896 3977 2109 4032 foveam
2161 3976 2309 4045 lapsa
2339 3985 2503 4039 esset,
2542 3976 2682 4029 unde
2734 3975 2852 4028 sine
2886 3974 3128 4029 humano
3180 3975 3387 4030 auxilio

1796 4072 1946 4127 exire
1975 4087 2080 4125 non
2113 4078 2360 4141 poterat;
2394 4084 2459 4123 eo
2488 4069 2795 4134 deﬁciente,
2848 4068 3087 4122 divinum
3128 4068 3384 4138 implora-

1794 4166 1895 4232 vit,
1924 4164 2065 4235 quod
2096 4164 2351 4219 continuo
2389 4160 2559 4216 adfuit
2592 4180 2602 4213 :
2645 4177 2769 4215 nam
2828 4160 3001 4214 astitit
3054 4160 3104 4215 ei
3142 4161 3382 4214 humana

1796 4260 1978 4330 specie
1998 4258 2077 4313 vir
2098 4258 2377 4326 augustior
2406 4257 2456 4310 in
2482 4264 2630 4309 veste
2655 4252 2907 4316 candida,
2964 4252 3055 4321 qui
3085 4252 3202 4321 ejus
3252 4268 3379 4307 scn-

1802 4352 1971 4406 teutia
2014 4349 2419 4405 Carthusicnsis
2465 4347 2771 4401 videbatur.
2823 4345 2927 4400 Sed
2973 4344 3031 4399 S.
3076 4344 3135 4397 Ρ.
3179 4345 3383 4410 Bruno,

1797 4446 1887 4517 qui
1914 4444 2048 4499 alias
2079 4444 2125 4497 ei
2148 4443 2336 4497 eodem
2361 4443 2636 4495 schemate
2663 4447 3011 4510 apparuerat,
3037 4435 3195 4491 fuerit
3218 4453 3382 4506 opor-

1800 4549 1907 4604 tet;
1936 4538 2026 4607 qni
2056 4546 2109 4592 et
2137 4552 2254 4590 cant
2281 4535 2611 4599 consolatus,
2668 4547 2735 4586 ne
2790 4532 3025 4596 timeret,
3082 4529 3387 4594 admonuit,

1800 4639 1961 4697 atque
1986 4636 2044 4680 ut
2078 4626 2352 4688 baculum,
2386 4638 2546 4693 quem
2598 4639 2759 4677 manu
2793 4621 3031 4686 tenebat,
3085 4619 3387 4689 apprehen-

1801 4723 1953 4776 derct
1987 4736 2049 4774 ac
2079 4719 2308 4772 firmiter
2354 4724 2597 4780 teneret;
2649 4730 2755 4783 quo
2798 4713 3157 4783 apprehenso,
3211 4711 3389 4765 facilis

1800 4814 1848 4869 ei
1882 4812 1978 4866 fuit
2007 4826 2266 4867 ascensus
2287 4827 2316 4864 e
2350 4810 2525 4870 fovea.
2557 4824 2789 4879 moxque
2813 4808 2880 4860 ab
2912 4806 3029 4876 ejus
3059 4806 3231 4859 oculis
3258 4804 3385 4858 sub-

1804 4909 2011 4954 tractus
2046 4907 2150 4953 est.
2192 4917 2211 4949 ι
2246 4895 2357 4949 Hoc
2393 4895 2624 4964 duplicis
2666 4894 3019 4964 apparitionis
3051 4893 3383 4963 prodigium,

1802 4993 1944 5062 quod
1974 5006 2041 5045 an
2085 4988 2326 5043 Brunoni
2373 5002 2498 5042 vere
2546 4987 2949 5041 attribuendum
3002 4985 3095 5051 sit,
3151 4985 3387 5040 dubitari

1802 5100 1960 5156 posse
1992 5083 2222 5147 videtur,
2277 5097 2382 5135 non
2415 5095 2481 5133 ex
2514 5078 2717 5135 Nicolai
2774 5079 2943 5133 Riccii
3006 5078 3239 5141 schedis,
3291 5076 3388 5130 sed

1802 5176 2018 5232 aliunde
2069 5174 2314 5228 hausisse
2368 5173 2577 5227 videtur
2637 5171 2872 5225 Severus
2926 5186 2954 5222 a
3010 5167 3251 5237 Nt-apo‘i.
3307 5166 3384 5221 lta

1802 5270 2012 5342 opinari
2060 5284 2147 5324 me
2195 5267 2326 5322 facit
2358 5267 2643 5329 Surianus,
2692 5281 2813 5319 cum
2870 5265 2936 5317 ad
2991 5263 3129 5314 illius
3179 5260 3382 5313 calcem

1805 5371 1974 5427 notet,
2003 5378 2121 5416 esse
2150 5361 2200 5414 id
2234 5360 2609 5429 depromptum
2637 5372 2666 5411 e
2690 5355 3001 5411 Catharina:
3052 5352 3382 5415 Thomasim,

1805 5471 1924 5527 quae
1954 5456 2094 5508 inter
2131 5451 2538 5506 Prmtermissos
2575 5449 2640 5502 ad
2688 5448 2720 5500 5
2769 5445 2966 5515 Aprilis
3018 5444 3158 5497 diem
3213 5441 3385 5495 relata

1806 5546 1944 5616 apud
1975 5559 2072 5600 nos
2102 5555 2205 5611 est,
2230 5544 2372 5608 Vita,
2411 5540 2697 5612 llispanico
2721 5539 2974 5592 idiomale
3002 5552 3031 5589 a
3065 5536 3125 5590 V.
3152 5534 3210 5587 P.
3246 5532 3385 5587 Bar-

1808 5639 2091 5695 tholomtco
2118 5637 2400 5707 V'alpcrga,
2445 5632 2746 5687 Carthusia:
2779 5629 3148 5697 Majoricensis
3189 5641 3380 5680 mona-

1806 5734 1929 5803 cho,
1968 5731 2294 5800 conscripta,
2345 5741 2590 5800 annoque
2624 5725 2758 5783 1617
2791 5722 3060 5792 Majorica:
3102 5722 3239 5793 tvpis
3288 5736 3386 5776 ex-
