3860 6326
582 199 680 255 Eli

1375 204 1435 261 S.
1473 204 1823 264 BRUNONIS
1860 201 2506 263 CARTHUSIANORUM
2545 207 3033 270 lNSTlTUTOlllS
3697 224 3776 300 819

662 315 714 371 9.
755 314 832 369 Εη
852 313 1010 368 motio
1033 311 1259 368 αιῐοτῑιιε
1287 322 1502 391 generis
1532 322 1872 387 miraculum,
1891 322 2171 387 nimirum,
2203 327 2254 388 Α
2279 322 2509 378 crimine
2538 336 2888 381 versarentur
2926 341 2992 382 ac
3037 326 3482 397 periclitarentur,
3520 347 3681 394 omnes
3700 356 3776 395 um

583 423 689 463 non
712 421 820 477 quo
849 406 1101 476 cuiquam
1129 403 1369 469 Sanctus
1403 414 1728 469 beneficium
1772 412 2023 480 contulit,
2073 413 2170 469 sed

581 514 713 568 quo,
744 499 837 569 (ιυί
876 498 928 551 ill
960 512 1085 552 eum
1131 496 1315 561 Inerat
1342 505 1595 576 injurius,
1628 505 1892 559 divinitus
1940 504 2044 558 fuit
2071 519 2176 574 pu-

580 592 751 645 nitus.
780 590 835 644 ld
867 589 1139 653 Sui-ianus
1158 597 1269 668 jam
1294 612 1437 652 nunc
1460 605 1681 651 narrato
1705 597 1949 667 proxime
1976 597 2177 651 subue-

580 683 681 736 ctit
710 683 892 752 itaque
916 690 1180 760 exponit:
1215 707 1233 740 ι
1270 688 1428 743 Anno
1484 687 1697 742 Domini
1750 685 1909 751 1544,
1952 686 1986 741 5
2011 686 2176 742 Octo-

582 774 698 831 bris
726 774 903 846 pridie
936 783 1080 837 illius
1103 780 1232 847 diei,
1262 782 1352 851 qui
1384 781 1442 835 S.
1471 780 1531 834 P.
1590 780 1829 834 Brunoni
1884 794 2040 835 sacer
2067 788 2172 847 est,

583 866 668 919 Vir
704 866 929 944 quidam
952 872 1148 927 nobilis
1175 882 1229 927 et
1251 873 1430 927 clarus
1455 886 1671 941 genere,
1701 871 1797 926 sed
1822 886 1850 923 a
1882 869 2175 926 callidissi-

591 971 686 1022 nio
715 965 973 1020 haeretica
1015 964 1249 1019 Martino
1292 963 1498 1018 Bucero
1544 964 1740 1018 misere
1788 962 2064 1026 seductus,
2119 962 2173 1016 in

584 1059 872 1115 Carthusia
896 1058 1206 1113 Coloniensi
1241 1058 1341 1111 sub
1382 1066 1611 1126 tempus,
1672 1071 1781 1125 quo
1832 1054 2175 1125 Vcspertinte

587 1167 778 1223 preces
806 1150 1039 1206 lioraria:
1064 1158 1323 1220 aguntur,
1357 1148 1579 1203 sedebat
1608 1149 1660 1203 in
1694 1149 2050 1219 hypocausto,
2082 1147 2172 1201 ubi

587 1245 831 1314 hospites
857 1243 1030 1312 excipi
1055 1242 1249 1306 solent,
1286 1256 1477 1310 parum
1515 1240 1644 1309 quid
1682 1240 1847 1294 edens
1876 1248 1931 1294 et
1982 1238 2174 1293 bibens

589 1352 713 1391 cum
748 1334 999 1405 religioso
1027 1333 1085 1387 P.
1129 1332 1292 1385 Petro
1323 1331 1613 1397 Boechem,
1646 1339 1774 1383 tunc
1821 1339 2175 1399 procuratore

593 1426 835 1495 ejusdem
872 1424 1194 1490 Garlhusize,
1229 1434 1414 1493 postea
1474 1422 1662 1476 Priore
1715 1419 2112 1485 Conﬂuentino,
2144 1436 2173 1473 a

587 1536 696 1590 quo
726 1535 846 1574 cum
882 1518 1146 1583 audisset,
1183 1518 1269 1570 die
1324 1515 1571 1585 sequenti
1596 1515 1653 1568 ὃ.
1711 1513 1982 1567 Brunouis
2029 1513 2175 1568 cele—

587 1612 853 1667 brandum
883 1611 1079 1665 festum
1111 1609 1373 1671 solemne,
1434 1623 1539 1662 non
1594 1607 1713 1662 sine
1756 1606 2040 1660 stomacho
2092 1620 2177 1659 re-

2280 433 2413 474 voce
2459 418 2699 474 clamare
2736 419 3269 491 creperint:Sancte
3323 423 3515 492 Bruno,
3563 428 3633 485 fer
3660 447 3778 503 opem

2277 511 2454 567 nobis.
2485 511 2603 578 Quo
2624 511 2792 577 dicto,
2820 513 3007 570 vident
3054 516 3341 585 quemdam
3372 521 3601 575 monachi
3624 527 3779 593 specie,

2276 602 2425 657 vultu
2455 603 2842 670 venerabilem,
2865 606 2955 675 qui
2986 620 3172 662 eorum
3196 624 3386 664 manus
3412 613 3778 683 apprehendens,

2277 709 2373 749 eos
2410 694 2465 748 in
2501 694 2661 749 aliam
2691 705 2901 765 partem
2946 706 3105 754 extra
3168 697 3506 755 refectorium
3544 708 3780 774 transtulit,

2275 796 2330 841 et
2358 788 2616 843 continuo
2646 788 2861 844 testudo
2891 788 3150 846 fatiscens
3179 789 3412 862 collapsa
3454 800 3549 849 est.
3591 792 3715 852 Unde
3737 799 3781 855 Β.

2275 880 2547 936 Brunonis
2586 881 2792 937 meritis
2816 882 3112 937 incolumes
3133 884 3422 941 evadentes
3454 885 3555 939 Deo
3574 888 3781 958 beateque

2276 971 2428 1027 Patri
2476 972 2680 1043 gratias
2709 974 2954 1044 ingentes
3007 974 3323 1030 retulerunt.
3359 995 3376 1027 ›
3410 974 3615 1047 Egregie
3650 980 3781 1033 enim-

2278 1078 2425 1126 vero,
2458 1080 2618 1134 quam
2654 1074 2847 1135 potens
2875 1066 2947 1120 sit
2984 1065 3038 1121 in
3080 1066 3234 1122 caelis
3262 1066 3321 1122 S.
3360 1067 3607 1124 Brunonis
3643 1081 3784 1139 patro-

2276 1155 2501 1221 cinium,
2530 1170 2561 1210 e
2585 1165 2861 1225 postremo
2896 1158 2999 1213 hoc
3044 1158 3305 1214 miraculo
3326 1157 3517 1221 eluxit;
3550 1175 3609 1215 ne
3649 1172 3783 1218 autem

2277 1246 2342 1301 de
2372 1246 2488 1314 ejus
2519 1246 2751 1302 veritate
2783 1248 2905 1316 quis
2930 1248 3190 1320 ambigat,
3242 1249 3383 1317 apud
3412 1249 3669 1305 Surianum
3692 1269 3780 1307 mox

2275 1336 2618 1407 subiungitur
2648 1351 2663 1390 :
2695 1356 2714 1387 ε
2744 1336 2858 1392 [loc
2908 1339 3229 1393 miraculum
3273 1354 3338 1396 eo
3378 1356 3512 1395 anno
3546 1342 3663 1397 1555
3691 1360 3778 1398 con-

2280 1432 2483 1500 tigisse,
2514 1439 2711 1500 praeter
2732 1429 2994 1485 Joannem
3023 1430 3409 1503 Madariagam,
3441 1432 3490 1487 id
3516 1445 3783 1488 asserentein

2276 1536 2341 1575 ex
2368 1521 2745 1576 testificatione
2772 1520 2950 1589 jurata
2973 1523 3038 1577 γ.
3062 1522 3123 1576 Ρ.
3157 1522 3324 1595 Sylvii
3350 1523 3541 1579 Prioris
3559 1523 3681 1590 lib.t,
3697 1541 3783 1596 cap.

2275 1613 2366 1675 29.,
2401 1612 2689 1669 confirmat
2718 1613 2881 1668 etiam
2933 1613 3143 1683 pictura
3176 1612 3412 1683 ejusdem
3442 1614 3678 1670 refectorii
3699 1632 3785 1685 qna

588 1704 805 1774 spondit
834 1720 847 1756 :
878 1701 1090 1756 Putatis
1121 1716 1236 1765 vos,
1285 1699 1433 1753 illum
1482 1698 1533 1752 in
1593 1697 1837 1752 divorum
1892 1711 2176 1750 numerum
2211 1692 2253 1752 Β
2282 1722 2415 1777 opus
2448 1706 2613 1777 (quod
2652 1706 2859 1762 scilicet
2888 1715 3010 1775 post
3047 1705 3340 1776 collapsam
3369 1721 3503 1762 anno
3536 1705 3653 1761 1555
3678 1708 3783 1776 prio—

588 1797 862 1853 relatum?
895 1795 1076 1861 Certe,
1131 1794 1177 1849 si
1224 1792 1313 1847 ille
1355 1799 1577 1847 sanctus
1618 1799 1725 1855 est,
1755 1804 2027 1859 nunquam
2058 1798 2177 1860 post

590 1890 846 1945 haustum
877 1889 980 1944 hoc
1014 1887 1267 1958 poculum
1323 1885 1604 1955 contingat
1651 1898 1911 1954 prospera
1962 1898 2048 1937 me
2100 1884 2177 1936 uti

586 1979 917 2034 valetudine.
967 1978 1131 2043 Dixit,
1187 1977 1345 2041 bibit,
1415 1991 1647 2045 moxque
1714 1984 1971 2044 tanquam
2031 1974 2176 2029 aliud

589 2088 759 2143 agens
785 2072 950 2142 carpit
976 2072 1165 2126 sedere
1201 2070 1616 2141 cogitabundus,
1659 2076 1716 2121 ut
1747 2068 1922 2122 solent
1952 2067 2179 2135 phanta-

592 2163 744 2218 stici.
776 2162 942 2217 Paulo
974 2172 1096 2232 post
1138 2177 1337 2232 equum
1392 2159 1764 2214 conscendens
1818 2160 1886 2212 ad
1937 2168 2177 2213 castrum

589 2271 748 2310 suum
786 2256 938 2309 abiit.
965 2254 1074 2310 Nec
1106 2270 1256 2308 mora
1290 2252 1380 2307 :iu
1410 2253 1607 2307 lectum
1669 2252 1943 2317 decidens,
1994 2252 2180 2321 paucis

589 2351 715 2413 post
747 2344 936 2398 diebus
987 2344 1089 2408 ita,
1132 2350 1189 2396 ut
1231 2342 1334 2396 sibi
1382 2341 1499 2411 ipse
1539 2348 1658 2394 erat
1713 2342 2064 2411 imprecatus,
2112 2355 2180 2395 ex

591 2436 785 2490 morbo
837 2436 1021 2506 periit,
1079 2436 1163 2489 vel
1204 2435 1405 2488 invitus
1444 2434 1752 2502 approbatis
1800 2434 1856 2487 S.
1910 2433 2182 2489 Brunonis

591 2530 959 2584 sanctitatem.
997 2549 1015 2582 ι
1054 2527 1368 2596 Prodigium
1399 2527 1563 2590 istud,
1603 2543 1697 2582 seu
1729 2527 1965 2581 divinam
2016 2530 2081 2581 de
2111 2527 2182 2581 ir-

592 2632 777 2691 rogata
811 2620 983 2675 Servo
1012 2635 1110 2676 suo
1134 2619 1328 2690 injuria
1374 2619 1670 2672 vindictam
1714 2618 1877 2671 etiam
1931 2617 2096 2672 refert
2127 2618 2180 2671 iu

595 2714 858 2769 Sacrario
888 2714 1184 2784 Agrippino
1214 2728 1335 2782 pag.
1364 2710 1469 2765 ΞΗ
1500 2711 1740 2765 Erardus
1783 2708 2179 2775 Winheimius;

589 2822 780 2862 verum
815 2816 922 2859 tam
956 2807 1069 2870 hic,
1104 2820 1269 2875 quam
1303 2803 1593 2870 Surianus,
1618 2804 1761 2873 quod
1790 2818 1986 2858 nomen
2016 2804 2183 2857 fuerit

590 2899 710 2953 viro
739 2899 927 2965 nobili,
959 2899 1052 2968 qui
1082 2898 1153 2952 ob
1178 2896 1386 2967 prolata
1418 2898 1471 2952 in
1516 2896 1577 2952 S.
1642 2896 1961 2951 Bruuonem
2016 2898 2180 2952 verba

593 2992 792 3061 injuria
817 2992 1017 3048 misere
1047 2990 1275 3057 interiit,
1305 3006 1412 3045 nou
1442 2989 1626 3055 edicit,
1664 2990 1739 3044 ita
1776 2988 2182 3044 verosimillime

591 3085 773 3149 ambo,
806 3093 864 3138 ut
894 3084 1243 3139 nobilissima:
1260 3098 1323 3138 ac
1340 3083 1636 3138 notissimae
1656 3083 1923 3153 hodieque
1943 3081 2184 3149 familia},

591 3192 757 3246 equa
813 3177 858 3231 is
901 3187 1053 3230 ortus
1100 3176 1224 3240 fuit,
1254 3175 1449 3230 honori
1498 3182 1811 3245 parcerent,
1872 3172 2184 3228 faciendum

596 3270 720 3323 rati.
752 3269 819 3323 Et
849 3284 981 3325 sane
1009 3268 1280 3322 laudando
1310 3267 1533 3323 omnino
1584 3266 1810 3321 consilio
1843 3266 1918 3320 ita
1972 3264 2182 3330 fecere;

591 3377 762 3431 quare
791 3370 847 3416 et
884 3378 983 3432 ego
1022 3376 1212 3416 eorum
1241 3361 1491 3430 exemplo
1514 3374 1544 3413 a
1576 3359 1853 3429 prodendo
1882 3358 1987 3413 viri
2040 3359 2185 3413 illius

592 3454 792 3508 nobilis
817 3453 1034 3507 nomine
1072 3452 1162 3506 hic
1201 3452 1476 3515 abstineo,
1505 3450 1630 3503 licet
1663 3450 1879 3503 interim
1916 3446 1967 3503 id
1999 3464 2029 3503 e
2057 3448 2187 3504 Car-

594 3532 790 3597 thusize
830 3543 1043 3597 Lirana:
1098 3542 1345 3612 antiquo,
1394 3542 1749 3612 probataque
1797 3541 1922 3596 fidei
1990 3557 2183 3596 tuonu-

595 3643 783 3688 mento
807 3634 1051 3703 apprime
1082 3644 1417 3704 compertum
1450 3635 1703 3688 habeam.

665 3726 752 3779 10.
782 3726 824 3779 E
854 3726 1152 3791 miraculis,
1178 3742 1381 3781 annum
1430 3725 1566 3781 1600
1617 3725 1953 3798 prmgressis,
2004 3742 2125 3796 qua:
2156 3742 2185 3781 e

596 3832 731 3872 mss.
775 3817 979 3872 lVicolai
1010 3817 1148 3873 Ricii
1193 3819 1261 3873 de
1292 3819 1540 3874 Taberna
1568 3818 1804 3885 schedis,
1850 3834 1881 3873 a
1914 3818 2118 3873 Severo
2155 3834 2185 3873 a

599 3907 821 3977 Neapoli
851 3908 1068 3965 aliunde
1098 3911 1293 3977 auctis,
1321 3911 1465 3981 apud
1513 3910 1805 3965 Surianum
1852 3910 2183 3976 referuntur,

598 4000 796 4069 hicque
838 4001 891 4054 in
924 4002 1159 4056 medium
1191 4003 1504 4057 adducenda
1543 4011 1693 4068 sunt,
1741 4001 1972 4056 alterum
2024 4004 2186 4058 modo

598 4106 999 4147 recenseamus.
1034 4111 1052 4143 ι
1096 4092 1300 4147 Cum...
1332 4094 1720 4149 monasterium
1771 4093 1831 4147 S.
1866 4092 2127 4164 Stephani
2162 4115 2180 4148 ι

597 4184 710 4256 (adi
758 4185 1053 4239 Surianum
1088 4186 1140 4241 iu
1195 4186 1308 4240 suis
1356 4187 1423 4239 ad
1476 4185 1536 4240 S.
1601 4186 1869 4240 Brunouis
1926 4185 2125 4252 Vitam,
2156 4202 2186 4240 a

2280 1799 2355 1851 ris
2381 1805 2669 1852 structurae
2708 1797 3031 1852 testudinem
3067 1797 3245 1854 fuerat
3276 1798 3612 1869 resumptum)
3636 1799 3786 1852 indicat

2279 1899 2712 1943 consummatum
2736 1905 2877 1944 anno
2908 1889 3046 1946 1534
3067 1897 3121 1944 et
3146 1890 3441 1944 etiamnum
3458 1890 3619 1945 adhuc
3636 1890 3784 1945 ibidem

2280 1979 2541 2036 memoria
2573 1980 2719 2050 viget
2745 1996 2775 2034 a
2802 1978 3095 2049 majoribus
3119 1990 3366 2051 accepta.
3399 1999 3418 2032 ι

2352 2071 2438 2126 11.
2470 2070 2578 2127 Nec
2607 2072 2809 2137 minus,
2865 2073 3054 2142 quanti
3110 2073 3252 2142 apud
3282 2072 3448 2128 Deum
3488 2072 3644 2132 meriti
3668 2071 3783 2127 silS.

2279 2162 2486 2229 Bruno,
2514 2163 2683 2230 aliud,
2706 2164 2850 2233 quod
2887 2179 3033 2218 nunc
3057 2164 3225 2218 etiam
3268 2163 3459 2227 subdo,
3484 2166 3650 2231 probat
3671 2164 3786 2217 mira-

2281 2254 2483 2310 culum.
2526 2254 2687 2310 Hisce
2736 2256 2877 2326 apud
2930 2255 3226 2311 Surianum
3281 2271 3403 2327 pag.
3442 2255 3542 2310 555
3587 2264 3633 2309 et
3670 2271 3782 2325 seqq.

2281 2346 2586 2416 concipitur
2634 2348 2859 2401 verbis:
2901 2364 2920 2398 ι
2976 2348 3175 2402 Eodem
3226 2346 3340 2403 fere
3385 2358 3604 2417 tempore
3634 2347 3787 2402 scilicet

2284 2451 2411 2497 ante
2459 2457 2660 2495 annuat
2701 2442 2839 2498 1558
2890 2442 3110 2513 quidam
3145 2442 3381 2496 domnus
3426 2440 3694 2509 Stephanus
3715 2437 3787 2491 Ca-

2284 2549 2444 2590 rozza
2495 2550 2562 2589 ex
2619 2534 2816 2605 oppido
2859 2533 3091 2589 Suriano
3137 2533 3390 2588 dimcesis
3428 2532 3684 2587 Melitcnsis
3718 2546 3785 2583 sex

2282 2624 2397 2681 fere
2443 2640 2699 2695 passuum
2749 2625 2990 2679 millibus
3020 2640 3051 2678 a
3096 2626 3427 2680 monasterio
3470 2624 3546 2693 (S.
3590 2620 3786 2691 Stephani

2284 2715 2557 2786 videlicet)
2585 2732 2651 2770 ex
2680 2716 2872 2785 primis
2895 2715 3152 2785 professis
3183 2700 3378 2770 domus
3401 2713 3549 2782 hujus
3569 2729 3644 2767 an.
3670 2710 3785 2773 l535,

2283 2818 2507 2881 propter
2529 2811 2678 2863 varia
2701 2809 2927 2863 crimina
2944 2809 3129 2880 (verba
3158 2819 3289 2865 sunt
3309 2810 3506 2864 charta:
3524 2804 3705 2878 capituli
3723 2818 3786 2873 ge

2284 2900 2487 2956 neralis
2516 2902 2643 2956 anni
2672 2900 2811 2956 1555
2836 2902 2888 2956 in
2923 2901 3279 2972 dispositione
3313 2901 3584 2972 provincia:
3607 2907 3653 2954 et
3670 2898 3783 2966 hujus

2286 2991 2498 3061 domus)
2524 2992 2578 3045 in
2630 3006 2886 3061 magnum
2934 2990 3251 3046 scandalum
3289 2991 3492 3046 ordinis
3527 2990 3588 3045 ab
3623 3004 3677 3043 eo
3700 3002 3787 3057 perv

2287 3089 2496 3151 pelrata
2559 3088 2615 3136 et
2674 3090 2899 3152 propter
2962 3080 3283 3151 frequentes
3354 3080 3470 3151 ejus
3537 3076 3789 3149 apostasias.

2289 3182 2547 3243 tanquam
2624 3172 3041 3243 incorrigibilis,
3120 3171 3190 3227 ab
3263 3173 3452 3229 ordine
3511 3169 3725 3240 expulsus
3754 3176 3791 3219 et

2288 3263 2498 3319 alienus
2546 3264 2895 3320 denuntiatus
2952 3272 3057 3319 est.
3104 3264 3205 3331 Qui
3256 3265 3448 3321 deinde
3489 3262 3609 3316 vixit
3643 3262 3685 3315 in
3727 3272 3789 3311 ro-

2288 3355 2411 3409 dem
2461 3356 2658 3425 oppido
2712 3370 2864 3411 more
2920 3355 3266 3411 satcularium
3352 3355 3649 3411 clericorum
3710 3350 3794 3418 plu-

2289 3446 2440 3500 ribus
2495 3446 2675 3510 anuis,
2731 3460 2795 3500 ac
2870 3446 3087 3500 tandem
3155 3446 3211 3499 in
3289 3445 3573 3500 maximum
3619 3442 3793 3495 laterum

2287 3536 2528 3591 dolorem
2559 3546 2614 3591 et
2638 3535 2832 3591 febrim
2862 3536 3082 3591 incidit:
3119 3536 3263 3591 unde
3291 3546 3346 3592 et
3392 3537 3458 3591 ad
3483 3545 3692 3592 extrema
3724 3530 3792 3582 de-

2288 3631 2549 3686 deductus
2593 3629 2849 3699 omnique
2889 3643 3110 3700 prorsus
3153 3629 3445 3684 destitutus
3489 3623 3665 3682 auxilio
3693 3620 3794 3675 elata

2288 3736 2419 3775 voce
2456 3720 2695 3775 clamare
2743 3719 2906 3789 cmpit
2938 3736 2951 3773 :
2985 3718 3182 3775 Sancte
3222 3718 3385 3775 Pater
3427 3718 3611 3781 Bruno,
3653 3711 3794 3780 adium

2288 3830 2395 3869 me.
2425 3813 2873 3883 Conspiciebatur
2914 3812 3079 3868 torvis
3114 3812 3289 3869 oculis
3318 3828 3381 3868 ac
3411 3811 3541 3866 tristi
3567 3807 3683 3863 facie
3702 3802 3799 3858 mul-

2291 3920 2373 3964 tos
2403 3921 2582 3965 motus
2610 3925 2706 3980 per
2732 3910 2908 3966 cubile
2954 3910 3155 3973 facere,
3194 3918 3250 3965 et
3274 3902 3617 3965 nihilominus
3640 3914 3799 3970 seraper

2290 4002 2497 4073 magnis
2535 4003 2755 4057 vocibus
2792 4000 3024 4056 iterabat
3057 4017 3069 4054 :
3101 3998 3305 4057 Sancte
3344 4000 3500 4055 Pater
3535 3996 3701 4056 Bruno,
3733 3989 3799 4043 ad-

2282 4092 2411 4162 juva
2436 4108 2541 4157 me,
2574 4108 2674 4147 nec
2700 4092 2803 4145 alia
2832 4092 2993 4145 verba
3023 4091 3076 4144 in
3104 4106 3199 4147 ore
3237 4091 3442 4146 habens
3467 4088 3621 4159 magis
3654 4080 3799 4150 πιδείξ-

2289 4199 2393 4254 quc
2417 4183 2784 4238 cruciabatur.
2827 4181 2951 4235 11ωο
2979 4180 3419 4236 animadvertens
3453 4180 3609 4233 frater
3629 4165 3801 4242 ejusla-

601 4275 767 4330 Surio
822 4278 1211 4346 conscriptam,
1269 4276 1726 4341 Anmtationibus
1802 4292 1924 4347 pag.
1991 4278 2089 4333 551
2133 4288 2189 4334 et
2288 4275 2456 4329 cobus
2489 4272 2730 4329 Carozza
2795 4287 2917 4327 cum
2960 4273 3172 4327 cmteris
3215 4270 3545 4334 domesticis,
3580 4260 3799 4322 commise-

598 4367 777 4439 seqq.)
811 4387 829 4418 ι
866 4368 918 4422 ἱη
954 4368 1270 4439 ampliorem
1296 4368 1524 4424 formam
1551 4368 1888 4436 redigeretur
1907 4384 2049 4424 anno
2080 4371 2181 4425 Do-
2218 4393 2266 4454 ι)
2292 4366 2499 4420 ratione
2538 4366 2687 4429 moti,
2714 4364 2949 4435 priorem
2984 4364 3299 4419 monasterii
3327 4365 3583 4425 adierunt,
3610 4355 3703 4427 qui,
3741 4350 3800 4404 his

598 4460 755 4526 mini,
786 4460 945 4526 1555,
972 4460 1162 4516 Prinre
1211 4462 1478 4517 existente
1534 4461 1597 4514 D.
1627 4459 1790 4515 Petro
1817 4459 1986 4516 Paulo
2016 4461 2183 4517 Lum-

598 4549 728 4603 bulo
754 4549 821 4603 de
842 4548 1049 4616 Cajeta,
1091 4550 1335 4620 professo
1363 4551 1554 4605 domus
1584 4550 1858 4621 Neapolis,
1887 4549 2042 4619 cujus
2071 4553 2180 4606 vita

602 4641 1039 4706 mansuetudine,
1062 4643 1263 4711 pietate
1291 4657 1355 4697 ac
1387 4643 1647 4713 religione
1677 4643 1833 4712 plena
1886 4641 2011 4707 fuit,
2045 4642 2183 4698 refe-

601 4730 759 4785 ctorii
820 4746 948 4800 pars
990 4748 1225 4804 superna
1272 4749 1437 4805 npere
1484 4735 1795 4789 testudineo
1860 4733 2180 4802 fabrefacta,

602 4837 764 4889 quam
800 4822 967 4877 ltalici
994 4824 1182 4879 incola:
1208 4825 1452 4879 Lamiam
1486 4835 1704 4891 vocant,
1756 4825 1913 4880 valde
1941 4827 2183 4897 profecto

602 4913 792 4979 nitida,
824 4914 1100 4987 multoque
1130 4927 1350 4987 sumptu
1377 4928 1714 4985 constructa,
1740 4920 1851 4989 jam
1881 4921 1985 4975 sibi
2010 4921 2186 4976 colim-

604 5020 730 5059 reus
754 5022 820 5065 ac
852 5016 1110 5063 constans
1140 5009 1447 5076 videbatur,
1495 5020 1576 5075 ut,
1615 5011 1843 5066 humore
1890 5012 2183 5079 desiccato,

600 5096 773 5151 fulcra
827 5079 1022 5168 liﬁea,
1073 5114 1192 5169 qua:
1250 5100 1481 5171 lapides,
1530 5111 1804 5157 cremento
1852 5113 2184 5172 compactos,

602 5191 975 5257 sustinebant,
1022 5192 1250 5248 subduci
1298 5203 1459 5263 atque
1500 5194 1738 5249 amoveri
1781 5205 2185 5267 possenl,opus

604 5280 735 5334 illud
767 5281 1045 5351 aliquanto
1075 5284 1258 5351 citius,
1314 5299 1476 5354 quam
1526 5286 1782 5354 oportuit,
1826 5288 2062 5355 aggressi
2093 5287 2188 5343 de-

602 5372 784 5427 moliri
814 5377 1155 5431 cmmentarii
1189 5378 1369 5433 subito
1409 5377 1724 5432 horribilem
1776 5376 2045 5447 fragorem
2092 5395 2188 5434 au-

603 5461 761 5516 diunt
788 5477 854 5518 ex
879 5464 1166 5521 fatiscente
1212 5466 1501 5521 testudine.
1536 5465 1756 5521 Accidit
1790 5480 1941 5532 vero,
1978 5476 2039 5522 ut
2063 5468 2188 5537 qui-

603 5551 751 5618 dam,
776 5555 993 5611 nomine
1020 5556 1295 5625 Bouellus,
1319 5558 1501 5629 operis
1526 5558 1786 5630 magister
1817 5574 1882 5613 ac
1931 5558 2022 5616 alii
2045 5558 2187 5629 ejus-

603 5644 725 5700 dem
749 5648 883 5704 artis
910 5649 982 5705 illi
1006 5653 1346 5718 assistentes,
1376 5669 1499 5709 cum
1544 5654 1595 5708 in
1632 5663 1739 5709 tam
1770 5654 2020 5731 prmseuti
2076 5655 2187 5717 dis-

2290 4460 2520 4523 auditis,
2564 4473 2685 4513 mox
2717 4458 2775 4512 P.
2817 4457 3167 4512 Franciscum
3214 4456 3538 4513 Mirelottnm
3574 4452 3630 4506 de
3653 4446 3801 4501 Binun-

2290 4551 2397 4623 gio,
2425 4548 2731 4620 professum
2772 4556 2826 4604 et
2854 4558 3261 4620 procuratorem
3290 4550 3450 4620 hujus
3476 4549 3663 4607 domus,
3681 4534 3800 4593 desti-

2292 4642 2437 4695 navit
2459 4657 2580 4696 cum
2604 4642 2760 4712 plena
2790 4657 2887 4695 sua
2909 4651 3174 4710 potestate
3200 4650 3256 4696 et
3284 4640 3535 4696 facultate
3552 4649 3657 4691 cum
3669 4624 3799 4686 ordini

2293 4734 2677 4789 reconciliandi
2705 4744 2759 4789 et
2792 4733 2935 4788 illius
2972 4734 3158 4788 habitu
3187 4732 3460 4788 induendi.
3487 4725 3701 4785 Perrexit
3722 4719 3798 4779 ille.

2293 4837 2455 4897 atque
2489 4828 2699 4882 intrans
2721 4828 2936 4882 domum
2968 4843 3119 4882 more
3163 4840 3379 4899 recepto
3407 4825 3537 4881 dixit
3561 4842 3572 4877 :
3600 4821 3690 4876 Pax
3711 4812 3799 4869 huic

2292 4916 2498 4981 domui,
2526 4926 2629 4971 etc.
2678 4915 2982 4985 Statimque
3024 4915 3291 4982 infirmus,
3318 4917 3408 4987 qui
3438 4913 3570 4969 velut
3596 4902 3801 4965 exanimis

2292 5008 2533 5079 jaccbat,
2557 5008 2916 5063 exclamavit:
2936 5009 3101 5064 Indue
3128 5025 3234 5077 me,
3258 5013 3437 5076 Pater,
3463 5022 3576 5063 nam
3601 4997 3711 5057 mori
3734 5008 3799 5048 ηθί

2291 5115 2451 5172 queo,
2482 5101 2585 5155 nisi
2616 5101 2768 5171 prius
2798 5100 2850 5155 in
2881 5102 3114 5172 gratiam
3157 5112 3424 5174 receptus,
3465 5098 3675 5155 habitum
3702 5101 3800 5158 quo'

2290 5209 2417 5264 que,
2458 5207 2618 5263 quem
2643 5193 2843 5259 dimisi,
2876 5208 3150 5262 recepero.
3176 5193 3291 5251 lloc
3320 5193 3446 5249 mihi
3480 5192 3655 5246 donum
3675 5198 3697 5236 a
3720 5180 3799 5233 Deo

2293 5284 2527 5339 obtinuit
2577 5294 2728 5355 pater
2772 5285 3146 5340 sanctissimus
3193 5285 3390 5339 Bruno.
3415 5283 3511 5351 Qui
3557 5274 3692 5334 simul
3726 5270 3799 5323 hac

2294 5378 2480 5455 habitu
2512 5376 2614 5433 fuit
2647 5378 2887 5444 indutus,
2938 5377 3129 5433 melius
3159 5377 3357 5433 habere
3384 5375 3555 5445 erepit,
3581 5378 3630 5425 et
3669 5361 3797 5419 eidem

2291 5472 2433 5544 patri
2471 5479 2690 5542 peccata
2719 5469 2999 5526 confessus
3019 5470 3447 5527 sacratissimum
3470 5462 3797 5521 sacramentum

2293 5561 2648 5617 Eucharistiaa
2685 5560 2961 5617 humiliter
2988 5562 3149 5633 petiit
3172 5571 3228 5617 et
3272 5558 3489 5630 accepit.
3518 5547 3689 5608 Deinde
3706 5553 3796 5595 cum

2296 5670 2492 5731 magna
2521 5654 2702 5710 cordis
2740 5655 3064 5711 contritione
3101 5670 3258 5713 sacro
3284 5652 3399 5710 oleo
3434 5657 3512 5706 est
3545 5644 3795 5714 perunctus.
