3860 6326
116 264 204 319 ωδ

1604 232 1802 287 ACTA.

3234 241 3342 298 614

126 390 165 435 et
198 375 261 428 sic
292 367 521 424 munitus
566 362 705 419 diem
756 360 951 416 clausit
1003 368 1327 426 extremum,
1377 366 1540 429 atque
1576 355 1642 411 ad
1672 371 1719 422 Α
1746 352 1979 407 laudatis
2025 351 2240 408 sehedis
2298 352 2489 409 hausta
2516 393 2532 421 ,
2571 361 2737 425 atque
2788 354 2843 411 in
2902 370 3104 422 annua,
3149 371 3256 427 qua
3307 373 3339 412 e

126 460 455 522 monasterium
496 469 692 525 corpus
720 453 838 520 ejus
865 453 1100 508 delatum
1134 454 1186 506 in
1217 450 1493 508 communi
1534 464 1648 504 ca:-

127 552 304 609 nteterio
346 546 660 601 tumulatum
703 543 822 597 fuit.
864 542 977 597 [loc
1018 548 1199 596 autem
1254 542 1400 596 circa
1449 554 1650 594 annum

128 648 231 703 l558
248 640 526 709 contigisse
569 638 848 708 oportuit;
881 651 1004 690 nam
1038 650 1181 689 anno
1203 634 1342 689 1559
1372 633 1463 688 Fr.
1491 631 1654 685 Mice-

126 741 206 795 lota
230 736 487 791 institutus
510 741 593 786 est
614 745 710 800 per
753 727 1049 799 capitulum
1091 727 1243 796 prior
1285 725 1479 779 domus
1533 720 1653 775 Tri-

127 830 223 887 mhi
248 838 294 883 et
324 824 453 881 obiit
483 822 641 877 1560.
673 840 692 873 ι

182 926 248 978 Β.
269 918 572 977 Miraculum
597 917 762 979 istud,
796 928 888 967 seu
911 912 1256 976 beneficiutn,
1280 926 1309 964 a
1337 910 1376 965 8
1406 909 1656 963 Brunone

127 1012 364 1077 sacerdoti,
393 1010 604 1066 ordinis
645 1010 727 1063 sui
781 1007 910 1063 olim
963 1005 1207 1067 alumno,
1238 1005 1564 1073 impensum,
1588 1016 1658 1055 ex

127 1108 287 1165 ordinis
327 1102 728 1160 Carthusiensis
771 1098 988 1170 capituli
1017 1099 1205 1152 charta
1227 1136 1243 1162 ,
1274 1097 1351 1150 uti
1380 1094 1658 1149 relationis

125 1200 348 1272 jamdata:
400 1194 558 1249 initio
604 1194 896 1256 indicatur,
924 1190 1175 1260 primitus
1227 1187 1479 1241 haustum
1512 1198 1655 1251 esse,

128 1290 341 1345 Snriauus
381 1284 570 1348 etiam,
600 1282 693 1351 qui
753 1282 805 1335 id
854 1294 922 1334 ex
961 1279 1137 1333 auctis
1182 1291 1279 1346 per
1316 1277 1576 1331 Severum
1625 1289 1657 1328 a

130 1373 299 1445 heapoli
343 1369 544 1425 Nicolai
596 1367 767 1422 lticcii
803 1365 1019 1420 schedis
1076 1363 1305 1432 accepit,
1336 1361 1404 1418 ad
1450 1359 1655 1415 calcem

128 1464 368 1535 subjungit,
394 1478 457 1518 ac
507 1461 729 1525 deinde,
758 1459 878 1512 aliis
907 1456 1201 1521 nonnullis,
1231 1470 1350 1524 quae
1377 1453 1658 1510 brevitatis

129 1574 248 1613 causa
280 1557 481 1618 omitto,
514 1551 853 1621 interpositis
872 1590 886 1613 ,
917 1565 1038 1621 pag.
1065 1547 1168 1602 551
1197 1559 1430 1616 sequens
1452 1585 1466 1611 ,
1492 1543 1655 1615 quod,

130 1654 167 1705 iu
185 1647 398 1703 Fabricio
436 1643 686 1708 Carrafa,
738 1658 859 1697 eum
888 1651 1085 1695 terram
1136 1641 1203 1695 de
1238 1637 1418 1701 Ninfo,
1450 1638 1517 1691 ab
1556 1652 1659 1692 avo

1755 445 2046 500 Turritana
2081 443 2141 500 S.
2174 444 2434 515 Stephani
2467 446 2697 501 ecclesia
2746 447 2813 502 ad
2866 446 3219 504 Turritanam
3250 449 3343 504 iti-

1755 536 1877 589 dem
1925 532 1985 588 S.
2042 532 2223 588 Maria:
2269 534 2556 590 ecclesiam
2587 550 2806 591 sacrum
2859 536 3130 594 Brunouis
3178 550 3342 610 caput

1755 626 1955 681 deferri
1981 640 2047 680 ex
2090 641 2253 696 supra
2287 628 2446 683 dictis
2482 629 2640 683 modo
2682 629 2837 695 solet,
2890 630 3234 688 solemnitate
3274 634 3346 688 ad

1755 716 1873 785 ejus
1917 718 2319 773 invocationem
2364 729 2596 789 patrata.
2643 720 2908 777 Surianus
2949 738 3074 794 pag.
3118 723 3224 779 556
3265 725 3347 781 sic

1757 809 1948 863 scribit
1982 827 1995 863 :
2031 828 2050 861 ι
2093 811 2251 865 Anno
2291 812 2428 867 1589
2481 813 2929 870 convenientibus
2948 815 3107 885 juxta
3138 831 3347 874 morem

1756 914 1823 954 cx
1849 901 2068 965 castris,
2118 900 2441 971 oppidisque
2481 904 2887 974 circumpositis
2932 906 3349 977 quamplurimis

1756 993 2130 1049 sacerdotibus
2157 1005 2213 1049 et
2231 996 2527 1065 promiscui
2557 1012 2723 1053 sexus
2744 999 2919 1055 turbis
2950 1014 3073 1055 cum
3114 1002 3348 1058 solemni

1758 1076 2175 1155 supplicatione,
2200 1100 2304 1154 qua
2336 1101 2367 1141 e
2407 1088 2741 1142 monasterio
2771 1087 2830 1142 8.
2880 1088 3143 1161 Stephani
3186 1091 3349 1147 Feria

1760 1177 2000 1232 secunda
2034 1185 2155 1246 post
2194 1175 2554 1232 Pentecosten
2586 1180 3035 1237 ,conventualiter
3080 1197 3109 1235 a
3157 1196 3349 1237 mona-

1754 1266 1875 1323 chis
1924 1267 2168 1323 defertur
2208 1268 2558 1324 simulacrum
2614 1280 2930 1339 argenteum
2970 1273 3226 1329 umbilico
3270 1283 3352 1330 te-

1757 1373 1880 1424 nus,
1932 1358 1986 1412 in
2034 1374 2143 1429 quo
2182 1373 2490 1415 asservatur
2536 1370 2698 1431 caput
2748 1362 2806 1417 S.
2841 1361 2902 1416 P.
2933 1362 3000 1417 Ν.
3055 1363 3349 1432 Brunouis,

1758 1460 1813 1504 et
1855 1451 2057 1519 digitus
2106 1452 2316 1522 integer
2365 1451 2423 1506 S.
2475 1451 2740 1522 Stephani
2804 1456 3240 1526 protomartyris,
3293 1458 3351 1513 in

1759 1557 1923 1596 manu
1950 1543 2135 1597 itidem
2183 1552 2438 1614 argentea
2470 1544 2910 1620 reconditus,qui
2935 1545 3004 1600 ab
3032 1545 3259 1601 Urbano
3282 1545 3350 1613 ll,

1761 1633 1998 1688 instante
2045 1634 2245 1688 comite
2287 1634 2542 1705 Rogerio,
2585 1634 2712 1689 huic
2753 1635 2936 1689 domui
2966 1654 2984 1687 ι
3022 1635 3349 1704 (Calabrinaa

129 1759 197 1798 suo
216 1740 397 1796 Joanne
446 1737 693 1807 Baptista
719 1734 963 1799 Carrafa,
991 1732 1099 1804 (adi
1131 1747 1281 1786 num.
1328 1730 1382 1801 7)
1425 1729 1657 1785 Carthu-
1692 1725 1735 1779 Β
1764 1725 2018 1780 nimirum
2051 1724 2109 1780 S.
2127 1725 2414 1797 Stephani)
2442 1745 2461 1778 ς
2485 1726 2717 1782 donatus
2739 1726 2908 1782 fuisse
2927 1729 3352 1797 perhibetur,ad

130 1836 196 1887 size
220 1833 267 1886 S.
292 1828 544 1899 Stephani
582 1827 915 1891 restitutam,
944 1825 1140 1878 iterum
1192 1832 1536 1892 occupasset,
1574 1837 1666 1891 pa-

132 1932 296 1983 tratum,
324 1920 370 1972 in
404 1917 628 1972 easdem
658 1915 888 1970 schedas
913 1928 945 1967 e
968 1914 1275 1968 Turritanae
1313 1912 1370 1966 8.
1401 1910 1664 1981 Stephani

133 2011 368 2066 Carthasim
390 2008 663 2064 tabulario
704 2007 804 2061 fuit
834 2006 1045 2058 illatum
1071 2004 1341 2059 subnectit
1373 2019 1387 2056 :
1424 2021 1443 2054 ί
1482 2005 1662 2069 Anno,

134 2104 277 2173 inquit,
316 2103 448 2155 1586
506 2113 697 2154 mense
752 2098 1001 2154 Octobris
1065 2097 1320 2151 dominus
1381 2095 1665 2150 Fabricius

134 2192 318 2257 Carrafa,
365 2191 611 2245 utarchio
651 2187 1096 2253 Castri-Veteris,
1145 2185 1459 2256 Hieronymi
1490 2185 1552 2239 F.
1599 2201 1665 2240 ac

134 2281 191 2336 lo.
214 2282 436 2351 Baptista:
466 2280 712 2335 Carrafa:
742 2292 928 2349 nepos,
963 2293 1088 2332 cum
1143 2276 1409 2347 majorum
1441 2292 1663 2331 suorum

139 2369 409 2423 contumacia
444 2368 497 2421 iu
545 2382 615 2421 eo
638 2374 1031 2436 propagaretur
1068 2364 1121 2419 in
1149 2364 1465 2432 occupando
1497 2373 1664 2433 atque

138 2460 313 2513 indebite
357 2460 643 2514 retinendo
678 2458 950 2512 territorio
996 2471 1137 2526 saepe
1189 2457 1333 2512 dicto
1360 2459 1427 2511 de
1475 2456 1658 2523 Ninfo,

139 2553 399 2621 etapriore
445 2539 593 2607 illius
648 2551 906 2619 temporis
953 2549 1014 2605 V.
1061 2550 1121 2603 P.
1178 2548 1340 2605 Petro
1399 2549 1547 2603 Bono
1596 2551 1661 2603 de

139 2642 382 2711 Agrottaria
409 2642 461 2696 in
485 2641 582 2711 jus
611 2653 829 2696 vocatus
856 2657 953 2711 pro
985 2641 1326 2696 restitutione
1350 2653 1661 2695 commune-

141 2744 212 2799 ret,
239 2736 281 2788 in
309 2734 487 2791 febrim
517 2736 713 2790 incidit
754 2736 1146 2801 acutissimam,
1177 2736 1315 2789 adeo
1346 2745 1454 2789 uta
1490 2737 1661 2791 rnedi-

140 2828 260 2881 cisde
284 2828 412 2884 illius
434 2829 545 2883 vita
594 2832 1052 2894 conclamaretur,
1099 2827 1395 2882 familiares
1447 2828 1661 2896 religio-

140 2920 345 2975 sissiutant
388 2932 620 2976 matrem
676 2923 853 2977 adhuc
901 2921 1271 2992 superstitem,
1310 2922 1362 2975 in
1414 2923 1661 2991 proximo

140 3012 280 3080 oppido
313 3025 756 3079 commeantem,
811 3015 1182 3068 accersierunt
1229 3012 1293 3067 ad
1355 3014 1657 3069 luctuosum

1763 1820 2051 1875 ecclesiam
2085 1818 2147 1873 Β.
2179 1819 2383 1885 Marixe,
2408 1820 2661 1875 milliario
2694 1821 2822 1875 hinc
2851 1820 3170 1885 distantem,
3198 1819 3353 1888 juxta

1763 1926 1924 1976 quam
1956 1910 2084 1965 olim
2117 1910 2216 1964 fuit
2259 1926 2497 1975 eremus,
2537 1926 2568 1965 a
2609 1910 2668 1968 S.
2716 1905 2972 1966 Brunone
3018 1921 3351 1978 constructa,

1765 2003 1915 2057 multi
1934 2018 2001 2057 ex
2023 2002 2612 2073 diversislaugnoribus
2634 2002 2726 2057 Dei
2749 2002 3042 2058 Genitricis
3064 2003 3267 2056 auxilio
3290 2013 3347 2056 ct

1766 2093 1823 2148 S.
1858 2094 2127 2149 Brunouis
2163 2094 2372 2148 meritis
2404 2094 2579 2148 curati
2612 2104 2759 2160 sunt,
2783 2110 2919 2163 quos
2946 2094 3178 2164 propriis
3219 2110 3350 2147 ocn-

1762 2184 1830 2239 lis
1869 2184 2019 2239 nruLi
2065 2200 2127 2238 ex
2164 2186 2367 2239 nostris
2404 2185 2692 2252 viderunt;
2726 2196 2883 2241 erant
2922 2188 3068 2241 enim
3122 2187 3195 2242 ibi
3237 2201 3352 2240 nio-

1763 2278 1926 2333 nachi
1955 2286 2009 2332 et
2034 2278 2280 2333 conversi
2312 2291 2459 2331 num.
2492 2276 2583 2331 25.

1841 2369 1923 2424 14.
1963 2390 1980 2422 ι
2029 2370 2229 2425 Ibidem
2268 2370 2497 2424 vidisses
2524 2370 2657 2425 alios
2702 2371 3161 2441 supplicabundos
3188 2385 3346 2440 opem

1764 2460 1824 2514 Β.
1863 2458 2123 2530 Virginis,
2159 2458 2295 2513 alios
2327 2457 2385 2513 S.
2439 2457 2498 2512 Ρ.
2539 2442 2600 2513 Ν.
2629 2459 2898 2515 Brunouis
2942 2476 3137 2516 nomen
3186 2461 3356 2514 incla-

1764 2560 1977 2606 mantes
2003 2567 2017 2615 ;
2046 2566 2145 2606 nec
2189 2550 2392 2605 frustra
2436 2567 2451 2605 :
2492 2554 2831 2606 sanabuntur
2878 2553 3024 2607 enim
3057 2570 3085 2606 a
3112 2569 3356 2622 quacun-

1763 2657 1868 2712 quc
1894 2644 2276 2698 detinebantur
2329 2644 2663 2698 infirmitate.
2709 2644 2896 2700 Adfuit
2933 2655 3044 2699 tum
3097 2646 3239 2700 inter
3261 2659 3356 2700 eos

1766 2735 1964 2790 mulier
2016 2736 2353 2805 qumdatnex
2407 2738 2585 2791 vicino
2619 2739 2834 2806 oppido,
2894 2738 3129 2793 Pizzoue
3157 2739 3304 2793 dicto
3334 2777 3353 2805 ,

1764 2836 1934 2892 muta,
1966 2842 2086 2896 quae
2111 2828 2297 2881 decent
2322 2837 2374 2881 et
2405 2836 2530 2881 octo
2554 2843 2728 2883 annos
2755 2829 2967 2883 elocuta
2995 2832 3218 2885 verbum
3242 2847 3350 2886 non

1763 2918 1956 2979 fuerat,
1983 2926 2037 2973 et
2067 2933 2189 2972 mox
2218 2918 2269 2971 in
2309 2917 2396 2972 illa
2426 2917 2650 2987 prwfala
2681 2920 2912 2973 ecclesia
2960 2920 3198 2975 clamare
3242 2936 3353 2975 (δαι-
3384 2924 3387 2927 ⁴

1766 3012 1843 3080 pit
1874 3028 1885 3062 :
1913 3010 2318 3064 Misericordia!
2356 3018 2591 3078 tuncque
2616 3009 2868 3078 loquendi
2921 3010 3145 3065 liberum
3196 3022 3354 3067 usutn

142 3103 196 3154 sui
215 3103 303 3158 nati
327 3104 477 3160 funus
509 3105 841 3161 deflendam.
873 3105 943 3159 At
970 3105 1057 3159 illa
1086 3121 1152 3160 ex
1184 3106 1514 3172 infortuniis,
1542 3122 1660 3176 qntc
1689 3076 1733 3136 C
1770 3103 1992 3171 recepit.
2023 3102 2079 3155 lu
2120 3102 2275 3172 cujus
2319 3102 2525 3170 accepti
2562 3102 2809 3155 beneficii
2850 3102 3165 3155 memoriam
3200 3103 3355 3157 habi-

142 3197 562 3261 przedecessoribus
598 3198 711 3252 suis
736 3198 803 3252 oh
833 3199 1073 3267 praedicti
1121 3199 1381 3253 territorii
1435 3215 1663 3269 usurpa-

145 3287 288 3343 tionem
330 3302 646 3354 evenerunt,
702 3292 893 3346 edocta
957 3292 1163 3346 nuntiis
1205 3294 1524 3361 respondit:
1555 3293 1662 3361 Ego

146 3380 297 3434 veniam
330 3394 379 3437 et
405 3384 614 3437 curabo
654 3398 797 3448 eum,
844 3384 952 3438 Deo
987 3385 1171 3449 dante,
1211 3393 1269 3438 et
1319 3383 1376 3437 S.
1411 3384 1662 3439 Brunone

145 3468 417 3539 suffragante.
458 3475 613 3529 Illico
641 3475 708 3528 ad
739 3476 906 3529 filium
935 3491 1180 3545 pergens,
1204 3476 1316 3544 jam
1348 3476 1510 3529 morti
1538 3489 1663 3545 pro—

146 3557 291 3612 ximum
328 3562 398 3616 sic
436 3563 673 3617 allocuta
710 3575 793 3617 est
826 3580 840 3615 :
883 3564 1075 3618 Merito
1117 3564 1232 3617 luce
1275 3565 1502 3632 pateris,
1536 3564 1662 3633 quia

146 3647 407 3705 territorium
443 3653 508 3707 de
550 3651 713 3706 Ninfo
753 3653 809 3705 8,
855 3653 1121 3707 Brunouis
1152 3653 1348 3724 injuste
1394 3670 1661 3723 occupas,

145 3744 181 3787 et
207 3752 320 3793 nunc
342 3742 454 3796 audi
490 3757 804 3797 sermonem
844 3758 1049 3805 meum,
1078 3745 1283 3798 accersi
1326 3744 1559 3813 priorem
1602 3745 1659 3799 8.

146 3824 339 3898 Stephani
376 3835 690 3903 dictumque
720 3835 895 3890 locum
919 3837 967 3889 ei
997 3839 1243 3899 restitue,
1286 3848 1342 3891 et
1387 3838 1571 3891 statim
1600 3839 1663 3892 li-

148 3914 375 3990 beraberis,
428 3927 705 3995 sciesque,
735 3926 862 3994 quia
908 3942 1101 3981 manus
1153 3926 1367 3982 Domini
1416 3944 1581 3998 super
1612 3938 1664 3985 te

149 4013 446 4084 mtamigens
472 4027 529 4073 et
573 4032 771 4072 eruens
806 4027 876 4072 te.

197 4102 264 4155 15.
302 4125 317 4156 ι
360 4106 550 4163 Statim
600 4107 689 4163 ille
721 4108 909 4162 matris
965 4107 1185 4161 monitis
1229 4109 1661 4178 obtemperavit,

151 4206 194 4245 ac
213 4208 363 4252 coram
399 4199 585 4255 multis
633 4200 936 4255 astantibus
974 4215 1032 4254 se
1064 4200 1137 4253 ita
1165 4199 1435 4255 facturum
1480 4212 1663 4271 prote-

151 4292 277 4341 status
313 4299 406 4345 est.
457 4290 770 4345 Misericors
808 4300 987 4344 autem
1023 4291 1187 4355 Dens,
1240 4293 1331 4361 qui
1385 4307 1492 4345 non
1552 4292 1666 4347 vult

151 4383 320 4430 mortem
341 4380 656 4445 peccatoris,
697 4381 791 4434 sed
828 4389 886 4434 ut
924 4390 1277 4435 convertatur
1315 4390 1368 4436 et
1389 4382 1534 4434 vivat
1556 4391 1664 4436 sta-

153 4460 216 4516 lim
251 4464 368 4522 febri
413 4471 698 4540 imperavit
751 4487 815 4525 ac
862 4472 1117 4537 recessit,
1167 4480 1331 4541 atquc
1377 4472 1663 4528 incolumis

151 4551 336 4623 effectus,
380 4563 517 4631 quod
567 4562 956 4633 spoponderat,
987 4580 1150 4633 opere
1194 4564 1529 4633 adintplevit,
1569 4580 1666 4635 pu-

153 4642 251 4702 blico
270 4654 493 4711 confecto
544 4657 903 4712 instrumento
929 4658 994 4711 18
1024 4658 1216 4712 Octob.
1267 4658 1430 4722 1586,
1472 4658 1661 4713 lntlict.

155 4746 200 4787 it
223 4755 297 4807 per
327 4760 503 4801 manus
530 4748 779 4802 Consalvi
810 4748 1100 4820 Ermogida
1128 4751 1194 4804 de
1223 4760 1367 4805 terra
1408 4752 1665 4821 Spatultc,

157 4822 289 4898 inquo
311 4838 584 4893 sanitatem
624 4840 947 4894 lilifﬂCllitISC
976 4855 1034 4895 se
1075 4844 1345 4912 recepisse
1381 4843 1668 4899 confitetur

158 4916 215 4971 his
236 4925 384 4981 verbis
420 4947 433 4981 :
465 4929 568 4985 Pro
598 4946 811 4985 summa
840 4933 1126 4987 devotione
1147 4935 1390 5002 pratdicti
1427 4938 1487 4991 8.
1532 4935 1667 4992 Bru-

159 5012 275 5068 nouis
298 5027 345 5071 et
370 5036 459 5089 per
491 5023 681 5077 merita
708 5032 763 5078 et
797 5024 1059 5080 beneficia
1091 5036 1304 5096 recepta
1342 5037 1398 5082 et
1428 5002 1665 5084 .diversi-

160 5101 275 5157 mode
298 5105 484 5174 habita,
520 5121 573 5164 et
594 5126 716 5180 qua:
756 5126 784 5164 a
814 5114 1075 5182 praedicto
1104 5114 1159 5168 S.
1188 5114 1442 5172 Brunone
1468 5117 1669 5173 habere

159 5198 377 5258 Sperat,et
406 5200 455 5254 in
500 5202 614 5257 dies
655 5204 836 5268 habet,
875 5214 929 5259 et
961 5208 1261 5276 prtesertitn
1309 5208 1361 5261 itt
1416 5212 1669 5279 praesenti

162 5294 227 5334 sua
251 5303 415 5360 magna
442 5295 777 5360 infirmitate,
808 5309 943 5364 etc.,
984 5310 1040 5354 et
1084 5301 1448 5368 confirmavit,
1471 5303 1667 5358 cessio-

163 5378 331 5436 ncmlo.
371 5386 612 5457 Baptism:
655 5392 737 5447 sui
766 5394 849 5447 avi
878 5393 944 5449 18
993 5394 1284 5451 Novembr.
1331 5398 1457 5452 anni
1505 5399 1667 5466 1529,

164 5470 494 5538 "1(Videnum.
521 5483 574 5552 7)
623 5500 808 5555 supra.
863 5486 1067 5542 Eodem
1119 5489 1206 5543 die
1248 5490 1414 5544 etiam
1458 5490 1668 5546 litteras

165 5554 270 5615 dedit
291 5569 347 5621 ad
382 5584 724 5641 conventum,
770 5578 1159 5633 commendans
1224 5595 1281 5634 sc
1325 5580 1442 5650 ejus
1488 5581 1667 5651 preci-

168 5650 287 5708 bus»
326 5660 475 5721 Venio
504 5682 641 5725 nunc
666 5671 880 5728 tandem
916 5671 982 5729 ad
1017 5670 1301 5741 miracula,
1342 5687 1371 5727 e
1390 5650 1501 5743 jam
1528 5689 1668 5745 sazpc

1768 3205 1879 3249 ttnn
1900 3196 2104 3249 ordinis
2128 3194 2308 3248 album
2343 3208 2493 3247 more
2513 3193 3007 3248 sanctimmtialium
3041 3205 3352 3249 nosuarnm

1765 3303 1980 3358 semper
2008 3289 2260 3359 gestavit,
2294 3297 2348 3343 et
2398 3289 2691 3357 quotannis
2743 3288 2809 3342 ad
2863 3289 3212 3343 festivitatem
3264 3304 3354 3344 au-

1766 3400 1925 3437 nuam
1956 3383 2197 3451 ejusdem
2239 3382 2483 3437 ecclesia:
2516 3383 2659 3437 inter
2704 3382 2907 3453 primas
2959 3382 3200 3436 advenit.
3234 3382 3357 3436 A‘lia

1765 3477 2008 3545 quaedam
2050 3475 2244 3529 mulier
2288 3490 2356 3528 ex
2408 3476 2606 3544 oppido
2661 3476 2896 3531 Suriano
2953 3476 3020 3529 ad
3071 3472 3355 3543 praefatam

1765 3566 2049 3620 ecclesiam
2102 3566 2355 3631 accessit,
2389 3581 2528 3636 quae,
2583 3565 2869 3621 duodecim
2928 3580 3099 3619 annos
3147 3565 3357 3620 habens

1767 3659 1819 3712 in
1848 3659 2161 3713 infirmitate
2188 3673 2307 3723 sua,
2344 3674 2560 3714 onntem
2601 3659 2715 3714 fere
2750 3660 3111 3714 substantiam
3152 3658 3355 3713 frustra

1767 3748 1818 3802 iu
1875 3749 2115 3804 medicos
2155 3762 2427 3819 erogarat.
2485 3748 2609 3803 Hzec
2662 3765 2845 3804 coram
2895 3750 3149 3805 omnibus
3197 3750 3353 3804 flexis

1767 3840 1995 3910 genibus
2046 3856 2209 3895 orans
2259 3842 2498 3896 clamare
2529 3842 2725 3911 cmpit;
2759 3841 2930 3896 Serve
2959 3843 3049 3895 Dei
3073 3841 3131 3896 S.
3156 3842 3356 3908 Dmno,

1758 3929 1871 3999 jam
1920 3930 2167 3986 confessa
2218 3947 2358 3998 sum,
2381 3931 2494 4001 jam
2548 3933 2948 3987 sanctissimum
3004 3933 3361 3987 Eucharistia:

1767 4032 2169 4077 sacramentum
2235 4023 2477 4093 suscepi,
2543 4023 2588 4078 si
2657 4024 2877 4094 expedit
2942 4022 3103 4078 saluti
3163 4025 3361 4078 anima:

1769 4129 1934 4179 ntere,
1986 4115 2215 4185 impetra
2277 4116 2407 4169 tnihi
2449 4116 2787 4180 sanitatem;
2837 4115 2919 4168 sin
2977 4125 3188 4180 autem,
3246 4096 3359 4167 ri-u.

1767 4220 1884 4259 cem
1912 4205 2155 4271 obitum;
2188 4206 2309 4260 [tcta
2348 4205 2492 4259 enim
2533 4204 2762 4267 moriar,
2802 4205 2845 4259 si
2886 4205 2988 4258 hoc
3039 4205 3171 4258 mihi
3225 4219 3359 4257 con-

1768 4298 1955 4367 tigerit
2008 4298 2060 4351 in
2113 4299 2212 4352 hac
2258 4297 2505 4353 ecclesia.
2562 4297 2809 4351 Mirabile
2855 4298 3000 4350 dictu
3037 4298 3049 4350 Ξ
3083 4296 3361 4351 Continuo

1770 4388 2019 4443 defuncta
2049 4398 2152 4455 est,
2186 4400 2237 4443 et
2273 4391 2426 4459 quasi
2467 4390 2648 4444 ridens
2677 4390 2745 4443 ab
2782 4391 3034 4445 onmibus
3062 4392 3363 4461 conspicit,»

1770 4481 1930 4534 batur
1961 4520 1975 4544 ,
2017 4489 2180 4549 atque
2230 4482 2279 4534 in
2329 4482 2516 4535 eadem
2567 4481 2799 4536 ecclesia
2830 4482 3119 4550 sepultura:
3163 4483 3361 4539 tradita

1768 4581 1871 4627 est.
1908 4590 1925 4622 ι
1959 4570 2107 4625 Talia
2146 4581 2271 4625 sunt
2323 4573 2451 4637 duo,
2502 4587 2623 4641 qua:
2677 4574 2931 4643 przesenti
2968 4572 2995 4645 §
3029 4577 3362 4630 recensenzla

1770 4666 1946 4719 adhuc
1986 4675 2161 4729 erant,
2203 4679 2297 4719 seu
2350 4664 2611 4717 miracula
2666 4679 2758 4718 seu
2823 4666 3105 4720 beneficia.
3160 4665 3360 4721 Verum

1770 4758 1874 4809 erit
1908 4755 2154 4811 fortassis
2188 4770 2494 4819 nonnemo,
2530 4756 2643 4823 qui,
2679 4771 2745 4808 an
2790 4757 3023 4825 primttm
3054 4772 3119 4811 ex
3164 4758 3246 4812 his
3301 4759 3360 4813 S.
3410 4736 3418 4745 ⁸

1772 4847 2041 4900 Brunouis
2068 4847 2369 4915 patrocinio
2405 4858 2676 4916 patratum
2711 4846 2897 4914 fuerit,
2931 4860 3149 4906 revocet
3186 4851 3239 4905 in
3266 4854 3353 4907 du-

1774 4939 1941 5001 binm,
1998 4939 2139 5007 quod
2182 4938 2373 4993 mulier
2405 4950 2572 5005 tttttlu,
2626 4941 2681 4995 in
2736 4943 2888 5009 cujus
2939 4942 3178 4997 favorem
3222 4945 3352 4999 obti-

1772 5032 1870 5100 git,
1930 5031 2208 5084 invocasse
2259 5031 2404 5084 illum
2454 5048 2557 5085 tton
2612 5033 2843 5103 legatur.
2896 5034 3189 5100 Atlantem,
3240 5052 3362 5090 cum

1775 5122 1887 5176 haec
1918 5119 2098 5174 album
2144 5123 2638 5177 sanctimonialium
2683 5124 3173 5180 Carthusianarum
3209 5142 3361 5180 more

1776 5213 2020 5267 habitum
2074 5214 2125 5267 in
2180 5215 2387 5283 accepti
2449 5216 2695 5271 beneficii
2745 5219 3062 5272 memoriam
3107 5217 3362 5288 deinceps

1774 5308 2015 5374 gestarit,
2048 5318 2326 5377 acceptum
2355 5309 2406 5361 id
2437 5307 2674 5362 Brnnoni
2718 5311 2985 5373 retulisse,
3024 5312 3206 5380 itaque
3242 5327 3362 5367 sese

1774 5397 1917 5452 hunc
1938 5399 2223 5453 invocasse
2249 5398 2500 5453 confessa
2526 5401 2739 5453 videtur
2772 5416 2785 5464 ;
2838 5407 2980 5468 quod
3014 5417 3135 5455 cum
3166 5403 3237 5455 ita
3268 5404 3358 5469 sit,

1773 5501 1982 5563 partem
2011 5493 2260 5562 equidem
2290 5494 2343 5547 in
2373 5493 2462 5547 illo
2489 5509 2583 5547 seu
2615 5492 2877 5546 miraculo
2926 5509 3018 5547 seu
3072 5493 3360 5559 beneficio,

1776 5585 1880 5638 nisi
1921 5584 2085 5650 forte,
2130 5586 2273 5655 quod
2322 5593 2503 5638 tamen
2546 5599 2651 5637 non
2693 5592 2844 5652 puto,
2882 5585 3237 5640 sanetissitme
3264 5585 3358 5639 Dei

1777 5676 2028 5750 genitrici
2058 5675 2435 5733 aseribendum
2464 5676 2642 5746 potius
2689 5684 2859 5731 totum
2892 5676 2943 5732 id
2982 5677 3068 5744 sit,
3104 5676 3361 5734 habuisse
