3864 6320
498 243 601 296 615

1381 234 1723 293 ΒΒΕΝΟΧ18
1758 234 1842 288 CA
1854 230 1989 286 BT11
2002 228 2095 286 US}

2206 225 2403 282 ORUSI
2443 221 2924 283 lNSTITUTOIll‘S
3630 228 3706 285 6l6

500 361 780 419 Sanctum,
813 353 1198 408 admittendum
1236 363 1478 424 aptaret.
1513 354 1592 407 Ad
1643 368 1704 408 ea
1738 350 1916 415 modo,
1946 362 2068 418 qua:
2102 350 2149 407 A
2177 359 2239 397 ac
2277 342 2457 396 statim
2492 341 2752 395 liberatus
2793 340 2860 394 ad
2890 338 3094 394 obitum
3120 353 3293 408 usque
3324 337 3592 394 incolumis
3619 357 3709 411 per-

497 447 525 519 ᾗ
563 445 804 514 sequenti
835 444 1086 513 expedire
1115 444 1297 506 statui,
1333 444 1754 513 progrediamur.

498 538 526 608 §
573 536 633 590 ll.
682 536 890 603 Aliquot
958 536 1233 595 miranda.
1283 536 1474 587 sa’rulr-
1524 549 1657 595 χιιι,
1703 543 1822 585 ante
1877 549 2074 608 anuuut

567 619 738 661 lanteu
793 608 950 675 hujus
999 622 1147 665 xxiv.
1197 616 1427 674 patrum,
1470 615 1849 675 recensentur,
1883 612 1929 655 et
1988 604 2076 672 qui

569 678 774 729 tandem
810 673 992 730 Siutcli
1029 673 1203 728 cultus
1224 678 1290 728 ad
1319 678 1608 727 nuit-orsum
1652 673 1942 725 l‘lc'ciesium
1989 690 2076 726 ex-

586 763 761 808 eusus,
823 745 1113 814 festumque
1168 746 1278 813 ejus
1331 755 1452 797 tunc
1494 744 1725 797 Colonia:
1774 743 2076 813 Agrippian

573 817 886 868 celebratum
912 819 1093 883 fuerit,
1125 818 1417 884 exponitur.

572 910 654 963 13.
689 909 799 962 Non
829 910 1245 978 pauca.pnlvere
1290 909 1483 962 abraso
1513 924 1543 962 e
1573 908 1747 977 lapide
1774 922 1964 977 specus
1986 921 2076 959 seu

500 1002 665 1063 antri,
699 1001 747 1052 in
776 1015 903 1068 quo,
939 1009 994 1053 ut
1029 999 1270 1051 nonnulli
1301 1015 1364 1052 ex
1406 998 1567 1053 dictis
1604 999 1655 1053 in
1685 997 2079 1053 commentario

498 1096 698 1164 prtevio
740 1092 859 1163 ξιιό
904 1089 1106 1154 volunt,
1141 1090 1399 1143 continuo
1432 1089 1487 1143 8.
1520 1089 1701 1142 Bruno
1753 1098 1873 1157 post
1919 1102 2076 1141 suum

498 1182 553 1235 in
593 1182 938 1235 Turritanam
984 1194 1226 1233 eremmn
1271 1193 1548 1234 secessum
1596 1178 1883 1239 habitavit,
1915 1191 2080 1245 reque

497 1271 664 1325 etiam
719 1286 842 1324 vera
883 1270 1109 1324 subinde
1159 1268 1268 1339 (adi
1328 1269 1576 1322 eumdem
1632 1269 2078 1322 commentarimn

500 1362 758 1432 prmvium
805 1378 952 1415 nmn.
995 1362 1118 1430 748)
1150 1372 1515 1416 commoratus
1545 1361 1708 1416 fuisse
1752 1362 1986 1427 videtur,
2028 1362 2078 1414 in

498 1455 877 1524 atgrotantiurn
919 1454 1400 1524 languidorumque
1448 1454 1687 1508 favorem
1729 1455 1929 1525 patrari
1979 1455 2081 1508 mi-

502 1543 708 1605 racula,
741 1543 1007 1597 Surianus
1034 1544 1086 1597 in
1114 1545 1227 1597 suis
1249 1545 1313 1597 ad
1345 1544 1614 1597 Brunonis
1638 1543 1838 1606 Vitam,
1865 1561 1893 1596 a
1922 1544 2083 1597 Surio

499 1644 833 1698 contestam,
887 1636 1325 1689 adnotationibus
1354 1650 1383 1688 e
1414 1635 1634 1689 Nicolao
1669 1636 1854 1690 Biccio
1878 1636 1943 1689 de
1980 1635 2082 1688 Ta-

2182 434 2396 487 mansit.
2431 430 2575 487 Obiit
2620 446 2744 485 vero
2784 439 2970 501 postea
2999 445 3013 483 ι
3047 430 3183 499 Aug.
3221 428 3380 484 l625.
3420 448 3439 481 ι
3475 429 3598 484 Cum
3633 432 3711 489 ιιι.

2180 528 2402 580 dovicus
2433 522 2765 593 Suespeckh,
2793 523 2905 590 qui,
2937 522 3062 574 dmn
3090 520 3397 574 Turritana:
3424 520 3481 573 8.
3501 520 3714 590 Stephani

2179 626 2233 670 et
2271 616 2329 669 S.
2362 615 2631 668 Brunonis
2674 613 2977 667 Carthusize
3025 612 3174 680 prior
3220 620 3387 675 esset,
3418 612 3711 683 daemonium,

2180 707 2402 775 pulvere
2451 721 2515 761 ex
2577 705 2753 774 lapide
2804 705 2946 757 antri
2983 701 3041 757 S.
3102 702 3372 757 Brunonis
3435 701 3716 767 adhibito.e

2182 801 2353 854 fratre
2384 800 2559 853 Blasio
2588 812 2973 868 energnmeno,
3000 798 3075 848 uti
3113 795 3200 850 hic
3230 804 3503 855 narratur.
3533 797 3714 864 expulit,

2180 892 2329 961 prior
2358 892 2615 961 primum,
2647 888 3101 958 quemadmodum
3147 887 3288 955 apud
3335 885 3609 939 Surianum
3630 888 3718 943 loco

2180 984 2274 1037 cit.
2299 984 2531 1037 Severus
2570 997 2601 1036 a
2638 979 2856 1049 Neapoli
2886 980 3063 1042 docet,
3094 992 3236 1031 anno
3264 976 3401 1031 1608
3430 975 3577 1031 fuerit
3603 993 3720 1032 crea—

2182 1084 2292 1140 tus,
2322 1088 2570 1143 annoque
2612 1071 2744 1127 1611
2794 1071 3010 1136 obiecit,
3043 1078 3280 1140 oportet,
3309 1076 3370 1122 ut
3402 1070 3721 1138 tempore,in-

2184 1175 2267 1220 ter
2302 1174 2589 1233 utrumque
2625 1164 2770 1218 hunc
2793 1178 2996 1216 annum
3043 1160 3242 1224 medio,
3267 1159 3565 1230 prodigium
3612 1160 3721 1217 istud

2182 1256 2437 1311 acciderit
2467 1272 2481 1320 ;
2514 1270 2682 1325 quare
2719 1269 2841 1308 cum
2874 1252 3014 1307 forte
3040 1252 3201 1306 etiam
3236 1266 3439 1304 annum
3477 1250 3597 1305 1609
3619 1268 3724 1321 prte-

2182 1346 2432 1409 cesserit,
2465 1346 2639 1399 visum
2689 1351 2770 1398 est
2800 1343 2853 1397 id
2902 1342 2990 1396 hic
3027 1340 3359 1411 praemittere
3412 1338 3530 1394 aliis
3583 1341 3725 1395 adhuc

2185 1436 2530 1492 recensendis
2571 1433 2871 1499 miraculis,
2898 1449 3020 1503 quae
3062 1432 3143 1486 vel
3185 1432 3291 1486 hoc
3327 1430 3445 1500 ipso
3494 1445 3622 1485 anno
3660 1431 3726 1487 vel

2191 1529 2367 1584 serius
2397 1542 2648 1582 evenere.
2862 1520 2865 1525 λ

2260 1620 2346 1673 17.
2377 1618 2453 1672 Ειι
2482 1618 2615 1672 adeo
2651 1632 2795 1671 nunc
2824 1630 2991 1669 unum
3012 1654 3026 1679 ,
3052 1614 3193 1684 quod
3223 1628 3369 1668 anno
3398 1612 3532 1668 1609
3552 1614 3726 1677 accidit,

500 1727 672 1781 berna
704 1742 866 1795 supra
890 1726 1117 1780 .laudato
1150 1726 1429 1795 prmfatus,
1467 1740 1701 1794 sequens
1728 1743 1820 1781 seu
1854 1727 2084 1779 miracu-

2203 1710 2456 1780 luodque,
2491 1708 2619 1763 licet
2647 1724 2750 1761 non
2798 1707 3040 1777 pulvere,
3070 1721 3100 1760 e
3148 1705 3480 1759 Brunoniani
3509 1707 3636 1759 antri
3672 1706 3732 1759 la-

502 1816 610 1869 lum
640 1833 737 1870 seu
784 1817 1137 1883 beneficium,
1183 1817 1343 1886 quod,
1398 1818 1618 1885 pulvere
1668 1818 1757 1870 illo
1819 1817 2083 1875 adhibito,

486 1920 772 1979 ~patratum
801 1909 967 1973 fuit,e
998 1910 1313 1965 recensione
1335 1909 1521 1963 Severi
1552 1926 1579 1963 a
1612 1909 1855 1979 Neapoli,
1888 1910 1977 1979 qui
2013 1910 2084 1972 id,

505 2010 564 2053 ut
595 2000 897 2068 przcmittit,
928 2016 958 2054 e
999 2000 1217 2064 Basilio,
1265 2000 1564 2054 Carthu~ize
1590 2000 1893 2054 Turritanm
1920 2000 2088 2055 fratre

502 2106 789 2153 converso,
831 2092 1016 2161 reique
1062 2102 1226 2162 gestae
1274 2093 1491 2146 oculato
1520 2102 1655 2146 teste
1702 2093 1930 2155 audivit,
1964 2108 2084 2163 pag.

504 2182 602 2237 561
642 2184 692 2235 in
738 2183 972 2236 medium
1022 2183 1239 2236 adducit
1293 2183 1441 2235 hisce
1470 2182 1599 2249 ipsis
1648 2181 1831 2235 Severi
1862 2180 2084 2234 verbis:

508 2290 527 2322 ι
564 2273 754 2326 Frater
791 2272 1001 2325 Blasius
1024 2273 1089 2327 de
1120 2272 1260 2326 Pace
1295 2286 1358 2325 ex
1384 2272 1570 2325 eadem
1598 2271 1758 2323 Serra
1784 2269 1978 2338 oppido
2008 2268 2089 2321 vi-

507 2362 631 2416 cino
661 2364 725 2416 ad
777 2363 1355 2425 Inilliare,mOnastcrii
1400 2380 1418 2408 ι
1453 2360 1532 2431 (8.
1566 2360 1822 2429 Stephani
1875 2361 1942 2413 de
1992 2356 2087 2411 Ne-

512 2453 689 2522 more)
728 2471 745 2502 ι
776 2467 1090 2513 conversus,
1121 2449 1397 2521 professus
1419 2450 1679 2518 ejusdem,
1714 2452 1822 2503 Deo
1869 2450 2093 2518 permit-

520 2552 684 2605 tente,
714 2559 743 2595 a
778 2542 1011 2612 maligno
1040 2542 1231 2609 Spiritu
1263 2543 1515 2603 obsessus
1546 2541 1745 2594 misere
1777 2540 2090 2593 vexabatur.

505 2635 604 2690 Cui
636 2636 692 2689 Υ.
717 2636 864 2702 prior
894 2633 1180 2704 praedictus
1208 2654 1226 2685 ι
1252 2634 1573 2703 (Ludovicus
1601 2633 1908 2701 8ιιιθμρςὶίὶι
1935 2633 2097 2686 nimi-

508 2728 651 2793 rum)
684 2744 702 2777 ι
735 2740 970 2789 summa,
996 2742 1097 2795 qua
1138 2728 1392 2795 przeditus
1416 2733 1553 2787 erat,
1580 2726 1846 2778 charitate
1873 2740 2094 2792 compa-

510 2816 669 2879 tiens,
701 2815 924 2883 cupiens
958 2830 1113 2869 ovem
1168 2830 1319 2868 suam
1367 2814 1434 2866 ab
1485 2815 1764 2868 invasionc
1812 2813 2095 2867 infernalis

516 2908 626 2976 lupi
664 2908 896 2977 eripere,
934 2908 1111 2962 sciens
1152 2908 1338 2971 etiam,
1392 2922 1558 2977 genus
1584 2908 1853 2975 quoddam
1896 2908 2098 2960 dmino-

512 2998 726 3051 niorum
777 3013 881 3052 non
933 2997 1034 3050 nisi
1089 2999 1336 3052 oratione
1390 3007 1444 3051 et
1492 2996 1880 3067 jc-jnnioejici,
1923 2998 2095 3051 tribus

511 3089 701 3144 diebus
756 3105 894 3159 pane
946 3097 999 3142 et
1060 3105 1200 3159 aqua
1248 3091 1510 3143 duntaxat
1565 3090 1853 3152 victitavit,
1909 3098 2092 3158 atque,

508 3179 632 3233 aliis
660 3182 894 3249 negotiis
919 3180 1266 3244 intermissis,
1294 3180 1467 3233 solum
1495 3180 1728 3233 orationi
1754 3193 1954 3233 vacans
1984 3193 2104 3247 per-

508 3270 732 3322 mansit.
783 3269 912 3324 Post
969 3269 1186 3322 lertium
1252 3270 1413 3332 diem,
1473 3271 1800 3324 accuratiori
1866 3268 2102 3336 generali

510 3370 862 3431 peccatorum
893 3361 1229 3415 confessione
1251 3362 1550 3429 przemissa,
1582 3361 1635 3413 in
1663 3362 1887 3414 sacrarii
1920 3361 2102 3424 altari,

519 3457 573 3509 in
601 3472 708 3525 quo
736 3458 787 3509 in
837 3455 1133 3510 fabrefacto
1161 3455 1546 3517 loculamento,
1571 3455 1742 3507 ebeno
1773 3462 2106 3523 argentoque

512 3547 777 3617 permisto
830 3546 980 3599 varie
1038 3545 1262 3610 caelato,
1314 3554 1666 3600 asservantur
1714 3558 1875 3612 caput
1923 3543 1981 3599 8.
2039 3544 2101 3598 Ρ.

515 3638 787 3691 Brunonis
835 3638 886 3691 in
938 3647 1190 3705 argenteo
1242 3637 1551 3699 simulacro,
1616 3646 1671 3689 et
1719 3636 1838 3690 alia:
1891 3644 2109 3690 sancto-

518 3745 638 3781 rum
666 3729 924 3796 reliquiae,
970 3731 1189 3783 missam
1234 3732 1411 3797 quoad
1447 3730 1691 3783 devotius
1722 3730 1915 3798 potuit,
1948 3729 2096 3783 cele-

516 3818 716 3881 bravit,
743 3828 1011 3886 prtesentc
1034 3818 1202 3873 fratre
1229 3818 1427 3885 Blasio,
1454 3819 1735 3887 arrepzitio
1762 3828 1816 3873 et
1844 3819 2103 3888 praedicto

518 3908 687 3963 fratre
715 3910 934 3963 Basilio.

589 4002 675 4054 16.
705 4019 722 4051 ι
760 4001 888 4055 Post
932 4002 1149 4054 missam
1185 4011 1399 4055 ventum
1441 4012 1523 4056 est
1571 4003 1635 4056 ad
1673 4003 2030 4065 exorcismos,
2053 4011 2108 4057 et

518 4108 639 4148 cum
674 4094 880 4148 daemon
928 4094 1114 4162 egredi
1153 4104 1519 4157 cunctaretur,
1559 4095 1873 4149 recordatus
1920 4103 2002 4148 est
2044 4094 2104 4147 P.

519 4186 676 4240 Prior
710 4186 903 4255 lapidis
937 4202 1128 4255 specus
1153 4186 1210 4240 S.
1241 4186 1527 4250 Brunonis,
1567 4202 1630 4240 ac
1658 4186 1839 4239 statim
1887 4185 2111 4239 manda-

522 4279 596 4331 vit
623 4277 685 4330 F.
719 4277 933 4340 Basilio.
976 4287 1054 4339 ut,
1086 4292 1379 4332 conscenso
1404 4293 1573 4347 equo,
1618 4279 1940 4346 quantocius
1972 4276 2105 4346 lapi-

520 4368 603 4421 dis
640 4368 934 4436 pulverem,
976 4382 1005 4420 e
1048 4383 1208 4435 specu
1263 4379 1555 4437 sumptura,
1587 4370 1654 4422 ad
1704 4385 1762 4422 se
1810 4367 2100 4437 perferret.

523 4457 622 4523 Qui
664 4457 812 4525 jussa
872 4458 1167 4525 complens,
1218 4474 1360 4517 cum,
1425 4468 1647 4527 accepto
1679 4458 1803 4512 inde
1860 4458 2105 4527 pulvere,

525 4551 748 4605 domum
781 4550 1005 4612 rediret,
1036 4550 1087 4602 in
1130 4552 1304 4605 medio
1341 4551 1533 4605 itinere
1574 4551 1860 4619 derepente
1891 4563 2107 4605 ventum

531 4641 767 4695 validum
797 4650 986 4695 contra
1024 4657 1080 4695 se
1116 4642 1408 4696 irruentem
1463 4643 1649 4697 sensit.
1681 4642 1797 4709 Quo
1846 4643 2111 4697 violenter

528 4747 591 4785 ex
621 4746 763 4800 equo
787 4747 1045 4785 excussus
1076 4732 1128 4785 in
1169 4742 1367 4786 terram
1398 4732 1538 4786 male
1580 4743 1833 4801 acceptus
1882 4734 2102 4788 decidit.

532 4823 734 4876 Eodem
761 4832 1036 4876 momento
1062 4824 1291 4887 dmmon,
1327 4825 1381 4877 in
1414 4825 1734 4879 cachinnum
1775 4826 1983 4878 solutus
2014 4840 2111 4894 per

532 4931 590 4971 os
630 4916 890 4985 arreptitii
925 4916 975 4969 in
1015 4916 1126 4970 lucc
1156 4918 1316 4971 verba
1343 4919 1586 4986 prorupit
1615 4916 1966 4972 Calabrorum
1991 4918 2107 4970 dia-

533 5009 670 5061 leeto
697 5023 712 5061 :
743 5006 811 5059 At
835 5022 986 5061 come
1009 5009 1186 5061 buono
1209 5018 1435 5062 conzato
1462 5025 1519 5063 se
1551 5024 1615 5061 ne
1648 5018 1790 5061 terra
1818 5008 1829 5060 !
1863 5022 1979 5075 qua:
2006 5006 2107 5061 La-

504 5102 645 5155 .tine
675 5102 753 5156 sic.
786 5110 978 5157 sonant
1012 5119 1026 5157 :
1056 5102 1126 5155 At
1166 5118 1326 5171 quam
1356 5100 1494 5156 bene
1540 5111 1790 5170 acceptus
1822 5102 1977 5153 redit.
2031 5100 2107 5155 Ita

537 5195 666 5248 mihi
700 5197 922 5263 praecise
972 5193 1240 5249 referente
1271 5194 1458 5247 eodem
1506 5193 1673 5245 fratre
1715 5192 1933 5258 Basilio,
1971 5207 2108 5260 equo

536 5287 650 5341 sine
678 5302 886 5342 sessore
920 5298 1067 5341 recta
1102 5287 1168 5339 ad
1206 5286 1593 5339 monasterium
1638 5285 1914 5342 redeunte.
1946 5284 2113 5337 homi-

537 5395 633 5433 nes
668 5380 734 5432 ad
778 5387 1137 5448 prostratum,
1188 5388 1247 5430 ut
1294 5375 1711 5439 existimarunt,
1746 5391 1843 5430 nec
1890 5392 1919 5430 e
1969 5385 2111 5430 terra

540 5473 718 5523 adhuc
763 5485 982 5540 surgere
1023 5469 1321 5531 valentem,
1372 5477 1745 5533 excurrerant,
1791 5469 2115 5539 domumque

540 5561 896 5614 reduxerunt.
944 5563 984 5612 A
1028 5574 1134 5627 quo
1189 5567 1409 5627 accepto
1454 5557 1671 5625 pulvere
1722 5569 1881 5629 atque
1924 5571 2112 5617 contra

543 5651 868 5705 daemonium
896 5650 1161 5717 adhibito,
1196 5650 1324 5704 illud
1352 5651 1503 5705 exire
1544 5653 1611 5706 ab
1657 5653 1869 5708 homine
1914 5655 2110 5723 θοι-ευ,

2185 1801 2307 1871 pide
2337 1809 2577 1870 accepto,
2608 1799 2790 1854 Sancti
2823 1807 3000 1852 tamen
3018 1797 3325 1867 patrocinio
3348 1794 3452 1849 fuit
3479 1807 3729 1864 patratum.

2187 1891 2346 1946 llisce
2376 1898 2553 1944 exstat
2595 1890 2735 1958 apud
2785 1888 3075 1941 Surianum
3128 1901 3249 1955 pag.
3283 1884 3389 1938 563
3416 1894 3473 1939 et
3499 1900 3603 1954 seq.
3639 1900 3735 1939 ver-

2185 1983 2270 2037 bis
2300 1995 2616 2052 expressum
2647 1998 2660 2033 :
2699 2003 2716 2028 ·
2758 1980 2870 2034 Sub
2893 1981 3080 2034 eodem
3106 1977 3171 2031 P.
3211 1976 3401 2030 Priore
3433 1996 3454 2029 ι
3489 1978 3737 2046 (monaste-

2189 2075 2254 2129 rii
2303 2072 2360 2129 8.
2405 2073 2664 2143 Stephani
2697 2071 2970 2127 Ludovico
2992 2070 3328 2140 Suespeckh)
3357 2087 3377 2120 ι
3416 2084 3554 2123 anno
3606 2068 3735 2135 1609,

2190 2182 2312 2221 cum
2366 2168 2433 2220 ad
2482 2165 2871 2219 monasterium
2923 2171 3230 2218 vectaretur
3280 2176 3508 2231 magnus
3558 2159 3739 2230 lapis,e

2191 2258 2372 2312 vicina
2405 2257 2692 2327 lapidicina
2740 2256 2976 2319 excisus,
3010 2255 3333 2323 quadratus,
3360 2263 3485 2308 octo
3529 2252 3605 2307 vel
3647 2269 3739 2307 am-

2191 2357 2333 2426 plius
2387 2355 2594 2427 palmes
2648 2353 2854 2410 habens
2903 2355 3140 2425 undique
3199 2353 3254 2407 in
3310 2352 3552 2423 longitud
3573 2368 3662 2420 ne,
3702 2364 3743 2407 et

2194 2464 2359 2503 unum
2393 2449 2505 2503 fere
2543 2462 2667 2503 cum
2716 2446 2941 2501 dimidio
2971 2445 3367 2509 diametralem,
3416 2446 3533 2499 usui
3569 2445 3743 2501 futurus

2195 2557 2290 2611 pro
2318 2541 2497 2595 tabula
2552 2540 2745 2596 summi
2797 2540 2984 2595 altaris
3010 2540 3275 2603 ecclesiae,
3320 2541 3456 2593 tanti
3500 2541 3739 2609 ponderis,

2196 2647 2307 2690 uta
2340 2636 2583 2704 pluribus
2610 2635 2768 2687 boum
2794 2634 2941 2704 jugis
2967 2649 3129 2702 supra
3162 2633 3333 2699 lignea
3373 2633 3613 2686 machina
3633 2649 3745 2704 πει-ρ

2198 2727 2388 2782 advehi
2442 2726 2715 2795 potuerit,
2758 2734 2811 2779 et
2862 2724 3063 2779 multus
3111 2723 3179 2778 ad
3224 2724 3506 2778 visendum
3560 2726 3748 2794 papulas

2197 2820 2498 2879 accederet,
2532 2817 2749 2886 quidam
2797 2816 2962 2869 David
3011 2815 3202 2869 Muller
3244 2814 3746 2886 Brandeburgensis,

2201 2915 2252 2965 i-a
2286 2910 2463 2978 lapide
2491 2918 2544 2963 et
2573 2909 2717 2979 ligno
2770 2907 3021 2978 egregius
3062 2907 3323 2976 sculptor,
3359 2907 3453 2977 qui
3492 2922 3600 2960 sua:
3645 2910 3750 2961 artis

2202 3002 2559 3055 admiratione
2610 3002 2767 3069 digna
2818 2999 2984 3052 multa
3024 2999 3349 3052 emblemata
3398 3013 3465 3051 ex
3521 2999 3751 3065 lignorum

2207 3091 2499 3163 segmentis
2558 3089 2949 3157 coagmentatis
3018 3088 3437 3143 versicoloribus
3499 3089 3665 3142 eﬂecit
3712 3090 3752 3143 in

2208 3184 2308 3237 hoc
2354 3181 2701 3245 monasterio,
2745 3181 2946 3249 quique
2981 3178 3216 3249 prwfatte
3260 3179 3528 3233 machinae
3557 3189 3755 3233 structor

2206 3284 2260 3328 et
2290 3274 2571 3343 pra-fectus
2601 3273 2782 3341 operis
2823 3272 3031 3334 aderat,
3067 3286 3189 3324 cum
3219 3270 3399 3324 medio
3432 3271 3621 3324 itinere
3644 3268 3754 3322 αιδιο

2208 3367 2407 3437 poplite
2440 3381 2658 3419 currum
2689 3364 2945 3433 adaptare
2973 3363 3153 3426 vellet,
3182 3378 3245 3416 ac
3288 3364 3483 3417 subtus
3528 3365 3757 3431 aspiceret

2210 3457 2376 3509 altera
2408 3471 2472 3509 ex
2504 3454 2637 3507 rotis
2683 3454 2868 3506 tibiam
2918 3452 3058 3505 illius
3086 3454 3221 3506 adeo
3261 3452 3439 3505 valide
3479 3454 3680 3521 pressit,
3717 3462 3759 3503 ut

2210 3548 2261 3601 in
2298 3558 2436 3601 terra
2463 3587 2475 3609 ,
2506 3546 2718 3614 penitus
2749 3545 2912 3598 humo
2947 3546 3169 3598 cedente
3203 3545 3453 3613 ponderi,
3497 3546 3759 3600 abscond:-

2211 3652 2378 3705 retur,
2430 3641 2545 3709 ipso
2595 3638 2761 3692 David
2815 3639 3119 3700 clamante,
3158 3637 3213 3689 S.
3271 3637 3477 3701 Bruno,
3526 3652 3672 3706 Opem
3700 3637 3761 3690 fer

2210 3733 2341 3786 κήδειί
2371 3748 2384 3793 ;
2415 3745 2645 3800 cumque
2674 3729 2888 3799 plurimi
2919 3729 3415 3783 commiscrationis
3451 3743 3582 3798 ergo
3606 3743 3762 3782 accur-

2211 3825 2429 3887 rissent,
2474 3823 2658 3875 tibiam
2694 3820 2810 3889 ejus
2858 3820 3242 3875 comminutmn
3268 3822 3675 3885 existimantes,
3702 3819 3763 3871 in-

2211 3925 2367 3969 venta
2414 3925 2497 3969 est
2538 3913 2925 3982 aliquantulum
2962 3913 3012 3966 in
3060 3913 3238 3967 nervis
3289 3914 3437 3977 Iaca,
3467 3930 3590 3983 qum
3629 3915 3765 3969 etiam

2212 4006 2367 4075 paulo
2398 4015 2516 4074 post
2545 4004 2789 4074 perfecte
2818 4011 3006 4057 curata
3046 4012 3147 4057 est.
3180 4003 3233 4056 In
3282 4004 3473 4058 eodem
3506 4004 3625 4059 loco
3651 4019 3765 4073 pne-

2213 4095 2355 4149 fatus
2390 4097 2628 4164 sculptor
2663 4093 2941 4147 aediculam
2984 4108 3075 4148 seu
3106 4094 3389 4162 parvulam
3425 4095 3700 4164 capellam,
3725 4094 3766 4147 in

2212 4187 2347 4242 Colle
2377 4187 2559 4247 sitam,
2592 4185 2704 4239 suis
2738 4185 3042 4254 sumpiibus
3075 4186 3389 4252 erigendam
3419 4187 3486 4239 ad
3525 4188 3600 4240 rei
3648 4184 3768 4238 futu-

2214 4295 2327 4333 ram
2361 4277 2676 4333 memoriam
2706 4278 2935 4341 curavit,
2958 4279 3267 4347 quasadhnc
3296 4288 3495 4332 exstat.
3529 4298 3548 4331 ι
3587 4279 3769 4333 Duobus

2217 4373 2365 4428 hisce
2400 4372 2510 4442 jam
2548 4371 2736 4425 relatis
2764 4380 2928 4439 atque
2972 4372 3111 4441 apud
3142 4370 3431 4425 Surianum
3460 4373 3770 4426 exstantibus

2215 4463 2491 4516 miraculis
2541 4462 2688 4515 aliud
2736 4462 2896 4516 modo
2940 4463 3225 4531 subjungo,
3277 4464 3422 4533 typis
3489 4464 3769 4524 hactenus,

2213 4557 2354 4624 quod
2383 4557 2575 4618 sciam,
2623 4570 2728 4609 non
2786 4556 3112 4625 subjectum,
3140 4558 3282 4626 quod
3315 4558 3369 4611 in
3424 4556 3484 4612 8.
3536 4558 3772 4612 Brunonis

2215 4648 2449 4716 imagine
2477 4643 2809 4709 Caballionc,
2859 4661 2974 4709 seu,
3017 4655 3073 4699 ut
3102 4650 3169 4700 ab
3211 4646 3331 4701 aliis
3387 4648 3667 4709 scribitur,
3694 4646 3775 4700 Ca-

2214 4737 2465 4801 valiionc,
2511 4737 2801 4806 episcopali
2845 4736 3153 4791 Vindascini
3208 4738 3261 4792 in
3301 4740 3588 4809 provincia
3622 4739 3682 4793 ad
3709 4754 3775 4792 se-

2214 4828 2337 4882 dem
2406 4828 2757 4900 apostolicam
2829 4829 3123 4897 spectantis
3181 4830 3475 4885 comitatus
3543 4832 3773 4887 civitate.

2217 4933 2359 4972 anno
2410 4918 2548 4970 1610
2603 4927 2873 4986 patratum
2905 4927 3004 4982 est,
3037 4919 3288 4988 quodque
3333 4935 3460 4974 cum
3515 4920 3775 4990 Majorthus

2218 5010 2418 5063 nostris
2452 5024 2482 5063 e
2524 5008 2714 5079 Magna
2760 5009 3049 5062 Carthusia
3099 5025 3240 5061 anno
3291 5009 3448 5071 l6t58,
3507 5012 3607 5074 uti,
3642 5024 3776 5078 quam

2218 5103 2270 5155 ei
2315 5102 2700 5170 ascripserunt,
2750 5102 2938 5155 uetitia
2983 5116 3068 5155 me
3098 5101 3407 5165 docet,fuit
3439 5103 3777 5156 communica-

2220 5203 2351 5247 tum.

2291 5289 2373 5341 18.
2411 5283 2770 5354 Sequentibus
2803 5286 2951 5339 hisce
2989 5284 3168 5337 verbis
3217 5283 3553 5339 describitur
3592 5304 3605 5339 :
3640 5304 3656 5336 ι
3687 5284 3780 5337 Aa-

2218 5393 2288 5431 no
2368 5377 2576 5430 Domini
2655 5377 2831 5440 1610,
2901 5387 3087 5429 mense
3163 5374 3425 5443 Augusto,
3499 5377 3781 5431 Alexander

2234 5470 2565 5532 lllaurissius,
2619 5470 2750 5523 civis
2805 5467 3218 5535 Cavallicensis,
3265 5469 3381 5523 visa
3426 5470 3623 5523 tabella
3670 5480 3783 5537 quae

2220 5563 2342 5617 dam
2396 5562 2446 5615 in
2493 5564 2659 5616 choro
2710 5562 2813 5614 PP.
2863 5560 3258 5630 Capueinorum
3310 5562 3781 5617 Cavallicensium,

2222 5654 2407 5723 inqua
2462 5662 2710 5707 recenter
2744 5667 2771 5705 a
2802 5660 2952 5721 patre
2994 5651 3329 5708 Bernardino
3379 5651 3587 5724 eﬂigics
3632 5650 3783 5707 sancti

3828 398 3833 687 Ι

3835 1010 3837 1147 ι
