3860 6326
610 378 719 433 ﬁl!)

1415 373 1470 426 s.
1513 371 1855 429 BRUNONIS
1894 369 2536 426 cauruusmonuu
2577 363 3062 424 lNSTlTUTORIS
3289 335 3292 338 λ
3688 375 3764 427 6-20

617 494 834 547 missam
859 489 927 544 ad
959 488 1098 541 illius
1145 486 1312 539 altare
1340 495 1394 540 et
1447 485 1705 538 honorem
1741 481 1992 537 oﬂ'errem
2021 522 2034 544 ,
2082 497 2181 536 ex-
2217 484 2260 538 A
2287 482 2626 552 subscriptis,
2655 491 2710 537 et
2740 481 2918 551 sigillo
2951 478 3176 548 alicujus
3217 494 3446 548 persona:
3479 483 3526 536 in
3566 484 3764 556 dignitate

615 583 822 647 oravit;
848 582 992 650 quod
1022 580 1270 642 libenter,
1303 576 1572 640 nesciens,
1606 589 1718 630 rem
1745 573 2011 629 occultam
2041 587 2187 639 esse,

613 671 862 742 prmstiti.
901 687 921 721 ι
954 678 956 680 ’

686 762 778 816 2i.
809 761 943 815 Cum
976 761 1110 824 haec,
1145 773 1264 827 quae
1285 757 1424 827 apud
1472 755 1766 811 Surianum
1817 769 1940 824 pag.
1999 753 2103 808 565
2132 761 2188 809 et

609 853 758 908 binis
783 866 935 920 seqq.
957 852 1190 905 Severus
1219 864 1249 902 a
1281 847 1498 916 Neapoli
1525 847 1614 902 hic
1643 854 1852 911 narrat,
1871 860 2014 900 anno
2049 844 2188 900 1625

605 942 900 1005 occidisse,
923 941 1038 1010 ipsa
1060 940 1257 1008 prodat
1281 939 1403 992 data
1428 937 1594 1006 hujus
1630 937 1844 1001 relatio,
1890 935 2189 1004 eodemque

603 1032 778 1085 etiam
805 1045 946 1084 anno
970 1028 1153 1084 Sancti
1182 1027 1352 1082 nostri
1385 1026 1590 1081 cultum
1626 1024 1912 1096 propagari
1943 1023 2186 1092 contige-

619 1119 710 1185 rit,
735 1117 1165 1188 cbronologicus,
1192 1131 1356 1186 quem
1389 1115 1541 1184 sequi
1590 1115 1776 1176 statui,
1827 1114 1960 1167 ordo
2000 1113 2186 1180 exigit,

603 1218 682 1264 .ut
707 1209 772 1263 de
797 1223 858 1263 re
878 1209 980 1261 hac
1007 1207 1165 1261 modo
1189 1207 1276 1260 hic
1322 1215 1572 1259 tractem.
1630 1203 1851 1257 Publica
1894 1201 1950 1256 S.
1987 1201 2189 1254 Bruno-

608 1300 704 1354 .nis
734 1297 1010 1353 veneratio
1040 1298 1106 1350 ab
1129 1311 1270 1350 anno
1301 1295 1455 1359 15M,
1506 1309 1612 1364 quo
1637 1293 1812 1347 fuerat
1855 1292 1898 1346 is
1925 1291 2190 1369 explicato

612 1391 679 1443 in
710 1387 1107 1444 Commentario
1132 1387 1329 1456 prtevio
1359 1387 1386 1457 ᾗ
1419 1386 1482 1438 47
1519 1387 1620 1439 ritu
1667 1387 1717 1438 in
1767 1387 2050 1439 beatorum
2097 1399 2190 1435 nu-

614 1496 831 1546 merum
856 1479 1076 1543 relatus,
1105 1479 1245 1547 apud
1274 1479 1417 1532 solos
1446 1477 1558 1531 fere
1579 1476 1968 1531 Carthusianos
2011 1474 2187 1528 locum

619 1572 926 1637 habuerat,
977 1586 1099 1625 cum
1153 1571 1409 1632 tandem,
1478 1569 1564 1622 his
1620 1569 1934 1636 agentibus,
1988 1567 2189 1638 Grego-

619 1663 732 1716 rius
771 1659 867 1715 XV
922 1675 1058 1730 papa
1104 1657 1409 1726 concessit,
1459 1666 1517 1710 ut
1570 1657 1627 1711 S.
1658 1657 1922 1710 Brunonis
1993 1656 2186 1711 festum

605 1751 820 1808 .missali
855 1759 911 1806 et
933 1750 1200 1805 breviario
1233 1749 1478 1803 Romano
1504 1748 1720 1802 inscribi
1747 1747 2091 1816 ofﬁciumque
2123 1749 2188 1803 de

619 1856 684 1895 eo
708 1839 1038 1908 semiduplex
1063 1840 1147 1894 die
1174 1847 1325 1892 sexta
1373 1837 1621 1892 Octobris
1651 1837 1703 1890 in
1753 1852 1912 1906 quam
1943 1836 2070 1890 illud
2105 1837 2186 1890 in-
2223 1820 2265 1878 Β

617 1931 787 1995 cidit,
834 1931 901 1984 ab
952 1929 1202 1984 omnibus
1239 1929 1436 1998 ubique
1466 1927 1732 1992 fidelibus,
1795 1927 1884 1995 qui
1923 1927 1989 1980 ad
2021 1926 2190 1980 lloras

608 2023 914 2077 .canonicas
943 2029 1212 2088 tenentur,
1245 2020 1410 2084 libere
1455 2035 1518 2074 ac
1570 2019 1714 2074 licite
1752 2020 1970 2074 recitari
1999 2019 2189 2088 possit.

621 2113 797 2168 Breve
849 2111 1226 2182 apostolicum,
1283 2126 1390 2180 quo
1417 2109 1470 2163 id
1506 2109 1670 2172 fecit,
1721 2109 2042 2164 Benedictus
2073 2108 2190 2162 XIV

610 2215 757 2270 papa
795 2215 826 2255 e
850 2200 1137 2255 Carthusia
1169 2199 1376 2268 majori,
1409 2198 1484 2251 uti
1509 2198 1739 2266 ipsemet
1774 2197 1931 2250 docet
1959 2235 1975 2261 ,
2033 2211 2190 2250 acce-

620 2291 724 2358 pit,
751 2300 912 2359 atque
953 2291 1004 2344 in
1035 2288 1270 2344 contexti
1303 2303 1332 2341 a
1359 2301 1417 2342 se
1444 2289 1509 2341 de
1540 2285 1827 2340 Serrorum
1863 2287 1951 2340 Dei
1989 2286 2192 2339 he.:titi-

606 2379 850 2443 .catione,
901 2379 1288 2449 etbeatomm
1337 2367 1746 2432 canonizatioue
1773 2377 1952 2446 operis
1994 2378 2188 2431 librum

609 2459 852 2540 primum
884 2470 1082 2524 intulit:
1116 2469 1262 2524 hisce
1295 2467 1688 2522 autemibidem
1719 2483 1839 2536 cap.
1864 2469 1956 2532 4|,
1982 2484 2128 2523 num.
2159 2469 2189 2520 '7

620 2560 800 2614 verbis
827 2561 1127 2630 concipitur
1158 2578 1171 2614 :
1212 2579 1230 2612 ι
1260 2559 1549 2632 Gregorius
1588 2575 1722 2630 papa
1749 2559 1838 2613 XV
1891 2561 1958 2614 ad
2000 2577 2190 2632 perpe-

609 2635 768 2704 tuam
800 2651 877 2705 rei
917 2652 1254 2705 memoriam.
1288 2650 1498 2706 Domini
1540 2643 1708 2706 nostri
1765 2649 2137 2708 Jesu’Christi
2171 2693 2188 2722 ,

618 2741 710 2810 qui
752 2755 938 2797 servos
986 2757 1112 2812 suos
1170 2750 1385 2796 acternze
1411 2741 1595 2812 gloria:
1645 2742 1868 2810 praemio
1910 2743 2076 2798 donat
2135 2745 2186 2798 in

619 2829 798 2895 caelis,
824 2831 996 2894 vices,
1023 2845 1326 2900 quanquam
1344 2829 1629 2892 immeriti,
1663 2839 1910 2900 gerentes
1937 2831 1986 2884 in
2008 2832 2188 2897 terris,

614 2936 686 2974 ex
709 2921 962 2991 adjuncto
988 2922 1141 2998 nobis
1171 2921 1458 2990 pastoralis
1485 2918 1643 2975 oflicii
1674 2921 1854 2975 debito
1899 2937 2191 2990 procurare

617 3023 886 3076 tenemur,
915 3013 1310 3084 ut’eorumdent
1340 3007 1620 3080 servorum
1660 3013 1858 3068 Christi
1884 3013 2061 3066 debita
2101 3028 2191 3066 ve-

603 3100 830 3172 neratio
861 3099 1033 3154 indies
1055 3101 1222 3170 magis
1246 3111 1648 3170 promoventur,
1685 3112 1739 3155 ct
1779 3100 2024 3155 laudetur
2087 3100 2191 3155 Do-

621 3175 802 3244 minus
827 3189 880 3243 in
912 3188 1132 3244 Sanctis
1163 3191 1296 3246 suis.
1351 3192 1518 3266 Quam
1542 3193 1610 3247 ob
1651 3209 1762 3246 rem
1797 3192 2030 3246 fidelium
2057 3207 2192 3260 quo-

619 3278 904 3343 rumlibet,
946 3281 1249 3346 praesertim
1303 3295 1431 3336 vero
1476 3282 1575 3335 sub
1600 3283 1748 3350 suavi
1775 3280 2190 3352 religionisjugo

619 3371 884 3426 altissimo
911 3371 1305 3436 famulantium,
1330 3374 1488 3438 votis,
1521 3389 1644 3442 qua:
1671 3373 1992 3443 peculiarem
2048 3374 2191 3429 Satt-

621 3476 836 3518 c:orum
896 3460 1198 3528 hujusmodi
1250 3461 1450 3516 cultum
1491 3472 1542 3517 et
1562 3465 1960 3518 venerationem
2018 3465 2192 3534 respi-

607 3553 793 3616 ciunt,
843 3549 1078 3602 libenter
1123 3551 1451 3616 annuimus,
1511 3561 1670 3620 prout
1731 3552 2091 3622 conspicimus
2135 3554 2190 3608 in

615 3640 847 3712 Domino
870 3639 1158 3715 salubriter
1184 3640 1456 3708 expedire.
1494 3660 1514 3693 ι

689 3729 781 3782 aa.
813 3747 831 3780 ‹
875 3715 1582 3799 Supplicationibusitaque
1630 3731 1807 3785 dilecti
1841 3730 1930 3786 lilii
1966 3733 2027 3786 ι).
2058 3731 2190 3787 Ber-

612 3821 775 3873 Jiardi
807 3819 980 3884 Gazii,
1005 3823 1221 3877 ordinis
1256 3821 1658 3898 Cartlmsiensis
1679 3825 2045 3894 procuratoris
2101 3843 2191 3898 ge-

613 3909 842 3975 neralis,
873 3909 1027 3964 nobis
1055 3910 1332 3964 humiliter
1359 3908 1627 3980 porrectis
1666 3912 1907 3982 inclinati
1937 3914 2001 3968 de
2023 3928 2188 3969 vene-

509 4035 542 4053 .~
617 3997 870 4051 rabilium
903 3997 1152 4052 Fratrum
1184 4007 1490 4052 nostrorum
1526 3998 1582 4054 S.
1616 3998 1681 4054 ll.
1708 3999 1770 4054 Ε.
1823 4000 2189 4056 Cardinalium

535 4077 541 4083 ’
613 4087 792 4141 sacris
821 4087 1014 4142 ritibus
1038 4087 1444 4156 praepositorum
1470 4089 1715 4154 consilio,
1737 4092 1881 4160 quod
1907 4092 1972 4145 de
1996 4102 2190 4148 caztero

612 4177 900 4248 perpetuis
945 4177 1142 4232 futuris
1177 4177 1507 4246 temporibus
1534 4177 1729 4232 festum
1785 4179 1843 4234 S.
1897 4180 2186 4248 Brunonis,

612 4270 858 4338 ejusdem
889 4255 1096 4325 ordinis
1123 4257 1556 4336 fundatoris,idie
1585 4268 1618 4323 6
1663 4268 1931 4336 Octobris,
1979 4287 2085 4340 qua
2135 4273 2188 4326 in

614 4359 812 4414 ecelum
865 4360 1124 4425 evolavit,
1176 4360 1230 4414 in
1291 4345 1494 4413 missali
1537 4367 1590 4413 et
1638 4359 1906 4415 breviario
1945 4363 2189 4416 Romano

2289 573 2652 654 ecclesiastica
2711 572 3017 625 constituue
3095 570 3312 624 munitis
3370 573 3538 626 eadem
3596 590 3766 643 prorsus

2292 663 2422 718 fides
2476 663 2823 727 adhibeatur,
2854 676 2974 730 quze
3023 661 3372 730 praesentibus
3397 662 3710 728 adhiberetur.
3734 670 3766 722 si

2291 752 2472 808 forent
2527 752 2782 807 exhibita:
2831 751 2913 805 vel
2954 759 3205 804 oste-ism.
3253 751 3436 804 Datum
3481 753 3634 808 Romae
3667 759 3768 822 apud

2291 837 2548 903 Sanctum
2576 841 2798 894 Petrum
2827 837 2927 892 sub
2962 837 3161 892 annulo
3190 836 3494 904 Piscatoris,
3522 842 3595 896 die
3627 843 3679 894 l7
3701 843 3771 896 Fe-

2289 931 2494 987 bruarii
2524 929 2683 995 1625,
2716 925 3250 998 pontificatusnostri
3273 942 3407 982 anno
3435 929 3590 983 tertio.
3617 929 3770 985 S.Car-

2290 1023 2486 1076 dinalis
2532 1029 2733 1075 sanctae
2766 1019 3046 1073 Susannac.
3102 1016 3178 1070 lta
3221 1025 3320 1083 est,
3347 1017 3578 1073 Silvester
3620 1018 3767 1087 Spatia,

2291 1113 2636 1168 illustrissimi
2690 1120 2745 1165 et
2805 1109 3238 1165 reverendissimi
3298 1109 3486 1164 domini
3538 1109 3772 1168 Cardinalis

2289 1205 2478 1258 vicarii
2509 1203 2770 1256 notarius.
2807 1221 2825 1254 ι
2863 1201 3027 1254 Locus
3062 1207 3118 1265 ›Ι‹
3152 1201 3330 1270 sigilli.

2358 1297 2447 1349 25.
2484 1295 2795 1363 Apostolico
2846 1294 2973 1348 huic
3002 1293 3150 1346 brevi
3197 1292 3310 1358 jam
3359 1293 3612 1362 praaiverat
3648 1309 3771 1349 sacra

2290 1384 2742 1454 Cougregationis
2775 1384 2975 1437 rituum
3030 1381 3316 1448 indultum,
3363 1397 3464 1452 quo
3509 1383 3646 1447 idem,
3669 1385 3771 1451 quod

2290 1491 2386 1545 per
2413 1473 2557 1528 istud
2587 1473 2675 1526 hic
2698 1471 3033 1534 conceditur,
3064 1485 3207 1523 anno
3241 1470 3374 1524 1622
3397 1469 3498 1536 jam
3527 1469 3774 1524 fueratcon-

2290 1578 2521 1618 cessum.
2541 1561 2731 1614 Exstat
2751 1559 2803 1613 id
2833 1559 3038 1628 pariter
3061 1558 3200 1627 apud
3229 1559 3552 1614 Benedictum
3578 1557 3670 1612 XIV
3692 1559 3776 1613 loco

2289 1653 2532 1720 proxime
2579 1651 2767 1712 citato,
2818 1648 3002 1716 sicque
3033 1649 3197 1701 habet
3241 1664 3254 1699 :
3303 1665 3321 1698 ι
3358 1647 3717 1716 Supplicatiuni,
3753 1662 3773 1698 a

2291 1744 2508 1800 domino
2531 1742 2805 1796 Bcrnardo
2831 1739 3021 1803 Gazio,
3053 1739 3260 1792 ordinis
3289 1737 3652 1793 Carthusiensis
3686 1752 3775 1807 pro-

2294 1841 2544 1889 curatore
2602 1830 2886 1902 generali,
2956 1844 3125 1883 sacrae
3175 1829 3372 1882 rituum
3437 1827 3776 1898 Congregatioui

2293 1934 2577 1995 porrectas,
2615 1922 2802 1977 eadem
2829 1921 3187 1992 Congrcgatio
3243 1920 3502 1974 communi
3545 1917 3777 1972 illustrissi-

2293 2031 2503 2070 morum
2536 2013 2600 2067 R.
2635 2013 2695 2067 Ρ.
2728 2027 2948 2066 assensu
2975 2011 3250 2073 inclinata,
3281 2010 3453 2065 habita
3481 2011 3624 2063 etiam
3676 2007 3776 2060 San-

2292 2106 2518 2162 ctissimi
2561 2105 2769 2160 Domini
2793 2104 2961 2159 nostri
2992 2103 3416 2168 continuatione,
3450 2103 3618 2157 festum
3653 2100 3776 2153 sancti

2295 2198 2584 2261 Brunonis,
2610 2195 2848 2264 ejusdem
2875 2197 3084 2250 ordinis
3116 2195 3445 2260 fundatoris,
3494 2197 3572 2250 die
3616 2194 3644 2248 6
3664 2194 3782 2247 θειο-

2293 2290 2430 2355 bris,
2458 2305 2562 2358 qua
2590 2290 2642 2343 in
2669 2289 2862 2344 cmlum
2891 2288 3143 2353 evolavit,
3177 2289 3231 2342 in
3258 2288 3452 2342 missali
3488 2302 3549 2342 ac
3577 2283 3780 2339 breviario

2295 2383 2538 2436 Romano
2585 2383 2795 2451 reponi,
2838 2392 2892 2436 et
2941 2381 3173 2436 officium
3220 2382 3287 2435 de
3323 2395 3386 2434 eo
3430 2374 3710 2444 semiduplex
3735 2371 3782 2425 ab

2293 2477 2544 2529 omnibus
2595 2475 2791 2542 ubique
2862 2474 3110 2528 fidelibus
3175 2472 3392 2528 recitari
3434 2467 3684 2524 concessit.
3727 2462 3782 2515 Illi

2293 2565 2436 2620 enim
2463 2566 2603 2618 inter
2629 2565 2856 2618 Sanctus
2890 2567 3160 2632 praecipue
3203 2559 3551 2616 universalem
3595 2553 3784 2610 Ecclesia!

2293 2653 2694 2706 venerationem
2753 2651 3106 2721 expostulare
3157 2652 3427 2711 videntur,
3460 2647 3544 2717 qui
3570 2654 3782 2698 sacrarum

2293 2725 2617 2798 familiarum
2675 2742 3015 2798 institutores
3071 2742 3323 2796 tnilitanti
3379 2740 3541 2794 eidem
3590 2731 3784 2790 Ecclesia:

2293 2849 2564 2902 nunquam
2645 2833 2926 2886 interitura
2993 2833 3248 2899 suffragia
3329 2831 3649 2899 reliquerunt.
3703 2822 3783 2888 Sig.

2292 2920 2614 2975 Franciscus
2671 2920 2877 2982 Maria,
2935 2919 3244 2973 Cardinalis
3290 2933 3318 2971 a
3349 2917 3538 2971 Monte.
3577 2912 3713 2966 Locus
3742 2912 3782 2969 ’Β

2293 3011 2472 3081 sigilli.
2519 3011 2752 3066 Joannes
2805 3011 3042 3079 Baptista
3077 3009 3412 3063 Rinuccinus
3438 3003 3732 3062 secretarius.
3769 3015 3783 3047 ι

2298 3105 2411 3159 lloe
2475 3105 2915 3168 instrumentum,
2969 3104 3142 3178 quod,
3172 3103 3262 3174 qui
3321 3102 3443 3155 illud
3471 3114 3582 3154 cum
3624 3092 3792 3149 Benedi-

2296 3207 2383 3250 cto
2414 3194 2526 3249 XIV
2557 3210 2691 3264 papa
2721 3195 2788 3249 de
2832 3195 3087 3249 mandato
3118 3193 3401 3249 reverendi
3435 3191 3610 3263 patris,
3639 3183 3791 3240 ordinis

2292 3286 2700 3342 Carthusiensis
2735 3287 3020 3358 generalis,
3049 3285 3492 3349 communicavit,
3541 3276 3792 3336 Ambrosius

2292 3378 2514 3443 Crollct,
2540 3377 2696 3446 hujus
2724 3378 3004 3445 scriba,”
3020 3377 3340 3434 Novembris
3376 3376 3498 3432 anni
3528 3372 3790 3428 lﬁﬂdatum

2292 3480 2470 3535 notat,
2494 3471 2870 3525 Carthusianis
2898 3471 3203 3540 petentibus
3242 3486 3276 3524 a
3311 3483 3460 3526 sacra
3498 3467 3670 3522 rituum
3690 3459 3792 3514 Con-

2295 3563 2613 3632 gregatione
2665 3561 2765 3616 fuit
2819 3562 3104 3626 indultum,
3158 3562 3393 3632 ipsemet
3437 3563 3696 3616 annuente,
3737 3546 3792 3599 Illi

2294 3653 2540 3716 re.~itata,
2590 3649 2784 3720 quibus
2833 3650 2886 3704 id
2935 3659 3174 3712 constat,
3232 3650 3402 3718 verba
3435 3647 3581 3702 fidem
3618 3639 3792 3697 faciunt,

2292 3756 2503 3796 summo
2530 3740 2782 3811 pontifice
2804 3740 3070 3810 Gregorio
3098 3739 3226 3803 XV;
3263 3749 3326 3794 ut
3372 3735 3586 3808 proinde
3608 3732 3680 3787 hic
3700 3724 3794 3782 illud

2291 3833 2488 3902 ipsum,
2517 3833 2659 3902 quod
2689 3847 2830 3886 anno
2869 3831 3005 3885 1625
3027 3846 3120 3900 per
3146 3830 3356 3895 Breve,
3387 3844 3529 3882 num.
3557 3825 3612 3879 2t
3639 3830 3686 3876 et
3708 3829 3792 3883 seq-

2291 3926 2600 3989 recitatum,
2674 3923 3051 3979 Carthusianis
3098 3923 3498 3991 postulantibus
3553 3913 3794 3974 concessit.

2290 4015 2427 4068 viva:
2457 4013 2606 4068 vocis
2637 4013 2858 4068 oraculo
2886 4021 3042 4066 antea
3072 4012 3408 4082 iinpertiisse
3454 4009 3690 4064 videatur.
3718 3999 3796 4053 Nec

2292 4097 2498 4158 tantum
2553 4104 2646 4168 hic
2687 4101 2924 4172 pontifex
2958 4142 2974 4166 ,
3027 4112 3084 4156 ut
3109 4103 3166 4156 S.
3194 4103 3382 4156 Bruno
3428 4116 3522 4172 per
3547 4097 3796 4152 universam

2291 4197 2586 4250 ECt'lt‘Siam
2611 4195 2755 4249 cultu
2786 4195 3000 4263 publico
3023 4194 3157 4248 allici
3181 4181 3635 4264 posset,indulsit;
3657 4195 3796 4238 verum

2289 4287 2474 4349 etiam,
2504 4301 2612 4354 quo
2640 4286 2852 4354 reipsa,
2875 4285 3038 4338 etiam
3069 4285 3137 4338 ab
3179 4285 3268 4350 iis,
3303 4285 3395 4354 qui
3453 4283 3519 4337 ad
3564 4279 3712 4334 Horas
3733 4286 3798 4324 ca-

2290 4375 2517 4429 nonicas
2543 4389 2644 4428 non
2674 4383 2946 4438 tenentur,
2973 4374 3325 4427 veneratione
3353 4384 3585 4442 congrua
3623 4367 3782 4422 honora

615 4451 828 4518 ’Ὄροιιίο
861 4451 1200 4521 οηῑοίιιιηψιθ
1246 4451 1312 4504 de
1352 4466 1416 4504 θο
1458 4451 1792 4518 εοιηῑάιψιθκ
1838 4451 1906 4505 ab
1935 4454 2186 4508 omnibus
2221 4475 2263 4529 ι)
2289 4472 2463 4528 retur,
2522 4461 2912 4530 indulgentiam
2966 4462 3262 4531 plenariam
3307 4463 3580 4524 omnibus,
3605 4457 3681 4527 qui
3712 4453 3798 4506 lure

616 4541 818 4608 ubique
840 4540 1084 4596 fidelibus
1106 4541 1319 4596 recitari
1343 4540 1510 4594 libere
1533 4551 1588 4596 et
1621 4541 1765 4596 licite
1795 4543 1960 4612 possit
1979 4553 2032 4596 et
2096 4560 2187 4596 va-

616 4625 770 4688 leat,
847 4629 1141 4698 apostolica
1207 4629 1532 4683 auctoritate
1606 4637 1789 4684 tenore
1840 4633 2184 4701 praesentium

618 4709 962 4772 concedimus
988 4718 1418 4789 etindulgemus.
1457 4718 1724 4785 Quocirca
1778 4724 2184 4778 venerabilihus

615 4799 879 4860 fratribus
902 4796 1710 4880 patriarehis,archiepiscopis,
1748 4813 2032 4882 episcopis,
2084 4831 2185 4870 cac-

618 4895 861 4975 terisque
911 4889 1561 4966 ecclesiarmnpraalatis,
1611 4899 1666 4952 in
1708 4900 1962 4956 universo
2011 4914 2183 4958 terra-

613 5001 737 5040 rum
767 4987 900 5042 orbe
927 4987 1254 5054 constitutis,
1285 4989 1630 5058 praecipimus
1656 4999 1710 5045 et
1758 4995 2094 5060 mandamus,
2126 5008 2184 5052 ut

613 5075 672 5130 in
699 5075 813 5131 suis
834 5063 1135 5146 quibusque
1161 5076 1425 5141 ecclesiis,
1457 5079 1749 5146 provinciis
1777 5093 1831 5137 et
1859 5066 2184 5141 dioecesibus

619 5177 919 5238 prtesentcs
966 5177 1179 5224 nostras
1235 5169 1444 5229 litteras
1467 5173 1778 5228 solenmiter
1806 5175 2084 5242 publicari,
2128 5188 2184 5232 et

620 5257 690 5311 ab
731 5260 981 5315 omnibus
1033 5261 1417 5317 ecclesiasticis
1443 5263 1687 5332 personis
1734 5265 2098 5331 saecularibus,
2126 5278 2182 5324 et

613 5350 926 5415 quorumvis
977 5351 1224 5406 ordinum
1270 5353 1606 5424 regularibus
1635 5355 1854 5412 omnino
1899 5356 2178 5414 observari

613 5439 839 5506 faciant,
877 5458 980 5498 non
1013 5444 1351 5509 obstantibus
1379 5450 1852 5506 constitutionibus
1881 5457 1936 5505 et
1961 5449 2180 5504 ordina-

615 5529 849 5586 tionibus
884 5535 1226 5602 apostolicis,
1265 5539 1587 5610 czeterisque
1632 5541 1920 5596 contrariis
1954 5539 2178 5609 quibus-

615 5635 846 5689 c‘inque.
881 5624 1137 5682 Volumus
1181 5637 1386 5696 autem,
1434 5643 1493 5687 ut
1525 5633 1870 5702 praesentium
1908 5640 2178 5685 transum-

613 5707 742 5772 ptis,
769 5712 928 5766 etiam
959 5715 1249 5784 impressis,
1288 5736 1445 5775 tnanu
1483 5721 1709 5792 alicujus
1746 5721 1940 5776 notarii
1975 5721 2170 5787 publici

2290 4553 2390 4622 ipsi
2441 4568 2597 4606 sacra
2667 4539 3152 4608 Carthusianorurit
3227 4555 3490 4609 ecclesias
3546 4550 3796 4604 visitarent.

2289 4643 2538 4710 exigique
2570 4657 2667 4711 pro
2697 4643 2968 4713 lucrandis
3001 4643 3261 4712 plenariis
3301 4642 3635 4714 indulgentiis
3659 4636 3800 4690 solitas

2287 4746 2476 4802 preces
2508 4731 2704 4786 ibi-.lem
2737 4731 3091 4796 elfundercnt,
3124 4733 3545 4800 propensissime
3565 4720 3796 4782 concessi!-

2287 4822 2573 4876 Exstantes
2600 4822 2740 4890 apud
2779 4821 3068 4876 Surianum
3126 4821 3336 4877 litteras
3367 4819 3688 4891 apostobcas,
3712 4807 3801 4880 qui-

2290 4911 2392 4966 bus
2421 4911 2473 4964 id
2499 4910 2648 4974 fecit,
2677 4911 2824 4966 lubet
2865 4912 3026 4966 etiam
3058 4911 3164 4967 huc
3191 4913 3569 4967 transcribere.

2353 5001 2441 5056 9.4.
2463 5001 2825 5071 Sequentibus
2855 5004 3036 5070 itaque
3059 5004 3198 5071 apud
3226 5005 3372 5058 hunc
3401 5004 3524 5057 vita:
3565 5001 3618 5054 S.
3639 4997 3800 5050 Bruno-

2287 5092 2392 5157 nis,
2422 5106 2518 5160 per
2549 5092 2764 5145 Surium
2791 5094 3149 5158 concinnatae,
3173 5102 3643 5148 commentatorem
3663 5083 3802 5138 vt‘rbis

2285 5182 2664 5250 concipiuntur
2696 5201 2707 5235 :
2749 5201 2766 5233 ι
2802 5181 3097 5251 Gregorius
3130 5200 3265 5253 papa
3298 5183 3394 5236 XV
3426 5183 3492 5237 ad
3539 5183 3801 5248 perpetuam

2285 5274 2363 5328 rei
2393 5276 2728 5328 memoriam.
2762 5273 3028 5340 Splendor
3081 5289 3318 5343 paterna:
3368 5275 3574 5344 gloriae,
3623 5267 3699 5336 qui
3729 5275 3800 5316 sua

2283 5363 2540 5418 mundum
2573 5364 2838 5418 illuminat
2885 5363 3138 5418 ineffabili
3207 5365 3481 5429 claritate,
3523 5362 3603 5434 pia
3633 5367 3734 5411 vota
3763 5351 3803 5404 li-

2283 5455 2508 5521 delium,
2569 5457 2634 5510 dc
2662 5455 3080 5510 clementissima
3135 5455 3251 5526 ejus
3302 5457 3585 5526 majestate
3618 5459 3804 5521 speran-

2283 5545 2438 5610 tium,
2479 5555 2606 5601 tunc
2651 5547 2920 5614 prazeipue
2967 5547 3202 5615 benigno
3247 5546 3438 5602 favore
3484 5540 3803 5616 prosequitur.

2281 5647 2402 5688 cum
2431 5635 2619 5690 devota
2654 5637 2890 5705 ipsorum
2922 5637 3198 5693 liutnilitas
3246 5637 3567 5694 Sanctorum
3599 5632 3805 5705 prec‘btis

2283 5734 2338 5778 et
2363 5725 2570 5782 meritis
2601 5724 2904 5793 adjuvatur.
2941 5727 3188 5784 Volcntcs
3215 5728 3398 5800 igitur,
3428 5743 3609 5785 omnes
3637 5733 3682 5779 cl
3718 5719 3801 5774 sino
