3864 6320
120 362 200 417 εει
1610 344 1802 401 ACTA.

3232 360 3339 415 693

118 474 245 547 gulas
291 467 545 525 ecclesias
590 467 1035 524 monasteriorum
1088 466 1474 521 monachorum
1503 464 1635 519 Car-
1686 473 1733 528 Α
1760 478 1864 532 qua
1892 464 1979 519 hic
2010 465 2164 519 nobis
2189 480 2387 530 sermo,
2413 466 2647 523 Coloniae
2676 470 3004 541 Agrippinae,
3030 489 3136 529 non
3186 492 3329 531 anno

119 562 454 617 thusianorum
471 556 782 627 ubicunque
807 556 1146 610 existentium
1170 554 1349 625 aliquo
1370 553 1642 624 spirituali

119 659 309 701 munere
333 644 623 709 illustrare,
652 645 717 700 de
736 644 1117 713 omnipotentis
1146 644 1237 698 Dei
1270 643 1642 698 misericordia

118 756 174 796 ac
206 740 469 794 beatorum
492 737 642 792 Petri
671 745 724 792 et
762 736 908 791 Pauli
940 735 1301 805 apostolorum
1335 735 1657 791 auctoritate

120 829 302 894 conﬁsi,
339 828 591 883 omnibus
620 829 899 898 utriusque
929 843 1091 883 sexus
1140 827 1340 882 Christi
1384 825 1653 890 ﬁdelibus,

115 937 223 978 vere
242 918 617 990 pmuitentibus
641 930 695 973 et
723 919 984 974 confessis
1010 935 1073 974 ac
1091 935 1247 974 sacra
1272 919 1655 973 communione

114 1012 323 1077 refectis,
352 1013 442 1080 qui
493 1012 735 1083 aliquam
787 1028 855 1068 ex
880 1013 1038 1067 dictis
1080 1011 1326 1068 ecclesiis
1372 1012 1461 1067 die
1517 1011 1656 1067 festo

111 1107 261 1162 sancti
306 1106 592 1171 Brunonis,
643 1114 794 1160 sexto
835 1106 1038 1161 mensis
1067 1104 1339 1171 LOctobris
1392 1105 1654 1160 celebrari

112 1196 266 1260 solito,
314 1210 343 1249 a
385 1196 575 1265 primis
620 1194 875 1265 Vesperis
926 1210 1098 1265 usque
1130 1196 1198 1249 ad
1251 1211 1501 1250 occasum
1528 1195 1656 1251 solis

111 1287 219 1343 festi
247 1286 545 1356 hujusmodi
574 1286 802 1357 singulis
828 1286 985 1340 annis
1000 1287 1192 1341 devote
1213 1286 1573 1349 visitaverint,
1601 1293 1655 1340 et

110 1382 173 1436 ibi
195 1396 284 1451 pro
308 1379 735 1434 Christianorum
764 1379 1070 1450 principum
1123 1378 1435 1445 concordia,
1479 1379 1655 1433 hmre~

110 1487 217 1525 sum
237 1470 619 1540 exstirpatione
645 1485 708 1525 ac
729 1478 932 1524 sancta:
959 1470 1148 1524 matris
1167 1469 1423 1525 Ecclesia:
1450 1469 1655 1524 exalta-

111 1562 242 1616 tione
261 1561 369 1631 pias
412 1562 479 1615 ad
526 1561 697 1615 Deum
730 1576 921 1631 preces
964 1558 1283 1627 ell‘uderint,
1341 1561 1646 1630 plenariam

105 1653 318 1707 omnium
368 1660 713 1721 peccatorum
761 1667 980 1706 suorum
1024 1650 1441 1722 indulgentiam]
1482 1661 1653 1708 etre-

111 1743 397 1797 utissionem
445 1743 878 1797 misericorditer
916 1742 970 1796 in
1014 1742 1245 1797 Domino
1280 1742 1650 1808 concedimus,

1760 550 1938 620 1625,
1991 558 2086 610 sed
2144 571 2285 611 anno
2326 556 2484 623 1624,
2536 557 2861 615 celebratam
2908 561 3102 631 fuisse,
3142 566 3341 623 intelli-

1758 654 1933 715 gatur,
2001 646 2451 716 quemadmodum
2524 665 2693 715 mox,
2753 665 2875 706 cum
2942 653 2995 708 id
3060 657 3335 725 recitaro,

1756 737 2062 792 ostendam.

1831 828 1921 883 26.
1953 826 2049 884 liis
2079 830 2258 885 verbis
2312 830 2616 903 concipitur
2674 852 2742 887 ε(
2801 832 3177 895 Ferdinandus
3232 840 3333 898 Dei

1757 920 1930 989 gratia
1963 930 2163 975 sancta:
2198 921 2539 977 Coloniensis
2588 925 2836 980 ccclesize
2887 929 3093 985 electus
3130 940 3183 985 et
3211 948 3343 985 eon-

1759 1010 2009 1067 firmatus
2039 1014 2479 1085 archiepisc0pus
2531 1014 2588 1070 S.
2628 1016 2784 1071 Rom.
2809 1016 2943 1089 Imp.
2996 1036 3094 1091 per
3128 1021 3335 1078 Italiam

1757 1103 2316 1170 archicancellarius,
2360 1115 2415 1161 et
2474 1109 2728 1177 princeps
2783 1110 3007 1178 elector,
3060 1093 3361 1186 episc0pus‘

1756 1193 2220 1252 Paderbornensis
2244 1239 2258 1261 ,
2291 1195 2608 1255 Leodiensis
2631 1210 2687 1256 ct
2714 1201 3154 1259 Monasteriensis
3180 1246 3196 1271 ,
3246 1207 3343 1261 ad-

1756 1286 2098 1341 ministrator
2196 1287 2679 1348 Hildesheimcnsis
2725 1334 2741 1358 ,
2842 1294 3188 1353 Corbeiensis
3285 1309 3343 1353 et

1755 1374 2311 1447 Berchtesgadcnsis,
2387 1381 2642 1451 princeps
2696 1382 3081 1451 Stabulensis,
3157 1402 3343 1444 comes

1756 1468 2035 1524 Palatinus
2082 1469 2256 1525 Rheni
2286 1513 2299 1535 ,
2334 1472 2618 1542 utriusque
2647 1473 2913 1543 Bavarize,
2947 1477 3299 1548 Westphalite
3322 1522 3338 1549 ,

1756 1561 2024 1631 Augarim,
2060 1560 2323 1617 Bullionis
2352 1564 2479 1630 dux,
2526 1566 2770 1620 marchto
2808 1566 3339 1637 Francimontensis,

1756 1665 1938 1705 comes
1989 1649 2294 1717 Lossensis,
2331 1652 2668 1728 Lotigicnsis,
2721 1655 3042 1723 Hornensis,
3090 1659 3148 1715 S.
3182 1658 3341 1715 Sedis

1756 1741 2065 1811 apostolica:
2109 1744 2317 1814 legatus
2372 1754 2556 1811 natus,
2612 1757 2716 1801 etc.
2752 1747 3055 1804 Venerabili
3105 1750 3249 1806 clero
3284 1765 3343 1808 et

107 1834 433 1903 praesentibus
460 1834 737 1903 perpetuis
762 1833 957 1888 futuris
1007 1832 1339 1902 temporibus
1377 1834 1648 1888 valituris.
1684 1829 1730 1888 Β
1760 1834 2049 1899 universis,
2093 1850 2157 1889 ac
2203 1835 2428 1905 singulis
2486 1836 2685 1892 Christi
2740 1838 2985 1895 fidelibus
3024 1841 3258 1896 civitatis
3283 1851 3341 1897 ct

111 1926 340 1981 Volumus
389 1935 617 1991 autem,
693 1925 836 1995 quod
895 1927 1247 1994 prmsentium
1304 1927 1655 1995 transumptis

105 2015 245 2070 etiam
276 2014 566 2086 impressis,
597 2029 759 2068 manu
784 2013 1014 2083 alicujus
1044 2014 1242 2069 notarii
1300 2014 1498 2084 publici
1527 2015 1655 2069 sub.

106 2107 299 2175 scriptis
327 2115 379 2161 et
406 2107 581 2177 sigillo
610 2105 839 2174 alicujus
894 2121 1140 2176 persona:
1190 2110 1243 2161 in
1274 2105 1535 2177 dignitate
1562 2122 1654 2161 cc-

104 2199 374 2253 clesiastica
404 2199 711 2252 constitutze
758 2198 1001 2262 munitis,
1058 2198 1245 2253 eadem
1275 2213 1496 2267 prorsus
1525 2197 1655 2253 ﬁdes

102 2291 418 2353 adhibeatur,
441 2307 561 2359 qua:
591 2290 949 2360 praesentibus
978 2290 1343 2353 adhiberetur,
1379 2290 1424 2344 si
1476 2289 1655 2343 forent

92 2381 331 2434 exhibita:
359 2379 435 2434 vel
454 2389 710 2435 ostensce.
746 2380 937 2433 Datum
964 2379 1147 2432 Roma:
1181 2380 1321 2448 apud
1349 2377 1406 2432 S.
1432 2378 1651 2433 Mariam

105 2474 334 2542 Majorem
348 2473 441 2526 sub
466 2472 666 2526 annulo
697 2473 983 2542 piscatoris
1001 2473 1131 2527 die?)
1152 2471 1302 2537 Julii,
1328 2487 1469 2526 anno
1494 2471 1651 2539 1625,

102 2565 418 2634 pontiﬁcatus
440 2565 614 2618 nostri
647 2581 791 2620 anno
835 2566 1014 2619 tertio.
1064 2584 1081 2616 ο

158 2656 241 2709 25.
269 2657 556 2722 Surianus,
583 2658 855 2726 pontificia
881 2658 1002 2722 hac,
1045 2674 1149 2728 qua
1191 2658 1485 2728 quamlibet
1515 2658 1651 2714 (ἰωκ-

104 2749 447 2803 thusianorum
470 2751 758 2805 ecclesiam
795 2751 881 2806 die
910 2760 1062 2806 sexta
1092 2752 1342 2807 Octobris
1388 2767 1480 2806 seu
1532 2752 1651 2807 luce

104 2839 151 2892 S.
187 2840 414 2894 Brunoni
445 2856 602 2896 sacra
642 2840 1114 2910 frequentantibus
1166 2842 1501 2911 indulgentia
1541 2843 1654 2911 ple-

103 2932 233 2984 naria
262 2948 291 2984 a
322 2932 580 3003 Gregorio
608 2932 703 2987 ΧΥ
732 2931 831 2987 fuit
859 2920 1140 2999 concessa,
1180 2948 1301 3004 pag.
1333 2934 1435 2987 266
1457 2944 1511 2988 et
1534 2949 1650 3004 seq.

102 3023 301 3078 recitata
352 3025 515 3090 bulla,
548 3041 670 3079 mox
703 3024 977 3096 subjungit
1009 3045 1022 3080 :
1052 3045 1071 3078 ‹
1120 3025 1234 3080 llac
1275 3037 1456 3081 autem
1484 3027 1650 3093 bulla,

100 3115 223 3169 velut
246 3116 469 3171 classico
493 3128 818 3187 personante
843 3159 858 3181 ,
894 3119 1030 3172 varii
1063 3120 1334 3173 variarum
1367 3120 1647 3189 regionum

100 3207 292 3260 excitati
320 3207 521 3277 populi,
542 3208 790 3263 certatim
816 3208 1045 3278 quisque
1076 3224 1173 3277 pro
1196 3224 1291 3264 sua
1317 3209 1369 3262 in
1399 3219 1646 3264 sanctum

102 3296 375 3354 Brunonem
431 3300 767 3370 religiosiorc
815 3301 1161 3356 observantia
1190 3341 1206 3367 ,
1260 3310 1648 3373 exaggeratum

98 3388 275 3444 cultum
307 3391 502 3461 (eidem
526 3408 720 3462 nempe
734 3392 791 3447 S.
817 3392 1077 3463 Brunoui)
1115 3393 1512 3463 impenderunt,
1539 3414 1556 3445 ι
1586 3384 1651 3449 ac

100 3479 267 3534 deinde
291 3490 501 3547 narrat,
528 3492 733 3552 quanta
776 3483 1119 3540 solemnitate
1151 3500 1213 3538 ac
1237 3500 1433 3556 pompa
1463 3484 1649 3540 Sancti

98 3572 271 3629 festum
324 3574 564 3631 Colonia:
612 3577 924 3648 Agrippina:
978 3577 1333 3643 nominatim,
1385 3578 1651 3636 Leodiiet

102 3663 219 3719 Lirac
244 3668 293 3720 in
325 3667 617 3723 Brabantia
667 3668 1000 3723 celebratum
1059 3677 1169 3723 tum
1212 3669 1392 3724 fuerit.
1424 3670 1493 3725 Ut
1526 3671 1651 3727 bre-

95 3756 225 3810 vitati
248 3759 506 3817 studeam.
541 3760 634 3827 qui
677 3759 728 3813 id
758 3761 810 3813 in
841 3760 1009 3828 priori
1043 3775 1074 3814 e
1112 3760 1285 3815 tribus
1333 3761 1484 3816 hisce
1514 3762 1650 3817 civi-

97 3847 290 3909 tatibus.
318 3863 435 3917 qua?
464 3849 669 3904 Sancto
708 3850 903 3905 natalis
924 3852 1138 3923 obtigit,
1168 3851 1368 3908 factum
1401 3852 1585 3918 fuerit,
1615 3869 1649 3908 e

96 3940 285 3995 laudato
310 3941 492 3996 Sancti
534 3941 689 4007 Vitae,
715 3958 810 4012 per
839 3943 1055 3999 Surium
1083 3944 1300 4012 scripta:
1324 3984 1339 4008 ,
1379 3959 1649 3999 commen-

97 4036 245 4084 tatore
292 4031 552 4087 lectorem
586 4033 816 4087 edoccre
868 4033 1131 4088 duntaxat
1157 4032 1322 4089 lubet.
1363 4034 1442 4089 Ac
1472 4035 1649 4104 primo

94 4121 306 4187 quidem,
365 4134 656 4193 antequam
709 4124 893 4187 verba,
950 4126 1146 4194 quibus
1176 4126 1220 4180 is
1258 4127 1492 4195 scriptor
1534 4142 1646 4181 rem

93 4213 309 4278 exponit,
343 4214 446 4267 huc
477 4214 862 4278 trauscribam,
893 4214 958 4269 de
1008 4230 1152 4270 anno
1204 4232 1312 4285 quo
1335 4216 1648 4270 solemnitas

92 4297 178 4351 ista
212 4300 441 4357 Colonia:
467 4302 776 4372 Agrippinae
806 4303 1087 4368 acciderit,
1116 4304 1370 4359 nonnulla
1419 4305 1645 4359 dicenda

92 4401 218 4453 sunt,
244 4407 311 4446 ne
338 4394 456 4463 quis
505 4393 648 4448 forte
692 4394 857 4457 illam,
881 4396 1022 4464 quod
1055 4396 1252 4452 litteris
1293 4397 1603 4467 apostolicis
1627 4435 1643 4461 ,

93 4497 194 4534 mox
224 4486 461 4539 recitatis
503 4500 755 4553 annoque
801 4483 937 4539 H323
989 4488 1150 4553 datis,
1186 4488 1433 4556 proxime
1463 4505 1491 4542 a
1541 4487 1642 4541 Su-
1676 4520 1720 4576 υ

92 4573 223 4627 riano
246 4575 530 4649 subdatur,
583 4577 684 4629 hoc
732 4576 893 4630 etiam
924 4593 1085 4643 anno,
1113 4579 1254 4645 quod
1287 4593 1353 4634 ex
1403 4578 1643 4634 dicendis

92 4685 223 4728 secus
244 4674 420 4741 habet,
452 4677 701 4732 evenisse
722 4676 1036 4731 arbitretur.
1072 4671 1417 4728 Solemnitati
1441 4671 1644 4740 itaque,

91 4778 196 4831 qua,
218 4781 339 4820 cum
358 4769 655 4837 pontiﬁcia,
679 4784 838 4838 quam
862 4767 1109 4838 proxime
1141 4763 1470 4827 memoravi,
1500 4761 1646 4815 bulla

92 4858 194 4909 data
228 4857 438 4924 fuisset,
473 4860 710 4915 Colonia:
731 4861 1039 4931 Agrippina:
1068 4858 1125 4914 S.
1153 4859 1419 4914 Drunonis
1448 4859 1644 4913 festum

91 4947 398 5004 celebratum
432 4951 556 5017 fuit,
593 4952 1057 5020 prmivitedictum
1078 4992 1092 5014 ,
1120 4966 1227 5020 quo
1266 4951 1645 5006 Ferdinandus

91 5038 315 5107 princeps
340 5040 541 5097 elcctor
560 5050 613 5097 et
637 5042 1076 5112 archiepiscopus
1090 5041 1431 5096 Coloniensis
1457 5055 1646 5095 omnes

92 5129 471 5187 archidimcesis
501 5148 612 5188 suae
642 5133 891 5200 clericos,
922 5143 979 5187 ut
1031 5134 1241 5188 instans
1272 5132 1333 5187 S.
1370 5131 1643 5189 Brunonis

91 5217 261 5275 festum
314 5238 555 5292 congrua
612 5224 901 5294 debitaque
946 5225 1233 5279 devotione
1279 5223 1641 5288 celebrarent,

92 5309 419 5367 vehementer
451 5315 700 5369 hortatus
737 5325 835 5379 est,
866 5315 1231 5384 nonnullaque
1253 5330 1319 5370 eo
1341 5316 1641 5385 spectantia

90 5401 411 5471 prescripsit.
441 5403 618 5458 Lubet
636 5412 691 5459 et
719 5413 1125 5459 monumentum
1152 5404 1304 5468 illud,
1330 5406 1475 5474 quod
1504 5404 1645 5456 inter

91 5492 326 5556 sepositas
350 5508 379 5546 a
413 5492 711 5560 majoribus
732 5496 927 5550 nostris
950 5495 1017 5549 de
1044 5495 1102 5549 S.
1133 5493 1383 5549 Brunone
1420 5493 1642 5548 notitias

89 5578 261 5647 inveni,
303 5584 578 5649 integrum
628 5584 730 5640 huc
785 5588 1150 5642 transcribere
1175 5627 1191 5652 ,
1252 5597 1365 5640 tum
1397 5584 1637 5653 nequid,

90 5685 247 5727 notatu
279 5675 530 5744 dignum,
552 5677 690 5743 quod
714 5678 777 5730 ad
800 5677 1024 5748 gloriam
1070 5678 1255 5733 Sancti
1295 5677 1638 5747 posthumam

87 5760 574 5837 facit,pt':£tcream,
609 5774 716 5821 tum
742 5770 881 5838 quod
906 5786 970 5828 ex
998 5785 1081 5838 co,
1121 5769 1538 5836 solemnitatem,
1574 5766 1639 5821 de

1758 1924 2161 1980 archidimcesis
2189 1935 2389 1981 nostrae
2420 1926 2759 1982 Coloniensis
2794 1928 3022 1984 salutem
3053 1929 3104 1983 in
3156 1930 3344 1985 Domi-

1757 2029 1828 2069 no
1876 2025 2286 2085 sempiternam.
2334 2015 2467 2071 Cum
2517 2017 2658 2073 Deus
2700 2017 2825 2088 Opt.
2875 2017 3015 2073 Max.
3046 2016 3207 2075 Pater
3247 2020 3341 2075 ille

1757 2106 2255 2161 misericordiarum
2288 2123 2387 2177 pro
2416 2118 2644 2179 paterna
2678 2124 2773 2163 sua
2799 2112 3138 2180 providentia
3171 2120 3225 2165 et
3252 2111 3337 2165 iu-

1758 2194 1911 2247 linita
1931 2212 2055 2264 erga
2077 2212 2174 2251 nos
2199 2197 2466 2253 charitate
2484 2214 2609 2254 suos
2631 2200 2933 2271 quibusque
2958 2201 3093 2256 locis
3115 2210 3171 2256 et
3196 2212 3333 2257 tem-

1756 2286 1978 2354 poribus
2002 2286 2232 2341 Sanctos
2261 2290 2411 2344 varie
2448 2290 2781 2360 dispertitur,
2811 2300 2869 2345 ut
2919 2292 3075 2345 nobis
3124 2292 3174 2345 in
3206 2291 3341 2346 cali-

1714 2440 1725 2455 .
1755 2377 1942 2446 ginoso
1977 2378 2082 2431 isto
2112 2379 2311 2433 mundo
2351 2381 2494 2434 inter
2538 2390 2616 2435 tot
2645 2381 2957 2451 dogmatum
3016 2396 3079 2435 ac
3123 2396 3337 2434 morum

1755 2483 1973 2523 errores
2002 2469 2171 2523 facem
2196 2468 2508 2540 pra-ferant,
2532 2486 2595 2525 ac
2620 2471 2670 2524 in
2703 2472 2845 2524 viam
2886 2470 3084 2525 salutis
3124 2480 3344 2526 aeterna:

1755 2561 1908 2630 quasi
1936 2578 2097 2615 manu
2128 2563 2349 2626 ducant,
2385 2571 2496 2617 tum
2531 2561 2878 2634 vero‘jugiter
2916 2563 3057 2617 hanc
3094 2572 3341 2618 nostram

1754 2648 2133 2704 Coloniensem
2183 2651 2468 2706 ecclesiam
2524 2651 2694 2707 oculis
2753 2667 2863 2706 sua:
2934 2652 3341 2723 benignissima:

1757 2742 2145 2798 misericordiae
2196 2744 2434 2814 respexit
2465 2755 2520 2799 et
2549 2745 2761 2800 caeteris
2782 2745 2931 2801 orbis
2958 2755 3223 2799 terrarum
3249 2762 3337 2802 re-

1754 2834 2007 2902 gionibus
2036 2850 2099 2887 ac
2132 2835 2425 2904 provinciis
2452 2835 2865 2890 eminentiorem
2898 2834 3172 2901 reddidit,
3207 2837 3337 2891 dum

1754 2925 2175 2979 clementissime
2228 2924 2397 2979 voluit
2440 2934 2493 2980 et
2533 2925 2823 2990 concessit,
2875 2933 2935 2978 ut
2978 2925 3337 2994 plurimorum

1758 3016 2224 3083 maximorumque
2248 3013 2574 3069 Sanctorum
2602 3028 2830 3084 parens,
2862 3012 3041 3067 alitrix
3060 3053 3076 3081 ,
3110 3012 3341 3067 domici-

1756 3104 1884 3158 lium
1937 3114 1991 3159 et
2023 3114 2209 3159 custos
2230 3112 2405 3170 esset;
2440 3118 2667 3173 quorum
2702 3103 2956 3157 nimirum
3017 3103 3227 3157 meritis
3283 3111 3342 3157 et

1754 3196 2044 3264 suffragiis,
2094 3206 2377 3267 postquam
2432 3197 2591 3250 fidem
2638 3194 2906 3265 suscepit,
2944 3195 3178 3249 recidiva
3226 3211 3333 3250 non

1754 3289 1876 3353 fuit,
1919 3290 2012 3343 sed
2065 3289 2117 3342 in
2157 3289 2261 3343 ﬁde
2298 3288 2530 3352 stabilis,
2581 3298 2772 3357 estque
2795 3296 2850 3341 et
2880 3288 3030 3341 audit
3075 3286 3336 3341 Roumme

1734 3381 1994 3437 .ecclcsia:
2019 3380 2192 3435 ﬁdelis
2219 3379 2328 3434 ﬁlia
2360 3380 2570 3449 aliaque
2595 3396 2716 3450 quae
2748 3380 2870 3434 inde
2894 3379 3038 3435 velut
3061 3394 3090 3434 e
3112 3379 3338 3449 perenni

1751 3472 1993 3526 omnium
2049 3470 2314 3525 bonorum
2373 3469 2524 3525 fonte
2581 3469 3334 3531 scaturiuntetderivantur.

1750 3566 2124 3633 consequitur.
2180 3563 2321 3617 Inter
2349 3578 2486 3632 quos
2530 3578 2659 3617 sane
2691 3562 2836 3616 velut
2888 3560 3043 3615 stella
3071 3561 3339 3615 matutina

1753 3657 1985 3727 refulget
2008 3665 2229 3711 sanctus
2260 3655 2459 3719 Bruno,
2492 3669 2744 3725 magnum
2771 3653 3025 3708 Ecclesia:
3050 3652 3145 3706 Dei
3172 3653 3338 3707 decus

1750 3760 1806 3805 et
1853 3757 2258 3811 ornamentum,
2309 3746 2445 3802 civis
2494 3745 2853 3810 Coloniensis,
2896 3744 3133 3799 Coloniae
3165 3744 3337 3799 nobili

1751 3838 2109 3896 llartenfaust
2135 3838 2337 3893 familia
2362 3849 2521 3894 natus
2571 3848 2624 3892 et
2668 3839 2960 3901 educatus,
2992 3852 3135 3892 anno
3165 3848 3338 3908 partae

1751 3935 1941 3990 salutis
1962 3946 2083 4003 post
2109 3932 2449 3987 millesimum
2475 3931 2829 3985 centesimum
2856 3929 3030 3998 primo
3055 3939 3331 3992 mortuus;

1748 4036 1873 4099 post
1926 4026 2273 4083 millesimum
2318 4024 2762 4095 quingentesimo
2811 4022 3024 4077 decimo
3070 4032 3268 4093 quarto
3308 4039 3338 4075 a

1749 4119 1932 4176 Leone
1953 4117 2002 4171 X
2026 4119 2167 4172 inter
2202 4117 2433 4172 Sanctos
2462 4116 2665 4171 relatus
2686 4156 2701 4181 ,
2729 4114 3069 4170 celeberrimi
3100 4112 3254 4182 juxta
3282 4124 3339 4168 et

1750 4207 2084 4265 sanctissimi
2117 4206 2325 4262 ordinis
2350 4204 2752 4261 Cat-thusiensis
2774 4204 2950 4274 (cujus
2985 4203 3105 4258 laus
3149 4213 3233 4257 cst
3280 4202 3335 4257 in

1749 4300 2017 4368 Ecclesia)
2043 4298 2298 4353 fundator
2320 4306 2376 4353 et
2408 4298 2741 4368 patriarcha.
2773 4295 2941 4350 Porro
2972 4309 3144 4364 nuper
3175 4294 3335 4349 nobis

1747 4397 2003 4451 exhibitas
2048 4405 2103 4451 ct
2148 4395 2409 4450 intimatze
2467 4394 2687 4449 fuerunt
2738 4393 2933 4448 littera:
2984 4390 3335 4446 Sanctissitni

1749 4489 1955 4544 domini
2012 4489 2184 4544 nostri
2244 4486 2491 4558 Gregorii
2538 4486 2714 4542 felicis
2782 4483 3175 4540 recordationis
3230 4482 3335 4537 Pa-

1752 4596 1832 4649 pa:
1856 4579 1950 4635 ΧΥ
2004 4593 2171 4650 super
2212 4576 2581 4633 celebratione
2627 4574 2752 4631 festi
2820 4572 3220 4629 altetnemorati
3265 4572 3329 4629 S.

1751 4676 2019 4731 Brunonis
2045 4674 2348 4746 huiusmodi
2376 4671 2476 4727 sub
2503 4679 2709 4724 tenore.
2748 4686 2766 4718 ι

1819 4766 1908 4821 27.
1934 4766 2034 4821 llic
2068 4766 2228 4823 modo
2255 4762 2501 4833 Gregorii
2548 4760 2643 4816 ΧΥ
2671 4774 2842 4831 papre,
2899 4757 2991 4828 qui
3022 4771 3165 4812 anno
3200 4755 3337 4811 1623

1749 4859 1840 4915 die
1877 4858 2086 4924 8Julii,
2144 4873 2208 4913 ac
2259 4856 2451 4927 proin,
2499 4863 2794 4924 antequam
2843 4852 2947 4907 hoc
2997 4849 3336 4906 Coloniensis

1749 4949 2142 5021 archiepiscopi
2172 4948 2411 5005 edictum
2436 4946 2784 5002 emitteretur
2802 4985 2816 5010 ,
2841 4943 2949 4997 vita
2983 4940 3203 4996 functus
3225 4949 3333 5001 cst,

1749 5043 2009 5099 recitatur
2060 5043 2248 5107 breve,
2291 5056 2441 5095 num.
2474 5039 2539 5093 21
2587 5046 2644 5093 et
2678 5036 2751 5092 2‘2
2782 5037 2993 5097 datum,
3023 5047 3087 5088 ac
3139 5029 3335 5085 deinde

1748 5133 1990 5204 pergitur
2017 5132 2120 5187 hoc
2145 5131 2303 5187 modo
2334 5147 2346 5183 :
2379 5148 2398 5181 ι
2462 5127 2570 5183 Nos
2608 5128 2791 5196 itaque
2819 5136 2929 5180 tum
2981 5138 3080 5193 pro
3107 5135 3168 5174 ea
3197 5117 3323 5174 obc-

1747 5222 1971 5289 dientia,
1995 5236 2158 5292 quam
2186 5221 2446 5276 debemus
2466 5216 2526 5273 S.
2559 5215 2691 5272 Sedi
2722 5212 3051 5281 apostolicae,
3090 5218 3199 5261 tum
3228 5220 3328 5274 pro

1746 5314 1999 5383 religioso
2024 5322 2210 5367 nostro
2235 5309 2428 5366 affectu
2458 5317 2513 5365 et
2539 5306 2890 5363 veneratione
2919 5315 3048 5371 erga
3090 5300 3327 5352 Sanctos

1746 5404 1865 5465 Dei,
1922 5417 2015 5456 eos
2062 5400 2383 5471 prazsertim,
2434 5397 2526 5467 qui
2558 5411 2658 5451 nos
2688 5404 2743 5449 et
2770 5391 3054 5447 ecclesiam
3081 5394 3325 5442 nostram

1744 5495 1964 5563 propius
1991 5492 2332 5562 contingunt,
2363 5498 2552 5544 tenore
2600 5481 2944 5554 praesentium
2997 5474 3345 5561 auctoritate

1745 5584 2039 5653 apostolica
2087 5584 2244 5637 nobis
2296 5579 2610 5640 commissa,
2638 5590 2737 5630 nec
2784 5586 2894 5627 non
2930 5572 2995 5627 de
3018 5566 3245 5623 consilio
3268 5576 3324 5622 et

1743 5689 2014 5730 consensu
2065 5670 2394 5728 venerabilis
2457 5666 2630 5723 nostri
2677 5660 2900 5733 capituli
2932 5658 3088 5714 vobis
3128 5671 3311 5726 supra-

1741 5766 1902 5824 dictis
1926 5765 2136 5821 litteras
2155 5762 2478 5833 apostolicas
2502 5757 2846 5814 notilicamus
2862 5794 2877 5820 ,
2897 5763 2953 5810 ct
2980 5768 3077 5823 pro
3106 5749 3318 5805 illarum
