3860 6326
551 388 658 441 (ἱίξῦ

1335 386 1390 441 S.
1434 383 1781 440 BRUNONIS
1821 382 2463 438 CAIlTllUSMNORUll
2504 382 2991 439 lNSTlTUTORlS
3681 388 3762 444 liii

519 531 526 536 -
552 497 907 552 exsecutione
936 497 1162 553 clericos
1194 506 1303 552 tam
1341 498 1629 553 saeculares
1660 513 1820 568 quam
1863 495 2138 566 regulares
2169 502 2214 556 Λ
2243 498 2583 561 describitur,
2611 498 2714 552 huc
2745 497 3152 552 transferamus.
3187 497 3471 568 Sequentia
3499 501 3604 555 hme
3630 520 3762 559 sunt:

549 589 715 644 enixe
772 589 824 644 in
879 589 1107 644 Domino
1139 589 1464 660 requirimus
1495 601 1549 644 et
1578 604 1881 650 monemus,
1909 597 1966 641 ut
1998 587 2136 641 dicm

549 681 717 737 istum
751 681 1071 738 solemniter
1092 683 1280 738 debila
1305 691 1362 738 et
1381 682 1679 752 exemplari
1707 697 1828 734 cum
1855 680 2141 734 devotione

546 767 707 840 iuxta
739 782 981 828 tenorem
1044 788 1205 842 supra
1265 771 1424 839 positi
1479 771 1662 826 brevis
1693 769 1974 839 apostolici
2000 767 2142 822 cele-

553 860 770 928 hrent,
849 862 1078 930 aliisque
1137 861 1342 916 Christi
1401 859 1648 914 ﬁdelibus
1729 873 1825 912 suo
1896 855 2142 926 exemplo

551 959 819 1020 praeeant,
880 952 1232 1006 ecclesiarum
1283 965 1416 1005 vero
1453 949 1788 1012 rectoribus,
1832 947 2142 1017 pastoribus

551 1053 610 1097 et
655 1043 820 1098 divini
877 1043 1041 1098 V‘crhi
1086 1041 1563 1097 concinnatoribus
1608 1041 1853 1096 districte
1894 1037 2144 1105 senioque

557 1135 900 1203 praecipimus
930 1143 984 1186 et
1008 1132 1346 1198 mandamus,
1393 1141 1455 1186 ut
1485 1131 1538 1186 in
1568 1132 1706 1186 festo
1735 1130 1791 1185 S.
1845 1126 2139 1191 lllitltaelis,

560 1225 703 1292 quod
735 1225 922 1279 incidit
949 1226 998 1277 in
1033 1224 1366 1278 Dominicam
1397 1223 1461 1277 l7
1487 1234 1605 1293 post
1632 1219 1827 1275 Trinit.
1853 1260 1866 1282 ,
1919 1219 1988 1273 ‘29
2048 1217 2145 1271 Se-

567 1313 985 1384 ptemb.Christi
1022 1314 1160 1368 liticli
1220 1313 1412 1383 populo
1439 1313 1543 1366 alta
1576 1321 1628 1366 et
1659 1308 1975 1380 intelligihili
2015 1321 2144 1360 voce

558 1407 836 1474 publicent
864 1415 915 1460 et
937 1406 1209 1469 eumdem,
1233 1403 1474 1473 exposita
1495 1402 1675 1456 Sancti
1697 1401 1826 1463 vita,
1855 1399 2145 1466 diligenter

559 1500 942 1562 adhortentur,
973 1501 1244 1567 quatenus
1273 1495 1468 1551 festum
1494 1494 1610 1562 ejus
1638 1495 1723 1561 pie
1768 1507 1831 1546 ac
1889 1490 2144 1557 religiose

558 1593 775 1657 obeant,
802 1590 943 1644 haud
979 1589 1139 1644 dubia
1165 1605 1282 1657 spe,
1315 1588 1458 1658 quod
1505 1587 1742 1640 Sanctus
1783 1585 1885 1638 iste
1931 1582 2144 1652 origine

551 1691 614 1735 et
643 1679 967 1735 educatione
992 1687 1176 1733 noster
1204 1678 1293 1746 pio
1318 1677 1372 1730 in
1419 1675 1648 1743 patriam
1685 1673 1880 1726 atl'ectu
1905 1687 2002 1724 nos
2025 1685 2146 1740 gre-

559 1787 789 1842 gemque
814 1771 969 1826 nobis
1006 1770 1357 1826 commissura
1407 1768 1520 1822 suis
1571 1765 1710 1834 apud
1738 1763 1975 1818 divinam
2033 1777 2144 1814 ma-

2250 605 2268 638 ι
2301 587 2518 642 Festum
2548 589 2628 659 (S.
2659 588 2928 643 Brunonis
2951 587 3203 642 nimirum
3235 589 3255 658 )
3283 598 3392 643 tota
3423 590 3600 645 civitas
3624 593 3766 662 (Colo-

2243 679 2447 734 niensis
2497 679 2715 749 nempe)
2778 678 3120 743 solemniter,
3171 679 3668 750 jucundantiuntque
3726 686 3767 738 in

2245 786 2449 825 morem
2506 771 2803 826 celebravit
2845 779 2899 824 et
2922 771 3260 826 encazniavit.
3296 772 3462 826 Totus
3507 784 3700 828 senatus
3727 775 3766 828 in

2245 861 2530 916 Carthusia
2561 861 2856 916 secundum
2890 861 3085 916 faciem
3117 861 3438 917 Sanctorum
3477 862 3636 917 laetum
3659 866 3767 918 diem

2245 954 2354 1022 egit
2407 962 2513 1005 tam
2565 953 2618 1006 in
2666 952 2858 1017 choro,
2911 969 3071 1020 quam
3121 953 3172 1007 in
3221 953 3474 1009 trichoro.
3527 953 3771 1011 Universus

2247 1045 2423 1098 clerus
2469 1054 2524 1098 et
2576 1059 2767 1098 omnes
2807 1046 3028 1098 omnino
3051 1045 3281 1099 aliorum
3312 1047 3550 1099 ordinum
3581 1047 3770 1114 religiosi

2246 1143 2708 1188 contesserarunt.
2759 1133 2826 1188 Et
2879 1149 2946 1188 ne
2999 1137 3218 1205 sequior
3289 1150 3453 1190 sexus
3501 1151 3554 1189 se
3610 1137 3772 1189 doleret

2246 1233 2300 1278 et
2331 1236 2652 1294 quereretur
2706 1225 2986 1280 exclusum
3014 1267 3030 1290 ,
3091 1237 3215 1282 ante
3279 1238 3486 1298 portam
3529 1244 3691 1298 pegma
3733 1241 3773 1280 el

2247 1318 2555 1386 spectanda:
2632 1317 3023 1386 magnitudinis
3104 1334 3198 1372 ara
3283 1319 3385 1372 luit
3457 1329 3639 1372 erecta.
3685 1318 3773 1384 Quo

2248 1408 2300 1462 in
2357 1409 2474 1460 loco
2532 1407 2946 1462 confcrtissimm
2999 1408 3258 1464 mulieres
3321 1409 3532 1463 tnissam
3577 1418 3625 1462 et
3657 1425 3772 1463 emn-

2246 1499 2558 1552 munionem
2594 1540 2607 1562 ,
2697 1499 3124 1568 conciont'ntque
3193 1497 3368 1552 avidis
3423 1498 3608 1551 animis
3648 1514 3772 1551 exce-

2246 1599 2461 1657 perunt.

2317 1680 2404 1735 29.
2454 1700 2469 1730 ι
2503 1682 2904 1736 Phottascorum
2937 1696 3150 1751 quoque
3178 1698 3282 1735 non
3309 1680 3475 1735 defuit
3498 1681 3544 1734 in
3571 1680 3775 1748 Vesperis

2247 1772 2492 1838 utrisque
2522 1781 2575 1823 et
2607 1771 2768 1824 missa
2794 1772 3134 1839 gr-tis.~imus
3157 1780 3470 1826 concentus.
3509 1770 3772 1824 Processtuu

556 1861 815 1931 jestatem
871 1859 1129 1930 precibus
1151 1868 1203 1914 et
1233 1857 1525 1928 suffragiis,
1550 1857 1700 1910 hisce
1745 1852 2142 1924 periculosissi-
2176 1841 2219 1895 Β
2247 1871 2329 1916 ρει
2362 1862 2588 1916 subinde
2618 1878 2713 1931 per
2742 1862 3081 1933 peristylium
3114 1865 3291 1933 majus
3316 1878 3438 1917 cum
3477 1878 3534 1917 ea
3563 1861 3775 1932 gravitate

564 1955 671 2009 mis
701 1951 1294 2020 exulceratissimisque
1337 1951 1467 2004 locis
1496 1965 1559 2003 ac
1609 1945 1961 2016 tenuioribus,
2011 1944 2146 1998 tueri

559 2064 594 2117 p
634 2063 725 2101 rro
756 2056 809 2101 et
831 2060 1157 2100 conservare
1186 2051 1411 2115 perget;
1441 2042 1489 2095 id
1514 2040 1656 2111 quod
1703 2054 1833 2092 sane
1875 2052 1940 2091 co
1978 2036 2148 2106 magis

561 2137 718 2192 nobis
750 2134 1140 2201 necessarium,
1189 2148 1296 2203 quo
1343 2132 1590 2202 graviora
1651 2129 1718 2183 ab
1757 2126 1946 2182 hmresi
2005 2136 2056 2179 et
2115 2140 2147 2178 a

560 2227 704 2281 ltello
727 2228 1084 2281 circumstant
1114 2222 1378 2295 pericula.
1411 2221 1527 2288 Quo
1554 2234 1682 2274 vero
1723 2218 1924 2274 Christi
1964 2216 2149 2270 fideles

564 2319 632 2371 ad
660 2318 897 2372 debitam
922 2316 1326 2372 venerationem
1373 2329 1435 2368 ac
1461 2312 1804 2367 devotionem
1843 2309 2149 2381 promptius

563 2411 868 2463 obeundum
901 2409 1074 2479 magis
1097 2407 1422 2469 excitentur,
1470 2404 1836 2474 signiﬁcamus
1891 2411 2147 2469 przetcrea

565 2510 620 2553 et
651 2509 975 2552 attestatnur
1003 2513 1162 2566 supra
1210 2504 1563 2550 memoratum
1593 2493 1692 2547 SS.
1737 2492 1796 2546 D.
1851 2491 1914 2544 N.
1948 2492 2151 2561 (iri-go-

566 2591 704 2642 rium
731 2604 924 2660 papam
963 2585 1054 2640 XV
1085 2587 1206 2640 aliis
1254 2585 1578 2655 specialibus
1627 2583 1820 2636 litteris
1853 2584 2151 2651 (perpetuis

565 2678 764 2732 futuris
821 2676 1153 2746 temporibus
1231 2675 1499 2744 valituris)
1548 2673 1801 2726 omnibus
1871 2671 2151 2738 utriusque

565 2783 732 2824 sexus
776 2765 978 2823 Christi
1023 2765 1271 2820 tidclihus
1295 2778 1421 2818 vere
1456 2762 1842 2834 paenitentibus
1866 2771 1917 2815 et
1940 2760 2152 2815 confes-

567 2861 646 2914 sis
671 2876 735 2916 ac
788 2875 942 2915 saera
993 2857 1374 2914 communione
1425 2854 1660 2919 refectis,
1714 2855 1804 2924 qui
1864 2853 2150 2908 ecclesiam

564 2951 1053 3007 (jar-thusianorum
1105 2949 1192 3003 die
1255 2947 1392 3002 festo
1421 2947 1478 3002 S.
1513 2946 1804 3009 Brunonis,
1859 2947 1891 2999 6
1952 2945 2151 2999 mensis

563 3044 814 3100 Octobris
837 3042 1101 3100 celebrari
1133 3040 1317 3106 solito,
1354 3055 1382 3093 a
1419 3039 1608 3108 primis
1665 3037 1917 3107 Vcspct'is
1985 3052 2152 3105 usque

571 3136 639 3189 ad
697 3149 954 3189 occasum
1014 3131 1146 3187 solis
1198 3129 1319 3184 festi
1370 3126 1675 3196 ltujttstnodi
1725 3125 1949 3196 singulis
1995 3124 2152 3178 annis

565 3227 761 3280 devote
792 3223 1154 3286 visitaverint,
1191 3231 1243 3277 et
1277 3221 1346 3276 ibi
1381 3237 1476 3290 pro
1503 3220 1934 3274 Christianorum
1997 3217 2148 3286 prin-

566 3319 746 3387 cipum
778 3315 1098 3379 concordia,
1118 3314 1383 3367 hmresum
1411 3311 1822 3380 cxstirpationc,
1842 3324 1905 3363 ac
1937 3307 2153 3362 Sancta:

569 3409 759 3462 matris
816 3407 1076 3462 Ecclesiae
1121 3405 1446 3458 exaltatione
1500 3403 1617 3472 pias
1649 3402 1712 3454 ad
1768 3402 1934 3454 Deum
1965 3415 2155 3467 preces

568 3501 881 3564 nll'udcrint,
923 3497 1223 3567 plenariatu
1261 3496 1499 3546 omnium
1535 3501 1880 3562 peccatorum
1931 3507 2152 3544 suorum

567 3590 961 3659 inJngentiam
1036 3595 1090 3639 et
1156 3585 1528 3639 remissionem
1601 3581 2030 3635 misericorditer
2099 3581 2152 3634 in

569 3683 798 3740 Domino
829 3678 1182 3734 concessisse.

643 3774 732 3826 ‘28.
783 3790 800 3821 ι
827 3770 979 3838 Quod
1009 3767 1224 3838 quidem
1255 3781 1350 3820 nos
1385 3767 1456 3818 ita
1489 3763 1844 3826 declaramus,
1883 3773 1934 3814 ut
1971 3760 2156 3815 fideles

583 3865 802 3920 i'oniinci
843 3869 1006 3916 Sexus
1037 3861 1254 3931 (quibus
1293 3859 1468 3913 aditus
1500 3857 1640 3910 intra
1673 3865 1824 3925 septa
1880 3865 2155 3908 monaste-

580 3957 646 4008 rii
703 3955 772 4008 ct'
808 3953 993 4007 limina
1025 3951 1269 4005 ecclesia:
1309 3948 1602 4019 prmclusus
1656 3946 1762 4016 est)
1809 3955 1937 4000 ante
1979 3945 2153 4014 ipsum

568 4044 960 4100 monasterium
1014 4041 1126 4095 sive
1178 4038 1466 4093 ecclesiam
1509 4034 1642 4089 foris
1680 4036 1886 4088 orando
1936 4035 2151 4088 easdem

562 4135 929 4206 indulgentias
952 4131 1148 4187 lucrari
1179 4131 1408 4200 possint,
1435 4137 1490 4181 et
1517 4126 1750 4180 valeant.
1793 4145 1810 4177 ι
1849 4127 1982 4179 (tum
2011 4139 2156 4178 anno

569 4229 684 4291 illo,
737 4243 844 4297 quo
895 4222 1298 4282 Ferdinaudus,
1332 4218 1669 4273 Coloniensis
1691 4217 2152 4287 archiepiscopus,

567 4320 745 4373 isthoc
767 4318 1003 4372 edictum
1036 4313 1250 4377 emisit,
1288 4311 1567 4365 Dominica
1594 4317 1715 4377 post
1745 4308 1844 4362 SS.
1872 4309 2154 4361 Trinitatis

567 4417 766 4466 testum
818 4409 1045 4478 septima
1078 4406 1283 4462 decima
1337 4409 1390 4458 in
1446 4403 2022 4472 vigesimamnonam,
2079 4401 2152 4452 uti

2250 1969 2577 2024 pompaque,
2644 1969 2764 2022 quae
2826 1955 3325 2021 Sanctosdeccret;
3384 1971 3518 2026 pone
3563 1967 3775 2023 sequente

2248 2055 2437 2100 senatu
2470 2045 2526 2098 P.
2552 2045 2616 2112 Q.
2649 2045 2766 2100 Col.
2818 2046 2874 2100 lu
2908 2045 3022 2116 ipso
3080 2046 3340 2118 ﬂagrante
3391 2048 3475 2102 die
3522 2046 3643 2101 festo
3680 2047 3775 2097 mis-

2250 2152 2364 2190 sam
2397 2138 2635 2192 canta~it
2665 2136 2798 2191 baro
2824 2145 2879 2191 et
2906 2138 3210 2192 canonieus
3265 2137 3518 2193 Ecclesia:
3553 2147 3769 2202 metropo-

2250 2227 2453 2295 litantr,
2484 2229 2768 2284 diaconum
2789 2231 2896 2299 egit
2921 2245 3102 2284 comes
3156 2239 3211 2284 et
3244 2230 3563 2293 canonicus,
3599 2227 3775 2282 subdia-

2254 2337 2450 2376 eonum
2481 2323 2778 2376 cauonicus
2841 2301 3147 2394 prcshfter.
3193 2321 3250 2376 ln
3284 2322 3492 2377 octavis
3545 2322 3674 2390 (nam
3705 2332 3775 2387 per

2255 2421 2394 2468 totas
2421 2423 2641 2469 octavas
2672 2412 2953 2469 conﬂuxus
2977 2415 3159 2483 populi
3210 2429 3316 2468 non
3365 2413 3547 2483 deluit)
3591 2410 3775 2464 vicarius

2253 2506 2589 2561 serenissimi
2643 2507 2904 2576 principis
2949 2507 3172 2560 missam
3223 2519 3440 2576 quoque
3488 2498 3773 2563 cecinit,cni

2255 2599 2502 2653 canonici
2533 2600 2637 2652 duo
2669 2599 3079 2653 subservierunt
3107 2608 3160 2654 et
3191 2597 3452 2668 phonasci
3491 2606 3588 2649 tam
3613 2596 3656 2647 ia
3681 2593 3775 2643 tuis-

2254 2706 2336 2754 sa,
2375 2705 2534 2758 quam
2563 2690 2614 2743 in
2645 2690 2888 2758 utrisque
2915 2689 3165 2758 Vcspcris
3204 2704 3364 2743 suum
3423 2685 3636 2741 odit-ium
3660 2697 3776 2749 egre-

2253 2785 2340 2853 gie
2383 2799 2515 2837 sane
2541 2781 2919 2850 impleverunt.
2957 2781 3024 2836 Ut
3053 2781 3220 2836 verbo
3273 2779 3562 2843 absolvam,
3605 2792 3659 2829 et
3695 2789 3774 2842 quo

2256 2875 2518 2929 Stetitilla
2566 2872 2882 2938 Cartlmsia,
2927 2873 3065 2926 nihil
3100 2872 3172 2926 illi
3203 2856 3529 2926 solemnitati
3554 2881 3774 2935 compara-

2258 2969 2386 3031 bile,
2419 2965 2550 3020 nihil
2573 2965 2777 3034 aequale
2807 2965 2959 3017 vidit.
2995 2963 3184 3017 Totius
3237 2964 3452 3016 tandem
3480 2959 3777 3014 solemnitatis

2257 3059 2565 3112 caronidctn
2598 3057 2791 3123 adjecit
2830 3057 2941 3126 ipse
2991 3057 3375 3109 setcnissitnus
3435 3055 3658 3124 princeps
3699 3049 3778 3098 tle-

2201 3183 2221 3199 π
2257 3161 2377 3204 ctor
2407 3159 2460 3202 et
2489 3148 2868 3216 arcltipra'sul,
2901 3147 2989 3214 qui
3038 3157 3159 3216 post
3207 3149 3440 3200 Octavus
3471 3143 3681 3213 ptoxinta
3706 3139 3779 3190 llo-

2259 3241 2454 3294 tnittica
2483 3241 2824 3294 Cat'tltusiatn
2853 3239 3109 3302 visitavit,
3157 3238 3215 3292 S.
3269 3235 3643 3292 Eucharitiam
3689 3245 3774 3299 pcr-

2263 3332 2430 3400 ccpit,
2478 3331 2888 3401 irrupitatusque
2928 3345 2987 3382 ea
3019 3341 3177 3382 nocte
3199 3339 3286 3382 est
3317 3329 3369 3381 in
3400 3321 3724 3396 pastophotio.
3761 3337 3773 3366 ι

2259 3423 2595 3477 Coloniensis
2627 3421 3066 3490 archiepiscopus
3107 3419 3484 3474 Ferdieandus
3520 3417 3598 3471 hic.
3622 3427 3772 3467 tueari-

2260 3523 2409 3566 ratus
2435 3510 2703 3565 Gnillelmi
2741 3510 2777 3563 γ
2807 3510 3048 3562 navari-.1:
3084 3510 3236 3564 ducis
3276 3525 3340 3564 es
3375 3508 3574 3562 Renata
3620 3502 3774 3558 Letha-

2258 3601 2800 3673 t‘it1gaexstititl‘tlius.
2826 3617 2969 3655 anno
2994 3603 3122 3654 lim
3153 3613 3336 3666 natus,
3365 3602 3476 3670 qui,
3505 3613 3613 3653 cum
3632 3610 3670 3664 p:
3690 3601 3778 3644 ιτιιο

2258 3711 2355 3749 suo
2385 3695 2636 3756 Ernesto,
2688 3691 2995 3746 Colonitnsi
3042 3693 3474 3763 archiepiscopo,
3529 3703 3652 3743 anno
3683 3681 3779 3737 tua?»

2259 3789 2421 3841 datus
2453 3788 2646 3842 fuisset
2681 3786 2991 3853 coadjutor,
3020 3786 3067 3840 ei
3105 3786 3294 3851 etiam,
3352 3801 3491 3840 anno
3545 3781 3661 3837 ltili
3697 3778 3776 3828 vita

2259 3878 2465 3940 functo,
2505 3879 2556 3931 in
2584 3877 2962 3932 Coloniensem
2995 3878 3260 3932 successit
3290 3876 3776 3945 archiepiscopatum.

2261 3985 2418 4039 quem
2453 3970 2516 4022 ad
2545 3984 2745 4022 annum
2778 3984 2946 4039 usque
3007 3984 3114 4038 quo
3141 3969 3278 4023 obiit
3333 3968 3470 4024 1650
3497 3966 3673 4035 optime
3712 3958 3777 4009 atl-

2258 4061 2607 4115 ministravit.
2655 4059 2825 4114 Porro
2878 4059 3054 4114 verbis
3081 4060 3332 4129 proxime
3389 4059 3616 4115 recitatis
3642 4050 3777 4108 subdit

2259 4169 2382 4207 mox
2408 4152 2688 4212 Surianus,
2716 4152 2807 4220 qui
2838 4151 3023 4204 Lcodii
3052 4167 3116 4205 ac
3146 4151 3344 4207 deinde
3365 4151 3453 4221 qui
3485 4149 3630 4211 Lirrr,
3669 4152 3777 4213 pust-

2259 4262 2418 4313 q.tatn
2464 4253 2521 4297 ut
2564 4243 2799 4298 Sanctus
2829 4254 2984 4297 sexto
3009 4243 3260 4298 Octobris
3289 4246 3376 4299 die
3400 4260 3492 4314 per
3526 4241 3775 4295 universam

2259 4339 2556 4393 Ecclesium
2619 4339 2723 4393 ritu
2771 4339 3113 4408 semiduplici
3170 4340 3276 4394 coli
3328 4349 3524 4411 posset,
3569 4334 3777 4397 aureae-

2265 4429 2348 4481 t-io
2378 4427 2468 4481 XV
2502 4443 2636 4498 papa
2667 4444 2810 4484 anno
2861 4429 3017 4495 l6‘25,
3047 4429 3233 4484 luisset
3254 4444 3582 4488 concessum,
3630 4420 3774 4476 restitui

562 4504 742 4572 ipsum
793 4502 922 4555 illud
985 4507 1402 4554 instrumentum
1460 4493 1788 4551 manifestat,
1820 4492 2155 4562 Septembris
2188 4519 2374 4588 Ovius
2426 4492 2516 4573 Im:
2541 4492 2854 4575 “ﬂammei,
2891 4535 2922 4573 ἃ
2969 4492 3240 4588 primaria:
3291 4519 3455 4573 etiam
3512 4508 3774 4570 Μηνίήῶ

564 4597 708 4648 diem
743 4593 1009 4656 inciderit,
1047 4595 1254 4662 hocque
1284 4605 1387 4643 non
1421 4603 1564 4642 anno
1589 4586 1748 4648 16‘25,
1777 4586 1891 4652 sud,
1918 4595 1973 4638 ut
1998 4601 2142 4638 cont-

564 4685 778 4754 putanti
809 4685 1027 4752 patebit,
1055 4701 1196 4738 anno
1235 4681 1389 4743 1624,
1417 4696 1523 4750 quo
1552 4679 1756 4733 Pascha
1799 4679 1884 4731 die
1933 4677 1962 4729 7
1997 4677 2152 4747 Apri-

564 4777 634 4832 lis
686 4792 748 4829 ac
778 4774 932 4844 proin
981 4776 1341 4830 sanctissimas
1375 4772 1661 4826 Trinitatis
1711 4769 1904 4823 festum
1938 4769 2024 4822 die
2073 4784 2152 4822 se-

575 4865 749 4918 cunda
781 4862 924 4917 Junii
952 4863 1281 4918 celebratum
1313 4862 1436 4927 fuit,
1461 4859 1726 4924 evenetit,
1752 4860 1988 4913 edictum
2021 4857 2150 4912 illud

568 4957 858 5029 posteriori
877 4957 977 5010 hoc
1000 4971 1139 5009 anno
1175 4956 1452 5024 quoetiam
1477 4952 1616 5025 apud
1641 4953 1854 5009 Petrum
1869 4953 2150 5009 Chalinum

577 5046 814 5102 Coloniw
869 5046 1176 5116 Agrippina:
1223 5060 1479 5099 excusom
1535 5045 1600 5096 ad
1662 5044 1863 5098 calcem
1909 5054 2148 5108 notatur,

568 5140 772 5192 editum
811 5137 995 5200 fuisse,
1029 5151 1248 5190 necesse
1289 5146 1390 5188 est.
1421 5134 1537 5187 Jam
1585 5149 1714 5186 vero
1743 5149 1863 5186 cum
1899 5135 1949 5187 id
1995 5134 2152 5188 Colo-

565 5229 766 5294 niensi,
796 5229 862 5282 de
892 5243 997 5296 qua
1035 5227 1121 5280 hic
1153 5226 1494 5287 disserimus,
1527 5224 1879 5286 solemnitati,
1937 5235 1995 5276 ut
2039 5225 2149 5292 jam

568 5320 772 5372 dictum
804 5317 1099 5389 prteiverit,
1135 5327 1474 5384 consequens
1505 5323 1609 5376 est,
1643 5325 1700 5369 ut
1729 5330 1827 5368 nec
1885 5315 1998 5368 hzcc
2029 5323 2151 5368 ante

567 5428 766 5464 :umutn
800 5410 938 5464 1624
970 5408 1295 5478 contigerit;
1322 5408 1451 5476 quin
1488 5417 1669 5459 autem
1711 5406 1813 5460 hoc
1861 5406 1979 5476 ipso
2010 5421 2151 5459 anno

569 5503 832 5565 evenerit,
883 5502 1240 5556 dubitandum
1276 5515 1379 5554 non
1430 5507 1672 5567 apparet,
1730 5513 1850 5551 cum
1901 5498 2152 5567 equidem

571 5595 716 5648 hami
741 5595 938 5649 dudum
964 5609 992 5647 a
1023 5591 1248 5663 pra-lato
1273 5591 1448 5646 edicto
1472 5590 1645 5643 locum
1672 5589 2148 5658 habuerit,qnem-

569 5686 858 5738 admodum
889 5701 952 5738 ex
989 5686 1122 5753 ipsis
1152 5725 1166 5747 ,
1219 5683 1414 5754 quibus
1453 5681 1554 5735 hoc
1593 5681 1918 5752 concipitur,
1970 5679 2151 5734 verbis

563 5771 743 5828 Iasest
780 5775 1065 5844 conjicere.
1097 5775 1269 5828 Verba
1303 5774 1486 5836 modo,
1508 5773 1703 5842 quibus
1734 5787 1797 5827 ea
1827 5788 1856 5826 a
1907 5770 2150 5825 Snriano

2256 4612 2348 4681 qui
2381 4611 2725 4666 Carthusiani
2757 4611 2967 4666 ordinis
2993 4625 3099 4665 non
3123 4620 3328 4673 essent,
3362 4608 3519 4665 fuerit
3540 4601 3774 4661 celebrata.

2257 4703 2457 4758 Verum
2490 4717 2612 4755 eum
2641 4717 2670 4754 a
2695 4701 2898 4765 verbis,
2926 4700 3124 4770 quibus
3156 4709 3272 4754 tum
3303 4707 3574 4770 peractam
3609 4693 3653 4746 in
3668 4685 3776 4742 bittis

2257 4795 2406 4850 hisce
2428 4794 2746 4849 civitatibus
2777 4793 3177 4848 solemnitatem
3204 4793 3441 4861 scriptor
3475 4789 3557 4842 ille
3579 4777 3773 4850 esponit.

2257 4883 2606 4938 recensendis
2659 4882 2974 4948 abstinere,
3030 4882 3314 4936 brevitatis
3372 4880 3566 4939 studio,
3615 4868 3773 4934 utinm

2255 4977 2504 5042 monui,
2552 4976 2623 5030 sit
2694 4977 2860 5030 lixunt
2890 5015 2904 5040 ,
2959 4975 3027 5030 ad
3075 4974 3178 5028 alia
3213 5014 3228 5040 ,
3295 4989 3416 5044 qua:
3477 4970 3538 5023 ad
3599 4961 3772 5035 gloriam

2257 5065 2443 5119 Sancti
2471 5066 2810 5136 posthumam
2868 5064 3046 5118 adhuc
3087 5073 3331 5134 spectant
3362 5103 3378 5129 ,
3429 5059 3632 5132 gradum
3655 5047 3774 5104 modo

2255 5158 2416 5213 facio.

2257 5273 2285 5343 §
2313 5273 2391 5325 lll.
2439 5271 2685 5325 Fueriute
2713 5269 2936 5325 Sanctus
2968 5286 3128 5343 anno
3156 5268 3295 5323 1623
3338 5244 3772 5343 ακσνεςρτίέῑ

2326 5360 2394 5396 on
2432 5347 2600 5395 serius
2656 5344 2919 5394 duntaxat
2973 5359 3002 5394 a
3071 5339 3331 5393 Clemente
3373 5335 3421 5388 Χ
3468 5327 3772 5398 errabundo”-

2324 5415 2680 5469 exmnimttur.
2745 5413 3083 5480 reliquaque,
3146 5424 3262 5479 qua:
3311 5409 3380 5480 ad
3444 5401 3773 5480 gloriamhﬂl'f3

2323 5487 2662 5549 posthnmam-
2689 5471 2913 5549 faciunt,
2945 5471 3214 5549 vitagisque
3257 5471 3498 5531 videntur
3537 5477 3686 5522 nolunt
3710 5471 3772 5508 ιιι-

2325 5571 2450 5624 gna,
2492 5555 2544 5608 in
2577 5554 2805 5605 medium
2835 5551 3198 5619 proferuntur.

2324 5674 2415 5728 50.
2437 5675 2763 5742 Apostolicis
2793 5672 3057 5744 litteris,§
3085 5669 3402 5742 praecedenti
3423 5660 3656 5722 recitatis,
3681 5646 3774 5718 qui-

2253 5767 2355 5824 bus
2381 5778 2437 5822 ut
2461 5769 2518 5822 δ.
2545 5766 2816 5822 Brunonis
2843 5767 3037 5824 festum
3066 5765 3151 5823 die
3172 5767 3203 5822 6
3222 5761 3482 5827 Octouris,
3495 5770 3590 5827 qua
3608 5749 3662 5803 ad
3688 5753 3769 5796 κατ’
