3860 6326
115 421 202 476 62.5
1633 409 1805 464 ACTA
1817 448 1830 462 .

3268 415 3394 469 8:26"

112 542 179 592 Ios‘
205 538 248 588 is
278 530 554 601 migravit,
581 527 784 582 missali
817 523 1682 585 etbreviarioltomanoinscribi,
1720 529 1764 584 Α
1799 517 2144 574 tuanifestum
2178 519 2262 582 fit,
2293 517 2564 572 laudatum
2613 516 2954 572 Ambrosium
2992 517 3191 576 Crollet
3221 523 3272 577 in
3307 540 3368 580 ea

113 626 442 690 triﬁcitttllqllc
493 623 558 674 de
613 632 678 671 eo
727 615 1057 683 semiduplex
1111 614 1456 669 abomnihus
1489 613 1685 680 ubique

113 715 346 770 litt-Iulius
377 711 549 765 libere
571 726 635 764 ac
658 708 804 762 Iicite
828 707 1043 761 recitari
1071 704 1567 776 possil,Cregorius
1593 702 1683 757 XV

113 823 228 878 p;tp‘t
267 819 419 857 anno
453 801 590 856 “3‘23
619 800 906 861 concessit,
935 798 1345 867 :equipollentcr
1399 794 1686 849 caneniza-

86 913 207 960 ,unn
231 899 498 951 Sanctum
524 910 630 948 non
667 891 856 957 fuisse,
911 890 1240 944 Benedictus
1295 888 1413 944 XIV
1445 902 1581 957 papa
1631 885 1683 939 in

89 979 214 1056 'Suo,
249 987 400 1058 quod
430 984 806 1043 commentarii
833 983 1012 1052 pracvii
1033 983 1150 1036 loco
1174 997 1280 1034 non
1315 995 1419 1034 uno
1448 978 1682 1043 laudavi,

111 1083 167 1138 de
193 1083 500 1136 Serranum
536 1077 632 1132 Dei
668 1075 1070 1131 beatificatione
1109 1085 1164 1127 et
1210 1075 1494 1129 beatorum
1525 1087 1684 1128 cano-

113 1175 375 1229 nizatione
404 1185 572 1241 opere
598 1169 918 1233 existimat;
946 1168 1018 1222 ita
1065 1167 1209 1222 enim
1259 1167 1310 1221 in
1361 1166 1483 1230 hoc,
1520 1165 1612 1218 lib.
1643 1180 1681 1229 ι,

112 1285 211 1333 cap.
239 1264 332 1326 41,
370 1279 526 1316 num.
559 1260 593 1318 6
643 1259 835 1316 scribit
871 1275 886 1313 :
923 1278 942 1311 ‹
1008 1258 1166 1313 ΝιιΙΙο
1219 1266 1365 1312 certe
1396 1266 1552 1326 pacto
1579 1256 1683 1309 dici

111 1371 247 1424 passo
277 1353 503 1406 videtur
558 1351 668 1420 (adi
717 1365 838 1419 qua:
865 1350 971 1404 huc
1002 1349 1256 1404 facientia
1294 1345 1682 1402 Commentarii

112 1443 272 1513 pnevii
335 1441 368 1512 §
440 1441 510 1494 47
539 1441 811 1510 disputata
836 1441 982 1508 sunt)
1034 1447 1256 1496 sanctus
1280 1437 1458 1490 Bruno
1485 1451 1513 1488 a
1551 1435 1679 1488 Leo-

112 1551 167 1587 ne
185 1531 228 1585 Χ
251 1532 654 1596 canonizatus;
685 1531 778 1584 sed
807 1531 925 1599 ejus
948 1529 1298 1599 :equipullens
1322 1529 1580 1581 canonica
1613 1528 1682 1590 io,

113 1625 306 1678 eximiis
369 1623 511 1678 tanti
559 1623 659 1677 viri
713 1623 966 1685 meritis,
1021 1619 1418 1692 pt‘tEttiztl‘iSsimi
1477 1619 1685 1673 ordinis

117 1717 422 1776 liitnlatiorti,
445 1715 771 1768 continuata:
797 1714 1086 1779 insignium
1109 1712 1492 1765 miraculorum
1527 1709 1684 1762 fama:

114 1807 389 1874 cultusque
447 1803 811 1866 concessioni,
867 1803 1100 1872 primum
1163 1802 1381 1870 quidem
1429 1802 1682 1854 universo

115 1899 587 1952 Cartlmsianorum
610 1896 786 1950 ordini
819 1913 848 1948 a
876 1894 1054 1950 Leone
1100 1893 1146 1946 Χ
1178 1895 1353 1956 factae,
1379 1907 1559 1962 postea
1585 1893 1679 1944 toti

118 1991 350 2044 laci-lente
407 1989 476 2042 ad
511 1988 723 2040 libitum
757 2005 786 2040 a
815 1987 1080 2055 Gregorio
1130 1983 1244 2048 XV,
1307 1985 1514 2048 innixa,
1549 1987 1680 2037 assi-

115 2082 299 2149 gnanda
339 2080 564 2132 videtur
591 2093 804 2131 summo
860 2077 1097 2146 pontifici
1130 2076 1392 2130 (llemcnti
1423 2074 1486 2135 Χ,
1523 2085 1579 2126 ιιι
1617 2090 1680 2128 ex

117 2172 334 2237 Sétlttcﬂli
394 2172 619 2224 decreto
675 2169 944 2238 colligitur
999 2189 1011 2221 :
1074 2190 1090 2220 ε
1164 2169 1349 2222 Enixis
1395 2167 1678 2235 precibus,

123 2283 136 2312 t
173 2263 525 2316 Sanctissinto
557 2261 778 2315 domino
817 2272 1003 2315 nostro
1045 2259 1304 2314 Clementi
1348 2257 1392 2311 Χ
1422 2259 1685 2327 porrectis

123 2374 136 2402 ι
176 2371 260 2422 per
289 2353 803 2407 Eminentissimunt
853 2353 1130 2408 dominum
1187 2351 1529 2406 Cardinalem
1587 2348 1685 2404 Ni-

123 2473 138 2497 ι
177 2449 384 2499 tardam
413 2445 643 2500 neruine
667 2445 1034 2499 serenissinne
1063 2445 1442 2511 Hispaniarum
1463 2441 1682 2510 regina),

126 2556 139 2586 ι
176 2539 360 2606 quibus
384 2536 685 2591 Sanctitati
715 2552 824 2589 sua:
850 2536 1278 2604 supplicabatnr,
1332 2543 1390 2587 ut
1431 2533 1681 2602 dignare-

125 2641 256 2683 ttur
291 2629 624 2691 concedere,
682 2627 823 2696 quod
876 2627 1112 2680 oflicium
1172 2625 1345 2680 sancti
1409 2625 1684 2678 Btunonis

126 2719 534 2783 «confessoris,
602 2716 910 2770 fundatoris
980 2715 1190 2774 ordinis
1255 2714 1684 2776 Carthusiensis,

127 2829 139 2854 ι
180 2811 442 2865 hactenus
465 2809 533 2862 ab
559 2807 800 2863 Ecclesia
835 2806 1124 2861 universali
1175 2808 1273 2860 sub
1307 2807 1409 2859 ritu
1451 2806 1688 2860 semida-

127 2899 283 2967 tplici
339 2899 632 2954 recitatum
685 2898 893 2968 (supple
942 2899 1008 2950 ad
1051 2897 1284 2966 libitum)
1337 2897 1684 2966 imposterum

129 2989 264 3042 isub
310 2988 515 3057 duplici
590 2988 912 3042 recitareur
975 2989 1053 3040 ah-
1083 2989 1339 3041 omnibus
1410 2987 1688 3056 utriusque

130 3098 142 3126 ι
183 3098 340 3135 smus
375 3092 512 3135 ‘tam
545 3081 922 3144 srecularibus,
974 3096 1135 3149 quam
1175 3079 1541 3150 regularibus,
1595 3079 1685 3147 qui

1795 611 2048 680 opinione
2089 611 2274 676 fuisse,
2325 627 2427 679 qua
2488 627 2650 680 supra
2679 610 2928 666 recitatas
2977 613 3222 685 Gregorii
3274 619 3372 675 XV

1788 719 1941 774 papa:
1968 702 2172 757 litteras
2207 703 2384 758 cultus
2423 703 2776 760 ecclesiastici
2821 718 3147 774 praeceptum
3196 709 3368 764 inclu-

1788 792 1937 854 dere,
1985 791 2330 845 existimavit.
2375 793 2571 847 Verum
2625 794 2730 847 utri
2785 797 3189 850 assentiendum
3239 801 3396 854 est?-

1787 881 1994 938 lluicne
2040 885 2249 953 ordinis
2296 883 2701 940 Cartltusiensis
2741 884 2990 952 alumno,
3023 902 3090 940 an
3137 887 3370 942 Benedi-
3455 907 3461 913 λ

1788 983 1875 1029 cto
1916 975 2031 1030 XIV
2069 977 2092 1028 ?
2135 977 2246 1031 Etsi
2302 977 2594 1047 Gregorius
2649 977 2744 1032 XV
2797 993 2958 1048 papa,
3014 995 3155 1044 sese,
3195 990 3254 1035 ut
3308 981 3368 1036 S.

1787 1065 1966 1122 Bruno
1992 1067 2059 1122 ab
2088 1068 2341 1124 omnibus
2369 1069 2569 1138 ubique
2598 1067 2867 1136 fidelibus,
2895 1070 2968 1125 ad
2993 1071 3158 1128 horas
3201 1088 3394 1128 canet

1787 1157 1940 1212 nicas
1967 1157 2236 1229 obligatis,
2264 1159 2400 1216 ritus
2448 1160 2817 1231 semiduplieis
2857 1161 3040 1218 ofticio
3080 1163 3165 1218 die
3218 1173 3372 1217 sexta

1787 1248 2039 1306 Octobris
2060 1253 2160 1306 coli
2205 1252 2350 1306 Iicite
2392 1253 2580 1321 possit,
2611 1253 2905 1322 impertiri,
2946 1253 2999 1308 in
3056 1255 3376 1308 memoratis

1787 1342 1980 1397 litteris
2011 1343 2183 1414 primo
2215 1344 2474 1399 duntaxat
2511 1344 2680 1410 dicat,
2727 1359 2846 1398 mox
2887 1352 3064 1398 tamen
3111 1345 3376 1400 adhibens

1786 1436 1971 1498 verba,
1998 1445 2320 1504 prreccpturn
2351 1436 2622 1500 sonantia,
2652 1434 2947 1504 subjungit,
2981 1449 3101 1489 sese
3139 1435 3374 1503 patriar-

1787 1531 1924 1595 chis,
1969 1531 2412 1600 archiepiscopis,
2455 1531 2723 1600 cpisc0pis
2755 1530 3072 1600 ueterisque
3110 1529 3371 1584 ecclesia-

1790 1639 1906 1678 rum
1939 1622 2194 1692 pt'a'lalis,
2227 1623 2276 1676 in
2321 1624 2574 1678 universo
2625 1633 2893 1677 terrarum
2935 1623 3066 1678 orbe
3111 1621 3374 1677 constitu~

1790 1715 1876 1778 tis,
1914 1715 2207 1784 praecipere
2235 1725 2286 1768 et
2329 1715 2610 1780 mandare,
2648 1731 2666 1764 ι
2704 1722 2761 1767 ιιι
2792 1713 2862 1768 ab
2898 1712 3150 1767 omnibus
3192 1712 3370 1767 eccle-

1789 1803 2020 1857 siasticis
2045 1805 2290 1872 personis
2312 1803 2665 1859 sagcularibus
2693 1812 2747 1858 et
2768 1803 3088 1872 quarumvis
3109 1801 3371 1857 Ordinum

1789 1894 2127 1964 regularibus
2152 1896 2434 1950 observari
2483 1895 2685 1951 faciant
2717 1914 2735 1946 ι
2775 1895 2987 1951 litteras
3033 1895 3320 1964 pra‘dictas
3353 1913 3370 1960 ;

1787 1987 1912 2040 hinc
1938 1997 2114 2040 autem
2147 1987 2345 2042 factum
2377 1988 2517 2043 forte
2545 1998 2650 2054 est,
2681 1998 2734 2042 ut
2765 1988 2915 2043 hisce
2937 2003 3126 2043 omnes
3161 1988 3372 2053 fideles,

1785 2081 1873 2154 qui
1923 2079 1988 2132 ad
2042 2079 2203 2133 horas
2249 2082 2540 2136 canonicas
2586 2090 2856 2146 leuentur,
2909 2081 2974 2134 atl
3011 2079 3248 2135 officium
3307 2083 3374 2135 de

1787 2171 1844 2222 ὃ.
1875 2170 2118 2224 Bi-nnoae
2144 2170 2228 2223 die
2256 2182 2405 2225 sexta
2435 2173 2705 2235 Octobris,
2737 2187 2842 2240 qua
2885 2173 2928 2225 is
2956 2171 3110 2236 obiit,
3145 2172 3248 2225 ritu
3285 2188 3374 2226 se-

1785 2261 2059 2332 miduplici
2121 2263 2456 2320 recitandum
2511 2264 2852 2335 obstringere
2880 2263 3117 2318 voluisse
3167 2264 3374 2336 Grego-

1789 2356 1949 2418 rium,
1977 2353 2248 2410 CroIIetus
2271 2357 2621 2411 existimarit.

1860 2447 1949 2503 52.
1980 2449 2184 2503 Forsan
2214 2449 2402 2510 etiam,
2459 2449 2532 2510 ui,
2574 2459 2632 2501 ut
2659 2449 2711 2502 id
2758 2447 2829 2502 illi
2866 2446 3130 2508 facerent,
3163 2444 3374 2516 Grego-

1787 2541 1900 2596 rius
1929 2541 2246 2611 pra-cepisse
2278 2550 2568 2604 statuatur,
2618 2541 2760 2594 haud
2812 2540 2947 2594 Satis
2998 2537 3324 2593 intellexerit
3355 2579 3386 2602 ,η

1787 2647 1892 2701 qua
1941 2635 2152 2687 ratione
2203 2633 2409 2687 factum
2450 2646 2571 2686 esse
2621 2639 2802 2697 queat,
2838 2639 2896 2683 ut
2959 2629 3211 2684 Urbanus
3264 2629 3375 2682 Vlil

1789 2736 1946 2790 papa,
1979 2724 2258 2791 proximus
2281 2722 2524 2791 Gregorii
2555 2721 2645 2780 XV
2679 2723 2731 2776 in
2778 2721 2835 2780 S.
2881 2721 3024 2775 Petri
3053 2721 3370 2778 cathedram

1789 2829 2096 2879 successor,
2124 2815 2362 2870 ()“it‘itlttl
2393 2819 2458 2870 de
2485 2817 2754 2880 Brunone,
2784 2832 2940 2880 novo,
2965 2833 3070 2884 quo
3100 2817 3242 2870 hunc
3268 2817 3372 2870 coli

1789 2907 2129 2975 praeceperit,
2155 2907 2372 2960 decreto
2405 2923 2509 2959 non
2562 2909 2780 2969 emisso,
2817 2907 3091 2959 lli-etiario
3130 2907 3372 2959 Romano

1793 2996 1900 3066 (adi
1925 2995 2385 3050 Conuneutarimn
2414 2998 2669 3064 praevium
2695 3013 2841 3050 ntun.
2864 2996 2960 3050 188
2984 3008 3034 3048 et
3060 2996 3178 3063 195)
3198 2995 3374 3064 jusse-

1791 3087 1862 3140 rit
1892 3087 2131 3140 inscribi.
2165 3089 2268 3141 ltes
2303 3103 2462 3150 sane,
2490 3095 2548 3140 ut
2576 3103 2752 3141 meam
2800 3087 2958 3140 modo
2988 3101 3229 3155 promam
3255 3101 3374 3138 sen-

133 3193 146 3219 ι
184 3178 242 3224 ad
275 3174 460 3226 tloras
485 3173 782 3231 canonicos
816 3181 1087 3237 lelwlllm‘,
1115 3181 1169 3224 el
1227 3171 1466 3223 mni-$535
1493 3188 1519 3221 υ
1551 3170 1688 3221 51"!"
1715 3207 1757 3266 ρ
1794 3180 2040 3244 tentiam,
2089 3180 2377 3234 admodum
2428 3180 2637 3233 videtur
2689 3178 2940 3247 implexa.
2989 3178 3054 3231 Et
3095 3193 3222 3233 vero
3249 3192 3384 3233 cum.

129 3283 142 3312 ‹
181 3265 356 3317 ctitate
387 3279 488 3317 sua
515 3266 583 3318 ad
611 3278 890 3318 sacrorum
922 3266 1122 3316 ritnuzn
1174 3262 1680 3332 Congregationem,

130 3373 146 3406 ι
183 3357 364 3410 eadem
401 3355 473 3409 ad
504 3355 821 3410 relationem
863 3354 1282 3410 eminentissimi
1327 3355 1528 3407 domini
1565 3369 1683 3405 car-

131 3465 146 3497 ι
185 3448 377 3502 dinalis
407 3448 627 3506 Sfortia:
654 3446 1461 3518 censuit,praedictamgratiam
1491 3461 1688 3502 conce-

131 3557 145 3587 ι
182 3541 226 3593 di
255 3557 440 3610 posse,
489 3541 537 3594 si
577 3541 750 3595 eidem
794 3541 1159 3597 Sanctissimo
1213 3539 1438 3592 Domino
1499 3547 1688 3592 nostro

132 3649 146 3678 ι
183 3616 350 3684 visum
382 3630 570 3694 fuerit,
597 3630 736 3685 die'c’t
764 3629 938 3684 Martii
993 3629 1150 3684 1674.
1179 3629 1243 3684 Ει
1271 3627 1414 3681 facta
1451 3629 1516 3680 de
1545 3642 1686 3696 prte-

134 3739 146 3769 I
183 3723 334 3775 dictis
375 3721 742 3776 Sanctissimo
781 3723 1041 3776 relatione
1069 3738 1160 3790 per
1190 3738 1274 3773 me
1306 3719 1684 3786 secretarium,

132 3829 146 3859 ι
183 3811 452 3867 Sanctitas
471 3829 567 3868 sua
601 3813 828 3883 benigne
847 3814 1040 3870 annuit
1069 3814 1158 3868 die
1200 3812 1259 3866 14
1286 3811 1526 3882 ejusdem
1546 3829 1693 3867 men-

133 3917 148 3950 ι
185 3905 254 3956 sis
277 3903 480 3967 Martii,
511 3911 568 3956 et
593 3903 723 3958 anni
753 3903 909 3957 1674.
954 3924 974 3955 ›

183 3995 266 4049 51.
304 3997 380 4050 Ita
417 3997 743 4051 Benedictus
773 3996 889 4051 XIV
923 4011 1058 4068 papa
1085 3995 1356 4059 laudatus,
1391 3996 1448 4049 S.
1478 3994 1690 4049 Bruno-

131 4102 232 4140 nem
260 4107 290 4142 a
321 4091 602 4145 Clemente
633 4089 700 4152 Χ,
733 4105 797 4142 ac
822 4090 974 4158 proin
1002 4105 1106 4142 non
1154 4087 1394 4157 prmfatis
1434 4087 1689 4156 apostoli-

134 4179 198 4231 cis
225 4181 467 4249 Gregorii
516 4179 607 4234 XV
656 4181 870 4241 litteris,
926 4178 1310 4233 canonizatum
1365 4177 1553 4242 fuisse,
1583 4192 1687 4230 non

131 4273 334 4326 obscure
355 4274 588 4336 docens;
621 4272 690 4327 ita
722 4282 899 4327 autem
925 4274 1181 4342 Opinatus
1204 4280 1287 4327 est
1307 4272 1472 4341 quod,
1501 4287 1682 4340 quent-

132 4364 395 4417 admodum
465 4365 667 4418 inserta
725 4380 1008 4419 sacrorum
1039 4364 1238 4418 rituum
1295 4363 1688 4432 Congregatio-

137 4454 209 4505 nis
228 4457 464 4521 decreto,
524 4455 664 4524 quod
720 4457 808 4510 hic
834 4456 1054 4521 recitat,
1093 4456 1408 4524 parenthesi
1450 4455 1584 4509 satis
1615 4455 1690 4508 in-

1791 3286 1959 3323 sacra-
2015 3269 2211 3322 rituum
2267 3269 2704 3339 congregationis
2757 3269 3054 3332 decretum,
3093 3267 3374 3328 Benedicti

1790 3361 2085 3429 .\'IV'papa3
2123 3360 2322 3423 verbis,
2359 3377 2505 3413 num.
2536 3360 2604 3414 50
2653 3361 2754 3414 huc
2791 3359 3155 3428 transcriptts,
3198 3359 3370 3410 inclu—

1791 3468 1930 3516 sum,
1957 3469 2062 3522 quo
2087 3453 2218 3510 lucc,
2246 3463 2303 3508 ιιι
2331 3451 2568 3511 officiunt
2594 3451 2658 3505 de
2685 3449 2742 3506 S.
2772 3451 3042 3514 Brunoae,
3070 3451 3209 3518 quod
3245 3450 3374 3500 hac-

1792 3553 1949 3598 tenus
1979 3543 2048 3598 ab
2100 3542 2340 3596 Ecclesia
2391 3541 2680 3596 universali
2732 3541 2834 3596 sub
2879 3542 2982 3595 rittt
3036 3539 3400 3610 sentitluplici.-

1791 3637 2077 3692 recitatum
2134 3636 2394 3690 duntamt
2453 3633 2650 3697 fuerat,
2715 3636 2814 3689 sub
2864 3633 3063 3703 duplici
3118 3633 3380 3700 tieittcrps

1792 3731 2135 3794 recitaretur,
2172 3746 2317 3783 anno
2345 3729 2497 3792 I674,
2515 3745 2725 3782 sunnno
2748 3727 3001 3798 pontifice
3024 3725 3297 3780 Clemente
3330 3723 3391 3782 X-

1791 3830 2084 3882 annuente,
2121 3820 2409 3885 concessit,
2464 3819 2668 3873 nullum
2703 3832 2946 3888 prorsus,
2983 3815 3126 3884 quod
3172 3815 3370 3874 cultus,

1793 3911 1849 3965 S.
1903 3911 2140 3966 Brunoui
2197 3912 2505 3976 deferendi,
2549 3919 2876 3981 praeceptum
2935 3921 3122 3980 aperte
3178 3917 3390 3970 sonet,

1792 4007 2014 4056 verbum
2041 4004 2298 4069 includat,
2320 4006 2546 4059 fueritne
2585 4005 2752 4074 magis
2780 4020 2806 4057 a
2831 4003 3106 4056 Clemente
3134 4001 3179 4054 Χ
3209 4016 3370 4068 quam

1791 4113 1820 4148 a
1851 4095 2108 4166 Gregorio
2143 4097 2230 4150 XV
2273 4102 2442 4151 Sancti
2477 4099 2656 4152 cultus
2683 4107 3006 4166 przeceptus,
3042 4097 3095 4149 in
3147 4095 3368 4147 dubium

1793 4189 2032 4241 revocari
2069 4205 2170 4241 non
2201 4191 2470 4243 immerito
2498 4205 2655 4257 posse
2699 4190 2931 4244 videtur.
2965 4188 3114 4256 Quod
3144 4203 3263 4239 Ctlllt
3296 4185 3376 4240 ita.

1792 4278 1884 4340 sit,
1941 4277 2222 4347 cultusque
2259 4290 2582 4347 prarceptutn
2619 4279 2683 4330 ad
2740 4278 3212 4332 canonizationem
3269 4291 3366 4327 ne—

1763 4369 2029 4440 cessario
2085 4370 2428 4438 requiratur,
2471 4370 2526 4422 S.
2577 4369 2882 4422 Brunonem
2945 4367 3322 4422 canenizazum
3353 4404 3368 4426 ,

1791 4459 2201 4514 canonizatione
2227 4459 2452 4523 scilicet,
2481 4461 2556 4512 uti
2589 4475 2706 4512 eam
2736 4468 2948 4523 vocant,
2974 4459 3364 4529 aequipollenti,

134 4546 296 4612 dicat,
348 4547 549 4602 litteris
605 4548 711 4602 illis
760 4549 940 4602 cultus
977 4559 1304 4618 prati-cptum
1371 4565 1475 4604 non
1526 4549 1691 4604 inclu-
1725 4545 1766 4598 D
1793 4567 1820 4602 a
1849 4549 2128 4604 (llentente
2167 4550 2208 4601 It
2243 4551 2442 4618 potius,
2476 4565 2638 4617 quam
2671 4565 2698 4602 a
2739 4549 3000 4617 Gregorio
3039 4547 3126 4602 XV
3175 4549 3368 4608 fuisse,

136 4636 292 4691 datur.
364 4639 568 4694 Verum
651 4639 972 4694 Ambrosius
1047 4640 1291 4705 Crollet,
1355 4641 1692 4695 reverendis-

139 4727 239 4782 simi
283 4730 452 4800 patris
491 4729 766 4800 generalis
824 4731 1158 4800 capitulique
1215 4731 1424 4785 ordinis
1454 4732 1689 4790 Carlhu-

137 4818 300 4874 sien'sis
365 4823 580 4886 scriba,
659 4823 749 4890 qui
795 4825 1013 4877 easdem
1082 4823 1333 4887 litteras,
1403 4824 1690 4875 mamlante

138 4915 298 4967 eodem
328 4915 786 4970 reverendissimo
818 4916 1013 4980 Patre,
1058 4933 1179 4970 curn
1230 4917 1521 4970 Benedicto
1574 4914 1687 4972 XIV

139 5010 562 5071 tounnunicavit,
599 5008 758 5062 aliter
787 5025 1010 5078 prorsus
1051 5010 1285 5062 censuit.
1316 5009 1507 5062 Iisdem
1547 5010 1688 5060 enim

140 5099 252 5158 apud
294 5099 546 5153 eumdem
606 5098 954 5153 Benedictum
1003 5099 1185 5168 operis
1243 5098 1446 5152 laudati
1502 5097 1594 5152 lib.
1649 5114 1688 5161 I,

143 5198 238 5250 τερ.
295 5187 358 5240 -11
395 5229 411 5254 ,
490 5205 640 5242 num.
701 5190 731 5241 7
782 5191 1064 5259 sequentia
1115 5191 1279 5244 verba
1337 5190 1615 5258 pratntittit
1672 5205 1684 5238 :

149 5292 162 5318 ι
210 5275 342 5331 Anno
404 5279 546 5333 1623
610 5295 770 5348 supra
826 5291 1159 5336 memoratus
1205 5281 1496 5349 Gregorius
1546 5281 1688 5350 Papa

145 5371 382 5438 praecepit,
408 5381 469 5425 ut
496 5371 586 5426 die
619 5373 652 5425 t5
682 5371 932 5428 Octobris
968 5389 1159 5428 omnes
1185 5373 1474 5428 saeculares
1515 5383 1568 5424 et
1602 5390 1687 5426 re-

146 5455 326 5518 gulares
349 5461 548 5531 ubique
587 5471 856 5517 terrarum
886 5465 987 5518 sub
1021 5464 1357 5534 seutiduplici
1389 5464 1495 5516 ritu
1547 5464 1684 5518 reci-

149 5552 240 5597 teut
267 5548 490 5604 ofﬁcium
515 5552 688 5606 sancti
718 5551 988 5609 Brunonis
1011 5555 1359 5618 confessoris,
1388 5551 1690 5608 fundatoris

149 5637 310 5698 nostri,
341 5655 442 5694 nec
468 5654 576 5694 non
611 5640 666 5694 in
699 5641 991 5707 breviario,
1024 5643 1226 5698 Missali
1268 5651 1322 5698 et
1351 5642 1691 5698 Kalendariis

151 5721 464 5792 imposterum
517 5729 888 5801 imprimendis
951 5732 1148 5788 festum
1187 5732 1454 5801 'ejusdem
1516 5732 1687 5788 sancti

151 5810 384 5882 Romam:
429 5824 842 5885 describendum
889 5826 1119 5894 statuit;
1157 5844 1177 5880 ι
1229 5841 1260 5882 e
1303 5826 1498 5896 quibus
1557 5841 1689 5882 sane

1795 4656 1892 4710 pro
1922 4650 2073 4693 certe
2117 4655 2428 4693 asseverare
2462 4658 2564 4693 non
2608 4655 2804 4702 ausnn.
2834 4639 3016 4707 Neque
3061 4655 3188 4692 vero
3237 4639 3287 4690 id
3338 4656 3388 4693 ιι,

1794 4730 2068 4785 Clemente
2110 4730 2309 4783 factum
2344 4730 2533 4795 fuisse,
2563 4746 2660 4799 pro
2689 4747 2910 4800 prorsus
2945 4731 3247 4786 indubitate
3275 4731 3370 4784 ha-

1794 4821 1906 4874 buit
1953 4822 2174 4890 ipsemet
2229 4821 2549 4875 Benedictus
2598 4821 2760 4886 XIV;
2811 4822 3012 4876 etenim
3071 4821 3200 4890 (adi
3247 4821 3368 4890 ejus

1793 4913 1956 4964 verba
1994 4929 2137 4966 mnu.
2171 4912 2237 4965 30
2273 4912 2518 4982 recitata)
2563 4913 3024 4968 canonizatiouem
3070 4913 3127 4966 S.
3155 4913 3365 4966 Bruno-

1795 5002 1876 5054 Itis
1905 5003 2167 5055 Clementi
2207 5001 2250 5054 Χ
2280 5019 2381 5056 non
2423 5002 2694 5057 affirmate
2739 5004 3004 5074 assignat,
3039 5002 3156 5066 sed,
3211 5001 3367 5054 adhi-

1793 5092 1923 5157 bita,
1958 5109 2074 5162 qua:
2096 5094 2452 5147 dubitantium
2485 5109 2606 5149 esse
2641 5095 2796 5160 solet,
2829 5095 3074 5164 loquendi
3112 5087 3384 5180 ferratum;

1792 5185 2031 5253 pontifici
2081 5187 2205 5240 huic
2258 5185 2400 5240 illam
2438 5188 2816 5257 assignandam
2869 5187 3060 5251 videri,
3109 5186 3193 5238 du.
3223 5183 3388 5260 taxati

1793 5279 1886 5331 ait.
1917 5277 2109 5333 Verum
2153 5281 2251 5334 etsi
2293 5296 2378 5333 res
2431 5281 2501 5332 ita
2549 5281 2640 5346 sit,
2673 5281 3002 5348 dubiumque
3057 5276 3250 5338 simul,
3294 5265 3389 5328 an'

1794 5369 2026 5424 Sanetus
2072 5387 2166 5426 seu
2215 5390 2244 5424 a
2275 5371 2554 5426 Clemente
2582 5387 2677 5425 seu
2710 5387 2738 5422 a
2770 5369 3048 5437 Gregorio,
3096 5384 3158 5422 ac
3209 5367 3365 5435 proin

1792 5478 1862 5514 an
1886 5478 2120 5532 unquam
2172 5467 2369 5533 (neque
2408 5464 2552 5527 cnim
2585 5463 2850 5534 pontifex,
2879 5462 3154 5516 Clemente
3181 5469 3364 5530 poste-

1793 5551 2054 5618 rior,coli
2080 5551 2387 5609 Brunonem
2424 5553 2746 5624 praecepisse
2798 5549 3092 5621 invenitur)
3137 5549 3364 5606 canoni-

1795 5652 1950 5698 zatus
1985 5656 2113 5698 vere
2158 5642 2346 5709 fuerit,
2378 5659 2452 5700 ex.
2483 5645 2736 5699 omnibus
2771 5641 2885 5712 jam
2923 5641 3081 5696 dictis
3101 5648 3265 5711 queat
3285 5640 3368 5694 vi-

1793 5734 1928 5800 deri,
1957 5733 2057 5788 fuit
2077 5734 2345 5804 equidem,
2371 5743 2430 5788 ut
2459 5733 2696 5789 ofﬁcium
2721 5733 2788 5788 de
2807 5748 2895 5797 eo,
2933 5732 3076 5802 quod
3101 5733 3364 5794 duntaxat

1793 5825 1893 5882 sub
1925 5825 2031 5880 ritu
2078 5825 2411 5894 semiduplici
2443 5825 2659 5881 recitari
2703 5835 3078 5892 consueverat,
3107 5825 3172 5880 ab
3194 5823 3382 5898 omni-7
