3860 6326
606 422 711 479 627

1388 422 1444 480 S.
1486 424 1832 482 BRUNONIS
1866 418 2508 481 CARTHUSIANORUM
2548 421 3029 480 INSTITUTORIS
3745 428 3824 487 623

604 541 707 592 ιηις,
737 536 1009 605 deinceps,
1049 534 1138 607 qui
1176 536 1243 591 ad
1275 536 1438 594 horas
1472 541 1763 596 canonicas
1787 549 2051 603 tenemur,
2086 538 2186 595 sub
2216 544 2261 602 Α
2295 544 2397 601 tus,
2428 545 2482 591 et
2510 537 2661 591 brevi
2686 547 2765 591 est
2789 553 3012 608 prorsus
3058 537 3275 592 sanitati
3317 536 3556 607 pristiuze
3600 536 3825 599 redditus;

604 629 710 685 ritu
737 627 931 697 duplici
973 627 1189 683 recitari
1228 640 1430 698 posset,
1456 647 1485 686 a
1535 632 1807 689 Clemente
1833 632 1905 698 Χ,
1934 642 1994 687 ιιι
2024 649 2187 705 supra

603 732 635 773 a
681 718 966 771 Benedicto
1008 716 1125 771 XIV
1170 718 1455 791 allegatum
1506 723 1938 793 congregationis
1983 726 2186 779 rituum

603 810 879 863 decretum
920 807 1079 864 ﬁdem
1111 809 1258 878 facit,
1304 826 1448 867 anno
1499 812 1655 878 1674,
1709 815 2042 885 supplicante
2086 816 2184 871 lli-

601 899 912 970 spaniarum
954 900 1163 971 regina,
1201 916 1539 958 concessum.
1589 904 1768 974 Atque
1818 906 1869 960 id
1902 908 2007 973 hic,
2041 907 2187 977 quod

602 992 670 1047 de
719 1007 782 1047 ea
833 991 1125 1048 Clementis
1174 996 1527 1050 concessione
1574 1012 1850 1067 sacraeque
1895 1014 2185 1070 congrega-

601 1080 767 1135 tionis
798 1083 1019 1148 rituum,
1046 1097 1151 1153 quo
1172 1084 1444 1139 declarata
1473 1086 1587 1140 haec
1618 1085 1735 1154 fuit,
1775 1087 1995 1143 decreto
2021 1088 2186 1143 fuerit

600 1172 885 1240 agendum,
918 1175 1451 1231 commemorandum
1480 1177 1628 1243 duxi,
1660 1179 1761 1234 etsi
1798 1180 2014 1235 interim
2042 1196 2179 1251 pon-

603 1261 773 1315 tificio
805 1263 891 1317 isti
935 1264 1142 1319 indulto
1171 1266 1482 1335 prmiverint
1513 1270 1611 1323 tria
1643 1284 1673 1325 e
1721 1271 2016 1337 miraculis,
2045 1288 2182 1339 pra:-

599 1354 737 1406 senii
769 1352 797 1425 §
816 1356 1177 1423 recensendis,
1210 1373 1346 1427 quae,
1374 1369 1432 1414 ut
1456 1360 1509 1415 id
1549 1362 1790 1430 daretur,
1835 1364 2029 1433 partim
2065 1363 2179 1419 for-

599 1444 759 1499 tassis
790 1445 1084 1502 effecerint.
2161 1456 2167 1463 ’

669 1536 759 1592 55.
780 1537 857 1593 En
893 1540 1029 1595 adeo
1056 1581 1069 1606 ,
1095 1556 1215 1596 cum
1238 1544 1306 1597 de
1332 1544 1552 1614 praefata
1575 1546 1848 1615 pontificia
1880 1549 2181 1605 concessio-

598 1642 665 1681 ne
689 1637 866 1683 actum
889 1629 1004 1698 jam
1035 1632 1168 1687 satis
1213 1635 1303 1699 sit,
1331 1636 1570 1693 studiose
1608 1638 1798 1706 lector,
1839 1657 1984 1697 nunc
2013 1643 2177 1698 etiam

597 1720 710 1786 illa,
744 1723 996 1777 continua
1015 1727 1179 1792 serie,
1210 1739 1368 1797 prout
1397 1732 1535 1801 apud
1568 1731 1856 1789 Surianum
1887 1750 1917 1789 e
1939 1737 2175 1803 schedis,

562 1804 759 1899 gsupra
786 1815 896 1883 jam
945 1818 1142 1887 sacpius
1189 1819 1442 1886 laudatis,
1487 1824 1801 1895 deprompta
1830 1843 1953 1899 pag.
1980 1828 2086 1884 569
2123 1838 2177 1884 et

2289 630 2446 684 Anno
2479 630 2608 684 1651
2637 631 2856 701 quidam
2889 631 3208 697 monachus,
3226 630 3382 699 cujus
3414 647 3602 687 nomen
3621 635 3825 690 consulto

2288 730 2572 788 praetereo,
2600 721 2727 791 quia
2762 722 3239 792 adlrucﬁuperstes
3270 731 3374 786 est,
3404 722 3670 793 professus
3696 726 3824 780 unius

2288 827 2352 867 ex
2381 813 2630 869 domibus
2670 815 2962 884 provinciae
2989 813 3048 869 S.
3086 813 3264 869 Patris
3294 815 3583 878 Brunonis,
3619 830 3724 870 cum
3748 817 3824 870 ho-

2287 903 2579 971 spitaretur
2626 904 2679 958 in
2704 904 2868 959 domo
2900 904 2958 960 S.
3015 904 3272 976 Stephani
3305 906 3373 961 de
3420 904 3659 971 Nemore,
3688 908 3824 961 multo

2288 1002 2530 1064 tempore
2577 1009 2769 1063 graves
2826 998 3026 1052 mentis
3057 998 3338 1068 angustias
3392 1011 3604 1066 passus,
3646 1000 3822 1053 tandem

2286 1085 2354 1139 ad
2396 1086 2449 1139 id
2480 1086 2713 1151 devenit,
2744 1096 2801 1141 ut
2831 1087 3007 1157 palam
3057 1088 3124 1142 de
3168 1088 3362 1142 ordine
3416 1088 3699 1142 deserendo
3735 1099 3821 1141 tra-

2286 1184 2478 1242 ctaret,
2511 1186 2676 1247 atque
2730 1178 2783 1232 in
2840 1177 3082 1232 Romana
3124 1178 3276 1232 curia
3328 1178 3433 1232 hoc
3477 1193 3575 1249 per
3612 1178 3820 1233 idoneum

2283 1267 2557 1323 hominem
2584 1279 2921 1338 procuraret.
2948 1269 3111 1338 Cujus
3138 1270 3213 1325 rei
3245 1278 3566 1340 procurator
3602 1271 3822 1340 generalis

2282 1357 2488 1412 ordinis
2514 1359 2716 1413 certior
2745 1360 2812 1414 ab
2853 1360 2969 1429 ipso
3004 1359 3180 1414 factus
3227 1374 3337 1413 non
3379 1360 3539 1413 modo
3585 1375 3679 1413 non
3721 1376 3821 1412 cnn-

2283 1452 2603 1519 tradicebat,
2630 1469 2814 1508 verum
2854 1454 3018 1507 etiam
3053 1454 3333 1508 annucbat
3380 1453 3524 1508 illius
3573 1453 3637 1507 ab
3667 1455 3820 1507 ordine

2281 1544 2562 1615 egressui,
2598 1554 2657 1599 ut
2705 1546 2772 1600 ab
2821 1545 2967 1600 illius
3024 1545 3442 1614 importunitate
3489 1558 3543 1597 se
3588 1542 3818 1597 liberaret.

2281 1636 2505 1705 insuper
2531 1636 2812 1693 oculorum
2860 1636 3231 1706 aegritudinem
3280 1643 3638 1699 contraxerat,
3664 1643 3713 1688 ut
3749 1635 3815 1686 vix

2281 1728 2348 1782 de
2383 1738 2543 1784 nocte
2576 1729 2757 1784 lumen
2786 1728 2853 1782 ad
2897 1742 3086 1782 sacras
3114 1741 3306 1797 preces
3348 1726 3645 1781 recitandas
3684 1727 3815 1779 susti-

2283 1834 2414 1873 nere
2467 1827 2668 1889 posset.
2720 1818 2949 1872 Demum
2993 1815 3051 1871 8.
3086 1815 3147 1869 Ρ.
3201 1815 3442 1870 Brunoni
3486 1830 3543 1869 se
3590 1829 3815 1867 commen-

595 1920 749 1973 seqq.
778 1914 1014 1972 exstant,
1043 1908 1287 1964 recitata.
1314 1910 1403 1967 Sic
1432 1892 1633 1969 habent
1661 1934 1675 1972 :
1709 1892 1727 1967 ξ
1756 1892 1929 1973 νίιῆ
1946 1920 2174 1975 Bernar-
2211 1892 2251 1949 Β
2281 1911 2421 1965 dans
2466 1911 2639 1965 abluit
2665 1908 2853 1965 oculos
2896 1923 3027 1963 suos
3060 1922 3202 1977 aqua
3239 1920 3306 1961 ex
3346 1905 3469 1960 lacu
3496 1904 3554 1959 S.
3599 1904 3817 1958 Brunonis

594 1994 693 2047 dus
732 1994 865 2050 Gcrt
896 1996 1337 2068 Barcinonensis,
1361 2004 1635 2072 professus
1655 2008 1954 2066 Cartbusia:
1981 2011 2177 2067 Scala:-

595 2085 690 2139 Dei
733 2086 784 2140 in
815 2086 1113 2157 Catalonia,
1146 2093 1277 2148 olim
1321 2093 1732 2165 Olisipouensis,
1767 2108 1820 2155 et
1867 2110 1987 2171 post
2037 2103 2177 2158 Ebo-

592 2176 769 2232 rensis
836 2177 890 2231 in
955 2178 1239 2238 Lusitania
1298 2186 1485 2254 prior,
1558 2204 1791 2258 sequens
1855 2192 2175 2247 miraculum

592 2267 780 2322 refert.
826 2268 1230 2331 lllustrissimus
1268 2286 1323 2330 et
1370 2282 1861 2337 reverendissimus
1902 2282 1966 2336 D.
2001 2282 2176 2339 Theo-

593 2358 773 2413 tonius
800 2374 831 2413 a
877 2360 1191 2432 Bragantia,
1231 2368 1672 2438 archiepiscopus
1714 2372 2029 2439 Eborensis,
2058 2388 2176 2427 am-

590 2449 867 2518 plissimus
914 2451 1165 2509 fundator
1201 2455 1502 2513 Carthusia:
1540 2459 1832 2516 Scalae-Dei
1877 2463 2019 2533 (aliis
2046 2462 2175 2518 Sca-

591 2540 837 2611 lre-cmli)
886 2557 1055 2611 prope
1105 2543 1342 2600 Eboram
1409 2548 1461 2601 in
1515 2547 1813 2615 Lusitania,
1865 2552 2097 2607 obtinuit
2143 2568 2176 2607 a

588 2633 888 2688 reverenda
919 2644 1070 2703 patre
1106 2638 1288 2705 priore
1332 2638 1637 2696 Carthusia:
1686 2643 1892 2698 ordinis
1936 2645 2175 2713 generali

591 2726 885 2794 quamdam
909 2728 1215 2797 portionem
1239 2746 1330 2786 seu
1375 2733 1658 2803 reliquiam
1704 2736 1896 2805 capitis
1931 2736 1987 2791 S.
2017 2736 2076 2790 P.
2105 2736 2170 2791 N.

587 2813 883 2882 Brunonis,
926 2833 1088 2888 quam
1141 2820 1195 2874 in
1240 2833 1497 2891 argenteo
1543 2824 1866 2889 simulacro;
1938 2825 2173 2897 effigiem

587 2905 828 2976 ejusdem
854 2910 1111 2967 umbilico
1156 2918 1310 2967 tenus
1338 2914 1622 2980 referente,
1660 2917 1977 2979 recondidit,
2029 2919 2173 2988 quod

586 3000 749 3054 simul
771 3016 893 3057 cum
924 3003 1110 3059 multis
1150 3006 1555 3075 emblematum,
1605 3009 2168 3082 hyeroglyphicorum,

584 3099 1007 3163 poematumque
1083 3097 1566 3165 compositionibus
1630 3100 1805 3155 eidem
1871 3100 2173 3161 Carthusiae

585 3182 852 3239 Eborensi
880 3186 1118 3275 donavit,
1146 3190 1237 3243 ubi
1266 3199 1320 3244 et
1354 3202 1669 3247 reverenter
1696 3194 1963 3263 hodieque
1992 3212 2172 3252 asser-
2199 3232 2241 3290 α

584 3282 763 3329 vatur.
795 3277 954 3331 Anno
998 3263 1137 3333 1628
1167 3280 1313 3336 circa
1360 3282 1521 3341 finem
1569 3282 1836 3350 Januarii,
1867 3301 1988 3340 cum
2030 3303 2172 3357 pra:-

587 3367 845 3422 cessisset
891 3384 1120 3438 magnus
1181 3370 1319 3426 lunae
1371 3373 1654 3439 defectus,
1715 3376 1822 3429 dux
1866 3375 2172 3445 Bragantiae

587 3456 926 3513 Theodosius
954 3460 994 3513 ll
1019 3460 1072 3514 in
1111 3462 1405 3516 maximam
1443 3479 1507 3518 ac
1543 3465 1903 3534 periculosam
1953 3466 2172 3536 mgritu-

590 3547 775 3603 dinem
830 3549 1061 3617 incidit;
1092 3551 1159 3606 de
1192 3554 1345 3621 cujus
1375 3555 1682 3611 valetudine
1730 3558 1864 3612 adeo
1911 3559 2174 3613 timebant

588 3636 709 3705 ejus
739 3638 1053 3705 familiares,
1094 3651 1152 3697 ut
1177 3644 1306 3699 solis
1345 3646 1571 3701 medicis
1621 3648 1926 3719 ingressum
1951 3651 2018 3704 ad
2047 3668 2171 3707 eum

583 3729 982 3798 permitterent.
1022 3733 1176 3803 Quod
1221 3736 1400 3793 sciens
1447 3738 1509 3793 V.
1555 3738 1614 3793 P.
1646 3740 1915 3796 Antonius
1962 3742 2168 3809 Coello,

586 3829 718 3874 tunc
746 3819 1037 3880 Eborcnsis
1064 3825 1365 3882 Carthusia:
1407 3829 1576 3899 prior,
1612 3847 1733 3885 eum
1768 3833 1827 3885 D.
1876 3832 2075 3887 Alvaro
2104 3834 2171 3889 de

583 3912 827 3973 Fonseca
874 3928 1226 3986 procuratore
1280 3920 1519 3988 ejusdem
1573 3925 1637 3977 ad
1692 3925 1945 3993 oppidum
1992 3925 2171 3981 Villa:-

580 4004 815 4071 vitiosre,
842 4007 934 4063 ubi
965 4008 1071 4063 dux
1099 4025 1241 4081 aeger
1263 4012 1642 4079 decumbebat,
1666 4017 1958 4082 concessit,
1983 4033 2169 4072 secum

581 4097 837 4155 deferens
884 4100 1198 4172 prmdietam
1252 4102 1534 4173 reliquiam
1589 4105 1646 4160 S.
1697 4106 1987 4172 Brunonis,
2045 4108 2169 4165 duci

582 4189 915 4246 adorandam
944 4191 1310 4258 exhibiturus,
1354 4195 1406 4248 in
1450 4197 1765 4251 memoriam
1797 4198 1970 4253 eidem
2015 4216 2169 4254 revo-

578 4290 745 4341 cans,
778 4292 900 4332 eam
951 4277 1234 4348 reliquiam
1273 4293 1393 4334 esse
1448 4280 1576 4335 olim
1628 4297 1657 4335 a
1697 4282 1762 4336 R.
1806 4282 1868 4337 P.
1927 4286 2167 4355 generali

576 4367 955 4425 transmissam
985 4369 1206 4424 domino
1236 4369 1571 4427 Theotonieo
1594 4388 1791 4443 magno
1814 4389 1911 4430 suo
1951 4387 2163 4446 patruo.

581 4456 684 4524 Qui
726 4461 911 4515 statim
964 4462 1453 4519 se-decentissime
1516 4466 1839 4534 composuit,
1894 4477 1948 4522 ct
1992 4468 2167 4524 dictus

577 4553 732 4621 prior
758 4569 881 4608 eum
922 4556 1161 4611 maxima
1202 4560 1507 4614 reverentia
1538 4563 1774 4616 ostendit
1796 4563 1918 4618 duci
1951 4580 2162 4620 sacram
2193 4587 2244 4645 ι)

580 4642 884 4712 reliquiam,
934 4648 1287 4718 recitatisque
1334 4665 1457 4705 cum
1502 4654 1649 4723 socio
1691 4654 2010 4723 quibusdam
2044 4673 2167 4727 pre-

582 4731 737 4787 cibus
790 4750 915 4790 cum
953 4738 1202 4795 oratione
1250 4741 1493 4809 praedicti
1524 4743 1743 4811 Sancti,
1790 4747 2034 4802 eamdem
2090 4748 2166 4803 illi

579 4822 911 4881 udorandam
956 4826 1186 4894 obtulit,
1236 4831 1591 4899 prmsentibus
1648 4833 1784 4889 duce
1837 4834 2165 4893 Barcellensi

578 4913 696 4985 ejus
734 4915 1116 4987 primogenito,
1163 4934 1309 4975 nunc
1362 4922 1501 4977 duce
1543 4922 1881 4995 Bragantiae,
1937 4928 2167 4997 aliisque

576 5011 786 5067 duobus
827 5010 950 5067 ﬁliis
981 5012 1043 5066 D.
1083 5012 1332 5069 Edoardo
1360 5024 1415 5070 et
1459 5016 1794 5084 Alexandro,
1821 5021 2049 5090 genibus
2072 5023 2161 5078 fle-

533 5098 552 5121 "'
574 5099 662 5156 xis
686 5117 873 5157 cereos
896 5116 1158 5158 accensos
1195 5104 1523 5160 tenentibus.
1548 5106 1794 5178 Cumque
1821 5112 1927 5164 dux
1950 5126 2162 5167 sacram

575 5195 858 5266 reliquiam
884 5197 1185 5263 adorasset,
1216 5199 1573 5269 praesentibus
1602 5201 1727 5256 filiis
1747 5203 1907 5268 dixit,
1930 5218 1988 5257 se
2011 5206 2164 5261 valde

576 5287 689 5342 Deo
739 5288 928 5353 fidere,
983 5290 1269 5343 sanitatem
1333 5300 1709 5359 recepturum,
1759 5294 1905 5364 quod
1958 5294 2014 5349 in
2064 5311 2163 5351 sua

544 5370 547 5379 λ
575 5379 895 5447 aegritudine
926 5382 993 5435 ab
1023 5395 1088 5435 eo
1112 5379 1315 5434 Sancto
1341 5383 1601 5436 meruerit
1627 5384 1858 5439 visitari.

646 5467 736 5524 54.
781 5486 801 5519 ‹
844 5467 1094 5525 Recessit
1142 5470 1293 5542 prior
1338 5484 1462 5525 cum
1506 5472 1654 5527 socio
1683 5487 1714 5527 e
1744 5473 2019 5539 cubiculo,
2072 5490 2161 5530 se-

576 5575 700 5615 cum
728 5560 967 5617 refereus
997 5578 1207 5617 sacram
1237 5563 1547 5633 reliquiam,
1575 5566 1804 5632 veritus,
1831 5582 1899 5622 ne
1934 5566 2043 5620 dux
2071 5583 2162 5636 pe-

578 5665 673 5705 nes
703 5665 761 5704 se
782 5667 900 5705 eam
937 5653 1169 5707 retinere
1189 5653 1387 5717 vellet;
1428 5653 1504 5707 uti
1534 5669 1655 5709 eum
1685 5670 1884 5729 cupere
1912 5665 2157 5710 noverat.

580 5741 769 5799 Postea
798 5741 903 5793 dux
930 5743 1092 5812 coepit
1126 5745 1314 5797 morbo
1338 5744 1536 5808 levari,
1581 5755 1742 5816 atque
1773 5747 1962 5800 eadem
2000 5757 2161 5801 nocte

579 5827 712 5884 adeo
732 5828 1023 5895 convaluit,
1053 5838 1162 5885 uta
1210 5834 1417 5888 medico
1447 5833 1598 5890 febre
1637 5850 1831 5891 carens
1860 5835 1931 5890 sit
1975 5850 2158 5905 reper-

2280 2013 2521 2073 sumpta,
2555 2017 2678 2072 qua:
2712 2001 2922 2057 scilicet
2942 2015 3010 2055 ex
3032 1998 3195 2053 ﬂuvio
3228 2000 3553 2053 oecurrente
3585 2011 3728 2066 prope
3751 2010 3815 2049 ne

2278 2110 2400 2150 mus
2445 2095 2690 2150 ecclesia:
2718 2093 2777 2148 S.
2812 2093 2995 2147 Mariae
3032 2090 3303 2159 colligitur
3344 2090 3400 2144 in
3444 2088 3667 2151 alveum,
3693 2102 3813 2139 muro

2278 2197 2488 2258 septum
2518 2202 2548 2241 a
2590 2194 2747 2256 parte
2788 2185 2911 2248 viae,
2948 2185 3003 2238 in
3055 2182 3224 2237 forma
3274 2179 3566 2237 orbiculari
3609 2178 3809 2247 oblonga,

2279 2280 2332 2334 in
2374 2277 2529 2346 cujus
2572 2277 2751 2332 medio
2794 2292 2928 2331 crux
2971 2275 3146 2347 lignea
3188 2274 3367 2343 posita
3416 2282 3516 2334 est,
3548 2287 3609 2325 ex
3638 2285 3725 2339 qua
3768 2268 3809 2320 S.

2277 2371 2458 2425 Bruuo
2488 2369 2674 2424 bibere
2701 2376 2757 2423 et
2808 2368 2980 2422 lavari
3007 2366 3199 2422 solitus
3242 2365 3464 2420 dicitur.
3507 2362 3663 2418 Simul
3688 2376 3737 2413 ac
3760 2374 3809 2412 ex

2277 2464 2379 2517 hac
2414 2477 2553 2532 aqua
2589 2460 2780 2517 oculos
2814 2460 3003 2521 abluit,
3045 2458 3231 2514 statim
3258 2456 3506 2511 exterius
3532 2453 3809 2520 interiusque

2279 2553 2605 2608 illustratum
2638 2567 2696 2607 se
2731 2551 2927 2616 sensit,
2958 2566 3042 2617 ac,
3073 2550 3323 2620 deposito
3350 2548 3553 2603 ordinis
3579 2542 3808 2601 deserendi

2278 2642 2526 2706 consilio,
2567 2641 2620 2695 in
2674 2650 2863 2695 sancto
2907 2639 3184 2709 proposito
3213 2653 3275 2692 se
3316 2635 3661 2697 confirmavit,
3687 2640 3808 2698 atque

2277 2736 2343 2791 de
2391 2751 2487 2789 sua
2537 2736 2638 2789 hac
2688 2733 3084 2787 illuminatione
3122 2731 3184 2785 V.
3218 2731 3281 2785 P.
3324 2729 3606 2798 Josephum
3650 2721 3806 2779 Laudi-

2277 2842 2427 2891 num,
2484 2826 2720 2896 priorem
2777 2824 3082 2879 Carthusiae
3134 2822 3397 2877 Romana:
3447 2835 3510 2874 ac
3558 2816 3735 2872 ordinis
3765 2814 3803 2864 in

2275 2918 2519 2973 Romana
2557 2916 2706 2971 curia
2762 2924 3169 2986 procuratorem
3200 2912 3544 2985 generalem,
3575 2908 3801 2963 certiorem

2274 3007 2421 3072 fecit,
2453 3022 2547 3076 per
2570 3022 2698 3062 suas
2726 3006 2935 3060 litteras
2960 3020 3025 3059 ex
3059 3005 3160 3058 hac
3196 3004 3384 3067 domo,
3415 3016 3592 3057 mense
3627 2999 3800 3052 Deccm-

2273 3098 2355 3152 bri
2388 3098 2517 3153 1631
2549 3100 2723 3164 datas,
2758 3112 2893 3167 quas
2928 3105 2983 3151 et
3019 3096 3139 3150 aliis
3173 3093 3537 3148 familiaribus
3571 3091 3667 3147 suis
3689 3087 3798 3156 legit-

2273 3186 2418 3241 Vivit
2457 3188 2632 3243 adhuc
2672 3198 2726 3242 et
2756 3202 2943 3256 sospes
2967 3195 3069 3241 est.
3109 3185 3185 3239 Ex
3217 3200 3361 3254 aqua
3397 3193 3570 3238 autem
3600 3180 3729 3246 hujus
3747 3176 3802 3227 la-

2277 3294 2372 3333 cus
2415 3279 2567 3333 multi
2600 3279 2901 3334 devotionis
2920 3293 3085 3333 causa
3110 3276 3332 3343 bibunt,
3359 3286 3412 3331 et
3433 3278 3497 3329 ad
3521 3276 3684 3328 domos
3707 3282 3800 3323 suas

2274 3378 2576 3438 asportant,
2617 3384 2778 3438 quam
2832 3368 2996 3423 etiam
3041 3366 3207 3420 variis
3262 3365 3471 3420 morbis
3515 3355 3797 3433 profligandis

2275 3459 2709 3513 efficacissimam
2751 3460 3125 3528 experiuntur,
3163 3457 3255 3527 qui
3308 3474 3429 3512 cum
3463 3456 3628 3524 aliquo
3672 3463 3791 3504 sensu

2274 3550 2492 3621 pictatis
2516 3566 2633 3603 eam
2667 3557 2909 3604 sumunt.

2345 3640 2432 3693 55.
2474 3659 2492 3691 ι
2548 3640 2786 3694 Labente
2842 3654 2983 3695 anno
3034 3639 3194 3702 1655,
3238 3636 3627 3693 illustrissimus
3664 3627 3792 3683 domi-

2275 3746 2374 3784 nus
2400 3730 2664 3785 Henricus
2694 3727 2973 3783 Loffredus
3014 3729 3404 3798 Neapolitanus
3460 3723 3679 3780 marcbio
3707 3718 3794 3771 Tri-

2276 3824 2377 3875 vici
2419 3831 2472 3877 et
2517 3838 2698 3876 comes
2749 3821 3011 3875 Potentia:
3066 3823 3118 3875 in
3156 3821 3396 3875 Lucania
3449 3818 3606 3880 urbis,
3635 3812 3707 3865 ubi
3745 3822 3793 3861 ex

2276 3915 2597 3986 gravissimo
2647 3914 2833 3967 morbo
2881 3914 2947 3968 de
2998 3913 3107 3967 vita
3158 3912 3579 3983 periclitabatur.
3626 3905 3789 3971 Quare.

2275 4007 2606 4060 medicorum
2656 4020 2758 4075 ope
2809 4013 2863 4059 et
2906 4019 3071 4074 opera
3118 4004 3354 4074 objecta,
3409 4006 3472 4055 ad
3531 4000 3789 4088 Sanctorum

2272 4098 2523 4167 praesidia
2574 4098 2839 4167 confugit,
2880 4097 3124 4168 adeoque
3172 4097 3394 4151 hortatu
3448 4092 3615 4147 fratris
3645 4080 3788 4152 Angcli

2272 4171 2465 4241 Massei
2516 4186 2856 4256 Neapolitani
2917 4188 3204 4250 conversi,
3255 4186 3487 4255 professi
3549 4173 3788 4235 Carthllste

2273 4278 2332 4334 S.
2368 4280 2645 4333 Laurentii
2695 4294 2863 4349 prope
2909 4278 3191 4343 Padulam,
3220 4288 3353 4333 tunc
3385 4266 3724 4331 commorantis
3747 4262 3809 4311 in‘

2271 4370 2493 4439 grangia
2542 4369 2784 4438 ejusdem
2838 4368 3179 4432 Carthusiaa,
3221 4369 3325 4421 sita
3388 4368 3523 4420 intra
3568 4360 3783 4414 Citii-1W“

2270 4460 2598 4526 Potentiam,
2625 4474 2683 4514 se
2718 4460 3115 4515 commendavit
3160 4458 3219 4513 S.
3249 4458 3311 4511 P.
3338 4456 3560 4511 Brunoni
3600 4449 3670 4519 pio
3694 4455 3803 4541 cur:

2270 4553 2352 4607 dis
2377 4552 2594 4618 affectu,
2626 4554 2821 4608 hausto
2851 4553 3012 4607 etiam
3064 4549 3287 4620 pulvere
3310 4551 3376 4604 de
3406 4561 3558 4618 specu
3594 4538 3781 4610 ejusdem

2273 4645 2458 4701 Sancti
2483 4646 2600 4701 loco
2640 4646 2941 4714 pharmaei,
2974 4644 3043 4699 ab
3075 4643 3263 4698 eodem
3302 4652 3557 4698 converso
3589 4632 3672 4688 sibi
3710 4640 3782 4721 εξ·

2271 4735 2462 4801 bibito,
2516 4735 2607 4804 qui
2662 4736 2755 4788 Dei
2808 4733 3073 4789 beneficio
3112 4748 3208 4803 per
3249 4733 3441 4786 merita
3484 4728 3540 4783 S.
3571 4722 3799 4815 Brunomsl

2269 4825 2415 4879 brevi
2457 4824 2751 4889 convaluit,
2804 4840 2903 4877 nec
2937 4840 3041 4877 non
3072 4840 3174 4894 ope
3210 4824 3270 4877 Β.
3316 4820 3510 4893 ᾸΞεΜίί
3553 4815 3791 4869 Minerua,»

2268 4917 2422 4985 eujus
2477 4931 2673 4985 corpus
2730 4914 2872 4983 apud
2927 4914 3359 4968 Laurentianum
3405 4908 3635 4980 oppidum
3676 4900 3777 4950 inte-

2269 5024 2422 5078 grum
2474 5016 2809 5070 asservatur,
2840 5006 2925 5059 cui
2958 5004 3026 5058 ab
3070 5004 3187 5073 ejus
3227 5013 3401 5059 matre
3431 4989 3774 5056 commendatus

2267 5097 2466 5152 fuerat.
2496 5099 2575 5152 Ub
2624 5097 2676 5150 id
2709 5111 2850 5149 anno
2882 5094 3041 5160 1654,
3072 5104 3134 5148 ιιι
3163 5094 3379 5150 Sanctis
3420 5091 3610 5178 debitas

2265 5189 2695 5258 obsequiumque
2742 5186 3098 5255 persolveret,
3141 5186 3286 5240 circa
3343 5183 3544 5237 initium
3588 5170 3687 5227 Julii
3722 5160 3771 5215 ad

2264 5282 2577 5350 prmdictam
2621 5279 2966 5333 Carthusiam
3006 5278 3221 5332 Padula:
3263 5275 3487 5332 accessit
3513 5269 3569 5323 S.
3594 5265 3642 5320 P.
3668 5260 3769 5354 Bru-

2265 5375 2391 5426 noni
2439 5373 2639 5443 gratias
2684 5371 3011 5424 redditurus.
3042 5369 3195 5435 Quod
3237 5367 3431 5423 clarius
3458 5379 3520 5418 ex
3558 5357 3785 5451 ejtleP'j

2264 5466 2433 5531 stola,
2465 5464 2529 5521 V.
2573 5464 2632 5517 Ι).
2672 5462 2867 5517 Joanni
2923 5461 3181 5530 Baptista:
3231 5457 3502 5514 Manducio
3547 5448 3682 5520 priori
3716 5448 3783 5505 3°;

2262 5558 2552 5631 provincia)
2579 5555 2845 5611 visitatori
2865 5553 3329 5624 directa,patebit.
3372 5569 3390 5600 c
3417 5541 3678 5601 Admodum
3701 5542 3781 5607 κη

2271 5672 2289 5703 ι
2314 5651 2546 5707 verende
2566 5649 2729 5704 Pater
2750 5647 3259 5703 observandissime.
3286 5635 3779 5727 Superioribus

2270 5761 2286 5792 ι
2311 5742 2457 5796 sibus
2487 5742 2555 5795 ob
2585 5742 2961 5811 gravissimum
2988 5738 3233 5793 morbum
3268 5736 3384 5788 vita:
3412 5730 3507 5785 tale
3533 5722 3760 5819 diffn'l‘ﬂ'

2270 5832 2531 5899 «incurri,
2587 5806 2645 5887 ut
2683 5833 3065 5896 considerans,
3108 5830 3219 5900 jam
3254 5838 3437 5881 vanam
3492 5806 3755 5871 medicorum

3788 4808 3797 4855 »ι

3792 4892 3795 4949 l

3788 4976 3793 5043 i

3786 5064 3791 5137 l

3786 5150 3789 5231 l

3786 5246 3787 5325 l
