3864 6320
115 285 210 338 6'29

1619 282 1814 340 ACTA.

3259 290 3370 342 630

120 409 356 466 «operam
388 409 531 461 esse,
562 399 634 452 ad
681 397 846 462 Deum
883 396 982 468 Op.
1015 397 1153 452 Max.
1185 407 1347 468 atque
1374 401 1438 452 ad
1465 399 1674 455 caelites
1702 404 1750 462 Α
1784 399 2030 469 pluribus
2078 400 2351 456 mensibus
2382 416 2410 454 a
2457 398 2700 457 dat-mone
2747 404 2950 459 insessa
3006 416 3091 465 sas
3151 427 3218 466 ex
3277 412 3366 465 in-

120 498 359 543 «sanctos
406 487 781 560 confugerim,
820 489 911 544 sed
939 491 1194 558 peculiari
1247 491 1441 546 affectu
1494 493 1560 546 ad
1611 492 1670 546 8.

120 579 470 645 «Brinnonem,
495 589 662 650 atque
687 581 754 634 ad
785 581 841 634 Β.
873 581 1172 653 Egidium.
1208 582 1361 637 Nunc
1399 592 1456 636 ιιι
1481 584 1671 650 ιηυΙιο,

117 692 132 721 ι
159 670 292 738 quod
334 669 416 723 his
445 668 667 748 Sanctis
695 672 881 738 debeo,
909 672 1223 728 satisfacere
1251 689 1443 744 queam
1471 675 1676 741 debito,‘

118 760 304 815 :statui
354 763 718 830 personaliter
753 765 817 817 ad
867 779 960 819 eos
996 767 1334 820 venerandos
1373 766 1629 822 accedere
1655 807 1671 832 ,

116 861 341 921 «patrem
386 849 445 906 S.
496 851 804 908 Brunoncm
835 855 972 908 istuc
999 855 1064 908 ad
1117 854 1175 909 S.
1210 854 1558 910 Laurentium
1607 857 1673 912 de

118 965 134 992 ι
160 943 343 998 Padula
391 944 637 1010 scilicet,
677 955 732 1000 et
793 945 852 999 Β.
907 945 1183 1018 Egidium
1221 947 1668 1003 Laurentianum.

113 1035 314 1102 «Quare
340 1032 726 1090 Paternitatem
758 1035 820 1088 γ.
853 1051 1002 1105 rogo,
1035 1045 1093 1090 ut
1123 1036 1251 1090 mihi
1283 1036 1512 1106 gratiam
1542 1047 1674 1090 con-i

112 1127 297 1182 «cedas
317 1134 368 1180 et
398 1124 713 1181 facultatem
742 1127 804 1181 F.
845 1127 1073 1198 Angelo,
1107 1135 1164 1181 ut
1197 1143 1406 1182 mecum
1439 1128 1621 1181 veniat
1651 1146 1664 1180 :

113 1235 258 1273 tuam
290 1233 352 1271 cx
376 1225 530 1286 parte
558 1233 896 1288 cognoscens
927 1220 994 1272 ab
1041 1233 1106 1274 eo
1147 1235 1322 1272 meam
1351 1219 1666 1288 sospitatcm

111 1320 244 1363 «tum
295 1307 432 1362 illius
463 1307 755 1376 precibus,
799 1319 908 1362 tum
951 1308 1191 1372 hortatu,
1245 1318 1302 1362 ut
1354 1324 1439 1362 me
1491 1307 1548 1362 S.
1605 1307 1674 1361 P.‘

110 1423 125 1452 ι
145 1400 370 1454 Brunoni
399 1399 858 1464 commendarem,
884 1415 913 1453 a
939 1399 1278 1455 Paternitate
1311 1409 1490 1453 vestra
1526 1400 1670 1453 hanc

111 1491 550 1548 «consolationem
597 1501 814 1561 exopto,
849 1500 905 1545 ut
949 1493 1240 1558 praedictus
1287 1491 1475 1555 frater,
1525 1491 1669 1544 sicut

107 1604 124 1637 ι
145 1583 336 1639 auxilio
365 1583 491 1637 mihi
525 1582 705 1638 fuitad
732 1585 1050 1654 sospitatcm
1075 1585 1210 1656 mihi.
1234 1583 1670 1654 impetrandam,

109 1697 124 1726 ι
147 1677 208 1728 ita
233 1665 474 1754 etiamsit
491 1675 790 1746 adgratias
807 1675 1130 1730 reddendas.
1163 1675 1400 1730 Tandem
1431 1673 1664 1728 offerens

1778 507 1966 560 gressu
2006 494 2056 546 in
2082 494 2286 548 dictum
2319 493 2494 548 lacum
2524 493 2748 548 liberam
2777 497 2968 559 sensit,
2991 502 3242 568 idemque
3268 516 3362 553 eo.

1776 584 1897 639 dem
1923 585 2010 640 die
2039 585 2220 640 multis
2247 585 2366 639 aliis
2392 585 2776 655 energumenis
2800 587 3036 641 obvenit.
3055 588 3206 641 Anno
3226 589 3372 646 Πειι.

1775 673 1910 728 baro
1957 673 2253 739 Letfelhol,
2290 676 2566 744 copiarum
2615 689 2973 729 ca‘sarearum
3019 675 3072 729 in
3112 675 3360 731 Calabria

1776 769 2112 836 capilaneus,
2144 776 2288 822 secta
2335 767 2698 832 Lutberanus,
2729 782 2958 836 parvum
3001 765 3058 822 S.
3093 767 3363 823 Brunonis

1774 855 1980 918 lacum,
2026 872 2134 927 quo
2167 857 2470 913 curiositati
2515 873 2626 912 sua:
2676 855 3050 921 satisfaceret,
3095 857 3362 922 visitnvu’,

1772 948 2067 1017 vidensque
2113 963 2222 1003 uno
2253 949 2341 1004 die
2377 949 2569 1020 viginti
2607 956 2844 1019 quatuor
2877 948 3163 1011 miracula,
3207 965 3236 1002 a
3270 964 3363 999 Vat-

1774 1038 1870 1092 riis
1895 1040 2273 1108 energumenis
2297 1055 2393 1109 per
2415 1039 2600 1094 Sancti
2631 1039 3078 1094 intercessionem
3107 1039 3364 1100 obtenta,

1773 1125 1986 1180 interne
2024 1128 2090 1180 ad
2131 1127 2288 1182 ﬁdem
2333 1127 2656 1182 catholicam
2703 1127 3130 1198 amplectendam
3185 1138 3362 1182 motus

1771 1226 1874 1279 est,
1919 1225 1974 1270 et
2019 1217 2136 1270 ideo
2189 1219 2459 1272 vocationi
2488 1219 2686 1272 divina:
2733 1219 3136 1286 obtemperans,
3166 1218 3359 1286 dieque

1768 1307 1838 1360 24
1871 1307 2014 1362 Junii
2063 1307 2540 1362 Lulheranisnmm
2579 1309 2869 1378 abjurans,
2913 1310 3035 1364 ﬁdei
3078 1310 3356 1364 catholica:

1770 1400 2186 1470 professionem,
2213 1409 2366 1471 patre
2401 1401 2738 1456 Columbano
2771 1401 3022 1473 Theysen
3049 1401 3358 1456 Coloniensi

1769 1491 2018 1547 Minorita
2065 1493 2466 1557 COnvenluali,
2495 1494 2700 1548 militi:e
2747 1510 3000 1550 czesarete
3061 1494 3358 1557 saccllano,

1767 1591 1821 1635 et
1863 1583 2166 1652 Augustino
2213 1583 2380 1637 Maria
2431 1583 2756 1650 ananensi,
2808 1585 3194 1644 concionatore
3255 1585 3358 1639 Ca.

1769 1676 2020 1744 puccinu,
2054 1667 2430 1744 praesentibus,
2462 1676 2653 1748 Bhegii
2698 1677 2752 1730 in
2783 1677 3030 1732 Calabria
3059 1678 3110 1732 in
3139 1677 3353 1748 Capue-

109 1788 125 1818 c
149 1782 224 1822 me
237 1749 449 1836 semper
475 1766 542 1820 ad
564 1742 741 1833 tui,ac
761 1777 864 1822 tuac
891 1767 1164 1838 religionis
1190 1767 1447 1834 obsequia
1476 1781 1660 1835 prom-
1693 1742 1738 1798 Β
1765 1765 2008 1819 cinerum
2051 1763 2281 1819 ecclesia
2328 1764 2541 1829 emisit,
2579 1766 2793 1833 duoque
2833 1766 3128 1835 supradicti
3170 1776 3359 1835 patres

106 1875 122 1906 ι
144 1865 298 1926 ptum,
327 1855 438 1910 tuis
495 1871 582 1910 me
630 1857 968 1912 orationibus
997 1855 1433 1913 commendatum
1478 1854 1656 1925 cupio.

107 1945 388 2011 «Potentia,
414 1944 500 2000 die
527 1946 597 2000 ‘27
619 1945 763 2002 Junii
794 1945 952 2002 1654.
997 1965 1020 1999 ι
1063 1967 1066 1970 ·

158 2037 238 2093 56.
273 2036 424 2092 Talia
478 2048 606 2093 sunt
637 2039 760 2106 tria,
789 2054 908 2108 qua:
959 2053 1129 2094 sacrze
1170 2038 1374 2093 rituum
1423 2029 1660 2109 Congre-

103 2129 328 2201 gationis,
359 2144 389 2182 a
421 2128 525 2183 ritu
577 2130 912 2200 scmiduplici
951 2131 1018 2185 ad
1059 2131 1351 2200 duplicem,
1384 2136 1659 2183 annuente

103 2222 355 2276 Clemente
385 2222 451 2282 Χ,
477 2221 746 2277 clevantis
777 2222 964 2277 Sancti
993 2222 1221 2287 cultum,
1255 2223 1474 2277 decreto
1520 2235 1658 2290 prae-

103 2311 486 2384 nerc,.bicquc
519 2314 850 2369 reccnsenda
886 2315 1035 2380 duxi,
1077 2315 1144 2370 ad
1181 2313 1238 2369 S.
1269 2313 1540 2368 Brunonis
1578 2314 1657 2368 in-

105 2406 420 2460 vocationem
466 2414 684 2474 patrata
739 2405 1021 2460 miracula.
1065 2406 1143 2462 Ac
1194 2407 1386 2460 horum
1435 2407 1654 2475 quidem

101 2496 388 2552 scentulum.
427 2497 530 2551 etsi
569 2498 710 2567 quod
747 2498 812 2552 de
839 2499 1036 2552 virtute
1077 2513 1106 2551 a
1151 2498 1440 2568 prodigiosi
1491 2497 1654 2551 fontis

102 2587 231 2656 aquis
281 2586 391 2652 (adi
438 2586 744 2643 Comment.
773 2603 936 2657 prazv.
994 2603 1144 2643 num.
1179 2588 1304 2656 7J7)
1353 2588 1420 2641 ad
1482 2588 1650 2650 lacus,

100 2679 167 2732 cui
199 2693 224 2730 a
256 2676 313 2732 S.
351 2677 604 2732 Brunone
645 2695 839 2734 nomen
879 2689 982 2746 est,
1013 2695 1182 2750 aquas
1230 2679 1490 2733 translata
1547 2679 1653 2734 Za-

102 2772 272 2826 nottius
322 2771 375 2826 in
409 2780 665 2826 contexta
695 2790 724 2827 a
772 2789 830 2828 se
867 2771 1053 2829 Sancti
1109 2772 1229 2828 Vita
1286 2774 1471 2838 tradit,
1529 2790 1656 2828 ncu-

101 2865 272 2933 tiquam
321 2864 628 2928 confirmet,
675 2866 1040 2935 prodigiosam
1088 2875 1268 2922 tamen
1302 2863 1453 2920 lactis
1506 2867 1650 2925 illius

100 2957 274 3024 aquise
311 2953 495 3010 Sancti
539 2958 709 3010 nostri
741 2958 948 3011 meritis
989 2957 1244 3012 virtutem
1274 2975 1402 3015 vere
1449 2961 1649 3026 inesse,

100 3058 388 3118 argumento
408 3049 772 3119 qualicunque
813 3059 914 3105 est.
945 3050 1147 3105 Verum
1192 3053 1333 3106 hanc
1382 3053 1534 3121 plura
1569 3053 1650 3107 lu-
1675 3083 1717 3141 ο

99 3139 329 3196 culcntius
370 3150 824 3206 commonstrant,
855 3157 975 3212 quae
1004 3141 1234 3211 ipsemet
1261 3143 1543 3199 Zanottius
1594 3146 1646 3200 in

98 3229 279 3285 laudata
309 3247 408 3288 sua
437 3232 507 3287 de
556 3231 614 3288 S.
647 3232 898 3288 Brunone
951 3233 1355 3291 Lucubratione
1404 3253 1523 3306 cap.
1554 3238 1644 3302 54,

105 3331 282 3388 narrat,
310 3323 599 3390 miracula,
628 3340 890 3394 aquarum
921 3324 1132 3380 illarum
1165 3327 1364 3382 virtute
1391 3331 1644 3396 przescnti

99 3413 261 3466 seculo
298 3429 362 3470 ac
401 3415 558 3485 proin
591 3425 711 3486 post
743 3416 969 3483 dictum,
992 3419 1134 3487 quod
1160 3434 1302 3473 anno
1343 3420 1478 3474 1674
1511 3437 1646 3476 con-

98 3505 306 3575 gregatio
370 3508 572 3563 rituum
611 3508 795 3573 dedit,
845 3509 1124 3565 decretum
1184 3521 1421 3582 patrata.
1474 3513 1647 3570 Lubet

97 3596 206 3658 lucc,
241 3597 482 3668 pluribus
525 3599 676 3664 aliis,
709 3615 829 3670 qua:
873 3610 982 3654 tum
1030 3603 1170 3672 apud
1215 3604 1506 3659 Surianum
1556 3606 1648 3661 ad-

95 3686 196 3752 huc,
222 3699 328 3744 tum
358 3691 488 3746 alibi
526 3700 767 3754 exstant,
791 3709 822 3746 c
873 3692 1050 3762 lingua
1083 3695 1266 3749 Italica
1301 3697 1351 3750 in
1395 3697 1642 3753 Latinam

94 3792 222 3836 versa
258 3781 444 3838 lectori
486 3782 577 3838 hic
607 3783 888 3849 exhibere,
917 3785 1099 3854 idque,
1129 3801 1249 3841 cum
1283 3804 1380 3857 pro
1431 3789 1495 3842 iis
1524 3791 1644 3843 nul—

93 3866 181 3924 lum
212 3886 299 3927 seu
347 3874 674 3943 scriptorem
722 3889 814 3928 seu
878 3885 1309 3941 monumentum,
1338 3888 1525 3932 contra
1579 3894 1642 3935 ac

94 3959 205 4016 alias
247 3962 422 4020 facere
447 3965 626 4030 .solet,
661 3964 844 4018 laudet
890 3965 1194 4032 Zanottius,
1221 3983 1251 4021 e
1303 3968 1415 4022 sola
1463 3969 1639 4037 hujus,

94 4066 227 4122 quem
249 4070 307 4110 ea
341 4056 696 4112 nihilominus
719 4073 750 4112 e
776 4057 1001 4127 probato
1042 4058 1190 4114 fonte
1215 4060 1461 4114 hausisse
1493 4076 1638 4128 reor,

94 4141 345 4211 scriptoris
377 4143 503 4196 ﬁde.
548 4141 709 4196 lliscc
759 4143 945 4214 itaque
989 4145 1058 4199 ab
1110 4144 1200 4198 illo
1249 4143 1433 4198 Sancti
1468 4146 1639 4200 nostri

91 4227 354 4300 hiographo
404 4233 587 4288 verbis
655 4243 993 4288 narrantur:
1031 4253 1050 4286 ‹
1090 4237 1244 4288 Anno
1300 4236 1434 4290 l715
1485 4236 1638 4292 Oliva

93 4319 227 4390 Spani
267 4322 642 4379 Cantaciensis
679 4324 769 4378 tali
803 4326 959 4380 modo
989 4341 1019 4380 a
1053 4326 1290 4397 maligno
1326 4327 1513 4396 spiritu
1540 4328 1635 4383 fuit

1767 1854 1925 1908 illum
1965 1869 1994 1907 a
2040 1855 2288 1908 censuris
2327 1863 2585 1909 consueta
2631 1863 2831 1908 sanctas
2879 1853 3135 1908 Ecclesiae
3180 1855 3358 1909 forma

1762 1945 2130 2000 absolverunt.
2157 1946 2230 1999 De
2254 1947 2356 2001 hoc
2385 1955 2496 2000 toto
2529 1945 2948 2000 instrumentum
2974 1946 3351 2001 authenticum

1762 2034 1848 2088 cui
1887 2034 1992 2087 duo
2031 2049 2194 2102 supra
2235 2035 2361 2088 dicti
2397 2034 2633 2104 religiosi
2667 2034 2868 2104 aliique
2906 2043 3170 2104 praeterea
3225 2038 3355 2092 sula-

1760 2124 2087 2188 scriberent,
2121 2133 2402 2192 totumque
2442 2141 2626 2179 verum
2681 2124 3354 2194 eSse,.-jnrarent,:conﬁci

1762 2214 1929 2268 voluit
1981 2215 2124 2270 idem
2174 2217 2510 2286 capitanens,
2541 2228 2771 2288 postque
2819 2219 3047 2288 ipsemet
3088 2236 3233 2274 anno
3263 2238 3354 2276 Sc-

1760 2307 1968 2376 quenti,
2001 2322 2122 2361 cum
2155 2309 2360 2376 gratias
2395 2307 2453 2363 S.
2499 2308 2736 2366 Brunoni
2778 2313 3087 2382 sepulcrum
3127 2313 3244 2383 eius
3275 2316 3356 2368 vi-

1759 2396 1930 2450 sendo
1955 2407 2179 2451 acturus
2225 2397 2482 2461 venisset,
2535 2400 2861 2468 scripturam
2915 2401 3220 2470 huiusmodi
3253 2419 3357 2458 au-

1759 2488 2052 2542 thenticam
2077 2488 2129 2541 in
2158 2488 2492 2560 S.Stephani
2535 2490 2823 2548 Carthasia
2851 2495 3124 2564 deposuit.
3159 2515 3178 2547 ι
3212 2497 3362 2552 Cum-

1759 2577 1969 2634 duubus
2012 2581 2408 2649 posterioribus
2441 2596 2472 2636 e
2529 2585 2701 2638 tribus
2749 2581 3100 2642 P'entecostes
3155 2587 3307 2642 festis
3336 2631 3352 2653 ,

1758 2684 1987 2739 quorum
2036 2672 2208 2726 altero
2256 2687 2474 2727 sacrum
2534 2673 2721 2729 Sancti
2776 2684 2939 2744 caput
2994 2677 3062 2730 ad
3099 2677 3352 2732 Turrita-

1757 2775 1882 2814 nam
1933 2760 1990 2813 8.
2036 2760 2217 2814 Maria:
2267 2762 2555 2817 ecclesiam
2585 2779 2649 2817 ex
2693 2765 2920 2820 ecclesia
2973 2766 3028 2819 S.
3083 2766 3351 2836 Stephani

1759 2855 2062 2917 transferri,
2105 2854 2279 2909 altero
2319 2857 2385 2910 ad
2423 2857 2564 2910 hanc
2611 2856 2801 2912 referri
2845 2861 3142 2928 quotannis
3189 2861 3352 2926 solet,

1758 2945 1949 3015 ingens
1999 2947 2090 3000 fiat
2136 2947 2339 3017 populi,
2387 2950 2845 3018 quemadmodum
2895 2967 2960 3005 eo
3008 2953 3124 3022 ipso
3166 2953 3348 3008 Lucu-

1755 3037 2020 3093 brationis
2048 3054 2156 3092 suae
2193 3040 2398 3109 capite,
2437 3056 2546 3109 quo
2565 3040 2678 3110 jam
2712 3045 2974 3097 recensita
3020 3045 3184 3099 refert
3229 3047 3336 3098 mi-

1754 3127 1964 3192 racula,
2011 3127 2294 3183 Zanottius
2331 3137 2580 3194 testatur,
2615 3132 2683 3184 ad
2729 3129 3074 3186 Turritauam
3111 3133 3348 3188 Carthu—

1751 3219 1886 3273 siam
1932 3208 2252 3284 concursus,
2297 3227 2533 3289 tuncque
2570 3236 2634 3275 eo
2673 3223 2896 3276 sanandi
2939 3223 3136 3277 inﬁrmi
3186 3238 3342 3278 ener-

1751 3312 2076 3382 gumenique
2106 3307 2462 3381 undequaque
2498 3313 2710 3370 soleant
2737 3314 2958 3377 adduci,
2990 3315 3174 3385 viginti
3211 3333 3340 3385 (μίαν

1751 3408 1874 3455 tuor
1915 3403 2202 3468 miracula,
2251 3421 2349 3474 per
2393 3421 2544 3476 qute»,
2595 3406 2647 3458 in
2701 3405 2919 3457 totidetn
2956 3410 3341 3476 cnergumenis

1750 3493 1934 3550 Sancti
1967 3496 2356 3552 intercessione
2381 3513 2486 3552 uno
2504 3499 2588 3552 die
2611 3506 2842 3566 patrata,
2869 3499 3143 3568 copiarum
3170 3516 3338 3554 czesa-

1748 3599 1962 3640 rearum
1989 3587 2329 3656 capitaneum
2359 3589 2426 3642 ad
2472 3588 2631 3642 ﬁdem
2659 3588 2978 3642 catholicam
3012 3604 3334 3645 conversum

1749 3676 1936 3743 fuisse,
1973 3680 2209 3748 scriptor
2241 3681 2288 3735 is
2318 3681 2407 3736 hic
2436 3680 2623 3746 refert,
2657 3680 2918 3735 alterutro
2943 3697 2973 3735 e
3004 3683 3161 3737 (lictis
3191 3683 3334 3738 Pera

1749 3778 1984 3824 tecostes
2019 3770 2172 3826 festis
2205 3771 2452 3827 fortassis
2485 3787 2741 3838 evenere;
2784 3773 2925 3842 quod
2969 3774 3011 3826 si
3061 3784 3238 3828 autem
3277 3791 3337 3830 re

1745 3861 1908 3915 etiam
1943 3879 2067 3917 vera
2103 3864 2173 3917 ita
2207 3880 2294 3918 res
2327 3864 2594 3926 habuerit,
2629 3865 2794 3919 fuisse
2824 3880 2854 3919 e
2885 3864 3070 3934 viginti
3100 3877 3338 3933 quatuor

1745 3957 2124 4025 energumcnis
2155 3973 2261 4010 uno
2291 3957 2591 4026 cadentque
2626 3957 2713 4011 die
2741 3955 3041 4010 daemonem
3075 3959 3330 4027 ejectmu,

1746 4047 1918 4115 magis
1951 4048 2074 4112 erit,
2107 4064 2270 4117 quam
2299 4047 2534 4118 alioquin
2577 4047 2737 4113 foret,
2773 4048 3052 4103 credibile.

1815 4139 1903 4193 58.
1953 4139 2020 4193 Ut
2043 4149 2094 4193 ut
2129 4140 2218 4202 sit,
2258 4141 2517 4196 adhibitis
2551 4141 2799 4210 equidem
2825 4141 2996 4203 lacus,
3031 4156 3059 4193 a
3103 4141 3161 4195 S.
3195 4143 3331 4196 Bru-

1744 4246 1885 4286 none
1916 4233 2070 4296 dicti,
2101 4234 2256 4302 aquis
2285 4249 2389 4286 non
2422 4249 2592 4303 pauca
2623 4233 2901 4297 miracula,
2931 4233 3327 4302 qmeproiude,

1742 4322 1934 4390 utjam
1975 4309 2186 4388 monui,
2222 4326 2586 4395 prodigiosam
2619 4325 2812 4378 harum
2862 4326 3116 4380 virtutem
3171 4325 3324 4401 luctt-

91 4415 380 4482 obsessa,ut
435 4417 521 4470 die
569 4417 822 4486 quopiam
859 4417 954 4471 abs
1009 4417 1098 4471 illo
1150 4417 1416 4473 violenter
1470 4434 1632 4488 supra
1668 4422 1711 4480 ο
1743 4412 2141 4483 lentius,quam
2167 4415 2586 4470 unumnum.54
2611 4415 3324 4480 relatum,commonstrant,

91 4504 351 4558 carbonum
380 4507 682 4562 ardentium
735 4523 966 4561 massam
999 4509 1159 4562 fuerit
1199 4509 1464 4579 conjecta,
1492 4511 1634 4565 unde

91 4593 252 4650 vulnus
277 4596 576 4652 insanabile
601 4598 893 4652 contraxit.
910 4596 1308 4663 Maritusillius,
1326 4616 1486 4668 quem
1513 4616 1634 4670 gra-

89 4683 202 4738 viter
226 4685 274 4740 id
311 4686 599 4758 affligebat,
629 4705 822 4760 magna
853 4705 975 4744 cum
1005 4689 1109 4743 ﬁde
1140 4699 1384 4745 sanctum
1415 4691 1632 4746 Patrem

92 4772 388 4836 (Brunonem
429 4778 640 4849 nempe)
671 4779 959 4843 invocavit,
981 4796 1212 4851 cumque
1245 4782 1524 4837 mulierem
1566 4786 1633 4837 ad

92 4860 234 4919 lacum
273 4867 330 4922 8.
375 4867 644 4924 Brunonis
673 4871 937 4937 duxisset,
979 4872 1159 4941 ibique
1209 4873 1451 4938 lavisset,
1503 4890 1632 4930 con-

92 4953 212 5009 tinuo
235 4956 363 5012 vidit
407 4957 549 5012 illaut
580 4959 733 5015 hoste
775 4959 1020 5015 inlernali
1068 4962 1372 5028 liberatam,
1413 4975 1576 5034 atque
1601 4981 1631 5021 a

92 5042 279 5100 vulnere
323 5057 585 5103 curatam.
624 5049 781 5104 Anno
817 5051 974 5118 l7l9,
1006 5052 1093 5108 die
1125 5053 1196 5108 28
1227 5053 1349 5108 Maii
1394 5053 1633 5112 Joannes

91 5131 361 5193 Bernartius
394 5139 451 5194 S.
477 5139 622 5195 Petri
651 5140 1041 5210 Cosentiensis,
1065 5159 1186 5198 cum
1219 5161 1247 5198 a
1280 5155 1484 5215 septem
1515 5145 1630 5214 jam

91 5225 219 5280 annis
247 5229 433 5284 morbo
461 5229 736 5295 detentus,
784 5233 1075 5306 multisque
1112 5237 1356 5306 corporis
1392 5238 1472 5292 sui
1512 5253 1630 5306 par-

93 5310 226 5376 tibus,
269 5316 342 5370 ita
392 5327 449 5373 ut
475 5319 782 5374 miseranda
834 5323 947 5376 visu
997 5339 1084 5379 res
1108 5335 1283 5390 esset,
1321 5335 1630 5384 contractus

95 5395 268 5465 fuisset,
293 5420 322 5458 a
354 5409 672 5475 parentibus
697 5426 834 5476 SlllS,
859 5413 948 5481 qui
982 5413 1032 5467 in
1063 5413 1284 5469 brachia
1312 5429 1433 5469 eum
1465 5431 1626 5472 acce-

91 5503 209 5558 pere,
230 5497 292 5550 ad
340 5497 520 5554 lacum
569 5498 628 5554 S.
678 5501 944 5560 Brunonis
986 5504 1224 5572 delatus,
1266 5521 1386 5562 sese
1427 5507 1625 5562 dunta-

97 5591 169 5636 rat
189 5583 403 5643 lavando
443 5589 668 5644 sanitati
688 5591 909 5665 integra:
942 5599 1142 5653 mansit
1181 5599 1478 5655 restitutus.

147 5673 221 5729 '57.
252 5698 268 5729 σ
299 5678 502 5737 Eodem
551 5696 688 5737 anno
718 5685 914 5758 Angela
954 5687 1104 5744 Rizzi
1152 5689 1544 5755 Cantacicnsis,
1592 5707 1620 5747 a

1740 4501 1793 4555 in
1829 4504 2208 4572 energumenis
2245 4504 2582 4573 potissimum
2622 4514 2832 4574 patrata
2868 4505 3059 4569 fuisse,
3099 4508 3332 4562 creden-

1739 4593 1863 4647 dmn
1913 4604 2154 4663 apparet.
2205 4595 2349 4659 Nec,
2397 4611 2518 4664 qua
2552 4610 2714 4665 supra
2749 4610 2780 4650 e
2824 4594 3058 4651 Suriano
3099 4597 3329 4668 aliisque

1735 4688 1920 4750 attuli,
1954 4689 2200 4743 dubitare
2239 4690 2449 4752 sinunt,
2483 4691 2612 4759 quin
2651 4690 2802 4759 plura
2833 4690 2994 4744 etiam
3040 4692 3106 4746 ad
3153 4692 3324 4746 solam

1737 4779 1920 4832 Sancti
1957 4781 2349 4834 invocationem
2382 4779 2581 4834 fuerint
2612 4791 2823 4850 patrata
2856 4783 3133 4848 miracula,
3165 4785 3326 4854 idque

1735 4871 2004 4941 praecipue
2036 4873 2088 4926 in
2134 4871 2421 4926 Turritana
2448 4913 2463 4938 ,
2506 4873 2591 4927 cui
2641 4875 2800 4928 modo
2826 4883 2882 4926 ct
2913 4888 2942 4926 a
2981 4872 3038 4927 S.
3072 4872 3332 4927 Brunone

1736 4978 1931 5018 nomen
1961 4973 2072 5030 est,
2114 4963 2172 5018 S.
2206 4963 2465 5034 Stephani
2499 4964 2807 5027 Cartlntsia.
2838 4965 3012 5019 Lubet
3050 4981 3191 5018 nunc
3220 4966 3322 5018 ἰιιί-

1733 5055 1855 5109 dem
1893 5057 2123 5125 patratis
2147 5055 2368 5125 jamque
2397 5055 2634 5111 narratis
2663 5072 2827 5110 unmn
2857 5066 3148 5126 praeterea,
3174 5055 3323 5122 quod

1733 5145 1860 5200 alibi
1899 5157 2108 5216 gestum
2149 5157 2270 5213 est,
2315 5164 2409 5204 seu
2443 5149 2762 5204 miraculum
2794 5189 2810 5214 ,
2857 5164 2950 5202 seu
2996 5145 3315 5200 beneﬁcium

1731 5241 2005 5295 coronidis
2035 5241 2435 5309 quodammodo
2471 5242 2590 5297 loco
2625 5241 2936 5309 adiungere.
2979 5236 3316 5290 Morkensiszs

1731 5331 1785 5386 in
1815 5348 1916 5388 ms.
1947 5348 2066 5396 sua,
2095 5348 2254 5402 quam
2285 5333 2339 5386 in
2361 5332 2764 5388 Commentario
2789 5331 2990 5397 przevio
3014 5327 3314 5394 saepissime

1729 5421 1966 5484 laudavi,
1994 5420 2060 5474 de
2089 5419 2146 5474 S.
2173 5419 2425 5475 Brunone
2451 5417 2687 5473 Diatriba
2712 5412 3308 5483 Chronologico—diplo-

1728 5513 1922 5567 matica
1949 5512 2000 5566 in
2030 5512 2136 5568 ﬁne
2155 5513 2234 5568 sic
2260 5513 2426 5568 habet
2451 5527 2465 5565 :
2495 5529 2513 5562 ι
2547 5509 2617 5564 Ut
2641 5507 2855 5561 tandem
2878 5505 3306 5574 disquisitionem

1727 5602 1868 5656 hanc
1891 5602 2096 5662 ﬁniam,
2120 5604 2311 5656 mirum
2336 5601 2499 5664 istud,
2521 5600 2662 5668 quod
2687 5605 2932 5651 recenter
2952 5597 3006 5649 in
3020 5595 3307 5649 occasione

1727 5690 1886 5761 hujus
1924 5691 2312 5761 qualiscunque
2341 5688 2649 5758 scriptionis
2675 5686 2964 5755 contigisse
2995 5685 3150 5753 paulo
3176 5691 3310 5736 ante
