3860 6326
551 304 649 358 631

549 419 876 483 memoravi,
914 416 1019 473 huc
1050 420 1313 492 subiungo
1351 438 1417 476 ex
1451 423 1676 492 cpistola
1709 423 1809 478 viri
1846 421 2133 477 clarissimi

556 512 769 567 Domini
799 511 986 566 Judoci
1016 511 1306 566 llermanni
1340 513 1665 585 Nunninghii
1698 514 1745 568 J.
1778 513 1840 569 U.
1874 514 2132 579 doctoris,

551 603 941 674 prato-notarii
983 603 1260 671 apostolici
1293 618 1356 658 ac
1393 604 1716 674 perillustris
1745 604 1986 659 ecclesiae
2027 602 2137 659 col-

548 696 760 766 legiatze
782 694 1074 749 Vredensis
1090 694 1421 761 scholastici,
1445 705 1551 752 etc.
1574 696 1707 750 Huic
1732 695 2135 750 transmiserant

548 788 693 853 hanc
723 802 899 842 meam
929 786 995 842 de
1018 786 1075 841 S.
1101 786 1169 859 pP.
1198 787 1262 842 N.
1290 788 1541 843 Brunone
1565 788 1885 853 Diatribam,
1913 796 2137 842 eatenus

551 885 614 935 ut
633 892 753 931 eam
776 875 999 948 legeret,
1024 885 1186 946 atque
1208 877 1546 946 dijudicaret,
1573 878 1811 947 mihique
1833 892 1930 947 pro
1949 891 2138 932 amore

549 977 741 1023 nostro
774 978 829 1023 et
855 968 1093 1023 amicitia
1125 969 1478 1035 rescriberet,
1510 970 1639 1039 quid
1685 970 1750 1024 de
1779 984 1841 1024 ea
1867 969 2133 1024 sentiret:

550 1061 816 1119 satisfecit
838 1060 1073 1127 affatim;
1100 1070 1225 1117 ante
1248 1070 1423 1116 tamen
1448 1078 1608 1132 quam
1633 1062 1954 1117 sententiam
1982 1074 2135 1115 suam

552 1152 779 1215 diceret,
825 1150 1126 1221 praefatur:
1162 1170 1181 1204 ι
1215 1151 1416 1207 Verum
1450 1162 1742 1222 antequam
1788 1167 1874 1206 tne
1916 1152 2020 1207 tuis
2053 1165 2139 1206 ac-

561 1258 581 1291 ι
630 1240 881 1310 cingant,
932 1242 1201 1310 prtemitto
1242 1258 1468 1311 casum,
1519 1244 1647 1298 mihi
1690 1258 1861 1309 sane,
1907 1257 1973 1297 ex
2019 1242 2139 1297 aliis

560 1348 581 1386 ι
626 1332 942 1402 permirum,
968 1350 1030 1389 ac
1053 1335 1317 1406 prodigio,
1340 1345 1397 1391 ut
1416 1336 1641 1391 candide
1664 1336 1871 1405 loquar,
1900 1336 2134 1407 plenum.

560 1444 580 1476 ε
624 1424 744 1478 Jam
785 1440 978 1481 tnanus
1016 1441 1167 1483 meas
1204 1426 1446 1482 subierat
1490 1427 1729 1481 Diatriha
1777 1438 1865 1481 tua
1909 1428 1976 1482 de
2015 1427 2137 1483 Vita

560 1535 578 1566 ι
628 1516 687 1570 S.
739 1516 1007 1573 Brunonis
1049 1534 1192 1584 ms.,
1237 1519 1453 1587 quando
1496 1520 1745 1575 residuus
1778 1520 1830 1574 in
1876 1520 2027 1574 venis
2071 1535 2138 1574 ev

560 1626 579 1658 ι
626 1609 871 1664 febribus
922 1610 1070 1665 calor
1106 1611 1439 1680 inopinatum
1488 1612 1620 1665 mihi
1676 1612 1880 1667 excitat
1924 1610 2136 1665 narium

559 1717 580 1757 ι
627 1700 995 1768 stillicidium,
1029 1717 1058 1755 a
1097 1718 1322 1771 vespera
1354 1719 1449 1773 per
1478 1704 1762 1772 plurimam
1797 1712 2009 1758 noctem
2054 1710 2138 1756 sat

560 1812 578 1849 ς
628 1791 842 1846 funesto
892 1793 1199 1862 spectaculo
1246 1805 1579 1863 protractum
1609 1836 1623 1860 ,
1677 1796 1764 1850 cui
1815 1796 2022 1849 evocati
2073 1809 2139 1848 ex

559 1903 577 1933 ι
625 1884 799 1938 vicino
854 1886 1052 1955 oppido
1100 1887 1338 1955 chirurgi
1384 1903 1677 1958 congruam
1727 1897 1938 1943 mature
1981 1901 2138 1955 opem

561 1988 582 2020 ‹
628 1972 939 2039 contulere;
966 1974 1108 2043 quod
1150 1983 1203 2031 et
1238 1976 1479 2031 medicus
1507 1992 1657 2031 meus
1695 1975 2141 2045 harmorrhagiam

562 2080 580 2111 ι
626 2063 878 2118 sanitatis
907 2065 1150 2121 criticam
1187 2066 1329 2120 bono
1352 2066 1532 2125 omine
1560 2068 1945 2135 interpretatus
1974 2075 2073 2121 est.

630 2153 717 2205 '59.
766 2152 1028 2213 «Interea
1070 2153 1380 2211 evolvendis
1419 2156 1523 2210 tuis
1557 2157 1774 2225 scriptis
1819 2171 1944 2211 eum
1984 2156 2142 2209 sedu-

630 2243 712 2295 lus
755 2243 1071 2314 distringor,
1117 2246 1260 2299 intra
1300 2244 1575 2300 octiduum
1610 2261 1695 2305 me
1737 2260 1804 2304 ex
1851 2245 2141 2313 improviso

633 2334 861 2387 alterum
918 2334 1270 2404 aggreditur,
1326 2334 1496 2403 priori
1553 2334 1708 2404 longe
1762 2333 2138 2405 periculosius.

635 2419 774 2473 llora
807 2436 1042 2490 vesperae
1072 2423 1291 2478 circiter
1319 2434 1505 2477 octava
1543 2432 1682 2487 erat,
1718 2438 1824 2493 qua
1867 2423 2141 2478 inﬁrmum

634 2521 829 2575 corpus
860 2507 1047 2576 requie
1083 2507 1391 2563 donandum
1417 2523 1712 2578 compono,
1749 2510 1835 2562 vix
1870 2517 2031 2577 caput
2059 2522 2142 2562 re-

632 2597 792 2661 cline,
826 2612 892 2653 en
922 2598 1326 2667 copiosissimus
1354 2601 1568 2665 eadem,
1595 2617 1698 2670 qua
1727 2616 1914 2670 nuper,
1951 2599 2141 2653 venula

631 2688 849 2756 sanguis
896 2689 1240 2757 prorumpit,
1285 2690 1427 2744 inter
1468 2693 1709 2747 modicas
1760 2693 1923 2747 horas
1957 2692 2142 2747 exani-

636 2776 890 2831 mandum
936 2778 1285 2849 praesagiens.
1337 2768 1547 2843 Gemini
1593 2797 1691 2851 per
1732 2796 1829 2837 ora
1878 2792 1934 2837 et
1982 2797 2142 2837 nares

631 2867 789 2925 rivuli
817 2876 967 2923 tanto
995 2868 1193 2939 impetu
1220 2884 1392 2940 eaque
1418 2872 1628 2927 cruoris
1650 2872 1864 2943 jactura
1886 2873 2142 2929 continuo

634 3057 887 3115 cogerent
924 3049 1358 3106 circumstantes.
1397 3051 1512 3121 Ego
1546 3062 1740 3122 pacato
1780 3053 1962 3107 animo
1998 3052 2141 3107 ferre

1262 303 1319 359 S.
1350 305 1693 363 BRUNONIS
1720 302 2371 363 CARTHUSIANORUM
2407 301 2894 362 lNSTlTUTORlS
2940 304 3137 361 ACTA.

3677 312 3760 366 63?.

2169 429 2212 485 Α
2247 437 2265 471 t
2312 418 2636 474 miraculoso
2691 419 2928 473 didicere
2981 417 3265 487 exemplo,
3326 427 3572 487 quantum
3620 422 3760 492 Supe-

2242 529 2259 561 ι
2307 526 2426 564 rum
2462 510 2660 564 auxilia
2708 510 2959 567 humanis
2987 510 3237 573 omnibus
3277 510 3386 565 sint
3421 514 3760 580 prtestantiom.

2242 620 2259 652 ι
2305 601 2529 673 Ignosce
2551 599 2773 670 profuso
2794 599 3003 655 calamo
3020 615 3181 669 opera
3208 599 3304 655 Dei
3329 600 3764 672 indispensahilitcr

2240 712 2259 744 ι
2306 691 2696 747 manifestanti.
2733 712 2751 744 ι

2305 783 2394 837 40.
2442 782 2684 838 Miraculi
2741 783 2900 853 hujus
2950 797 3044 837 seu
3095 783 3276 853 potius
3334 783 3611 848 beneficii,
3652 786 3767 843 Nun-

2237 876 2459 946 ninghio
2495 875 2560 929 ad
2596 874 2656 929 S.
2690 874 2962 929 Brunonis
2991 874 3391 930 invocationem
3420 874 3626 941 collati,
3660 878 3768 933 rcta.

2239 964 2371 1020 tioni
2419 962 2629 1033 adjecta
2671 964 2819 1017 brevi
2857 962 3135 1028 clausula,
3180 972 3503 1029 tractatum,
3547 980 3640 1033 quo
3671 983 3766 1030 res,

2238 1056 2304 1110 ad
2338 1055 2600 1109 Sanctum
2645 1062 2958 1123 spectantes
2980 1094 2995 1118 ,
3036 1052 3153 1107 fuse
3191 1052 3485 1122 seduloque
3521 1054 3771 1121 discussit,

2236 1144 2577 1200 Morkensius
2614 1142 2865 1197 absolvit.
2912 1144 3145 1207 Verum,
3183 1150 3472 1213 antequam
3511 1152 3563 1198 et
3594 1159 3678 1217 ego
3710 1148 3770 1200 in-

2238 1245 2452 1306 ceptum
2496 1235 2564 1291 de
2614 1235 2723 1301 iis,
2776 1250 2897 1307 qua:
2945 1235 3011 1291 de
3067 1236 3238 1305 gloria
3292 1235 3479 1290 Sancti
3532 1240 3772 1306 postlnuua

2238 1329 2464 1384 dicenda
2503 1335 2864 1397 supererant,
2898 1341 3204 1381 sermonem
3241 1324 3333 1380 hic
3370 1325 3691 1389 concludam,
3717 1326 3773 1379 lu-

2238 1417 2513 1472 colentum
2543 1417 2743 1482 adhuc,
2772 1424 2828 1469 ut
2855 1415 3013 1470 fidem
3043 1415 3434 1470 Commentarii
3466 1416 3631 1485 prazvii
3655 1416 3774 1469 initio

2239 1508 2422 1563 datam
2461 1508 2687 1573 liberem
2714 1547 2731 1572 ,
2769 1507 2986 1562 eximite
3029 1520 3289 1576 prorsus,
3337 1522 3442 1577 qua
3493 1504 3697 1561 Sanctus
3734 1507 3772 1561 in

2238 1602 2419 1673 patrio
2449 1600 2595 1665 solo,
2639 1600 2749 1653 imo
2779 1599 2833 1653 in
2866 1598 2979 1667 ipsa
3001 1638 3016 1663 ,
3067 1598 3120 1652 in
3153 1613 3261 1666 qua
3299 1607 3461 1652 natus
3488 1612 3599 1651 esse
3626 1598 3774 1651 existi-

2242 1703 2443 1758 matur,
2484 1692 2643 1748 domo
2675 1690 2912 1745 Colonia:
2945 1689 3259 1759 Agrippina:
3306 1688 3549 1752 afficitur,
3597 1703 3774 1743 venerao

2172 1771 2215 1831 Β
2248 1784 2409 1837 tionis
2438 1789 2815 1850 argumentum
2860 1780 3398 1834 commemorandum
3429 1785 3528 1832 est.
3569 1778 3776 1847 Augusti-

2243 1888 2343 1927 nus
2393 1868 2778 1932 Aldenbruck,
2835 1868 3124 1926 Societatis
3174 1877 3380 1925 nostra:
3424 1870 3693 1933 sacerdos,
3736 1866 3775 1922 in

2242 1961 2490 2031 epistola,
2523 1975 2683 2028 quam
2735 1967 2858 2029 post
2899 1960 3203 2029 inspectam
3242 1958 3466 2013 domum
3504 1957 3653 2019 illam,
3684 1972 3777 2024 qua:

2244 2052 2355 2124 (adi
2412 2050 2880 2107 Commentarium
2937 2049 3199 2119 praevium
3254 2047 3286 2120 §
3351 2048 3409 2117 2)
3467 2047 3534 2099 ad
3588 2045 3775 2099 Rubrum

2243 2141 2473 2197 Stessam
2512 2140 2835 2211 appellatur,
2867 2155 3010 2196 anno
3044 2139 3201 2205 1767,
3241 2139 3334 2193 die
3366 2138 3436 2191 27
3467 2136 3583 2191 Julii
3619 2137 3675 2190 ad
3703 2150 3776 2189 nos

2242 2231 2409 2297 dedit,
2441 2232 2564 2287 aliis
2590 2232 2885 2297 nonnullis,
2916 2232 2982 2286 ad
3008 2231 3064 2287 S.
3096 2232 3409 2286 Brunonem
3438 2227 3777 2299 pertinentibus

2242 2340 2362 2394 qua:
2394 2332 2696 2391 memorat,
2735 2322 3016 2393 sequentia
3050 2322 3163 2376 hare
3211 2321 3367 2376 addit
3396 2337 3411 2373 :
3454 2338 3471 2369 ι
3512 2317 3617 2372 Vidi
3649 2317 3775 2369 etiam

2243 2415 2297 2470 in
2330 2415 2555 2482 antiqua
2587 2413 2749 2468 domo
2779 2414 2870 2483 (ad
2906 2411 3138 2466 Rubrum
3170 2410 3428 2471 Stessam,
3460 2414 3608 2477 prout
3630 2405 3778 2457 etiam-

2244 2522 2374 2562 nutn
2406 2504 2767 2576 nuncupatur)
2794 2504 3127 2567 cubiculum,
3157 2503 3303 2571 quod
3332 2500 3519 2555 incolae
3548 2516 3574 2552 a
3601 2497 3649 2551 S.
3678 2495 3777 2547 Bru-

2244 2612 2424 2665 none,
2477 2600 2602 2653 dum
2652 2596 2889 2651 Colonia:
2933 2596 3111 2649 adhuc
3160 2595 3427 2663 degeret,
3475 2589 3778 2644 inhabitatum

2244 2691 2527 2755 dicebant,
2566 2698 2714 2749 tanta
2747 2703 2962 2759 semper
2994 2686 3305 2742 reverentia
3336 2684 3565 2746 cultum,
3605 2690 3655 2734 ut
3678 2677 3776 2732 nulli

2244 2794 2507 2838 nocturna
2538 2783 2695 2851 quies
2728 2782 2779 2835 in
2822 2795 2887 2835 eo
2916 2779 3338 2835 concederetur.
3373 2776 3430 2830 In
3459 2775 3633 2829 eodem
3664 2770 3779 2823 Clllil-

2245 2876 2368 2931 culo
2417 2883 2721 2930 monstrata
2776 2872 2911 2932 mihi
2967 2871 3068 2925 fuit
3119 2870 3329 2940 sponda
3387 2867 3549 2933 lecti,
3600 2878 3687 2934 qua
3729 2860 3777 2913 ad

2245 2971 2482 3040 quietem
2513 2983 2644 3022 usus
2674 2967 2778 3032 sit,
2812 2963 3184 3020 vetustissima
3229 2961 3325 3017 illa
3356 2960 3570 3030 quidem
3609 2971 3636 3010 e
3669 2954 3779 3022 ligno

2245 3077 2479 3132 querno,
2528 3061 2621 3114 sed
2650 3101 2665 3128 ,
2709 3058 2853 3129 quod
2897 3057 3126 3111 miratus
3170 3054 3245 3109 ftti
3275 3094 3291 3119 ,
3340 3051 3487 3107 nullo
3533 3046 3780 3103 teredinum

638 3139 878 3206 malum,
932 3154 1028 3194 ceu
1070 3155 1100 3194 e
1149 3141 1288 3205 ccelo
1338 3143 1658 3211 immissum.
1713 3143 1922 3199 Interea
1975 3144 2140 3199 nihilo

2249 3170 2430 3217 morsu
2461 3152 2513 3207 in
2540 3154 2686 3207 hunc
2711 3152 2852 3204 diem
2880 3148 3141 3219 appetita,
3168 3146 3371 3201 nedum
3402 3144 3598 3197 vitiata.
3625 3137 3777 3205 Quam.

636 3233 916 3287 remissior
942 3234 1183 3304 profusio
1209 3236 1258 3289 in
1286 3236 1476 3291 horam
1507 3237 1721 3293 tertiam
1747 3238 1921 3293 noctis
1949 3252 2144 3292 excur-

639 3323 743 3387 rit,
780 3334 1134 3378 aceersuntur
1168 3327 1344 3380 denuo
1375 3328 1614 3397 chirurgi
1646 3326 2014 3393 Borckenses;
2052 3327 2143 3395 qui

636 3420 816 3466 tamen
846 3414 915 3466 ob
957 3413 1172 3469 clausas
1200 3425 1385 3483 portas
1420 3416 1634 3486 aliaque
1664 3416 1916 3470 militaris
1953 3416 2143 3485 prtesi-

636 3502 708 3555 dii
760 3504 1186 3572 impedimenta,
1234 3515 1347 3563 tum
1396 3508 1570 3565 noctis
1614 3521 1881 3578 opacum,
1928 3507 2146 3577 segnius

637 3596 923 3648 accedunt.
955 3595 1048 3649 llis
1080 3612 1287 3651 moram
1320 3608 1479 3652 aucto
1508 3598 1753 3668 periculo
1785 3599 2145 3663 trahentibus,

640 3684 874 3740 humana
903 3701 1004 3756 ope
1035 3688 1326 3743 destitutus
1351 3689 1415 3743 ad
1446 3690 1723 3745 caelestem
1750 3706 1993 3755 recurro,
2022 3698 2149 3744 voto

640 3775 705 3829 ad
752 3778 934 3830 divum
984 3777 1295 3835 Brunonem
1345 3782 1707 3851 patriarcham
1758 3781 1941 3847 facto,
1993 3781 2149 3851 cujus

570 3883 588 3916 ι
635 3864 823 3931 gloriae
852 3874 979 3921 tunc
1011 3868 1085 3921 tui
1115 3883 1278 3923 causa
1305 3878 1579 3941 utcunque
1602 3872 1982 3936 inserviebam,
2013 3886 2149 3941 prae-

572 3977 590 4006 ‹
639 3958 777 4011 senti
820 3960 1014 4015 mortis
1061 3961 1300 4031 periculo
1346 3963 1617 4033 eriperet,
1665 3966 1711 4019 si
1760 3966 1878 4036 pios
1924 3973 2150 4019 conatus

573 4069 591 4099 ‹
640 4052 893 4121 prosequi
923 4052 1120 4107 coelum
1152 4054 1479 4111 decrevisset
1509 4074 1521 4109 :
1551 4057 1641 4110 vix
1669 4056 2002 4111 absolveram
2025 4069 2149 4113 veta

574 4160 595 4193 ι
639 4143 821 4197 verbis
859 4152 915 4199 et
944 4145 1162 4212 animo;
1204 4160 1366 4211 ecce,
1401 4147 1537 4201 nihil
1580 4148 1830 4203 obstante
1874 4148 2153 4219 sanguinis

580 4251 598 4283 ι
645 4232 889 4302 proﬂuxu
913 4274 928 4300 ,
962 4245 1121 4306 caput
1155 4237 1406 4307 supinum
1437 4237 1705 4309 pulvinari
1737 4238 2018 4293 dimissum
2042 4279 2055 4301 ,
2091 4252 2154 4293 ac

572 4342 591 4375 ι
639 4327 790 4381 suavi
819 4343 944 4383 mox
983 4344 1173 4385 somno
1208 4331 1548 4400 consopitum
1581 4331 1763 4387 lethali
1794 4332 2066 4386 stillicidio
2094 4334 2153 4384 ti-

570 4432 589 4467 l
635 4431 756 4471 nem
800 4417 966 4487 facit,
1015 4437 1275 4491 germano
1322 4420 1494 4478 fratre
1537 4425 1858 4494 ca‘terisque
1913 4424 2146 4479 circum-

570 4524 588 4565 ς
635 4512 904 4567 stantibus
944 4528 1057 4567 rem
1101 4515 1293 4571 miram
1329 4516 1857 4585 obstupeseentibus.
1909 4518 2148 4585 Adequi-

572 4612 592 4661 ι
637 4606 810 4655 tantes
839 4603 1078 4674 chirurgi
1110 4607 1324 4661 deutum
1362 4608 1507 4664 circa
1545 4620 1791 4679 quartam
1824 4609 2143 4662 matutinatr

565 2261 583 2303 ς

562 2353 584 2384 ﬁ

567 2616 585 2663 ς

565 2883 588 2927 ί

566 2976 586 3008 ι
634 2958 977 3026 discurrunt,
1032 2969 1090 3012 ut
1154 2958 1489 3031 adligerent,
1558 2972 1720 3031 atque
1771 2963 1824 3018 in
1875 2962 2142 3033 iacrymas

567 3064 587 3103 ί

568 3155 589 3197 ﬁ

2247 3245 2390 3315 quod
2431 3259 2526 3313 per
2554 3242 2897 3303 domesticos,
2929 3236 3158 3292 famulos
3192 3235 3441 3304 aliosque
3465 3273 3479 3296 ,
3508 3231 3590 3299 qui
3617 3232 3781 3321 specta-

2250 3346 2361 3390 tum
2399 3333 2848 3397 admittebantur,
2882 3328 3066 3383 nimiis
3096 3326 3282 3385 frustis
3322 3322 3601 3379 identidem
3625 3322 3781 3370 avulso

2248 3416 2594 3488 multaretur,
2668 3437 2842 3491 nuper
2885 3417 3142 3487 operculo
3198 3415 3539 3469 incluserunt
3583 3401 3779 3460 modcrlti

2248 3517 2443 3571 aedium
2467 3513 2672 3567 domini
2698 3522 2751 3565 et
2773 3507 3043 3579 inquilini.
3069 3527 3086 3559 ι
3120 3505 3385 3560 Fueritne
3407 3516 3527 3555 vere
3549 3498 3601 3552 S.
3623 3496 3781 3551 Brunm

2248 3627 2370 3667 cum
2408 3608 2644 3664 Colonia:
2674 3605 2987 3675 Agrippina:
3016 3601 3191 3655 adhuc
3226 3606 3560 3652 versaretur.
3588 3599 3636 3645 et
3670 3587 3783 3640 ςιὼε-

2251 3701 2371 3757 culo
2425 3708 2480 3754 et
2540 3697 2745 3766 sponda
2797 3694 2951 3758 lecti,
3004 3693 3093 3748 hic
3143 3689 3462 3745 memoratis
3514 3698 3658 3744 usus,
3703 3694 3784 3730 twn

2253 3792 2502 3862 inquiro;
2535 3804 2747 3850 verum,
2779 3796 2837 3839 ut
2866 3795 2923 3839 ut
2954 3785 3007 3838 id
3045 3783 3269 3849 habeat,
3300 3799 3433 3835 cura
3465 3772 3785 3847 cquideuisin-

2252 3872 2487 3956 gularis,
2516 3897 2620 3951 qua
2652 3879 2854 3950 sponda
2900 3877 2986 3931 illa
3013 3917 3027 3942 ,
3062 3891 3089 3929 a
3120 3876 3355 3941 Sancto,
3405 3884 3460 3927 ut
3503 3878 3711 3942 putatur,
3735 3864 3784 3914 ad

2253 3975 2489 4043 quietem
2546 3971 2834 4034 adhibita,
2891 3966 3228 4032 custoditur,
3285 3965 3660 4030 studiumque,
3705 3968 3784 4021 quo

2254 4066 2499 4124 nonnulli
2532 4066 2704 4121 frusta
2730 4078 2795 4116 ex
2827 4078 2887 4117 ea
2918 4061 3017 4115 sibi
3044 4059 3358 4128 acquirendi
3390 4054 3611 4124 correpti
3650 4050 3781 4103 fuere,

2255 4159 2469 4215 eximite
2518 4171 2776 4226 prorsus,
2819 4168 2925 4224 qua
2970 4168 3098 4223 erga
3145 4153 3405 4205 Sanctum
3451 4144 3667 4203 Colonia:
3703 4152 3783 4191 non

2255 4252 2411 4323 pauci
2453 4250 2734 4313 feruntur,
2780 4244 3145 4301 venerationis
3194 4251 3516 4309 argumento
3558 4243 3667 4290 sunt
3708 4229 3777 4323 tui-

2259 4322 2402 4397 nime
2449 4341 2649 4402 dubio,
2697 4340 2933 4407 hincque
2980 4351 3083 4388 non
3136 4334 3315 4401 prius,
3369 4344 3526 4401 quam
3576 4325 3619 4379 id
3657 4322 3782 4373 etiam

2259 4436 2642 4499 adduxissem,
2694 4432 2821 4485 huic
2871 4429 2937 4482 ad
2988 4427 3212 4497 gloriam
3256 4424 3443 4478 Sancti
3494 4418 3782 4492 posthtunazu

2257 4527 2551 4597 Appendici
2584 4525 2745 4578 finem
2777 4524 3053 4592 imponere
3081 4528 3161 4572 est
3193 4518 3389 4571 visum.

1630 4796 2722 4838 mea”
