  <div class='ocr_page' id='page_1' title='image "/cluster/home/n/w/nwhite01/storage/ocr_20150623/152/hvd.32044015473804/322.png"; bbox 0 0 3860 6326; ppageno 0'>
   <div class='ocr_carea' id='block_1_1' title="bbox 144 352 3360 433">
    <p class='ocr_par' dir='ltr' id='par_1_1' title="bbox 144 352 3360 433">
     <span class='ocr_line' id='line_1_1' title="bbox 144 352 3360 433; baseline -0.008 -13"><span class='ocrx_word' id='word_1_1' title='bbox 144 377 226 433; x_wconf 57' lang='grc' dir='ltr'>ωδ</span> <span class='ocrx_word' id='word_1_2' title='bbox 932 353 1025 410; x_wconf 79' lang='lat' dir='ltr'><strong>AD</strong></span> <span class='ocrx_word' id='word_1_3' title='bbox 1046 353 1278 412; x_wconf 63' lang='lat' dir='ltr'><strong>orsus</strong></span> <span class='ocrx_word' id='word_1_4' title='bbox 1317 354 1377 411; x_wconf 91' lang='lat' dir='ltr'><strong>s.</strong></span> <span class='ocrx_word' id='word_1_5' title='bbox 1416 353 1763 412; x_wconf 78' lang='lat' dir='ltr'><strong>BRUNONIS</strong></span> <span class='ocrx_word' id='word_1_6' title='bbox 1815 352 2346 410; x_wconf 79' lang='lat' dir='ltr'><strong>PROLEGOMENA.</strong></span> <span class='ocrx_word' id='word_1_7' title='bbox 3256 354 3360 410; x_wconf 65' lang='grc' dir='ltr'><strong>ϐω</strong></span> 
     </span>
    </p>
   </div>
   <div class='ocr_carea' id='block_1_2' title="bbox 843 659 2620 823">
    <p class='ocr_par' dir='ltr' id='par_1_2' title="bbox 843 659 2620 823">
     <span class='ocr_line' id='line_1_2' title="bbox 843 659 2620 823; baseline -0.001 -3"><span class='ocrx_word' id='word_1_8' title='bbox 843 660 1528 820; x_wconf 84' lang='lat' dir='ltr'><strong>SANCTI</strong></span> <span class='ocrx_word' id='word_1_9' title='bbox 1657 659 2620 823; x_wconf 80' lang='lat' dir='ltr'><strong>BRUNONIS</strong></span> 
     </span>
    </p>
   </div>
   <div class='ocr_carea' id='block_1_3' title="bbox 128 890 3370 1012">
    <p class='ocr_par' dir='ltr' id='par_1_3' title="bbox 128 890 3370 1012">
     <span class='ocr_line' id='line_1_3' title="bbox 128 890 3370 1012; baseline -0.001 -23"><span class='ocrx_word' id='word_1_10' title='bbox 128 928 834 996; x_wconf 62' lang='lat' dir='ltr'><strong>CARTHUSIANORUM</strong></span> <span class='ocrx_word' id='word_1_11' title='bbox 885 931 1430 996; x_wconf 66' lang='lat' dir='ltr'><strong>PATRIARCHJE</strong></span> <span class='ocrx_word' id='word_1_12' title='bbox 1481 890 2196 1012; x_wconf 47' lang='lat' dir='ltr'><strong>FRJESTANTISSIMI,</strong></span> <span class='ocrx_word' id='word_1_13' title='bbox 2257 931 2358 994; x_wconf 84' lang='lat' dir='ltr'><strong>AC</strong></span> <span class='ocrx_word' id='word_1_14' title='bbox 2413 930 2830 998; x_wconf 84' lang='lat' dir='ltr'><strong>THEOLOGI</strong></span> <span class='ocrx_word' id='word_1_15' title='bbox 2882 927 3370 994; x_wconf 80' lang='lat' dir='ltr'><strong>PARISlENSlS</strong></span> 
     </span>
    </p>
   </div>
   <div class='ocr_carea' id='block_1_4' title="bbox 1449 1033 1995 1109">
    <p class='ocr_par' dir='ltr' id='par_1_4' title="bbox 1449 1033 1995 1109">
     <span class='ocr_line' id='line_1_4' title="bbox 1449 1033 1995 1109; baseline 0.002 -13"><span class='ocrx_word' id='word_1_16' title='bbox 1449 1033 1995 1109; x_wconf 71' lang='lat' dir='ltr'><strong>ERUDITISSIMI</strong></span> 
     </span>
    </p>
   </div>
   <div class='ocr_carea' id='block_1_5' title="bbox 1247 1255 2146 1440">
    <p class='ocr_par' dir='ltr' id='par_1_5' title="bbox 1247 1255 2146 1440">
     <span class='ocr_line' id='line_1_5' title="bbox 1247 1255 2146 1440; baseline -0.016 -26"><span class='ocrx_word' id='word_1_17' title='bbox 1247 1255 2146 1440; x_wconf 66' lang='grc' dir='ltr'><strong>,οΡΕηΑ9</strong></span> 
     </span>
    </p>
   </div>
   <div class='ocr_carea' id='block_1_6' title="bbox 128 1515 3376 1600">
    <p class='ocr_par' dir='ltr' id='par_1_6' title="bbox 128 1515 3376 1600">
     <span class='ocr_line' id='line_1_6' title="bbox 128 1515 3376 1600; baseline 0.002 -22"><span class='ocrx_word' id='word_1_18' title='bbox 128 1515 308 1578; x_wconf 78' lang='lat' dir='ltr'><strong>Studia</strong></span> <span class='ocrx_word' id='word_1_19' title='bbox 345 1518 408 1578; x_wconf 89' lang='lat' dir='ltr'><strong>P.</strong></span> <span class='ocrx_word' id='word_1_20' title='bbox 449 1520 775 1581; x_wconf 76' lang='lat' dir='ltr'><strong>Tnuooon</strong></span> <span class='ocrx_word' id='word_1_21' title='bbox 816 1523 1096 1588; x_wconf 67' lang='lat' dir='ltr'><strong>Puram.</strong></span> <span class='ocrx_word' id='word_1_22' title='bbox 1130 1520 1525 1600; x_wconf 78' lang='lat' dir='ltr'><strong>Campensis,</strong></span> <span class='ocrx_word' id='word_1_23' title='bbox 1561 1521 1908 1584; x_wconf 70' lang='lat' dir='ltr'><strong>Carthasim</strong></span> <span class='ocrx_word' id='word_1_24' title='bbox 1939 1523 2332 1586; x_wconf 79' lang='lat' dir='ltr'><strong>Coloniensis</strong></span> <span class='ocrx_word' id='word_1_25' title='bbox 2371 1525 2635 1598; x_wconf 78' lang='lat' dir='ltr'><strong>alumni,</strong></span> <span class='ocrx_word' id='word_1_26' title='bbox 2701 1543 2867 1598; x_wconf 62' lang='lat' dir='ltr'><strong>nunc</strong></span> <span class='ocrx_word' id='word_1_27' title='bbox 2906 1522 3146 1595; x_wconf 77' lang='lat' dir='ltr'><strong>tandem</strong></span> <span class='ocrx_word' id='word_1_28' title='bbox 3177 1543 3376 1583; x_wconf 53' lang='lat' dir='ltr'><strong>riem-</strong></span> 
     </span>
    </p>
   </div>
   <div class='ocr_carea' id='block_1_7' title="bbox 1213 1623 2282 1696">
    <p class='ocr_par' dir='ltr' id='par_1_7' title="bbox 1213 1623 2282 1696">
     <span class='ocr_line' id='line_1_7' title="bbox 1213 1623 2282 1696; baseline 0.003 -13"><span class='ocrx_word' id='word_1_29' title='bbox 1213 1623 1360 1696; x_wconf 80' lang='lat' dir='ltr'><strong>sita,</strong></span> <span class='ocrx_word' id='word_1_30' title='bbox 1391 1641 1463 1684; x_wconf 86' lang='lat' dir='ltr'><strong>ac</strong></span> <span class='ocrx_word' id='word_1_31' title='bbox 1498 1623 1707 1684; x_wconf 78' lang='lat' dir='ltr'><strong>tribus</strong></span> <span class='ocrx_word' id='word_1_32' title='bbox 1737 1626 1926 1684; x_wconf 80' lang='lat' dir='ltr'><strong>tomis</strong></span> <span class='ocrx_word' id='word_1_33' title='bbox 1955 1624 2282 1688; x_wconf 72' lang='lat' dir='ltr'><strong>distincta.</strong></span> 
     </span>
    </p>
   </div>
   <div class='ocr_carea' id='block_1_8' title="bbox 345 487 3287 535">
    <p class='ocr_par' dir='ltr' id='par_1_8' title="bbox 345 487 3287 535">
     <span class='ocr_line' id='line_1_8' title="bbox 345 487 3287 535; baseline -0.003 -1"><span class='ocrx_word' id='word_1_34' title='bbox 345 487 3287 535; x_wconf 48' lang='grc' dir='ltr'>ΞΜ</span> 
     </span>
    </p>
   </div>
   <div class='ocr_carea' id='block_1_9' title="bbox 908 1785 2630 1864">
    <p class='ocr_par' dir='ltr' id='par_1_9' title="bbox 908 1785 2630 1864">
     <span class='ocr_line' id='line_1_9' title="bbox 908 1785 2630 1864; baseline 0.001 -19"><span class='ocrx_word' id='word_1_35' title='bbox 908 1788 1168 1862; x_wconf 74' lang='lat' dir='ltr'><strong>(Colonia:</strong></span> <span class='ocrx_word' id='word_1_36' title='bbox 1199 1787 1340 1858; x_wconf 89' lang='lat' dir='ltr'><strong>apud</strong></span> <span class='ocrx_word' id='word_1_37' title='bbox 1373 1785 1709 1841; x_wconf 83' lang='lat' dir='ltr'><strong>Bernardum</strong></span> <span class='ocrx_word' id='word_1_38' title='bbox 1742 1786 2045 1856; x_wconf 86' lang='lat' dir='ltr'><strong>Gualtheri,</strong></span> <span class='ocrx_word' id='word_1_39' title='bbox 2077 1805 2224 1846; x_wconf 89' lang='lat' dir='ltr'><strong>anno</strong></span> <span class='ocrx_word' id='word_1_40' title='bbox 2251 1806 2357 1846; x_wconf 81' lang='lat' dir='ltr'><strong>eta.</strong></span> <span class='ocrx_word' id='word_1_41' title='bbox 2398 1806 2499 1846; x_wconf 83' lang='lat' dir='ltr'><strong>Iac.</strong></span> <span class='ocrx_word' id='word_1_42' title='bbox 2529 1792 2630 1864; x_wconf 74' lang='lat' dir='ltr'><strong>XI.)</strong></span> 
     </span>
    </p>
   </div>
   <div class='ocr_carea' id='block_1_10' title="bbox 601 2045 2867 2140">
    <p class='ocr_par' dir='ltr' id='par_1_10' title="bbox 601 2045 2867 2140">
     <span class='ocr_line' id='line_1_10' title="bbox 601 2045 2867 2140; baseline 0.001 -6"><span class='ocrx_word' id='word_1_43' title='bbox 601 2045 1669 2140; x_wconf 83' lang='lat' dir='ltr'><strong>REVERENDISSIMO</strong></span> <span class='ocrx_word' id='word_1_44' title='bbox 1743 2048 1868 2138; x_wconf 90' lang='lat' dir='ltr'><strong>IN</strong></span> <span class='ocrx_word' id='word_1_45' title='bbox 1937 2046 2457 2139; x_wconf 79' lang='lat' dir='ltr'><strong>CHRISTO</strong></span> <span class='ocrx_word' id='word_1_46' title='bbox 2514 2047 2867 2140; x_wconf 85' lang='lat' dir='ltr'><strong>PATRI</strong></span> 
     </span>
    </p>
   </div>
   <div class='ocr_carea' id='block_1_11' title="bbox 1541 2216 1938 2276">
    <p class='ocr_par' dir='ltr' id='par_1_11' title="bbox 1541 2216 1938 2276">
     <span class='ocr_line' id='line_1_11' title="bbox 1541 2216 1938 2276; baseline 0.003 -1"><span class='ocrx_word' id='word_1_47' title='bbox 1541 2218 1632 2275; x_wconf 87' lang='lat' dir='ltr'><strong>AC</strong></span> <span class='ocrx_word' id='word_1_48' title='bbox 1672 2216 1938 2276; x_wconf 85' lang='lat' dir='ltr'><strong>DOMINO</strong></span> 
     </span>
    </p>
   </div>
   <div class='ocr_carea' id='block_1_12' title="bbox 419 2367 2989 2522">
    <p class='ocr_par' dir='ltr' id='par_1_12' title="bbox 419 2367 2989 2522">
     <span class='ocr_line' id='line_1_12' title="bbox 419 2367 2989 2522; baseline 0.001 -42"><span class='ocrx_word' id='word_1_49' title='bbox 419 2371 607 2482; x_wconf 79' lang='grc' dir='ltr'><strong>ι).</strong></span> <span class='ocrx_word' id='word_1_50' title='bbox 646 2368 1493 2522; x_wconf 76' lang='lat' dir='ltr'><strong>BRUNONI</strong></span> <span class='ocrx_word' id='word_1_51' title='bbox 1568 2367 2989 2506; x_wconf 75' lang='lat' dir='ltr'><strong>D’Al‘I-‘RINGUES,</strong></span> 
     </span>
    </p>
   </div>
   <div class='ocr_carea' id='block_1_13' title="bbox 225 2559 3251 2700">
    <p class='ocr_par' dir='ltr' id='par_1_13' title="bbox 225 2559 3251 2700">
     <span class='ocr_line' id='line_1_13' title="bbox 225 2559 3251 2700; baseline 0.002 -81"><span class='ocrx_word' id='word_1_52' title='bbox 225 2560 470 2641; x_wconf 67' lang='lat' dir='ltr'><strong>Maioris</strong></span> <span class='ocrx_word' id='word_1_53' title='bbox 510 2560 867 2624; x_wconf 69' lang='lat' dir='ltr'><strong>Carthusiaa</strong></span> <span class='ocrx_word' id='word_1_54' title='bbox 899 2561 1123 2639; x_wconf 87' lang='lat' dir='ltr'><strong>priori,</strong></span> <span class='ocrx_word' id='word_1_55' title='bbox 1153 2561 1541 2700; x_wconf 57' lang='lat' dir='ltr'><strong>adeoquejet</strong></span> <span class='ocrx_word' id='word_1_56' title='bbox 1582 2559 1780 2651; x_wconf 76' lang='lat' dir='ltr'><strong>totius</strong></span> <span class='ocrx_word' id='word_1_57' title='bbox 1812 2575 2006 2700; x_wconf 51' lang='grc' dir='ltr'><strong>θεοῖ-ω</strong></span> <span class='ocrx_word' id='word_1_58' title='bbox 2035 2559 2610 2625; x_wconf 86' lang='lat' dir='ltr'><strong>Carthusianorum</strong></span> <span class='ocrx_word' id='word_1_59' title='bbox 2645 2562 2906 2626; x_wconf 82' lang='lat' dir='ltr'><strong>familiae</strong></span> <span class='ocrx_word' id='word_1_60' title='bbox 2935 2584 3251 2626; x_wconf 75' lang='lat' dir='ltr'><strong>GENEBALI</strong></span> 
     </span>
     <span class='ocr_line' id='line_1_14' title="bbox 1445 2655 2048 2700; baseline 0 0"><span class='ocrx_word' id='word_1_61' title='bbox 1445 2658 1458 2684; x_wconf 75' lang='grc' dir='ltr'><em>ι</em></span> <span class='ocrx_word' id='word_1_62' title='bbox 1491 2655 1855 2700; x_wconf 67' lang='lat' dir='ltr'><strong>tantssmo.</strong></span> <span class='ocrx_word' id='word_1_63' title='bbox 1889 2655 1923 2700; x_wconf 82' lang='grc' dir='ltr'><strong>θ</strong></span> <span class='ocrx_word' id='word_1_64' title='bbox 1956 2657 2010 2700; x_wconf 91' lang='lat' dir='ltr'><strong>c.</strong></span> <span class='ocrx_word' id='word_1_65' title='bbox 2039 2657 2048 2700; x_wconf 90' lang='lat'>:</span> 
     </span>
    </p>
   </div>
   <div class='ocr_carea' id='block_1_14' title="bbox 1445 2655 2048 2718">
    <p class='ocr_par' dir='ltr' id='par_1_14' title="bbox 1445 2655 2048 2718">
     <span class='ocr_line' id='line_1_15' title="bbox 1445 2655 2048 2718; baseline -0.003 -18"><span class='ocrx_word' id='word_1_66' title='bbox 1445 2655 1855 2718; x_wconf 79' lang='lat' dir='ltr'><strong>tllngSlmO,</strong></span> <span class='ocrx_word' id='word_1_67' title='bbox 1889 2655 2048 2715; x_wconf 65' lang='lat' dir='ltr'><strong>etc.,&#39;</strong></span> 
     </span>
    </p>
   </div>
   <div class='ocr_carea' id='block_1_15' title="bbox 185 2867 3375 2944">
    <p class='ocr_par' dir='ltr' id='par_1_15' title="bbox 185 2867 3375 2944">
     <span class='ocr_line' id='line_1_16' title="bbox 185 2867 3375 2944; baseline 0.001 -22"><span class='ocrx_word' id='word_1_68' title='bbox 185 2867 247 2922; x_wconf 81' lang='lat' dir='ltr'><strong>Ex</strong></span> <span class='ocrx_word' id='word_1_69' title='bbox 270 2883 369 2938; x_wconf 87' lang='lat' dir='ltr'><strong>quo</strong></span> <span class='ocrx_word' id='word_1_70' title='bbox 393 2867 803 2924; x_wconf 86' lang='lat' dir='ltr'><strong>Carthusiensis</strong></span> <span class='ocrx_word' id='word_1_71' title='bbox 839 2868 1059 2925; x_wconf 71' lang='lat' dir='ltr'><strong>familire</strong></span> <span class='ocrx_word' id='word_1_72' title='bbox 1087 2870 1407 2927; x_wconf 89' lang='lat' dir='ltr'><strong>solitudines</strong></span> <span class='ocrx_word' id='word_1_73' title='bbox 1437 2871 1489 2927; x_wconf 91' lang='lat' dir='ltr'><strong>in</strong></span> <span class='ocrx_word' id='word_1_74' title='bbox 1517 2874 1801 2944; x_wconf 87' lang='lat' dir='ltr'><strong>utriusque</strong></span> <span class='ocrx_word' id='word_1_75' title='bbox 1842 2873 2146 2930; x_wconf 70' lang='lat' dir='ltr'><strong>Germania:</strong></span> <span class='ocrx_word' id='word_1_76' title='bbox 2191 2873 2490 2944; x_wconf 90' lang='lat' dir='ltr'><strong>provinciis</strong></span> <span class='ocrx_word' id='word_1_77' title='bbox 2531 2873 2877 2942; x_wconf 88' lang='lat' dir='ltr'><strong>frequentare</strong></span> <span class='ocrx_word' id='word_1_78' title='bbox 2904 2873 3066 2944; x_wconf 78' lang='lat' dir='ltr'><strong>ccepi,</strong></span> <span class='ocrx_word' id='word_1_79' title='bbox 3119 2887 3375 2927; x_wconf 78' lang='lat' dir='ltr'><strong>reverea-</strong></span> 
     </span>
    </p>
   </div>
   <div class='ocr_carea' id='block_1_16' title="bbox 138 2960 3375 3037">
    <p class='ocr_par' dir='ltr' id='par_1_16' title="bbox 138 2960 3375 3037">
     <span class='ocr_line' id='line_1_17' title="bbox 138 2960 3375 3037; baseline 0.002 -26"><span class='ocrx_word' id='word_1_80' title='bbox 138 2960 310 3015; x_wconf 80' lang='lat' dir='ltr'><strong>dissimc</strong></span> <span class='ocrx_word' id='word_1_81' title='bbox 339 2962 388 3015; x_wconf 90' lang='lat' dir='ltr'><strong>in</strong></span> <span class='ocrx_word' id='word_1_82' title='bbox 413 2961 643 3016; x_wconf 82' lang='lat' dir='ltr'><strong>Christo</strong></span> <span class='ocrx_word' id='word_1_83' title='bbox 676 2960 857 3026; x_wconf 84' lang='lat' dir='ltr'><strong>Pater,</strong></span> <span class='ocrx_word' id='word_1_84' title='bbox 889 2977 1054 3016; x_wconf 91' lang='lat' dir='ltr'><strong>unum</strong></span> <span class='ocrx_word' id='word_1_85' title='bbox 1109 2964 1398 3034; x_wconf 86' lang='lat' dir='ltr'><strong>potissime</strong></span> <span class='ocrx_word' id='word_1_86' title='bbox 1451 2964 1801 3022; x_wconf 83' lang='lat' dir='ltr'><strong>admirationi</strong></span> <span class='ocrx_word' id='word_1_87' title='bbox 1838 2966 1962 3034; x_wconf 89' lang='lat' dir='ltr'><strong>fttit,</strong></span> <span class='ocrx_word' id='word_1_88' title='bbox 1993 2967 2138 3037; x_wconf 90' lang='lat' dir='ltr'><strong>quod</strong></span> <span class='ocrx_word' id='word_1_89' title='bbox 2180 2967 2362 3021; x_wconf 84' lang='lat' dir='ltr'><strong>omnia</strong></span> <span class='ocrx_word' id='word_1_90' title='bbox 2410 2965 2482 3020; x_wconf 86' lang='lat' dir='ltr'><strong>ibi</strong></span> <span class='ocrx_word' id='word_1_91' title='bbox 2514 2967 2847 3036; x_wconf 89' lang='lat' dir='ltr'><strong>comperirer</strong></span> <span class='ocrx_word' id='word_1_92' title='bbox 2877 2963 3375 3036; x_wconf 71' lang='lat' dir='ltr'><strong>inexpugnabilium</strong></span> 
     </span>
    </p>
   </div>
   <div class='ocr_carea' id='block_1_17' title="bbox 137 3050 3374 3130">
    <p class='ocr_par' dir='ltr' id='par_1_17' title="bbox 137 3050 3374 3130">
     <span class='ocr_line' id='line_1_18' title="bbox 137 3050 3374 3130; baseline 0.002 -29"><span class='ocrx_word' id='word_1_93' title='bbox 137 3050 365 3106; x_wconf 72' lang='lat' dir='ltr'><strong>civitatum</strong></span> <span class='ocrx_word' id='word_1_94' title='bbox 393 3063 450 3107; x_wconf 87' lang='lat' dir='ltr'><strong>et</strong></span> <span class='ocrx_word' id='word_1_95' title='bbox 477 3061 785 3107; x_wconf 84' lang='lat' dir='ltr'><strong>castrorum</strong></span> <span class='ocrx_word' id='word_1_96' title='bbox 813 3052 1125 3119; x_wconf 89' lang='lat' dir='ltr'><strong>simillima;</strong></span> <span class='ocrx_word' id='word_1_97' title='bbox 1161 3057 1490 3126; x_wconf 75' lang='lat' dir='ltr'><strong>tergeminus</strong></span> <span class='ocrx_word' id='word_1_98' title='bbox 1517 3068 1646 3112; x_wconf 90' lang='lat' dir='ltr'><strong>ante</strong></span> <span class='ocrx_word' id='word_1_99' title='bbox 1674 3072 1833 3113; x_wconf 85' lang='lat' dir='ltr'><strong>sacra</strong></span> <span class='ocrx_word' id='word_1_100' title='bbox 1865 3057 2027 3130; x_wconf 85' lang='lat' dir='ltr'><strong>adyta</strong></span> <span class='ocrx_word' id='word_1_101' title='bbox 2079 3058 2372 3126; x_wconf 85' lang='lat' dir='ltr'><strong>unicuique</strong></span> <span class='ocrx_word' id='word_1_102' title='bbox 2425 3055 2708 3120; x_wconf 80' lang='lat' dir='ltr'><strong>excubias,</strong></span> <span class='ocrx_word' id='word_1_103' title='bbox 2765 3055 2965 3111; x_wconf 87' lang='lat' dir='ltr'><strong>loricas</strong></span> <span class='ocrx_word' id='word_1_104' title='bbox 3010 3065 3066 3110; x_wconf 91' lang='lat' dir='ltr'><strong>et</strong></span> <span class='ocrx_word' id='word_1_105' title='bbox 3095 3055 3338 3110; x_wconf 79' lang='lat' dir='ltr'><strong>cassides</strong></span> <span class='ocrx_word' id='word_1_106' title='bbox 3359 3093 3374 3115; x_wconf 87' lang='lat'><strong>,</strong></span> 
     </span>
    </p>
   </div>
   <div class='ocr_carea' id='block_1_18' title="bbox 139 3144 3370 3218">
    <p class='ocr_par' dir='ltr' id='par_1_18' title="bbox 139 3144 3370 3218">
     <span class='ocr_line' id='line_1_19' title="bbox 139 3144 3370 3218; baseline 0.001 -24"><span class='ocrx_word' id='word_1_107' title='bbox 139 3159 226 3208; x_wconf 69' lang='lat' dir='ltr'><strong>tum</strong></span> <span class='ocrx_word' id='word_1_108' title='bbox 259 3145 447 3200; x_wconf 76' lang='lat' dir='ltr'><strong>ferrum</strong></span> <span class='ocrx_word' id='word_1_109' title='bbox 507 3144 890 3217; x_wconf 81' lang='lat' dir='ltr'><strong>ﬂammamque</strong></span> <span class='ocrx_word' id='word_1_110' title='bbox 920 3148 1136 3216; x_wconf 85' lang='lat' dir='ltr'><strong>impune</strong></span> <span class='ocrx_word' id='word_1_111' title='bbox 1164 3147 1447 3215; x_wconf 78' lang='lat' dir='ltr'><strong>sufferant,</strong></span> <span class='ocrx_word' id='word_1_112' title='bbox 1480 3163 1778 3217; x_wconf 85' lang='lat' dir='ltr'><strong>annonam,</strong></span> <span class='ocrx_word' id='word_1_113' title='bbox 1815 3166 1884 3206; x_wconf 89' lang='lat' dir='ltr'><strong>ne</strong></span> <span class='ocrx_word' id='word_1_114' title='bbox 1915 3161 2063 3215; x_wconf 83' lang='lat' dir='ltr'><strong>terra</strong></span> <span class='ocrx_word' id='word_1_115' title='bbox 2097 3150 2304 3205; x_wconf 87' lang='lat' dir='ltr'><strong>marive</strong></span> <span class='ocrx_word' id='word_1_116' title='bbox 2328 3149 2725 3218; x_wconf 89' lang='lat' dir='ltr'><strong>intercipiatur,</strong></span> <span class='ocrx_word' id='word_1_117' title='bbox 2750 3149 2816 3202; x_wconf 89' lang='lat' dir='ltr'><strong>de</strong></span> <span class='ocrx_word' id='word_1_118' title='bbox 2845 3147 2986 3202; x_wconf 73' lang='lat' dir='ltr'><strong>cmlo</strong></span> <span class='ocrx_word' id='word_1_119' title='bbox 3010 3146 3370 3210; x_wconf 77' lang='lat' dir='ltr'><strong>submissum;</strong></span> 
     </span>
    </p>
   </div>
   <div class='ocr_carea' id='block_1_19' title="bbox 139 3231 3378 3312">
    <p class='ocr_par' dir='ltr' id='par_1_19' title="bbox 139 3231 3378 3312">
     <span class='ocr_line' id='line_1_20' title="bbox 139 3231 3378 3312; baseline 0.002 -27"><span class='ocrx_word' id='word_1_120' title='bbox 139 3236 348 3291; x_wconf 73' lang='lat' dir='ltr'><strong>sationes</strong></span> <span class='ocrx_word' id='word_1_121' title='bbox 377 3239 443 3292; x_wconf 86' lang='lat' dir='ltr'><strong>ab</strong></span> <span class='ocrx_word' id='word_1_122' title='bbox 471 3231 666 3306; x_wconf 80' lang='lat' dir='ltr'><strong>aperto</strong></span> <span class='ocrx_word' id='word_1_123' title='bbox 691 3238 925 3292; x_wconf 85' lang='lat' dir='ltr'><strong>hostium</strong></span> <span class='ocrx_word' id='word_1_124' title='bbox 957 3238 1172 3292; x_wconf 86' lang='lat' dir='ltr'><strong>incursu</strong></span> <span class='ocrx_word' id='word_1_125' title='bbox 1198 3240 1510 3296; x_wconf 88' lang='lat' dir='ltr'><strong>conditione</strong></span> <span class='ocrx_word' id='word_1_126' title='bbox 1541 3241 1642 3296; x_wconf 85' lang='lat' dir='ltr'><strong>luci</strong></span> <span class='ocrx_word' id='word_1_127' title='bbox 1671 3242 2010 3306; x_wconf 77' lang='lat' dir='ltr'><strong>tutissimus;</strong></span> <span class='ocrx_word' id='word_1_128' title='bbox 2045 3241 2226 3312; x_wconf 72' lang='lat' dir='ltr'><strong>prtelia</strong></span> <span class='ocrx_word' id='word_1_129' title='bbox 2259 3242 2404 3296; x_wconf 90' lang='lat' dir='ltr'><strong>omni</strong></span> <span class='ocrx_word' id='word_1_130' title='bbox 2437 3241 2758 3310; x_wconf 79' lang='lat' dir='ltr'><strong>exceptione</strong></span> <span class='ocrx_word' id='word_1_131' title='bbox 2785 3240 3122 3304; x_wconf 89' lang='lat' dir='ltr'><strong>ardentiora,</strong></span> <span class='ocrx_word' id='word_1_132' title='bbox 3145 3253 3284 3308; x_wconf 81' lang='lat' dir='ltr'><strong>quae,</strong></span> <span class='ocrx_word' id='word_1_133' title='bbox 3319 3248 3378 3292; x_wconf 92' lang='lat' dir='ltr'><strong>ut</strong></span> 
     </span>
    </p>
   </div>
   <div class='ocr_carea' id='block_1_20' title="bbox 140 3323 3374 3403">
    <p class='ocr_par' dir='ltr' id='par_1_20' title="bbox 140 3323 3374 3403">
     <span class='ocr_line' id='line_1_21' title="bbox 140 3323 3374 3403; baseline 0.001 -23"><span class='ocrx_word' id='word_1_134' title='bbox 140 3323 228 3380; x_wconf 72' lang='lat' dir='ltr'><strong>fuso</strong></span> <span class='ocrx_word' id='word_1_135' title='bbox 260 3344 353 3382; x_wconf 90' lang='lat' dir='ltr'><strong>non</strong></span> <span class='ocrx_word' id='word_1_136' title='bbox 385 3329 811 3398; x_wconf 80' lang='lat' dir='ltr'><strong>restinguuntur</strong></span> <span class='ocrx_word' id='word_1_137' title='bbox 839 3330 1126 3399; x_wconf 78' lang='lat' dir='ltr'><strong>sanguine,</strong></span> <span class='ocrx_word' id='word_1_138' title='bbox 1157 3330 1231 3386; x_wconf 89' lang='lat' dir='ltr'><strong>ita</strong></span> <span class='ocrx_word' id='word_1_139' title='bbox 1259 3331 1446 3402; x_wconf 78' lang='lat' dir='ltr'><strong>ignitis</strong></span> <span class='ocrx_word' id='word_1_140' title='bbox 1473 3335 1596 3388; x_wconf 89' lang='lat' dir='ltr'><strong>odio</strong></span> <span class='ocrx_word' id='word_1_141' title='bbox 1618 3342 1673 3388; x_wconf 88' lang='lat' dir='ltr'><strong>et</strong></span> <span class='ocrx_word' id='word_1_142' title='bbox 1697 3348 1885 3389; x_wconf 90' lang='lat' dir='ltr'><strong>amore</strong></span> <span class='ocrx_word' id='word_1_143' title='bbox 1907 3334 2077 3389; x_wconf 89' lang='lat' dir='ltr'><strong>armis</strong></span> <span class='ocrx_word' id='word_1_144' title='bbox 2098 3333 2402 3402; x_wconf 85' lang='lat' dir='ltr'><strong>animisque</strong></span> <span class='ocrx_word' id='word_1_145' title='bbox 2439 3343 2851 3403; x_wconf 88' lang='lat' dir='ltr'><strong>perpetuantur.</strong></span> <span class='ocrx_word' id='word_1_146' title='bbox 2887 3332 3016 3400; x_wconf 82' lang='lat' dir='ltr'><strong>Sed,</strong></span> <span class='ocrx_word' id='word_1_147' title='bbox 3048 3335 3176 3402; x_wconf 85' lang='lat' dir='ltr'><strong>quia</strong></span> <span class='ocrx_word' id='word_1_148' title='bbox 3199 3333 3374 3388; x_wconf 57' lang='lat' dir='ltr'><strong>infativ</strong></span> 
     </span>
    </p>
   </div>
   <div class='ocr_carea' id='block_1_21' title="bbox 142 3421 3374 3503">
    <p class='ocr_par' dir='ltr' id='par_1_21' title="bbox 142 3421 3374 3496">
     <span class='ocr_line' id='line_1_22' title="bbox 142 3421 3374 3496; baseline 0.001 -23"><span class='ocrx_word' id='word_1_149' title='bbox 142 3421 292 3486; x_wconf 58' lang='lat' dir='ltr'><strong>gabilis</strong></span> <span class='ocrx_word' id='word_1_150' title='bbox 315 3432 480 3492; x_wconf 87' lang='lat' dir='ltr'><strong>atque</strong></span> <span class='ocrx_word' id='word_1_151' title='bbox 508 3423 830 3477; x_wconf 88' lang='lat' dir='ltr'><strong>immortalis</strong></span> <span class='ocrx_word' id='word_1_152' title='bbox 855 3423 1090 3478; x_wconf 84' lang='lat' dir='ltr'><strong>Satanas</strong></span> <span class='ocrx_word' id='word_1_153' title='bbox 1117 3432 1224 3486; x_wconf 88' lang='lat' dir='ltr'><strong>est,</strong></span> <span class='ocrx_word' id='word_1_154' title='bbox 1251 3425 1512 3480; x_wconf 84' lang='lat' dir='ltr'><strong>adversus</strong></span> <span class='ocrx_word' id='word_1_155' title='bbox 1535 3440 1700 3494; x_wconf 90' lang='lat' dir='ltr'><strong>quem</strong></span> <span class='ocrx_word' id='word_1_156' title='bbox 1727 3425 1976 3494; x_wconf 85' lang='lat' dir='ltr'><strong>dispositi</strong></span> <span class='ocrx_word' id='word_1_157' title='bbox 2002 3441 2099 3496; x_wconf 88' lang='lat' dir='ltr'><strong>per</strong></span> <span class='ocrx_word' id='word_1_158' title='bbox 2127 3441 2345 3480; x_wconf 90' lang='lat' dir='ltr'><strong>omnem</strong></span> <span class='ocrx_word' id='word_1_159' title='bbox 2386 3425 2574 3480; x_wconf 89' lang='lat' dir='ltr'><strong>orbem</strong></span> <span class='ocrx_word' id='word_1_160' title='bbox 2605 3424 3093 3480; x_wconf 79' lang='lat' dir='ltr'><strong>Carthusianorum</strong></span> <span class='ocrx_word' id='word_1_161' title='bbox 3143 3424 3374 3478; x_wconf 86' lang='lat' dir='ltr'><strong>fratrum</strong></span> 
     </span>
    </p>
   </div>
   <div class='ocr_carea' id='block_1_22' title="bbox 143 3517 3377 3590">
    <p class='ocr_par' dir='ltr' id='par_1_22' title="bbox 143 3517 3377 3590">
     <span class='ocr_line' id='line_1_23' title="bbox 143 3517 3377 3590; baseline 0.002 -26"><span class='ocrx_word' id='word_1_162' title='bbox 143 3526 297 3580; x_wconf 65' lang='lat' dir='ltr'><strong>rectus,</strong></span> <span class='ocrx_word' id='word_1_163' title='bbox 326 3518 488 3586; x_wconf 83' lang='lat' dir='ltr'><strong>quasi</strong></span> <span class='ocrx_word' id='word_1_164' title='bbox 522 3518 767 3583; x_wconf 80' lang='lat' dir='ltr'><strong>totidem,</strong></span> <span class='ocrx_word' id='word_1_165' title='bbox 802 3517 904 3571; x_wconf 85' lang='lat' dir='ltr'><strong>sub</strong></span> <span class='ocrx_word' id='word_1_166' title='bbox 926 3518 1124 3586; x_wconf 87' lang='lat' dir='ltr'><strong>aquilis</strong></span> <span class='ocrx_word' id='word_1_167' title='bbox 1155 3518 1216 3573; x_wconf 85' lang='lat' dir='ltr'><strong>D.</strong></span> <span class='ocrx_word' id='word_1_168' title='bbox 1242 3519 1534 3586; x_wconf 86' lang='lat' dir='ltr'><strong>Brunonis,</strong></span> <span class='ocrx_word' id='word_1_169' title='bbox 1558 3521 1910 3575; x_wconf 70' lang='lat' dir='ltr'><strong>:eratte‘acies</strong></span> <span class='ocrx_word' id='word_1_170' title='bbox 1931 3519 2335 3590; x_wconf 81' lang='lat' dir='ltr'><strong>deprteliantur,</strong></span> <span class='ocrx_word' id='word_1_171' title='bbox 2369 3529 2730 3588; x_wconf 86' lang='lat' dir='ltr'><strong>spectatorem</strong></span> <span class='ocrx_word' id='word_1_172' title='bbox 2774 3534 2860 3573; x_wconf 91' lang='lat' dir='ltr'><strong>me</strong></span> <span class='ocrx_word' id='word_1_173' title='bbox 2891 3527 2996 3572; x_wconf 79' lang='lat' dir='ltr'><strong>tam</strong></span> <span class='ocrx_word' id='word_1_174' title='bbox 3022 3517 3230 3573; x_wconf 82' lang='lat' dir='ltr'><strong>difficili</strong></span> <span class='ocrx_word' id='word_1_175' title='bbox 3257 3533 3377 3572; x_wconf 84' lang='lat' dir='ltr'><strong>eer-</strong></span> 
     </span>
    </p>
   </div>
   <div class='ocr_carea' id='block_1_23' title="bbox 141 3607 3376 3684">
    <p class='ocr_par' dir='ltr' id='par_1_23' title="bbox 141 3607 3376 3684">
     <span class='ocr_line' id='line_1_24' title="bbox 141 3607 3376 3684; baseline 0.002 -26"><span class='ocrx_word' id='word_1_176' title='bbox 141 3608 285 3661; x_wconf 71' lang='lat' dir='ltr'><strong>ta:r.iui</strong></span> <span class='ocrx_word' id='word_1_177' title='bbox 310 3619 492 3665; x_wconf 85' lang='lat' dir='ltr'><strong>astare</strong></span> <span class='ocrx_word' id='word_1_178' title='bbox 523 3611 669 3664; x_wconf 88' lang='lat' dir='ltr'><strong>enim</strong></span> <span class='ocrx_word' id='word_1_179' title='bbox 705 3625 833 3665; x_wconf 89' lang='lat' dir='ltr'><strong>vero</strong></span> <span class='ocrx_word' id='word_1_180' title='bbox 859 3626 956 3665; x_wconf 90' lang='lat' dir='ltr'><strong>nec</strong></span> <span class='ocrx_word' id='word_1_181' title='bbox 989 3607 1193 3678; x_wconf 87' lang='lat' dir='ltr'><strong>decuit,</strong></span> <span class='ocrx_word' id='word_1_182' title='bbox 1238 3627 1338 3667; x_wconf 91' lang='lat' dir='ltr'><strong>nec</strong></span> <span class='ocrx_word' id='word_1_183' title='bbox 1371 3612 1490 3667; x_wconf 88' lang='lat' dir='ltr'><strong>tulit</strong></span> <span class='ocrx_word' id='word_1_184' title='bbox 1533 3614 1971 3684; x_wconf 79' lang='lat' dir='ltr'><strong>congregatiOnis</strong></span> <span class='ocrx_word' id='word_1_185' title='bbox 2019 3625 2212 3667; x_wconf 82' lang='lat' dir='ltr'><strong>vestrae</strong></span> <span class='ocrx_word' id='word_1_186' title='bbox 2257 3614 2456 3667; x_wconf 77' lang='lat' dir='ltr'><strong>eximia</strong></span> <span class='ocrx_word' id='word_1_187' title='bbox 2491 3624 2616 3668; x_wconf 86' lang='lat' dir='ltr'><strong>nota</strong></span> <span class='ocrx_word' id='word_1_188' title='bbox 2670 3614 2770 3675; x_wconf 88' lang='lat' dir='ltr'><strong>vir,</strong></span> <span class='ocrx_word' id='word_1_189' title='bbox 2828 3612 2888 3666; x_wconf 84' lang='lat' dir='ltr'><strong>P.</strong></span> <span class='ocrx_word' id='word_1_190' title='bbox 2929 3613 3246 3667; x_wconf 83' lang='lat' dir='ltr'><strong>Theodorus</strong></span> <span class='ocrx_word' id='word_1_191' title='bbox 3276 3611 3376 3665; x_wconf 83' lang='lat' dir='ltr'><strong>Pe-</strong></span> 
     </span>
    </p>
   </div>
   <div class='ocr_carea' id='block_1_24' title="bbox 143 3703 3376 3776">
    <p class='ocr_par' dir='ltr' id='par_1_24' title="bbox 143 3703 3376 3776">
     <span class='ocr_line' id='line_1_25' title="bbox 143 3703 3376 3776; baseline 0.002 -25"><span class='ocrx_word' id='word_1_192' title='bbox 143 3707 294 3765; x_wconf 67' lang='lat' dir='ltr'><strong>Iratus;</strong></span> <span class='ocrx_word' id='word_1_193' title='bbox 321 3703 584 3757; x_wconf 77' lang='lat' dir='ltr'><strong>continuo</strong></span> <span class='ocrx_word' id='word_1_194' title='bbox 611 3704 833 3772; x_wconf 85' lang='lat' dir='ltr'><strong>quippe,</strong></span> <span class='ocrx_word' id='word_1_195' title='bbox 864 3704 953 3757; x_wconf 84' lang='lat' dir='ltr'><strong>ubi</strong></span> <span class='ocrx_word' id='word_1_196' title='bbox 988 3703 1054 3758; x_wconf 86' lang='lat' dir='ltr'><strong>de</strong></span> <span class='ocrx_word' id='word_1_197' title='bbox 1083 3719 1203 3758; x_wconf 85' lang='lat' dir='ltr'><strong>meo</strong></span> <span class='ocrx_word' id='word_1_198' title='bbox 1229 3705 1280 3758; x_wconf 89' lang='lat' dir='ltr'><strong>in</strong></span> <span class='ocrx_word' id='word_1_199' title='bbox 1311 3705 1725 3761; x_wconf 86' lang='lat' dir='ltr'><strong>Carthusianam</strong></span> <span class='ocrx_word' id='word_1_200' title='bbox 1755 3705 2016 3760; x_wconf 78' lang='lat' dir='ltr'><strong>familiam</strong></span> <span class='ocrx_word' id='word_1_201' title='bbox 2046 3706 2242 3761; x_wconf 85' lang='lat' dir='ltr'><strong>atl‘cctu</strong></span> <span class='ocrx_word' id='word_1_202' title='bbox 2275 3723 2437 3774; x_wconf 83' lang='lat' dir='ltr'><strong>quam</strong></span> <span class='ocrx_word' id='word_1_203' title='bbox 2471 3709 2676 3776; x_wconf 87' lang='lat' dir='ltr'><strong>optime</strong></span> <span class='ocrx_word' id='word_1_204' title='bbox 2703 3705 3046 3774; x_wconf 85' lang='lat' dir='ltr'><strong>conjecisset,</strong></span> <span class='ocrx_word' id='word_1_205' title='bbox 3083 3707 3133 3758; x_wconf 90' lang='lat' dir='ltr'><strong>in</strong></span> <span class='ocrx_word' id='word_1_206' title='bbox 3164 3713 3376 3774; x_wconf 70' lang='lat' dir='ltr'><strong>partem</strong></span> 
     </span>
    </p>
   </div>
   <div class='ocr_carea' id='block_1_25' title="bbox 143 3787 3368 3867">
    <p class='ocr_par' dir='ltr' id='par_1_25' title="bbox 143 3787 3368 3867">
     <span class='ocr_line' id='line_1_26' title="bbox 143 3787 3368 3867; baseline 0.004 -29"><span class='ocrx_word' id='word_1_207' title='bbox 143 3787 481 3864; x_wconf 76' lang='lat' dir='ltr'><strong>sollicitudinis</strong></span> <span class='ocrx_word' id='word_1_208' title='bbox 510 3809 580 3848; x_wconf 89' lang='lat' dir='ltr'><strong>ac</strong></span> <span class='ocrx_word' id='word_1_209' title='bbox 612 3793 811 3848; x_wconf 88' lang='lat' dir='ltr'><strong>laboris</strong></span> <span class='ocrx_word' id='word_1_210' title='bbox 838 3794 922 3848; x_wconf 86' lang='lat' dir='ltr'><strong>sui</strong></span> <span class='ocrx_word' id='word_1_211' title='bbox 957 3809 1062 3858; x_wconf 89' lang='lat' dir='ltr'><strong>me,</strong></span> <span class='ocrx_word' id='word_1_212' title='bbox 1093 3811 1204 3864; x_wconf 63' lang='lat' dir='ltr'><strong>prae</strong></span> <span class='ocrx_word' id='word_1_213' title='bbox 1229 3795 1452 3865; x_wconf 85' lang='lat' dir='ltr'><strong>reliquis</strong></span> <span class='ocrx_word' id='word_1_214' title='bbox 1483 3812 1650 3851; x_wconf 88' lang='lat' dir='ltr'><strong>unum</strong></span> <span class='ocrx_word' id='word_1_215' title='bbox 1692 3798 1957 3863; x_wconf 88' lang='lat' dir='ltr'><strong>accitum,</strong></span> <span class='ocrx_word' id='word_1_216' title='bbox 1985 3797 2176 3860; x_wconf 77' lang='lat' dir='ltr'><strong>voluit,</strong></span> <span class='ocrx_word' id='word_1_217' title='bbox 2205 3809 2263 3850; x_wconf 91' lang='lat' dir='ltr'><strong>ut</strong></span> <span class='ocrx_word' id='word_1_218' title='bbox 2283 3798 2383 3851; x_wconf 84' lang='lat' dir='ltr'><strong>sibi</strong></span> <span class='ocrx_word' id='word_1_219' title='bbox 2413 3800 2462 3851; x_wconf 91' lang='lat' dir='ltr'><strong>in</strong></span> <span class='ocrx_word' id='word_1_220' title='bbox 2494 3799 2812 3867; x_wconf 76' lang='lat' dir='ltr'><strong>reparandis</strong></span> <span class='ocrx_word' id='word_1_221' title='bbox 2838 3797 3204 3852; x_wconf 82' lang='lat' dir='ltr'><strong>monumentis</strong></span> <span class='ocrx_word' id='word_1_222' title='bbox 3250 3811 3368 3849; x_wconf 84' lang='lat' dir='ltr'><strong>me-</strong></span> 
     </span>
    </p>
   </div>
   <div class='ocr_carea' id='block_1_26' title="bbox 143 3885 3377 3959">
    <p class='ocr_par' dir='ltr' id='par_1_26' title="bbox 143 3885 3377 3959">
     <span class='ocr_line' id='line_1_27' title="bbox 143 3885 3377 3959; baseline 0.003 -28"><span class='ocrx_word' id='word_1_223' title='bbox 143 3885 294 3938; x_wconf 83' lang='lat' dir='ltr'><strong>morati</strong></span> <span class='ocrx_word' id='word_1_224' title='bbox 322 3886 379 3940; x_wconf 92' lang='lat' dir='ltr'><strong>D.</strong></span> <span class='ocrx_word' id='word_1_225' title='bbox 410 3886 711 3954; x_wconf 85' lang='lat' dir='ltr'><strong>Brunouis,</strong></span> <span class='ocrx_word' id='word_1_226' title='bbox 744 3886 903 3956; x_wconf 90' lang='lat' dir='ltr'><strong>primi</strong></span> <span class='ocrx_word' id='word_1_227' title='bbox 933 3896 988 3943; x_wconf 88' lang='lat' dir='ltr'><strong>et</strong></span> <span class='ocrx_word' id='word_1_228' title='bbox 1032 3889 1391 3944; x_wconf 82' lang='lat' dir='ltr'><strong>sacratissimi</strong></span> <span class='ocrx_word' id='word_1_229' title='bbox 1425 3889 1917 3945; x_wconf 79' lang='lat' dir='ltr'><strong>Carthusianorum</strong></span> <span class='ocrx_word' id='word_1_230' title='bbox 1960 3888 2305 3959; x_wconf 66' lang='lat' dir='ltr'><strong>patriarchae,</strong></span> <span class='ocrx_word' id='word_1_231' title='bbox 2339 3889 2690 3956; x_wconf 84' lang='lat' dir='ltr'><strong>obsequercr.</strong></span> <span class='ocrx_word' id='word_1_232' title='bbox 2716 3889 2781 3942; x_wconf 86' lang='lat' dir='ltr'><strong>Et</strong></span> <span class='ocrx_word' id='word_1_233' title='bbox 2821 3888 3068 3958; x_wconf 82' lang='lat' dir='ltr'><strong>profecto</strong></span> <span class='ocrx_word' id='word_1_234' title='bbox 3104 3887 3377 3942; x_wconf 80' lang='lat' dir='ltr'><strong>Theseum</strong></span> 
     </span>
    </p>
   </div>
   <div class='ocr_carea' id='block_1_27' title="bbox 143 3975 3375 4048">
    <p class='ocr_par' dir='ltr' id='par_1_27' title="bbox 143 3975 3375 4048">
     <span class='ocr_line' id='line_1_28' title="bbox 143 3975 3375 4048; baseline 0.001 -21"><span class='ocrx_word' id='word_1_235' title='bbox 143 3975 503 4034; x_wconf 72' lang='lat' dir='ltr'><strong>sciuclamasse</strong></span> <span class='ocrx_word' id='word_1_236' title='bbox 531 3987 828 4034; x_wconf 84' lang='lat' dir='ltr'><strong>testaturus</strong></span> <span class='ocrx_word' id='word_1_237' title='bbox 851 3988 958 4045; x_wconf 90' lang='lat' dir='ltr'><strong>est,</strong></span> <span class='ocrx_word' id='word_1_238' title='bbox 988 3984 1205 4048; x_wconf 88' lang='lat' dir='ltr'><strong>quando</strong></span> <span class='ocrx_word' id='word_1_239' title='bbox 1230 3981 1376 4035; x_wconf 91' lang='lat' dir='ltr'><strong>enim</strong></span> <span class='ocrx_word' id='word_1_240' title='bbox 1407 3998 1512 4037; x_wconf 91' lang='lat' dir='ltr'><strong>non</strong></span> <span class='ocrx_word' id='word_1_241' title='bbox 1539 3981 1812 4036; x_wconf 90' lang='lat' dir='ltr'><strong>neminem</strong></span> <span class='ocrx_word' id='word_1_242' title='bbox 1840 3980 2215 4040; x_wconf 82' lang='lat' dir='ltr'><strong>deterruisset.</strong></span> <span class='ocrx_word' id='word_1_243' title='bbox 2245 3979 2329 4033; x_wconf 88' lang='lat' dir='ltr'><strong>vel</strong></span> <span class='ocrx_word' id='word_1_244' title='bbox 2371 3979 2635 4033; x_wconf 87' lang='lat' dir='ltr'><strong>librorum</strong></span> <span class='ocrx_word' id='word_1_245' title='bbox 2669 3979 2973 4048; x_wconf 81' lang='lat' dir='ltr'><strong>prolixitas,</strong></span> <span class='ocrx_word' id='word_1_246' title='bbox 3009 3979 3088 4032; x_wconf 82' lang='lat' dir='ltr'><strong>vel</strong></span> <span class='ocrx_word' id='word_1_247' title='bbox 3119 3994 3375 4033; x_wconf 86' lang='lat' dir='ltr'><strong>curarum</strong></span> 
     </span>
    </p>
   </div>
   <div class='ocr_carea' id='block_1_28' title="bbox 143 4068 3372 4144">
    <p class='ocr_par' dir='ltr' id='par_1_28' title="bbox 143 4068 3372 4144">
     <span class='ocr_line' id='line_1_29' title="bbox 143 4068 3372 4144; baseline -0.001 -20"><span class='ocrx_word' id='word_1_248' title='bbox 143 4077 540 4142; x_wconf 73' lang='lat' dir='ltr'><strong>elexpeusarum</strong></span> <span class='ocrx_word' id='word_1_249' title='bbox 567 4076 888 4142; x_wconf 85' lang='lat' dir='ltr'><strong>necessitas,</strong></span> <span class='ocrx_word' id='word_1_250' title='bbox 919 4075 1278 4144; x_wconf 89' lang='lat' dir='ltr'><strong>quorumdam</strong></span> <span class='ocrx_word' id='word_1_251' title='bbox 1309 4089 1437 4129; x_wconf 87' lang='lat' dir='ltr'><strong>vero</strong></span> <span class='ocrx_word' id='word_1_252' title='bbox 1467 4073 1613 4142; x_wconf 86' lang='lat' dir='ltr'><strong>prela</strong></span> <span class='ocrx_word' id='word_1_253' title='bbox 1664 4071 1754 4125; x_wconf 86' lang='lat' dir='ltr'><strong>alii</strong></span> <span class='ocrx_word' id='word_1_254' title='bbox 1801 4072 1854 4124; x_wconf 86' lang='lat' dir='ltr'><strong>id</strong></span> <span class='ocrx_word' id='word_1_255' title='bbox 1909 4085 2078 4140; x_wconf 79' lang='lat' dir='ltr'><strong>genus</strong></span> <span class='ocrx_word' id='word_1_256' title='bbox 2128 4071 2348 4126; x_wconf 87' lang='lat' dir='ltr'><strong>codices</strong></span> <span class='ocrx_word' id='word_1_257' title='bbox 2391 4068 2506 4138; x_wconf 87' lang='lat' dir='ltr'><strong>jam</strong></span> <span class='ocrx_word' id='word_1_258' title='bbox 2537 4071 2970 4140; x_wconf 69' lang='lat' dir='ltr'><strong>prteripuissent.</strong></span> <span class='ocrx_word' id='word_1_259' title='bbox 3017 4069 3132 4140; x_wconf 78' lang='lat' dir='ltr'><strong>E30</strong></span> <span class='ocrx_word' id='word_1_260' title='bbox 3191 4069 3372 4122; x_wconf 73' lang='lat' dir='ltr'><strong>tamen</strong></span> 
     </span>
    </p>
   </div>
   <div class='ocr_carea' id='block_1_29' title="bbox 145 4165 3378 4240">
    <p class='ocr_par' dir='ltr' id='par_1_29' title="bbox 145 4165 3378 4240">
     <span class='ocr_line' id='line_1_30' title="bbox 145 4165 3378 4240; baseline 0.001 -23"><span class='ocrx_word' id='word_1_261' title='bbox 145 4170 521 4236; x_wconf 84' lang='lat' dir='ltr'><strong>promptissimis</strong></span> <span class='ocrx_word' id='word_1_262' title='bbox 555 4170 866 4226; x_wconf 86' lang='lat' dir='ltr'><strong>accelerare</strong></span> <span class='ocrx_word' id='word_1_263' title='bbox 894 4171 1111 4238; x_wconf 83' lang='lat' dir='ltr'><strong>animis,</strong></span> <span class='ocrx_word' id='word_1_264' title='bbox 1135 4170 1472 4240; x_wconf 86' lang='lat' dir='ltr'><strong>provinciam</strong></span> <span class='ocrx_word' id='word_1_265' title='bbox 1495 4167 1772 4237; x_wconf 84' lang='lat' dir='ltr'><strong>evestigio</strong></span> <span class='ocrx_word' id='word_1_266' title='bbox 1817 4167 2061 4238; x_wconf 79' lang='lat' dir='ltr'><strong>aggredi,</strong></span> <span class='ocrx_word' id='word_1_267' title='bbox 2106 4183 2206 4222; x_wconf 84' lang='lat' dir='ltr'><strong>nec</strong></span> <span class='ocrx_word' id='word_1_268' title='bbox 2262 4167 2556 4238; x_wconf 84' lang='lat' dir='ltr'><strong>quidquam</strong></span> <span class='ocrx_word' id='word_1_269' title='bbox 2610 4167 2894 4238; x_wconf 71' lang='lat' dir='ltr'><strong>praeterire</strong></span> <span class='ocrx_word' id='word_1_270' title='bbox 2922 4167 3066 4236; x_wconf 89' lang='lat' dir='ltr'><strong>quod</strong></span> <span class='ocrx_word' id='word_1_271' title='bbox 3083 4167 3150 4221; x_wconf 85' lang='lat' dir='ltr'><strong>ad</strong></span> <span class='ocrx_word' id='word_1_272' title='bbox 3203 4165 3378 4234; x_wconf 82' lang='lat' dir='ltr'><strong>digni-</strong></span> 
     </span>
    </p>
   </div>
   <div class='ocr_carea' id='block_1_30' title="bbox 145 4263 1477 4331">
    <p class='ocr_par' dir='ltr' id='par_1_30' title="bbox 145 4263 1477 4331">
     <span class='ocr_line' id='line_1_31' title="bbox 145 4263 1477 4331; baseline 0.006 -23"><span class='ocrx_word' id='word_1_273' title='bbox 145 4264 272 4313; x_wconf 76' lang='lat' dir='ltr'><strong>tatem</strong></span> <span class='ocrx_word' id='word_1_274' title='bbox 305 4277 364 4317; x_wconf 85' lang='lat' dir='ltr'><strong>ac</strong></span> <span class='ocrx_word' id='word_1_275' title='bbox 388 4263 734 4331; x_wconf 87' lang='lat' dir='ltr'><strong>splendorem</strong></span> <span class='ocrx_word' id='word_1_276' title='bbox 756 4263 1071 4319; x_wconf 88' lang='lat' dir='ltr'><strong>eorumdem</strong></span> <span class='ocrx_word' id='word_1_277' title='bbox 1101 4263 1477 4331; x_wconf 88' lang='lat' dir='ltr'><strong>pertinuisset.</strong></span> 
     </span>
    </p>
   </div>
   <div class='ocr_carea' id='block_1_31' title="bbox 197 4344 3374 4426">
    <p class='ocr_par' dir='ltr' id='par_1_31' title="bbox 197 4344 3374 4426">
     <span class='ocr_line' id='line_1_32' title="bbox 197 4344 3374 4426; baseline 0.001 -25"><span class='ocrx_word' id='word_1_278' title='bbox 197 4344 364 4408; x_wconf 79' lang='lat' dir='ltr'><strong>Tribus</strong></span> <span class='ocrx_word' id='word_1_279' title='bbox 387 4365 568 4410; x_wconf 85' lang='lat' dir='ltr'><strong>autem</strong></span> <span class='ocrx_word' id='word_1_280' title='bbox 610 4355 882 4426; x_wconf 75' lang='lat' dir='ltr'><strong>prmcipue</strong></span> <span class='ocrx_word' id='word_1_281' title='bbox 908 4356 1086 4411; x_wconf 88' lang='lat' dir='ltr'><strong>causis</strong></span> <span class='ocrx_word' id='word_1_282' title='bbox 1107 4355 1500 4423; x_wconf 87' lang='lat' dir='ltr'><strong>hucimpulsus</strong></span> <span class='ocrx_word' id='word_1_283' title='bbox 1530 4354 1622 4408; x_wconf 80' lang='lat' dir='ltr'><strong>fui.</strong></span> <span class='ocrx_word' id='word_1_284' title='bbox 1668 4353 1874 4416; x_wconf 82' lang='lat' dir='ltr'><strong>Primo,</strong></span> <span class='ocrx_word' id='word_1_285' title='bbox 1923 4367 1990 4407; x_wconf 86' lang='lat' dir='ltr'><strong>ne</strong></span> <span class='ocrx_word' id='word_1_286' title='bbox 2021 4355 2460 4423; x_wconf 86' lang='lat' dir='ltr'><strong>potentissimum</strong></span> <span class='ocrx_word' id='word_1_287' title='bbox 2509 4354 2703 4408; x_wconf 84' lang='lat' dir='ltr'><strong>horum</strong></span> <span class='ocrx_word' id='word_1_288' title='bbox 2757 4355 3019 4409; x_wconf 88' lang='lat' dir='ltr'><strong>librorum</strong></span> <span class='ocrx_word' id='word_1_289' title='bbox 3073 4353 3374 4407; x_wconf 87' lang='lat' dir='ltr'><strong>subsidium</strong></span> 
     </span>
    </p>
   </div>
   <div class='ocr_carea' id='block_1_32' title="bbox 55 4437 3378 4522">
    <p class='ocr_par' dir='ltr' id='par_1_32' title="bbox 55 4437 3378 4522">
     <span class='ocr_line' id='line_1_33' title="bbox 55 4437 3378 4522; baseline -0.002 -20"><span class='ocrx_word' id='word_1_290' title='bbox 55 4463 62 4476; x_wconf 89' lang='lat'><strong>&#39;</strong></span> <span class='ocrx_word' id='word_1_291' title='bbox 147 4437 404 4511; x_wconf 73' lang='lat' dir='ltr'><strong>(postquam</strong></span> <span class='ocrx_word' id='word_1_292' title='bbox 431 4448 673 4520; x_wconf 84' lang='lat' dir='ltr'><strong>maxime</strong></span> <span class='ocrx_word' id='word_1_293' title='bbox 697 4447 908 4517; x_wconf 75' lang='lat' dir='ltr'><strong>praefati</strong></span> <span class='ocrx_word' id='word_1_294' title='bbox 948 4447 1011 4500; x_wconf 91' lang='lat' dir='ltr'><strong>P.</strong></span> <span class='ocrx_word' id='word_1_295' title='bbox 1035 4446 1228 4502; x_wconf 64' lang='lat' dir='ltr'><strong>Petraei</strong></span> <span class='ocrx_word' id='word_1_296' title='bbox 1253 4447 1364 4501; x_wconf 89' lang='lat' dir='ltr'><strong>acri</strong></span> <span class='ocrx_word' id='word_1_297' title='bbox 1386 4445 1592 4514; x_wconf 83' lang='lat' dir='ltr'><strong>judicio</strong></span> <span class='ocrx_word' id='word_1_298' title='bbox 1620 4447 1688 4500; x_wconf 86' lang='lat' dir='ltr'><strong>ab</strong></span> <span class='ocrx_word' id='word_1_299' title='bbox 1710 4445 1952 4514; x_wconf 76' lang='lat' dir='ltr'><strong>terugiue</strong></span> <span class='ocrx_word' id='word_1_300' title='bbox 1989 4446 2307 4498; x_wconf 83' lang='lat' dir='ltr'><strong>memlarum</strong></span> <span class='ocrx_word' id='word_1_301' title='bbox 2341 4445 2585 4522; x_wconf 80' lang='lat' dir='ltr'><strong>expoliti,</strong></span> <span class='ocrx_word' id='word_1_302' title='bbox 2626 4460 2690 4499; x_wconf 88' lang='lat' dir='ltr'><strong>ac</strong></span> <span class='ocrx_word' id='word_1_303' title='bbox 2720 4444 3048 4498; x_wconf 83' lang='lat' dir='ltr'><strong>doctissimis</strong></span> <span class='ocrx_word' id='word_1_304' title='bbox 3075 4442 3378 4497; x_wconf 88' lang='lat' dir='ltr'><strong>distinctio-</strong></span> 
     </span>
    </p>
   </div>
   <div class='ocr_carea' id='block_1_33' title="bbox 147 4531 3369 4608">
    <p class='ocr_par' dir='ltr' id='par_1_33' title="bbox 147 4531 3369 4608">
     <span class='ocr_line' id='line_1_34' title="bbox 147 4531 3369 4608; baseline 0.003 -29"><span class='ocrx_word' id='word_1_305' title='bbox 147 4531 269 4587; x_wconf 78' lang='lat' dir='ltr'><strong>nibus</strong></span> <span class='ocrx_word' id='word_1_306' title='bbox 297 4536 537 4592; x_wconf 86' lang='lat' dir='ltr'><strong>illustrati</strong></span> <span class='ocrx_word' id='word_1_307' title='bbox 567 4539 716 4608; x_wconf 88' lang='lat' dir='ltr'><strong>sunt)</strong></span> <span class='ocrx_word' id='word_1_308' title='bbox 748 4539 804 4592; x_wconf 89' lang='lat' dir='ltr'><strong>in</strong></span> <span class='ocrx_word' id='word_1_309' title='bbox 835 4537 1124 4593; x_wconf 88' lang='lat' dir='ltr'><strong>domiciliis</strong></span> <span class='ocrx_word' id='word_1_310' title='bbox 1155 4537 1354 4592; x_wconf 86' lang='lat' dir='ltr'><strong>vestris</strong></span> <span class='ocrx_word' id='word_1_311' title='bbox 1385 4537 1644 4605; x_wconf 85' lang='lat' dir='ltr'><strong>deinceps</strong></span> <span class='ocrx_word' id='word_1_312' title='bbox 1672 4536 2138 4590; x_wconf 82' lang='lat' dir='ltr'><strong>desiderarentur.</strong></span> <span class='ocrx_word' id='word_1_313' title='bbox 2173 4534 2444 4599; x_wconf 89' lang='lat' dir='ltr'><strong>Secundo,</strong></span> <span class='ocrx_word' id='word_1_314' title='bbox 2475 4543 2531 4589; x_wconf 90' lang='lat' dir='ltr'><strong>ut</strong></span> <span class='ocrx_word' id='word_1_315' title='bbox 2563 4535 2741 4604; x_wconf 80' lang='lat' dir='ltr'><strong>imago</strong></span> <span class='ocrx_word' id='word_1_316' title='bbox 2764 4535 2987 4604; x_wconf 81' lang='lat' dir='ltr'><strong>gloriosi</strong></span> <span class='ocrx_word' id='word_1_317' title='bbox 3019 4535 3369 4604; x_wconf 67' lang='lat' dir='ltr'><strong>patriarchae,</strong></span> 
     </span>
    </p>
   </div>
   <div class='ocr_carea' id='block_1_34' title="bbox 147 4619 3378 4699">
    <p class='ocr_par' dir='ltr' id='par_1_34' title="bbox 147 4619 3378 4699">
     <span class='ocr_line' id='line_1_35' title="bbox 147 4619 3378 4699; baseline 0.003 -28"><span class='ocrx_word' id='word_1_318' title='bbox 147 4619 183 4673; x_wconf 87' lang='lat' dir='ltr'><strong>iu</strong></span> <span class='ocrx_word' id='word_1_319' title='bbox 204 4625 292 4681; x_wconf 89' lang='lat' dir='ltr'><strong>illis</strong></span> <span class='ocrx_word' id='word_1_320' title='bbox 325 4630 563 4699; x_wconf 83' lang='lat' dir='ltr'><strong>depicta,</strong></span> <span class='ocrx_word' id='word_1_321' title='bbox 595 4631 1034 4686; x_wconf 83' lang='lat' dir='ltr'><strong>atleclitantium</strong></span> <span class='ocrx_word' id='word_1_322' title='bbox 1067 4630 1318 4684; x_wconf 89' lang='lat' dir='ltr'><strong>manibus</strong></span> <span class='ocrx_word' id='word_1_323' title='bbox 1341 4637 1395 4683; x_wconf 89' lang='lat' dir='ltr'><strong>et</strong></span> <span class='ocrx_word' id='word_1_324' title='bbox 1423 4629 1814 4699; x_wconf 86' lang='lat' dir='ltr'><strong>propemodum</strong></span> <span class='ocrx_word' id='word_1_325' title='bbox 1856 4628 2028 4683; x_wconf 91' lang='lat' dir='ltr'><strong>oculis</strong></span> <span class='ocrx_word' id='word_1_326' title='bbox 2072 4628 2294 4692; x_wconf 75' lang='lat' dir='ltr'><strong>detrita,</strong></span> <span class='ocrx_word' id='word_1_327' title='bbox 2332 4637 2582 4698; x_wconf 85' lang='lat' dir='ltr'><strong>typornm</strong></span> <span class='ocrx_word' id='word_1_328' title='bbox 2631 4643 2872 4682; x_wconf 88' lang='lat' dir='ltr'><strong>meorum</strong></span> <span class='ocrx_word' id='word_1_329' title='bbox 2923 4628 3196 4683; x_wconf 87' lang='lat' dir='ltr'><strong>coloribus</strong></span> <span class='ocrx_word' id='word_1_330' title='bbox 3235 4632 3378 4682; x_wconf 88' lang='lat' dir='ltr'><strong>revi-</strong></span> 
     </span>
    </p>
   </div>
   <div class='ocr_carea' id='block_1_35' title="bbox 147 4717 3376 4792">
    <p class='ocr_par' dir='ltr' id='par_1_35' title="bbox 147 4717 3376 4792">
     <span class='ocr_line' id='line_1_36' title="bbox 147 4717 3376 4792; baseline 0.002 -25"><span class='ocrx_word' id='word_1_331' title='bbox 147 4717 350 4775; x_wconf 79' lang='lat' dir='ltr'><strong>t&#39;isceret.</strong></span> <span class='ocrx_word' id='word_1_332' title='bbox 385 4723 588 4788; x_wconf 85' lang='lat' dir='ltr'><strong>Tertio,</strong></span> <span class='ocrx_word' id='word_1_333' title='bbox 620 4739 726 4792; x_wconf 86' lang='lat' dir='ltr'><strong>quo</strong></span> <span class='ocrx_word' id='word_1_334' title='bbox 756 4723 1044 4792; x_wconf 88' lang='lat' dir='ltr'><strong>posteritas</strong></span> <span class='ocrx_word' id='word_1_335' title='bbox 1067 4721 1428 4778; x_wconf 84' lang='lat' dir='ltr'><strong>Cartltusiana</strong></span> <span class='ocrx_word' id='word_1_336' title='bbox 1455 4721 1798 4784; x_wconf 83' lang='lat' dir='ltr'><strong>recordetur,</strong></span> <span class='ocrx_word' id='word_1_337' title='bbox 1835 4719 2130 4774; x_wconf 81' lang='lat' dir='ltr'><strong>beatissimi</strong></span> <span class='ocrx_word' id='word_1_338' title='bbox 2163 4717 2430 4788; x_wconf 69' lang='lat' dir='ltr'><strong>coryphtei</strong></span> <span class='ocrx_word' id='word_1_339' title='bbox 2471 4719 2550 4772; x_wconf 90' lang='lat' dir='ltr'><strong>sui</strong></span> <span class='ocrx_word' id='word_1_340' title='bbox 2589 4726 2937 4772; x_wconf 85' lang='lat' dir='ltr'><strong>monumenta</strong></span> <span class='ocrx_word' id='word_1_341' title='bbox 2982 4719 3376 4774; x_wconf 75' lang='lat' dir='ltr'><strong>reverendissi-</strong></span> 
     </span>
    </p>
   </div>
   <div class='ocr_carea' id='block_1_36' title="bbox 148 4795 3376 4885">
    <p class='ocr_par' dir='ltr' id='par_1_36' title="bbox 148 4795 3376 4885">
     <span class='ocr_line' id='line_1_37' title="bbox 148 4795 3376 4885; baseline 0.001 -23"><span class='ocrx_word' id='word_1_342' title='bbox 148 4824 220 4862; x_wconf 64' lang='lat' dir='ltr'><strong>tua:</strong></span> <span class='ocrx_word' id='word_1_343' title='bbox 244 4795 578 4870; x_wconf 79' lang='lat' dir='ltr'><strong>Pateruitatis</strong></span> <span class='ocrx_word' id='word_1_344' title='bbox 617 4826 808 4870; x_wconf 73' lang='lat' dir='ltr'><strong>vestrm</strong></span> <span class='ocrx_word' id='word_1_345' title='bbox 836 4823 996 4870; x_wconf 76' lang='lat' dir='ltr'><strong>:etate</strong></span> <span class='ocrx_word' id='word_1_346' title='bbox 1023 4823 1078 4869; x_wconf 89' lang='lat' dir='ltr'><strong>et</strong></span> <span class='ocrx_word' id='word_1_347' title='bbox 1127 4815 1388 4885; x_wconf 87' lang='lat' dir='ltr'><strong>auspiciis</strong></span> <span class='ocrx_word' id='word_1_348' title='bbox 1433 4814 1680 4870; x_wconf 87' lang='lat' dir='ltr'><strong>restituta</strong></span> <span class='ocrx_word' id='word_1_349' title='bbox 1722 4813 1912 4877; x_wconf 80' lang='lat' dir='ltr'><strong>fuisse,</strong></span> <span class='ocrx_word' id='word_1_350' title='bbox 1941 4828 2060 4881; x_wconf 68' lang='lat' dir='ltr'><strong>qua:</strong></span> <span class='ocrx_word' id='word_1_351' title='bbox 2115 4813 2332 4866; x_wconf 89' lang='lat' dir='ltr'><strong>nomine</strong></span> <span class='ocrx_word' id='word_1_352' title='bbox 2381 4810 2544 4865; x_wconf 91' lang='lat' dir='ltr'><strong>simul</strong></span> <span class='ocrx_word' id='word_1_353' title='bbox 2567 4823 2622 4865; x_wconf 90' lang='lat' dir='ltr'><strong>ct</strong></span> <span class='ocrx_word' id='word_1_354' title='bbox 2669 4811 2846 4865; x_wconf 76' lang='lat' dir='ltr'><strong>olllcio</strong></span> <span class='ocrx_word' id='word_1_355' title='bbox 2894 4811 3053 4880; x_wconf 88' lang='lat' dir='ltr'><strong>primi</strong></span> <span class='ocrx_word' id='word_1_356' title='bbox 3105 4811 3376 4867; x_wconf 86' lang='lat' dir='ltr'><strong>Brunouis</strong></span> 
     </span>
    </p>
   </div>
   <div class='ocr_carea' id='block_1_37' title="bbox 149 4906 3370 4980">
    <p class='ocr_par' dir='ltr' id='par_1_37' title="bbox 149 4906 3370 4980">
     <span class='ocr_line' id='line_1_38' title="bbox 149 4906 3370 4980; baseline 0.002 -27"><span class='ocrx_word' id='word_1_357' title='bbox 149 4919 285 4969; x_wconf 74' lang='lat' dir='ltr'><strong>aucta,</strong></span> <span class='ocrx_word' id='word_1_358' title='bbox 321 4911 566 4980; x_wconf 80' lang='lat' dir='ltr'><strong>Majorem</strong></span> <span class='ocrx_word' id='word_1_359' title='bbox 600 4911 944 4965; x_wconf 81' lang='lat' dir='ltr'><strong>Cartltusiam</strong></span> <span class='ocrx_word' id='word_1_360' title='bbox 975 4911 1028 4964; x_wconf 92' lang='lat' dir='ltr'><strong>in</strong></span> <span class='ocrx_word' id='word_1_361' title='bbox 1062 4911 1334 4965; x_wconf 89' lang='lat' dir='ltr'><strong>communi</strong></span> <span class='ocrx_word' id='word_1_362' title='bbox 1359 4910 1668 4980; x_wconf 87' lang='lat' dir='ltr'><strong>principum</strong></span> <span class='ocrx_word' id='word_1_363' title='bbox 1711 4924 1775 4962; x_wconf 88' lang='lat' dir='ltr'><strong>ac</strong></span> <span class='ocrx_word' id='word_1_364' title='bbox 1802 4907 2118 4979; x_wconf 86' lang='lat' dir='ltr'><strong>populorum</strong></span> <span class='ocrx_word' id='word_1_365' title='bbox 2146 4907 2510 4962; x_wconf 88' lang='lat' dir='ltr'><strong>commotione</strong></span> <span class='ocrx_word' id='word_1_366' title='bbox 2554 4906 2998 4962; x_wconf 85' lang='lat' dir='ltr'><strong>constantissime</strong></span> <span class='ocrx_word' id='word_1_367' title='bbox 3039 4908 3370 4962; x_wconf 84' lang='lat' dir='ltr'><strong>moderatur.</strong></span> 
     </span>
    </p>
   </div>
   <div class='ocr_carea' id='block_1_38' title="bbox 199 4996 3368 5071">
    <p class='ocr_par' dir='ltr' id='par_1_38' title="bbox 199 4996 3368 5071">
     <span class='ocr_line' id='line_1_39' title="bbox 199 4996 3368 5071; baseline 0.001 -22"><span class='ocrx_word' id='word_1_368' title='bbox 199 4998 528 5064; x_wconf 81' lang='lat' dir='ltr'><strong>Quamobrem</strong></span> <span class='ocrx_word' id='word_1_369' title='bbox 553 5002 823 5071; x_wconf 71' lang='lat' dir='ltr'><strong>agnoscis,</strong></span> <span class='ocrx_word' id='word_1_370' title='bbox 851 5000 1309 5056; x_wconf 83' lang='lat' dir='ltr'><strong>reverendissime</strong></span> <span class='ocrx_word' id='word_1_371' title='bbox 1343 5001 1395 5054; x_wconf 93' lang='lat' dir='ltr'><strong>in</strong></span> <span class='ocrx_word' id='word_1_372' title='bbox 1435 5001 1653 5054; x_wconf 78' lang='lat' dir='ltr'><strong>Christo</strong></span> <span class='ocrx_word' id='word_1_373' title='bbox 1685 4998 1871 5066; x_wconf 86' lang='lat' dir='ltr'><strong>Pater,</strong></span> <span class='ocrx_word' id='word_1_374' title='bbox 1901 5006 1954 5052; x_wconf 91' lang='lat' dir='ltr'><strong>et</strong></span> <span class='ocrx_word' id='word_1_375' title='bbox 1980 4997 2268 5068; x_wconf 84' lang='lat' dir='ltr'><strong>approbas,</strong></span> <span class='ocrx_word' id='word_1_376' title='bbox 2297 5006 2355 5051; x_wconf 79' lang='grc' dir='ltr'><strong>ιιι</strong></span> <span class='ocrx_word' id='word_1_377' title='bbox 2380 5011 2600 5067; x_wconf 88' lang='lat' dir='ltr'><strong>sperare</strong></span> <span class='ocrx_word' id='word_1_378' title='bbox 2621 4996 2838 5064; x_wconf 73' lang='lat' dir='ltr'><strong>iubeor,</strong></span> <span class='ocrx_word' id='word_1_379' title='bbox 2891 4997 3244 5052; x_wconf 79' lang='lat' dir='ltr'><strong>intentionem</strong></span> <span class='ocrx_word' id='word_1_380' title='bbox 3275 5013 3368 5051; x_wconf 75' lang='lat' dir='ltr'><strong>vo-</strong></span> 
     </span>
    </p>
   </div>
   <div class='ocr_carea' id='block_1_39' title="bbox 151 5089 3373 5165">
    <p class='ocr_par' dir='ltr' id='par_1_39' title="bbox 151 5089 3373 5165">
     <span class='ocr_line' id='line_1_40' title="bbox 151 5089 3373 5165; baseline 0.001 -26"><span class='ocrx_word' id='word_1_381' title='bbox 151 5089 327 5148; x_wconf 83' lang='lat' dir='ltr'><strong>luntatis</strong></span> <span class='ocrx_word' id='word_1_382' title='bbox 355 5113 500 5151; x_wconf 66' lang='lat' dir='ltr'><strong>mete.</strong></span> <span class='ocrx_word' id='word_1_383' title='bbox 531 5095 682 5162; x_wconf 84' lang='lat' dir='ltr'><strong>Quod</strong></span> <span class='ocrx_word' id='word_1_384' title='bbox 711 5096 754 5150; x_wconf 82' lang='lat' dir='ltr'><strong>si</strong></span> <span class='ocrx_word' id='word_1_385' title='bbox 789 5095 1271 5165; x_wconf 83' lang='lat' dir='ltr'><strong>pacificelaborem</strong></span> <span class='ocrx_word' id='word_1_386' title='bbox 1299 5105 1354 5148; x_wconf 80' lang='lat' dir='ltr'><strong>et</strong></span> <span class='ocrx_word' id='word_1_387' title='bbox 1377 5094 1651 5149; x_wconf 80' lang='lat' dir='ltr'><strong>solertiam</strong></span> <span class='ocrx_word' id='word_1_388' title='bbox 1683 5105 1960 5164; x_wconf 77' lang='lat' dir='ltr'><strong>acet-ptas,</strong></span> <span class='ocrx_word' id='word_1_389' title='bbox 1990 5095 2206 5163; x_wconf 90' lang='lat' dir='ltr'><strong>publico</strong></span> <span class='ocrx_word' id='word_1_390' title='bbox 2225 5095 2366 5150; x_wconf 86' lang='lat' dir='ltr'><strong>bono</strong></span> <span class='ocrx_word' id='word_1_391' title='bbox 2392 5095 2441 5148; x_wconf 91' lang='lat' dir='ltr'><strong>in</strong></span> <span class='ocrx_word' id='word_1_392' title='bbox 2468 5095 2566 5150; x_wconf 84' lang='lat' dir='ltr'><strong>ltos</strong></span> <span class='ocrx_word' id='word_1_393' title='bbox 2599 5104 2774 5150; x_wconf 89' lang='lat' dir='ltr'><strong>tomos</strong></span> <span class='ocrx_word' id='word_1_394' title='bbox 2795 5093 3068 5155; x_wconf 82' lang='lat' dir='ltr'><strong>collatam,</strong></span> <span class='ocrx_word' id='word_1_395' title='bbox 3095 5100 3143 5145; x_wconf 89' lang='lat' dir='ltr'><strong>et</strong></span> <span class='ocrx_word' id='word_1_396' title='bbox 3178 5092 3231 5144; x_wconf 91' lang='lat' dir='ltr'><strong>in</strong></span> <span class='ocrx_word' id='word_1_397' title='bbox 3261 5093 3373 5159; x_wconf 85' lang='lat' dir='ltr'><strong>pri-</strong></span> 
     </span>
    </p>
   </div>
   <div class='ocr_carea' id='block_1_40' title="bbox 153 5185 3368 5256">
    <p class='ocr_par' dir='ltr' id='par_1_40' title="bbox 153 5185 3368 5256">
     <span class='ocr_line' id='line_1_41' title="bbox 153 5185 3368 5256; baseline -0 -22"><span class='ocrx_word' id='word_1_398' title='bbox 153 5197 261 5236; x_wconf 87' lang='lat' dir='ltr'><strong>mum</strong></span> <span class='ocrx_word' id='word_1_399' title='bbox 284 5189 570 5252; x_wconf 53' lang='lat' dir='ltr'><strong>potis-sime.</strong></span> <span class='ocrx_word' id='word_1_400' title='bbox 619 5204 778 5256; x_wconf 84' lang='lat' dir='ltr'><strong>quem</strong></span> <span class='ocrx_word' id='word_1_401' title='bbox 828 5188 943 5248; x_wconf 79' lang='lat' dir='ltr'><strong>tibi,</strong></span> <span class='ocrx_word' id='word_1_402' title='bbox 975 5187 1228 5240; x_wconf 87' lang='lat' dir='ltr'><strong>nimirum</strong></span> <span class='ocrx_word' id='word_1_403' title='bbox 1263 5188 1532 5239; x_wconf 78' lang='lat' dir='ltr'><strong>universae</strong></span> <span class='ocrx_word' id='word_1_404' title='bbox 1566 5185 1784 5240; x_wconf 77' lang='lat' dir='ltr'><strong>familia:</strong></span> <span class='ocrx_word' id='word_1_405' title='bbox 1807 5186 1953 5240; x_wconf 82' lang='lat' dir='ltr'><strong>Patri</strong></span> <span class='ocrx_word' id='word_1_406' title='bbox 1980 5202 2043 5240; x_wconf 90' lang='lat' dir='ltr'><strong>ac</strong></span> <span class='ocrx_word' id='word_1_407' title='bbox 2071 5186 2310 5255; x_wconf 90' lang='lat' dir='ltr'><strong>primati,</strong></span> <span class='ocrx_word' id='word_1_408' title='bbox 2355 5186 2706 5255; x_wconf 78' lang='lat' dir='ltr'><strong>singulariter</strong></span> <span class='ocrx_word' id='word_1_409' title='bbox 2735 5185 3050 5253; x_wconf 86' lang='lat' dir='ltr'><strong>inscriptum</strong></span> <span class='ocrx_word' id='word_1_410' title='bbox 3078 5195 3368 5236; x_wconf 90' lang='lat' dir='ltr'><strong>consecra-</strong></span> 
     </span>
    </p>
   </div>
   <div class='ocr_carea' id='block_1_41' title="bbox 155 5260 3371 5350">
    <p class='ocr_par' dir='ltr' id='par_1_41' title="bbox 155 5260 3371 5350">
     <span class='ocr_line' id='line_1_42' title="bbox 155 5260 3371 5350; baseline 0 -23"><span class='ocrx_word' id='word_1_411' title='bbox 155 5271 533 5345; x_wconf 72' lang='lat' dir='ltr'><strong>ltlmqtteoﬂ&#39;ero.</strong></span> <span class='ocrx_word' id='word_1_412' title='bbox 562 5296 746 5350; x_wconf 80' lang='lat' dir='ltr'><strong>preme</strong></span> <span class='ocrx_word' id='word_1_413' title='bbox 785 5280 1054 5349; x_wconf 84' lang='lat' dir='ltr'><strong>pollicem,</strong></span> <span class='ocrx_word' id='word_1_414' title='bbox 1093 5295 1282 5334; x_wconf 86' lang='lat' dir='ltr'><strong>serena</strong></span> <span class='ocrx_word' id='word_1_415' title='bbox 1317 5279 1574 5346; x_wconf 77' lang='lat' dir='ltr'><strong>frontem,</strong></span> <span class='ocrx_word' id='word_1_416' title='bbox 1599 5287 1751 5335; x_wconf 87' lang='lat' dir='ltr'><strong>tanto</strong></span> <span class='ocrx_word' id='word_1_417' title='bbox 1781 5289 1838 5333; x_wconf 89' lang='lat' dir='ltr'><strong>ut</strong></span> <span class='ocrx_word' id='word_1_418' title='bbox 1860 5279 2062 5334; x_wconf 84' lang='lat' dir='ltr'><strong>certior</strong></span> <span class='ocrx_word' id='word_1_419' title='bbox 2088 5278 2368 5348; x_wconf 82' lang='lat' dir='ltr'><strong>laetiorque</strong></span> <span class='ocrx_word' id='word_1_420' title='bbox 2395 5279 2497 5333; x_wconf 88' lang='lat' dir='ltr'><strong>sim</strong></span> <span class='ocrx_word' id='word_1_421' title='bbox 2521 5294 2619 5335; x_wconf 83' lang='lat' dir='ltr'><strong>me</strong></span> <span class='ocrx_word' id='word_1_422' title='bbox 2647 5277 2828 5332; x_wconf 88' lang='lat' dir='ltr'><strong>tacitis</strong></span> <span class='ocrx_word' id='word_1_423' title='bbox 2859 5276 3060 5330; x_wconf 61' lang='lat' dir='ltr'><strong>animae</strong></span> <span class='ocrx_word' id='word_1_424' title='bbox 3103 5283 3206 5328; x_wconf 70' lang='lat' dir='ltr'><strong>tute</strong></span> <span class='ocrx_word' id='word_1_425' title='bbox 3230 5260 3371 5328; x_wconf 71' lang='lat' dir='ltr'><strong>(lesi-</strong></span> 
     </span>
    </p>
   </div>
   <div class='ocr_carea' id='block_1_42' title="bbox 157 5364 824 5439">
    <p class='ocr_par' dir='ltr' id='par_1_42' title="bbox 157 5364 824 5439">
     <span class='ocr_line' id='line_1_43' title="bbox 157 5364 824 5439; baseline 0.015 -25"><span class='ocrx_word' id='word_1_426' title='bbox 157 5364 278 5420; x_wconf 83' lang='lat' dir='ltr'><strong>deriis</strong></span> <span class='ocrx_word' id='word_1_427' title='bbox 296 5372 637 5439; x_wconf 84' lang='lat' dir='ltr'><strong>respondisse.</strong></span> <span class='ocrx_word' id='word_1_428' title='bbox 678 5371 824 5426; x_wconf 81' lang='lat' dir='ltr'><strong>Vale.</strong></span> 
     </span>
    </p>
   </div>
   <div class='ocr_carea' id='block_1_43' title="bbox 206 5455 1502 5533">
    <p class='ocr_par' dir='ltr' id='par_1_43' title="bbox 206 5455 1502 5533">
     <span class='ocr_line' id='line_1_44' title="bbox 206 5455 1502 5533; baseline 0.007 -23"><span class='ocrx_word' id='word_1_429' title='bbox 206 5455 405 5517; x_wconf 72' lang='lat' dir='ltr'><strong>Colonia:</strong></span> <span class='ocrx_word' id='word_1_430' title='bbox 431 5463 614 5519; x_wconf 85' lang='lat' dir='ltr'><strong>Ubior.</strong></span> <span class='ocrx_word' id='word_1_431' title='bbox 648 5479 790 5519; x_wconf 85' lang='lat' dir='ltr'><strong>anno</strong></span> <span class='ocrx_word' id='word_1_432' title='bbox 817 5464 945 5518; x_wconf 36' lang='lat' dir='ltr'><strong>l6l&#39;l</strong></span> <span class='ocrx_word' id='word_1_433' title='bbox 976 5464 1091 5533; x_wconf 88' lang='lat' dir='ltr'><strong>ipso</strong></span> <span class='ocrx_word' id='word_1_434' title='bbox 1123 5464 1183 5517; x_wconf 78' lang='grc' dir='ltr'><strong>Ι).</strong></span> <span class='ocrx_word' id='word_1_435' title='bbox 1217 5463 1502 5518; x_wconf 80' lang='lat' dir='ltr'><strong>Brunouis.</strong></span> 
     </span>
    </p>
   </div>
   <div class='ocr_carea' id='block_1_44' title="bbox 1779 5549 3228 5622">
    <p class='ocr_par' dir='ltr' id='par_1_44' title="bbox 1779 5549 3228 5622">
     <span class='ocr_line' id='line_1_45' title="bbox 1779 5549 3228 5622; baseline -0.008 -13"><span class='ocrx_word' id='word_1_436' title='bbox 1779 5554 2137 5610; x_wconf 73' lang='lat' dir='ltr'><strong>Rct&#39;erenrliss.</strong></span> <span class='ocrx_word' id='word_1_437' title='bbox 2197 5559 2442 5622; x_wconf 70' lang='lat' dir='ltr'><strong>pateruit.</strong></span> <span class='ocrx_word' id='word_1_438' title='bbox 2483 5563 2606 5606; x_wconf 76' lang='lat' dir='ltr'><strong>rest.</strong></span> <span class='ocrx_word' id='word_1_439' title='bbox 2649 5549 3009 5604; x_wconf 70' lang='lat' dir='ltr'><strong>devotissimus</strong></span> <span class='ocrx_word' id='word_1_440' title='bbox 3029 5564 3228 5607; x_wconf 68' lang='lat' dir='ltr'><strong>sort-ns,</strong></span> 
     </span>
    </p>
   </div>
   <div class='ocr_carea' id='block_1_45' title="bbox 2681 5640 3289 5695">
    <p class='ocr_par' dir='ltr' id='par_1_45' title="bbox 2681 5640 3289 5695">
     <span class='ocr_line' id='line_1_46' title="bbox 2681 5640 3289 5695; baseline -0.008 1"><span class='ocrx_word' id='word_1_441' title='bbox 2681 5644 2994 5695; x_wconf 64' lang='lat' dir='ltr'><strong>Bsnsauous</strong></span> <span class='ocrx_word' id='word_1_442' title='bbox 3023 5640 3289 5694; x_wconf 54' lang='grc' dir='ltr'><strong>(ἤλιτε-,ιιι</strong></span> 
     </span>
    </p>
   </div>
   <div class='ocr_carea' id='block_1_46' title="bbox 2486 5733 3364 5806">
    <p class='ocr_par' dir='ltr' id='par_1_46' title="bbox 2486 5733 3364 5806">
     <span class='ocr_line' id='line_1_47' title="bbox 2486 5733 3364 5806; baseline -0.003 -16"><span class='ocrx_word' id='word_1_443' title='bbox 2486 5737 2621 5790; x_wconf 80' lang='lat' dir='ltr'><strong>Civis</strong></span> <span class='ocrx_word' id='word_1_444' title='bbox 2645 5751 2703 5788; x_wconf 82' lang='lat' dir='ltr'><strong>ac</strong></span> <span class='ocrx_word' id='word_1_445' title='bbox 2727 5733 3000 5806; x_wconf 67' lang='lat' dir='ltr'><strong>bibliopola</strong></span> <span class='ocrx_word' id='word_1_446' title='bbox 3025 5733 3364 5788; x_wconf 75' lang='lat' dir='ltr'><strong>Coloniensis.</strong></span> 
     </span>
    </p>
   </div>
  </div>
