3860 6326
153 352 235 409 637
1083 345 1450 407 exeosmo
1484 348 1550 405 1N
1591 343 1932 405 pSALnos.
1971 371 2041 381 —
2080 329 2470 403 pn0Locu's’.
3294 349 3401 407 638

152 468 338 526 Verum,
372 471 432 516 ut
459 476 599 518 vere
620 477 754 519 novo
776 464 1004 519 reduces
1039 466 1321 521 nascentia
1347 465 1508 531 vitas,
1733 471 1783 528 Λ
1886 462 2218 533 Splendente
2239 463 2563 533 dispensans
2595 459 2741 533 faces
2767 474 2797 533 e
2821 467 3060 529 pectore,

207 536 410 606 Udaque
441 536 651 606 passim
683 550 802 604 qua:
830 533 1145 589 refrondent
1173 538 1397 606 cespite,
1814 533 1871 589 Si
1898 531 2162 606 germana
2186 541 2394 606 patrem
2419 531 2621 606 proles,
2653 531 2698 584 si
2735 531 2837 584 rite
2858 541 3161 606 patronum

149 599 380 676 Imbribus
405 599 464 659 et
494 599 717 659 Ρὶιωὺό
732 606 931 660 debent
960 622 975 660 :
1002 608 1220 675 propria
1252 599 1417 676 utque
1445 605 1702 661 clientum
1823 674 1834 676 Α
1882 599 2067 676 Cliens
2080 599 2345 676 honorat,
2370 599 2510 654 haud
2540 609 2810 676 amantem
2840 599 3075 676 differas.
3153 669 3184 676 __
3246 662 3249 667 λ

205 675 316 731 Suis
345 676 603 744 patronis
631 677 768 729 dona
799 685 926 730 sunt
953 669 1264 730 communia
1292 669 1346 732 ε’
1813 674 1894 739 Si,
1928 674 2093 744 veluti
2125 672 2313 744 vitreis
2342 688 2463 725 cum
2490 673 2663 741 surgit
2689 670 3035 744 Pliospltorus
3061 669 3238 735 undis,

153 747 221 805 Sc
242 741 448 816 quoque
476 745 715 812 partitus
746 760 841 799 sua
881 755 1056 800 tecum
1081 750 1301 815 prazmia
1334 746 1560 816 palmae,
1821 814 1857 816 μ
1887 743 2089 812 Maiore
2117 741 2359 816 lucejam
2389 756 2646 816 coruscas
2674 741 2933 816 redditus,

204 811 455 896 Quidquid
485 811 736 896 laborum
767 817 1027 896 quidquid
1050 811 1105 871 et
1130 811 1350 896 laudum
1385 817 1529 896 tuiit,
1816 814 2057 896 Ulterius
2080 813 2276 896 emptis
2306 812 2757 896 astes,_geni'ique
2781 811 3072 881 benignus,

150 886 182 943 P
203 882 371 966 oili-gas
393 885 485 965 ille
508 885 624 939 tuis
650 882 809 966 vove}
836 882 947 941 aris
962 904 990 966 ;⁸
1013 903 1256 966 quasque
1292 888 1493 943 futuris
1516 882 1519 883 ν
1822 958 1863 966 _
1894 886 1977 938 Nil
2016 887 2131 966 ipse
2159 884 2459 965 deperdens
2485 892 2578 936 tuo
2605 882 2672 935 de
2694 896 2939 966 munere,

203 952 399 1035 Maioris
427 956 763 1035 incrementi
786 957 839 1010 in
865 952 1332 1035 annis'spes‘feret
1822 958 1955 1035 Esse
1980 952 2053 1009 tui
2085 954 2257 1034 facias
2280 963 2609 1034 consortem,
2634 962 2813 1006 mente
2844 952 3045 1032 diserta

150 1022 349 1097 Muneris
387 1040 515 1097 esse
534 1026 611 1079 tui
642 1027 811 1096 cupit,
844 1042 908 1081 ac
928 1022 1222 1081 anathema
1250 1035 1526 1097 repostum
1844 1096 1847 1097 ν
1893 1026 2150 1097 Gnomas,
2182 1023 2287 1077 tuis
2312 1022 2356 1076 si
2388 1038 2492 1097 no_n
2518 1036 2699 1090 pares,
2730 1031 2784 1074 at
2815 1022 3091 1097 proximas

202 1095 369 1150 Tbolis
396 1093 1081 1176 dicatque_e'onsecratq_ue
1113 1093 1351 1166 fulgidis.
1820 1096 2124 1176 Germinet,
2155 1102 2387 1176 eluseros
2409 1093 2493 1162 pia
2524 1106 2681 1145 sensa
2715 1102 2971 1176 propaget
3000 1093 3052 1145 in
3085 1107 3254 1147 annos

151 1168 262 1236 Ergo
290 1175 377 1220 tuo
389 1162 620 1232 junctus
652 1166 959 1233 Theodoro,
989 1162 1111 1222 dive
1136 1162 1233 1238 pe'r
1253 1176 1407 1224 artus
1895 1166 1973 1221 Te
2000 1175 2155 1235 patre
2181 1165 2352 1231 dives,
2384 1174 2438 1218 et
2469 1171 2661 1232 potens
2685 1172 2738 1215 te
2773 1162 3023 1231 praeside.

151 1284 3371 1316 _____________________________________________.

1287 1359 1812 1437 APPBOB’ATIO
1849 1369 2253 1431 CENSORIS.

206 1501 358 1571 Opera
388 1501 509 1557 hzec
540 1500 601 1555 S.
629 1499 810 1556 Patris
834 1500 1128 1566 Brunonis,
1160 1499 1338 1555 tribus
1368 1497 1627 1571 distincta
1655 1496 1838 1571 tomis,
1864 1510 1929 1571 a_c_
1962 1493 2223 1567 diligenti~
2248 1490 2427 1571 studio
2451 1486 2514 1544 P.
2541 1488 2812 1571 Theodori
2864 1482 3081 1571 Petraei,
3104 1474 3403 1571 Cartiiusiaé

153 1557 452 1627 Coloniensis
483 1573 719 1636 alumni,
770 1573 948 1627 revisa
996 1557 1397 1639 recensitaque,
1431 1568 1594 1639 digna
1627 1567 1785 1637 plane
1810 1566 1997 1636 judico
2034 1557 2155 1633 qua:
2205 1562 2347 1635 typis
2391 1574 2583 1617 recusa
2618 1560 2673 1614 in
2723 1559 2899 1614 lucem
2928 1567 3089 1622 cant;
3120 1557 3402 1627 pristinam

152 1645 367 1697 nimirum
395 1643 664 1711 pietatem
695 1642 1170 1710 eruditionemque
1196 1640 1484 1711 spirantia.

201 1713 247 1767 ln
266 1706 533 1767 conventu
570 1723 761 1769 nostro
794 1706 1128 1769 Coloniensi.
1151 1706 1312 1767 Anno
1337 1709 1496 1775 1611,
1524 1707 1591 1763 10
1617 1706 1867 1779 Augusti.

2321 1772 2383 1826 F.
2416 1772 2725 1827 GISBERTUS
2756 1770 3078 1831 Srncnrws,

1916 1843 2208 1900 Conventus
2239 1840 2664 1923 Prwdicatorurn
2691 1842 2854 1923 prior,
2890 1851 3043 1920 atque
3077 1838 3332 1891 Iurretica:

2513 1911 2787 1981 pravitatis
2810 1911 3104 1981 inquisitor.
3384 1928 3385 1931 ‘

1519 2035 1945 2099 VOLUNTAS

262 2164 326 2224 Β,
363 2162 429 2223 Ρ.
474 2160 806 2239 generalis
838 2156 1092 2223 ordinis
1142 2157 1622 2301 Carthusiensg
1657 2174 1787 2299 pro)
1827 2154 2200 2221 revidendis
2240 2154 2769 2235 recudendisque
2798 2155 2867 2216 Β.
2910 2150 3236 2215 Brunonis

1608 2255 1742 2301 nen
1797 2255 1896 2301 us.

1606 2255 1896 2318 pennas.

209 2361 353 2435 Digna
381 2361 736 2435 erit_ingenii_
753 2362 827 2417 tui
855 2363 1113 2435 cogitatio
1143 2365 1198 2419 in
1233 2378 1352 2420 eam
1392 2377 1593 2435 curam
1644 2361 1981 2427 incumbere,
2012 2369 2073 2415 ut
2104 2374 2268 2435 opera
2294 2359 2357 2413 D.
2380 2358 2648 2435 Brunonis
2680 2355 2983 2435 cor-rectius
3004 2433 3010 2435 Α
3035 2353 3391 2435 limatiusque

156 2424 463 2511 protléantad
492 2424 679 2511 lucem
714 2424 1022 2511 famamque
1042 2434 1366 2511 hominum;
1388 2434 1441 2487 in
1466 2448 1589 2511 quo
1616 2442 1745 2511 puto
1770 2424 2066 2511 paucorum
2095 2424 2221 2511 fore
2251 2431 2516 2511 mensium
2549 2442 2686 2511 opus
2715 2428 2933 2511 labore,
2963 2433 3019 2479 et
3048 2424 3396 2511 ppiissimum

165 2494 251 2565 ubi,
276 2502 417 2576 valde
441 2501 566 2576 jam
593 2503 647 2557 in
677 2494 958 2576 veteribus
991 2505 1115 2576 istis
1140 2494 1535 2576 interpolandis
1558 2494 1785 2576 detrito.
1813 2500 2008 2572 Urgete
2035 2502 2203 2576 igitur
2253 2500 2511 2576 alacriter
2560 2494 2703 2576 lianc
2729 2500 2795 2554 de
2824 2499 2967 2576 bono
3016 2494 3232 2576 publico
3260 2495 3399 2576 bene

161 2573 352 2625 merendi
383 2567 754 2628 occasionem.
778 2573 894 2628 Non
920 2575 1063 2629 enim
1093 2567 1310 2643 possum
1352 2576 1485 2629 satis
1525 2573 1745 2627 laudare
1765 2567 2005 2626 vestrum
2035 2567 2407 2643 lfoesanetum
2432 2571 2625 2633 otium,
2681 2569 2733 2622 in
2763 2567 2934 2622 multo
2958 2572 3306 2634 occupatum,
3338 2572 3394 2617 et

162 2643 558 2723 adhcommuuem
590 2644 758 2723 totius
792 2644 1052 2723 Ecclesiae
1079 2642 1614 2723 utilitatem,_magna
1638 2642 2012 2723 cumnprdinis
2036 2642 2191 2723 laude
2217 2654 2623 2723 consecratum.

210 2712 272 2765 Ex
295 2713 488 2770 litteris
516 2714 663 2771 datis
687 2715 742 2771 in
782 2714 927 2771 alma
956 2727 1134 2771 matre
1156 2717 1467 2771 Carthusia.
1499 2710 1658 2769 Ᾰιιιιο
1683 2712 1840 2778 i608,
1867 2712 1956 2767 die
1979 2713 2192 2768 decimo
2220 2710 2390 2766 Junii.
2492 2754 2501 2761 .

2484 2780 2547 2834 F.
2587 2779 2769 2834 Bnuuo
2797 2778 3213 2835 D’Arrnmcues,

2225 2851 2387 2907 Prior
2414 2850 2732 2912 Carthasim,
2758 2865 2817 2899 ac
2841 2845 3094 2915 generalis
3128 2842 3326 2897 ordinis

2718 2918 2969 2971 minister.

168 3032 3393 3063 _____________________________________._____

978 3152 1265 3243 VITA
1337 3150 1753 3241 SANCTI
1833 3144 2498 3237 BRUNONIS.

877 3299 1092 3370 (Exstat
1123 3314 1284 3366 supra
1314 3299 1449 3351 inter
1486 3298 1615 3351 Acta
1648 3296 1707 3352 S.
1742 3295 2005 3350 Brunonis
2040 3302 2087 3348 et
2123 3302 2197 3347 est
2236 3291 2356 3345 Vita
2387 3288 2579 3358 tertia.)

876 3507 1362 3709 DIVI
1504 3478 2619 3699 BBUNONIS

170 3838 344 3909 PRIMI
382 3838 1137 3912 CARTHUSIANOBUM
1174 3843 1737 3908 INSTITUTORIS
1774 3840 2278 3905 SANCTISSIMI
2333 3840 2436 3901 ET
2478 3834 2896 3899 THEOLOGI
2932 3834 3393 3896 DOCTISSIMI

353 4024 1137 4181 OPERUM
1225 4015 1877 4176 TOMUS
1998 4015 2362 4172 SEU
2445 4007 2935 4165 PARS
3020 4012 3141 4158 Ι.

788 4289 1636 4474 EXPOSITIO
1724 4290 1885 4414 IN
1972 4283 2689 4415 PSALMOS

683 4545 729 4613 1
764 4541 1151 4598 PROLOGUS.
1733 4548 1776 4607 Β
1804 4544 1928 4607 bus,
1962 4551 2017 4596 et
2044 4544 2096 4595 in
2121 4540 2392 4609 iustorum
2424 4538 2749 4605 salvatione,
2784 4540 3109 4597 humilitatis
3142 4543 3310 4614 ipsius
3340 4554 3396 4600 et

223 4631 500 4692 Psalterium
541 4643 627 4691 est
657 4635 930 4705 quoddam
965 4633 1230 4687 musicum
1273 4632 1696 4688 instrumentum
1807 4636 2214 4698 misericordiae,
2248 4634 2300 4687 in
2326 4632 2612 4701 impiorum
2639 4646 2771 4685 vero
2798 4633 3147 4688 damnatione
3167 4633 3395 4703 iustitiae

176 4730 278 4792 quod
306 4748 361 4786 ex
392 4731 659 4803 superiori
698 4730 936 4785 eavitate
967 4737 1202 4783 resonat.
1245 4728 1311 4782 Et
1333 4730 1458 4795 quia
1489 4730 1697 4783 instru-
1802 4725 1989 4780 laudes
2017 4741 2136 4780 esse
2165 4730 2591 4796 perpenduntur.
2626 4730 2861 4799 Ideoque
2893 4729 3089 4783 merito
3115 4728 3252 4785 liber
3287 4730 3391 4785 istc

179 4828 312 4873 mento
370 4824 455 4877 tali
522 4822 851 4891 psalmorum
902 4820 1071 4874 melos
1135 4824 1450 4887 cauebatur,
1501 4823 1569 4877 ab
1616 4823 1698 4876 in-
1812 4818 1954 4887 apud
1985 4818 2240 4873 Hebraeos
2263 4818 2427 4874 Liber
2469 4821 2793 4892 hymnorum
2835 4820 3056 4885 dicitur,
3101 4820 3155 4875 id
3189 4830 3272 4877 est
3300 4822 3393 4876 Dei

178 4912 420 4967 stramento
449 4928 548 4966 suo
577 4927 772 4967 nomen
805 4924 950 4967 recte
993 4921 1162 4967 totum
1191 4929 1326 4982 opus
1374 4915 1513 4968 istud
1541 4928 1697 4968 acce-
1802 4911 2044 4965 laudum.
2090 4911 2286 4981 llymni
2324 4927 2454 4966 vero
2481 4912 2670 4968 laudes
2694 4914 2787 4968 Dei
2821 4913 3045 4968 metrice
3075 4914 3233 4968 taetre
3270 4928 3394 4983 pro.

181 4993 246 5057 Ρῖιι
271 4997 400 5055 Sicut
434 5002 580 5056 enim
608 5001 924 5070 psalterium
968 5017 996 5055 a
1028 5004 1296 5072 superiori
1339 5013 1576 5070 resonat,
1618 5004 1694 5057 ita
1801 5003 1919 5070 prie
1947 5002 2227 5067 dicuntur,
2254 5002 2448 5074 psalmi
2479 5011 2661 5059 autem
2698 5004 2870 5076 lyrleo
2903 5013 3078 5059 metro
3107 5003 3390 5074 compositi

180 5092 336 5156 etopus
360 5093 458 5149 hoc
492 5102 661 5148 totum
690 5093 756 5147 de
789 5093 1081 5163 superiori,
1113 5095 1272 5149 idest
1299 5094 1365 5148 de
1396 5095 1485 5148 Dei
1520 5094 1697 5159 laude,
1802 5094 2051 5159 fuerunt;
2087 5103 2146 5147 ut
2174 5094 2373 5149 Arator
2407 5095 2483 5149 ait
2511 5113 2526 5151 :

184 5188 365 5237 resonat.
398 5185 633 5239 Intentio
665 5194 848 5239 autem
878 5187 1058 5255 operis
1088 5184 1247 5254 hujus
1281 5186 1556 5255 multiplex
1579 5201 1700 5243 esse
2047 5183 2370 5240 Psalterium
2394 5187 2546 5257 lyrici
2571 5203 2904 5257 composuere
2927 5188 3108 5253 pedes.

184 5272 528 5331 Perlitulorum
574 5277 917 5348 singulorum
954 5279 1322 5333 diversitatem
1373 5280 1696 5333 ostenditur.
1782 5328 1786 5333 .
1874 5276 2001 5330 Tria
2044 5291 2177 5331 vero
2220 5278 2272 5331 in
2308 5277 2504 5332 divinis
2546 5278 2688 5333 sicut
2728 5278 2783 5332 in
2828 5276 3179 5331 saecularibus
3238 5275 3391 5330 libris

185 5352 283 5413 Tum
319 5367 451 5421 enim
495 5367 562 5422 de
606 5366 1008 5433 incarnatione,
1058 5368 1370 5431 Nativitate,
1420 5368 1699 5435 Passione,
1804 5367 2241 5423 considerantur.
2274 5367 2409 5435 Quia
2439 5368 2581 5423 sicut
2606 5367 2895 5424 saeculares
2924 5365 3122 5436 partim
3154 5365 3221 5419 ad
3252 5365 3390 5436 phy-

187 5439 541 5511 Resurrectione
590 5465 645 5511 et
686 5458 900 5512 caeteris
947 5458 1158 5513 actibus
1200 5458 1423 5525 Christi,
1476 5470 1586 5514 tum
1633 5461 1701 5516 de
1806 5459 1999 5522 sicam,
2044 5459 2239 5527 partim
2277 5458 2343 5513 ad
2374 5458 2630 5522 ethicam,
2668 5457 2864 5526 partim
2892 5471 3023 5511 vero
3059 5455 3389 5531 adlegit-am

188 5536 419 5602 salvation‘e
462 5548 727 5605 bonorum
768 5550 1224 5619 damnationequc
1263 5552 1530 5607 malorum
1571 5569 1701 5623 pro-
1808 5548 2053 5609 tendunt,
2087 5548 2166 5602 sic
2200 5558 2254 5602 et
2291 5547 2459 5600 divini
2500 5546 2719 5614 quidam
2757 5546 2823 5599 ad
2854 5545 3160 5616 physicam,
3193 5545 3268 5599 ita
3306 5553 3391 5603 ta-

189 5624 352 5691 Phelarc
385 5638 643 5705 intendit;
692 5640 745 5693 in
773 5640 972 5709 quibus
1000 5640 1256 5696 omnibus
1283 5642 1374 5695 Dei
1405 5641 1589 5697 laudes
1622 5652 1701 5697 at-
1806 5656 1926 5693 mea
1965 5641 2107 5708 quod
2159 5640 2212 5694 in
2258 5639 2374 5707 ipsa
2415 5637 2635 5707 physica
2675 5638 2962 5693 denotetur
3002 5636 3197 5709 ﬁgura,
3236 5646 3296 5690 ut
3335 5637 3387 5707 in

192 5720 434 5783 tenduntur.
480 5729 536 5784 lu
575 5731 831 5800 passione
869 5732 1036 5797 enim,
1067 5742 1119 5786 et
1157 5733 1369 5789 caeteris
1414 5732 1531 5802 ejus
1567 5736 1701 5789 aeti-
1803 5732 2000 5787 Genesi
2029 5732 2093 5785 de
2124 5730 2309 5785 mundi
2334 5730 2568 5803 origine,
2601 5739 2653 5786 ct
2682 5730 2734 5786 in
2766 5730 3093 5787 Ecclesiaste
3114 5729 3390 5801 aemulus

184 3392 3398 3444 ψ
