3860 6326
469 310 578 368 659

1045 312 1105 368 S.
1128 312 1494 375 .DltUNONlS
1530 310 2072 369 CARTIIUSIANOR

2216 311 2697 370 lNSTl‘TUTOltlS
2726 315 2877 371 (ΠΨ.
2921 312 3101 371 PARS
3121 315 3160 374 1.
3650 319 3736 376 610

472 441 656 480 rerum
686 423 896 478 naturis
919 425 1148 495 mystice
1177 435 1456 480 tractatur.
1480 425 1708 492 Quidam
1733 434 1912 480 autem
1943 424 2060 478 loco
2089 429 2134 484 Α
2161 426 2327 491 bitur,
2359 428 2484 497 quia
2529 427 2737 484 scilicet
2774 431 2880 485 erit
2920 431 3044 486 talis
3071 449 3084 484 :
3125 431 3215 501 qui
3247 448 3358 485 non
3404 433 3558 495 abiit,
3589 433 3638 488 id
3665 448 3738 491 est

476 517 663 586 logicm
705 516 769 570 ad
819 517 1050 570 ethicam
1092 519 1340 582 tendunt,
1375 527 1434 571 ut
1481 518 1615 572 liber
1648 517 1772 582 Joh,
1822 527 1876 570 et
1913 505 2063 571 Beati

478 609 823 671 immaculati,
851 619 903 662 et
932 609 1018 662 alii
1047 609 1264 677 quidatn
1293 609 1501 678 psalmi.
1529 607 1759 675 Quidam
1784 623 1915 661 vero
1945 607 2061 660 loco

471 699 658 768 logica:
688 708 740 754 et
765 698 957 754 ethicas
985 701 1050 754 ad
1077 700 1397 762 theoricam,
1428 701 1481 754 id
1512 709 1593 755 est
1624 700 1692 754 ad
1725 699 2063 768 contempla.

475 793 676 845 tionem
720 791 970 854 tendunt,
1016 791 1090 845 illi
1128 791 1335 846 scilicet
1368 791 1459 860 qui
1498 789 1750 848 sublimia
1793 791 1846 844 in
1885 807 1942 844 se
1972 791 2062 845 Dei

472 883 731 953 mysteria
752 893 808 937 et
832 897 860 935 a
885 883 1155 936 comnmui
1185 882 1494 952 cognitione
1525 891 1733 938 remota
1760 882 2060 947 continent;

473 975 615 1028 sicut
644 973 869 1029 Cantica
899 975 1259 1029 canticorum.
1295 974 1354 1028 lu
1393 975 1592 1044 quibus
1618 975 1760 1030 Deus
1787 975 2062 1039 Ecclesiae,

473 1067 617 1120 velut
643 1081 872 1136 sponsus
897 1081 1126 1135 sponsae,
1161 1066 1396 1120 mirabili
1431 1067 1688 1137 mysterio
1715 1066 1860 1136 loqui
1896 1067 2065 1120 intro-

473 1160 711 1212 ducitur.
743 1158 902 1212 Liber
928 1159 1093 1212 etiam
1129 1158 1230 1211 iste
1258 1159 1358 1212 etsi
1388 1159 1445 1216 in
1475 1158 1799 1227 quibusdam
1830 1157 1896 1210 ad
1923 1157 2064 1210 ethi-

475 1265 618 1312 cam,
645 1248 1019 1318 principaliter
1044 1259 1219 1304 tamen
1247 1250 1311 1302 ad
1339 1249 1631 1303 theoricam
1663 1249 1886 1302 tendere
1913 1249 2064 1301 vide—

478 1348 588 1398 tur,
633 1355 756 1392 eum
802 1339 1072 1408 prarcipue
1125 1341 1191 1393 de
1249 1339 1668 1400 lncarnationis,
1731 1337 2060 1401 Nativitatis,

475 1441 903 1499 cirterorumtpte
930 1430 1129 1484 Christi
1167 1439 1385 1484 actuum
1417 1430 1696 1499 mysteriis
1721 1429 1990 1482 intendat.

548 1521 783 1573 Plurima
826 1505 1042 1588 quidem
1075 1520 1372 1590 prophetia:
1417 1535 1614 1590 genera
1641 1533 1762 1574 ease
1785 1519 2062 1572 sciendum

476 1622 578 1666 cst.
615 1613 902 1681 l’rophetia
935 1629 1168 1683 namque
1195 1615 1297 1666 alia
1329 1628 1423 1682 per
1447 1613 1607 1679 facta,
1631 1613 1771 1668 sicut
1793 1612 1860 1666 de
1886 1620 2062 1665 trans-

477 1710 552 1754 Iltl
606 1701 837 1755 ﬁliorum
871 1702 1065 1765 Israel,
1124 1703 1445 1772 caeterisque
1485 1717 1672 1757 eorum
1722 1701 1908 1767 factis;
1945 1717 2066 1770 qua:

2171 533 2276 570 non
2318 517 2510 584 abibit,
2544 518 2595 572 id
2632 528 2714 572 cst
2752 537 2780 572 a
2812 520 3040 575 Domino
3072 535 3179 574 non
3221 521 3465 586 recedet,
3503 523 3574 578 ita
3604 536 3656 578 tit
3682 531 3739 580 sit

2166 608 2376 678 positus
2410 609 2463 662 in
2499 610 2716 662 consilio
2755 611 3062 680 impiorum,
3099 611 3149 664 id
3181 622 3262 666 est
3310 613 3365 666 in
3404 611 3742 669 delectatione

2167 709 2222 755 et
2252 715 2518 756 consensu
2566 703 2860 771 peccandi,
2913 718 3009 771 per
3046 719 3206 772 quam
3238 704 3422 758 Adam
3467 715 3523 759 et
3553 707 3651 760 lira
3697 710 3740 762 in

2167 805 2396 850 mortem
2448 797 2805 852 devenerunt.
2863 799 2929 853 Et
2973 801 3113 854 bene
3150 801 3282 854 dicit
3328 801 3594 862 consilio;
3635 817 3742 856 nam

2167 889 2317 958 prius
2363 905 2526 959 quam
2579 890 2786 944 scilicet
2842 901 3126 961 peccatum
3181 901 3456 963 agerent,
3507 894 3742 960 peccandi

2167 980 2456 1033 consilium
2506 991 2860 1048 acceperunt,
2890 989 2941 1034 et
2973 981 3024 1036 iii
3058 983 3148 1035 illo
3188 982 3426 1036 consilio
3457 981 3744 1035 delectatio-

2167 1084 2290 1123 nem
2321 1069 2644 1126 habuerunt.
2693 1072 2891 1141 lmpios
2943 1089 3071 1126 vero
3117 1074 3269 1139 dicit,
3326 1088 3438 1128 non
3469 1074 3743 1128 secundum

2167 1160 2316 1214 vocis
2345 1159 2504 1227 hujus
2528 1163 2936 1231 pr0prietatem‘
2968 1173 3024 1216 ut
3054 1164 3220 1218 Deum
3274 1165 3616 1235 ignorarent,
3663 1167 3743 1215 sed

2167 1253 2422 1320 quoniam
2473 1263 2850 1322 apostatantes
2889 1255 3170 1318 esStitere,
3219 1270 3348 1309 cum
3382 1254 3480 1308 Dei
3521 1255 3741 1306 notitiam

2170 1344 2484 1399 retinerent.
2516 1344 2666 1413 lmpii
2697 1359 2950 1414 namque,
2986 1346 3152 1399 Deum
3190 1346 3518 1414 ignorantes
3551 1348 3741 1414 prOpric

2168 1436 2438 1489 dicuntur.
2469 1433 2536 1488 Et
2567 1454 2668 1490 non
2701 1438 2839 1490 stetit
2879 1438 2932 1490 in
2967 1438 3045 1491 via
3072 1447 3438 1507 peccatorum,
3471 1437 3522 1490 id
3553 1449 3626 1490 est
3655 1453 3742 1490 non

2169 1524 2332 1577 Stabit
2368 1525 2419 1578 in
2465 1523 2604 1578 mala
2639 1525 2972 1594 Operationc,
3020 1525 3071 1579 in
3103 1542 3207 1596 qua
3236 1527 3416 1579 Adam
3447 1536 3500 1579 ct
3525 1525 3626 1579 Eva
3654 1538 3744 1579 stc-

2169 1622 2372 1677 terunt,
2403 1615 2493 1683 qui
2523 1627 2858 1684 peceatores,
2896 1616 2947 1670 id
2978 1625 3062 1670 est
3109 1618 3250 1672 male
3279 1627 3596 1687 operantes,
3641 1620 3743 1671 luc-

2170 1715 2316 1770 runt,
2352 1705 2477 1769 dum
2508 1721 2726 1774 pomum
2773 1716 2964 1760 cantra
2999 1707 3090 1762 Dei
3124 1717 3464 1778 prazceptum
3515 1710 3742 1761 comede-

483 1809 500 1841 ι
538 1792 717 1846 omnia
757 1793 920 1863 (sicut
968 1793 1098 1846 dicit
1120 1770 1429 1863 Apostolus)
1475 1795 1528 1847 in
1575 1793 1746 1863 ﬁgura
1783 1793 2064 1862 continge-
2099 1770 2140 1824 Β
2168 1807 2312 1858 runt.
2340 1795 2407 1850 Et
2433 1770 2536 1850 non
2560 1797 2712 1860 sedit,
2739 1797 2790 1850 id
2823 1807 2906 1852 est
2935 1813 3037 1850 non
3070 1770 3383 1861 sedebitiid
3413 1805 3499 1852 est
3529 1813 3626 1851 non
3655 1815 3745 1850 llttt-

479 1892 606 1936 bant
637 1883 740 1936 illis
771 1883 819 1954 (I
847 1882 970 1938 Cor.
999 1901 1049 1947 Χ,
1083 1885 1188 1955 Η).
1226 1905 1242 1936 ι
1279 1885 1397 1939 Alia
1426 1902 1522 1954 per
1547 1886 1728 1940 dicta:
1755 1885 1896 1938 sicut
1924 1883 2064 1938 Deus

480 1972 646 2044 Moysi
681 1975 1001 2045 cmterisque
1033 1978 1311 2046 prophetis
1343 1977 1586 2046 pluribus
1616 1991 1711 2045 per
1737 1978 1958 2047 angelos
1984 1975 2069 2030 fu-

480 2073 600 2118 tura
637 2065 849 2122 locutus
887 2065 1060 2122 fuisse
1107 2068 1324 2136 legitur.
1363 2067 1482 2120 Alia
1530 2083 1624 2137 per
1655 2067 2064 2130 revelationem,

482 2154 618 2209 sicut
661 2154 935 2230 Ezechieli
971 2166 1028 2211 et
1057 2156 1265 2213 Danieli
1322 2158 1374 2210 in
1415 2158 1684 2226 portentis
1733 2156 2067 2211 somniorum

482 2245 644 2300 multa
677 2247 911 2302 revelata
941 2248 1109 2303 fuisse
1143 2248 1423 2302 dicuntur.
1455 2247 1571 2301 Alia
1602 2262 1728 2302 vero
1760 2262 1854 2314 per
1881 2247 2070 2301 occul-

484 2346 594 2389 tam
629 2337 780 2393 sauci
813 2337 1053 2407 Spiritus
1097 2339 1534 2412 inspirationem.
1580 2338 1721 2393 sicut
1749 2337 1916 2392 David
1949 2353 2074 2407 pro-

483 2428 658 2498 pheta:
703 2431 930 2500 mystica
967 2429 1259 2484 Dominicaa
1290 2428 1583 2491 Passionis,
1640 2437 2074 2498 caaterorumque

484 2531 721 2584 acutum,
773 2535 878 2577 non
936 2520 1093 2576 lactis
1119 2530 1211 2575 aut
1239 2520 1396 2576 dictis
1415 2519 1720 2588 qualibetve
1744 2517 2074 2575 revelatione

485 2612 735 2665 tutimata
778 2610 1021 2676 fuerunt,
1062 2612 1155 2668 sed
1188 2628 1286 2683 per
1317 2612 1587 2668 occultam
1635 2610 1812 2666 sancti
1842 2609 2076 2681 Spiritus

485 2704 535 2772 2
561 2703 993 2774 iuspirationem.

560 2793 866 2850 Notandum
917 2809 1048 2850 vero
1092 2803 1175 2851 est
1228 2794 1371 2865 quod
1410 2794 1578 2848 nimia
1623 2792 1797 2848 sancti
1841 2791 2077 2862 Spiritus

489 2887 752 2958 agilitate,
790 2888 1066 2958 propheta:
1097 2887 1162 2942 de
1195 2885 1390 2941 futuris
1430 2886 1585 2955 quasi
1628 2885 1696 2940 de
1722 2884 2078 2953 praesentibus

483 2988 536 3032 ct
565 2977 852 3046 prmtcritis
885 2976 1197 3046 loquuntur.
1225 2976 1397 3031 Omne
1423 2989 1657 3044 namque
1684 2972 1926 3027 futurum
1946 2972 2071 3043 Spi-

485 3066 612 3120 ritui
637 3075 824 3121 sancto
847 3079 1088 3135 praesens
1107 3073 1212 3130 est,
1235 3073 1289 3120 et
1311 3064 1467 3135 quasi
1499 3063 1835 3134 prieteritum
1862 3070 2072 3116 notum.

485 3155 792 3211 Notandum
842 3158 1007 3210 etiam
1053 3157 1197 3227 quod
1245 3170 1368 3210 cum
1417 3156 1470 3210 in
1519 3154 1744 3225 psalmis
1785 3153 2075 3223 aliquando

485 3265 648 3304 orans
679 3256 735 3303 et
771 3249 1044 3304 humiliter
1077 3264 1242 3321 agens
1274 3249 1637 3304 introducitur
1662 3247 1935 3312 Christus,
1974 3261 2066 3302 se-

489 3343 723 3396 cundum
756 3341 1181 3405 humanitatem;
1213 3357 1338 3396 cum
1360 3355 1492 3395 vero
1516 3339 1847 3404 sublimiter,
1878 3353 2074 3394 secun-

487 3433 614 3486 dutn
639 3432 972 3486 divinitatem
999 3432 1372 3501 accipiendum
1399 3439 1502 3485 est.
1531 3429 1836 3484 Notandum
1864 3442 2078 3498 quoque

491 3533 662 3590 quare
698 3519 940 3590 psalmus
961 3520 1172 3588 primus
1202 3519 1360 3574 titulo
1391 3529 1599 3584 careat,
1633 3534 1757 3573 cum
1797 3518 1978 3572 cancri
2013 3517 2079 3570 ti-

492 3611 634 3665 tulos
677 3611 876 3665 habere
912 3610 1229 3673 videantur;
1289 3611 1411 3665 ideo
1464 3610 1670 3666 scilicet
1717 3610 1842 3679 quia
1892 3609 2080 3664 titulus

491 3701 731 3756 omnium
759 3702 988 3755 aliorum
1011 3701 1341 3771 psalmorum
1369 3717 1493 3756 esse
1523 3701 1917 3755 consideratur.
1947 3700 2078 3753 Nam

493 3809 618 3847 cum
649 3794 714 3848 de
747 3793 948 3848 Christi
993 3793 1150 3848 laude
1187 3793 1240 3848 in
1271 3795 1373 3850 hoc
1404 3795 1610 3864 psalmo
1637 3794 1709 3849 sit
1739 3794 1991 3856 intentio,
2024 3793 2078 3846 in

495 3886 706 3939 caeteris
742 3885 993 3940 omnibus
1031 3899 1092 3940 se
1121 3887 1185 3940 de
1214 3901 1280 3940 eo
1312 3886 1682 3956 multipliciter
1719 3894 2080 3940 tractaturutn

497 3977 694 4031 innuit.
724 3979 954 4033 Intentio
983 3980 1128 4033 enim
1154 3977 1310 4048 hujus
1335 3979 1529 4048 psalmi
1559 3988 1643 4034 est
1671 3993 1703 4033 a
1728 3979 1946 4034 Christo
1977 3986 2083 4034 tres

495 4083 699 4128 mortes
729 4072 849 4127 illas
876 4072 1072 4142 quibus
1117 4073 1183 4127 ad
1229 4084 1456 4128 mortem
1489 4073 1697 4143 primus
1731 4073 1894 4128 homo
1923 4074 2084 4128 deve-

497 4166 598 4230 nit,
651 4180 948 4220 removere.
1003 4165 1071 4218 Et
1117 4146 1428 4218 econtrario
1479 4164 1546 4218 de
1599 4163 1740 4218 trina
1771 4163 2082 4218 obetlientia

499 4273 604 4327 qua
642 4259 848 4326 primus
879 4257 1043 4313 homo
1080 4257 1276 4317 caruit,
1307 4271 1430 4310 eum
1478 4255 1718 4308 laudare.
1775 4256 1836 4310 Et
1867 4265 1950 4310 est
1984 4272 2082 4310 vox

498 4350 776 4419 propheta:
808 4350 1212 4404 damnationem
1245 4348 1462 4417 generis
1491 4348 1714 4402 humani
1762 4363 1854 4416 per
1897 4348 2086 4400 inulte-

2167 1889 2376 1943 rabitur
2403 1889 2455 1942 in
2483 1889 2729 1942 cathedra
2753 1889 3080 1957 pesti/emite,
3109 1889 3161 1944 id
3187 1898 3270 1944 est
3295 1890 3353 1944 in
3377 1891 3742 1944 consuetudine

2168 1980 2450 2050 peccandi,
2493 1980 2546 2033 in
2593 1994 2696 2049 qua
2725 1980 2895 2034 Adam
2921 1988 3001 2034 .et
3030 1980 3141 2034 Eva
3181 1997 3306 2035 cum
3351 1995 3413 2036 se
3456 1981 3522 2035 de
3547 1991 3742 2050 peccatu

2169 2069 2312 2140 pomi
2347 2080 2694 2134 excusarent,
2739 2069 3020 2133 sederunt,
3052 2069 3194 2124 sicut
3238 2069 3444 2140 aliquis
3487 2070 3670 2124 doccns
3697 2071 3739 2121 in

2171 2160 2428 2214 cathedra
2459 2161 2628 2214 sedet.
2657 2160 2721 2213 Et
2749 2160 2872 2212 inde
2901 2160 3058 2214 nobis
3085 2161 3350 2229 peccandi
3385 2161 3741 2214 documentum

2173 2248 2554 2314 attribuentes,
2602 2249 2653 2302 in
2693 2249 3078 2319 pestilentiam,
3114 2250 3163 2303 id
3210 2259 3296 2304 est
3342 2251 3398 2304 in
3432 2265 3738 2304 connnuncui

2174 2345 2408 2392 mortem
2452 2337 2817 2394 adduxerunt.
2869 2337 3183 2392 Pestilentia
3225 2353 3469 2405 namque
3494 2339 3594 2392 dici
3627 2337 3741 2391 sulct

2175 2440 2342 2489 mors,
2374 2441 2494 2496 qua}
2521 2426 2886 2481 communi'er
2914 2427 3114 2496 pepulo
3149 2429 3216 2480 ab
3245 2427 3396 2482 aeris
3424 2429 3740 2496 corruptione

2175 2517 2416 2586 qualibet
2463 2516 2713 2572 infertur.
2764 2517 3066 2580 Notandum
3097 2533 3227 2572 sane
3253 2519 3402 2588 quod
3431 2517 3560 2572 dicit
3596 2518 3641 2569 in
3664 2517 3740 2568 dr-

2176 2607 2469 2661 lectatione
2498 2607 2666 2673 abire,
2702 2607 2754 2660 in
2795 2607 3113 2676 operatione
3160 2617 3326 2674 stare,
3379 2609 3432 2661 in
3483 2615 3740 2660 consuetu-

2177 2697 2304 2752 dine
2332 2697 2531 2752 sedere.
2576 2695 2710 2750 Nam
2754 2713 2878 2752 ctnn
2911 2696 3106 2768 aliquis
3143 2697 3250 2752 alio
3288 2699 3486 2760 tendit,
3511 2698 3736 2765 primum,

2178 2799 2240 2844 ut
2271 2789 2399 2843 illuc
2436 2790 2743 2858 perveniat,
2784 2789 2849 2843 de
2889 2788 3006 2843 loco
3043 2789 3095 2842 in
3136 2804 3245 2858 quo
3274 2800 3360 2844 cst
3397 2789 3527 2850 abit,
3559 2797 3608 2840 et
3641 2787 3741 2838 iltuc

2178 2882 2502 2952 perveniens
2541 2889 2675 2945 stat;
2728 2891 2914 2950 postea
2951 2896 3081 2934 vero
3129 2880 3414 2936 immorari
3467 2880 3642 2935 volens
3682 2879 3738 2930 ibi

2181 2972 2399 3027 assidet.
2451 2973 2523 3026 Ita
2555 2973 2713 3042 primi
2757 2983 3030 3041 parentes,
3061 2973 3126 3025 ad
3158 2973 3356 3032 malam
3405 2972 3739 3043 operationem

2185 3063 2490 3125 tendentes,
2545 3064 2778 3132 primum
2829 3064 3164 3133 Operatiunis
3220 3064 3379 3119 mala:
3421 3063 3740 3119 delectatione

2180 3169 2208 3208 a
2233 3153 2344 3208 Deo
2373 3154 2642 3216 abierunt,
2673 3153 2726 3208 id
2748 3165 2832 3208 est
2864 3164 3222 3219 recesserunt,
3253 3164 3308 3209 et
3339 3166 3524 3226 postea
3553 3154 3738 3208 tandem

2180 3244 2234 3298 in
2277 3244 2415 3298 mala
2459 3243 2773 3314 operatione
2817 3252 3104 3308 steterunt,
3138 3253 3194 3299 et
3236 3247 3304 3300 ad
3336 3245 3600 3309 ultimutn,
3633 3258 3742 3312 pec-

2180 3335 2338 3390 candi
2391 3334 2838 3390 consuetudinem
2887 3349 2992 3388 non
3041 3333 3382 3402 al‘jicicntcs,
3429 3336 3484 3389 in
3523 3333 3741 3387 cathedra

2178 3424 2485 3497 pestilentia!
2513 3425 2789 3492 sederunt,
2818 3426 2870 3480 id
2897 3436 2978 3481 est
3009 3426 3078 3480 ibi
3110 3427 3441 3493 assidentes,
3471 3425 3520 3481 id
3543 3434 3618 3480 est
3645 3423 3738 3492 ple~

2180 3521 2334 3574 uarie
2369 3519 2740 3584 immorantes,
2773 3518 3021 3588 exemplo
3053 3533 3240 3572 eorum
3274 3519 3414 3576 alios
3436 3517 3512 3588 ad
3542 3526 3739 3571 mortem

2180 3611 2454 3680 peccando
2497 3611 2860 3665 adduxerunt.
2908 3610 2975 3663 Et
3015 3612 3151 3666 bene
3194 3611 3405 3668 sedisse
3443 3611 3499 3664 in
3525 3607 3740 3663 cathedra

2181 3717 2281 3772 per
2307 3701 2711 3758 similitudinem
2743 3701 3028 3764 dicuntur;
3065 3701 3324 3760 docentes
3355 3701 3502 3757 enim
3527 3700 3576 3752 in
3596 3696 3742 3750 callic-

2182 3794 2280 3846 dra
2313 3793 2504 3847 sedere
2545 3801 2962 3845 consueverunt.
2997 3791 3061 3844 Et
3100 3792 3239 3846 bene
3279 3791 3529 3862 operatio
3569 3786 3742 3841 dicitur

2183 3887 2294 3949 via;
2327 3886 2602 3956 propalata
2635 3887 2776 3940 enim
2809 3894 2912 3949 cst,
2942 3896 3000 3941 ut
3030 3889 3112 3940 via
3149 3887 3293 3950 trita,
3337 3894 3397 3940 et
3433 3881 3630 3954 publica
3654 3885 3740 3935 est,

2184 3978 2471 4033 delectatio
2513 3993 2645 4034 vero
2687 3977 2843 4032 latet.
2889 3977 3198 4033 Notandum
3248 3992 3470 4048 quoque
3515 3990 3612 4028 non
3643 3984 3740 4022 esse

2186 4067 2548 4138 superﬂuum,
2613 4075 2902 4138 postquam
2969 4067 3190 4137 negavit
3252 4066 3430 4132 abire,
3493 4060 3740 4129 negatis-*0

2185 4161 2236 4230 3
2263 4162 2426 4214 etiam
2473 4169 2619 4215 stare
2655 4168 2710 4214 et
2750 4159 2957 4223 sedere,
3003 4174 3126 4214 cum
3179 4158 3231 4213 in
3262 4158 3438 4228 prima
3491 4151 3742 4222 urg-dionc

2187 4255 2307 4307 (huc
2354 4262 2643 4322 sequentes
2678 4252 3049 4321 intelligantur
3091 4266 3157 4306 ex
3204 4251 3550 4306 necessitate.
3581 4240 3741 4297 Omnis

2188 4347 2332 4401 enim
2361 4347 2550 4400 abiens
2581 4361 2685 4398 non
2722 4353 2850 4408 stat,
2886 4359 2989 4398 non
3019 4344 3190 4400 sedet.
3219 4343 3334 4398 Hoc
3363 4352 3541 4396 autem
3571 4334 3629 4388 ad
3660 4335 3740 4382 hoc

500 4443 756 4493 dicutintn
791 4442 918 4496 Athe
968 4441 1392 4502 considerantis,
1446 4439 1792 4507 futuramque
1843 4441 1961 4505 ejus
1995 4455 2088 4507 per
2123 4454 2164 4508 υ
2192 4437 2340 4499 facit,
2372 4446 2449 4498 ut,
2483 4438 2586 4490 hoc
2633 4435 2822 4488 ordine
2872 4450 2901 4487 a
2933 4433 3151 4488 Christo
3196 4433 3464 4503 negando,
3509 4429 3558 4482 iu
3596 4422 3738 4476 Adam

503 4531 778 4584 Christum
834 4534 1228 4601 reparationem
1279 4531 1637 4600 providentis.
1694 4530 1759 4583 Et
1800 4532 1903 4584 hoc
1941 4545 2005 4584 ac
2043 4530 2088 4583 si

507 4623 708 4677 diceret
729 4640 741 4675 :

1038 4716 1104 4769 IN
1143 4715 1472 4771 PSALMUM
1512 4715 1550 4768 Ι.

588 4805 777 4859 Beatus
809 4809 902 4870 rir,
934 4817 1039 4860 etc.
1077 4808 1261 4861 Virum
1295 4819 1472 4862 autem
1506 4807 1658 4870 dicit,
1693 4824 1795 4861 non
1828 4815 2089 4876 quantum

509 4902 574 4951 ad
600 4915 761 4952 sexus
785 4899 1188 4966 discretionem,
1214 4900 1306 4954 sed
1332 4902 1396 4954 ad
1419 4915 1675 4955 sensuum
1702 4901 2089 4954 maturitatem.

508 4992 568 5048 Et
609 4992 709 5045 huc
745 4992 823 5045 sic
861 4992 1146 5060 exponitur
1178 5009 1189 5044 :
1236 4989 1436 5056 Adam,
1471 5007 1564 5058 per
1594 4991 2004 5047 delectationem
2037 4999 2093 5046 et

511 5100 864 5149 eonseusutn,
898 5093 952 5138 et
981 5084 1355 5152 operationem
1392 5091 1447 5136 ct
1479 5083 1920 5137 consuetudinem
1962 5097 2092 5150 pec-

511 5175 667 5242 candi
698 5177 955 5240 moriens,
989 5189 1172 5230 secum
1200 5189 1370 5242 genus
1398 5175 1690 5226 humanum
1719 5188 1878 5227 omne
1909 5173 2092 5238 ll‘nXil,

519 5277 568 5322 ct
602 5267 681 5322 sic
712 5268 907 5322 merito
957 5266 1144 5322 infelix
1192 5266 1310 5321 fuit.
1351 5265 1456 5319 Sed
1489 5265 1709 5334 quidam
1746 5263 1962 5318 futurus
1987 5274 2091 5329 cst,

513 5359 603 5428 qui
635 5361 708 5414 vir
739 5360 864 5426 erit,
903 5371 1124 5414 acturus
1155 5358 1359 5420 omnia,
1397 5373 1500 5411 non
1531 5356 1777 5411 debiliter
1819 5365 1876 5410 ut
1899 5355 2090 5416 Adam,

516 5451 612 5508 sed
638 5451 868 5520 viriliter
897 5460 951 5506 et
982 5463 1211 5507 mature.
1248 5450 1311 5504 Et
1339 5449 1464 5520 quia
1494 5450 1574 5502 vir
1597 5447 1721 5514 erit,
1754 5448 1935 5502 beatus
1971 5445 2090 5508 erit,

514 5543 571 5598 id
601 5553 682 5599 est
723 5559 754 5598 a
787 5545 894 5598 Deo
921 5543 1180 5598 virtutum
1217 5551 1270 5596 ct
1295 5557 1536 5612 operum,
1571 5539 2096 5607 immortalitatisque

519 5633 860 5702 postmodum
889 5633 1216 5688 beatitudine
1243 5633 1376 5687 adeo
1401 5631 1650 5686 ditandus
1682 5640 1940 5698 quantum
1967 5629 2092 5682 nulli

525 5729 609 5777 cst
636 5723 849 5793 aperire
884 5723 1127 5780 facultatis.
1164 5724 1230 5779 Et
1259 5723 1380 5779 inde
1409 5725 1586 5777 beatus
1617 5736 1738 5777 csse
1783 5719 2094 5790 comproba-

2192 4527 2374 4581 omnia
2404 4526 2594 4579 ordine
2620 4525 2788 4578 fuisse
2820 4526 3038 4578 innuat.-

2267 4616 2551 4686 Deuegatis
2573 4616 2656 4669 his
2685 4615 2876 4680 tribus,
2904 4616 3004 4668 tria
3029 4615 3132 4667 alia
3158 4614 3241 4668 his
3260 4609 3550 4668 contraria.
3573 4601 3738 4672 quibus

2195 4710 2362 4764 Adam
2394 4709 2586 4772 caruit,
2624 4708 2675 4760 in
2705 4723 2770 4762 eo
2802 4705 2965 4760 fuisse
2993 4709 3070 4762 sic
3101 4705 3342 4761 insinuat
3381 4721 3394 4756 :
3439 4701 3550 4756 Non
3576 4689 3734 4749 abibit,

2197 4815 2300 4853 non
2350 4799 2536 4863 stabit,
2577 4814 2682 4851 non
2717 4798 2944 4850 sedebit.
2995 4795 3100 4849 Sed
3152 4797 3205 4848 in
3253 4795 3362 4864 lege
3386 4788 3588 4848 Domini
3616 4794 3736 4837 eom-

2195 4893 2384 4964 plenda
2413 4892 2516 4946 erit
2543 4889 2779 4945 voluntas
2803 4890 2938 4955 ejus,
2971 4887 3022 4940 id
3051 4897 3134 4941 est
3163 4887 3330 4956 legem
3358 4885 3448 4940 Dei
3475 4869 3736 4964 voluntarie

2196 4959 2509 5053 complebit,
2543 4996 2648 5034 non
2693 4981 2881 5032 invite.
2924 4979 3019 5033 llic
3048 4978 3337 5032 denotatur
3367 4985 3420 5030 et
3452 4968 3584 5042 quod
3616 4959 3730 5016 dcit:-

2195 5076 2430 5130 ctabitur
2461 5073 2513 5126 in
2543 5070 2956 5138 complcctione,
2995 5067 3133 5121 sicut
3162 5067 3334 5120 Adam
3366 5065 3648 5119 delectatus
3667 5054 3732 5100 εει

2199 5168 2250 5222 in
2275 5152 2735 5238 prazvaricatione,
2766 5171 2822 5215 et
2849 5161 3020 5231 legem
3049 5157 3142 5212 Dei
3175 5156 3460 5226 complebit
3487 5153 3609 5204 bene
3627 5153 3728 5238 ope-

2197 5229 2390 5321 rando,
2423 5256 2561 5310 sicut
2580 5253 2751 5310 Adam
2781 5229 3170 5321 praevaricatus
3201 5258 3285 5302 est
3313 5249 3450 5301 male
3472 5229 3724 5310 operando-

2198 5349 2328 5404 Dico
2366 5347 2510 5416 quod
2541 5345 2818 5402 voluntate
2863 5341 2958 5396 Dei
2999 5340 3170 5410 legem
3215 5336 3518 5408 complebit,
3557 5322 3726 5421 erit“

2201 5457 2303 5496 nou
2339 5414 2571 5502 liorarie,
2603 5437 2697 5492 sed
2733 5436 2788 5489 in
2813 5433 2922 5504 lege
2951 5432 3063 5502 ejus
3086 5430 3403 5500 complenda
3441 5414 3724 5479 meditabitur

2199 5535 2280 5586 die
2321 5549 2381 5586 ac
2405 5542 2573 5593 nocte,
2599 5530 2652 5584 id
2679 5537 2762 5583 est
2783 5527 2928 5582 omni
2967 5534 3230 5593 tempore.
3261 5521 3326 5574 Et
3355 5521 3486 5574 bene
3503 5509 3721 5600 dicilfﬂ‘

2199 5625 2469 5687 dilabitur,
2519 5621 2570 5676 id
2602 5629 2686 5675 est
2715 5635 2820 5674 non
2853 5616 3204 5686 negligenter,
3246 5613 3339 5668 sed
3380 5621 3492 5664 cum
3535 5593 3714 5690 inedita:

2201 5718 2348 5773 tione
2377 5683 2684 5783 complebit.
2721 5683 3019 5766 Dcnotaiur
3043 5707 3205 5761 etiam
3237 5718 3334 5776 per
3355 5703 3450 5758 hoc
3470 5688 3594 5765 quod
3614 5683 3717 5746 dic"
