3860 6326
147 357 226 410 tui
1112 345 1482 412 Exposmo
1528 353 1592 406 l.\'
1635 351 1970 411 rsxmros.
2001 388 2067 398 -
2099 347 2290 414 rst.
2324 348 2361 414 ι.

3290 355 3416 424 oti

147 475 471 538 "minabitur,
508 473 651 543 quod
683 476 823 529 sicut
861 475 1032 530 Adam
1066 475 1202 528 male
1229 474 1445 544 operari
1475 490 1705 528 consue-
1737 484 1783 538 Α
1813 476 1994 542 faciet,
2023 481 2087 532 atl
2117 482 2405 536 utilitatem
2441 491 2495 536 ct
2523 482 2931 538 :rdilicationcm
2962 496 3178 536 suorum
3217 485 3396 537 cedet.

144 573 227 628 vit,
255 570 322 622 ita
347 578 399 620 et
430 568 544 638 ipse
570 569 707 624 bene
735 578 1054 624 consuescet
1083 568 1317 638 operari.
1354 567 1418 621 Et
1445 568 1568 635 quia
1597 584 1701 620 non

143 659 308 720 abibit,
335 674 436 710 non
475 658 668 722 stabit,
698 673 803 712 non
831 659 1060 722 sedebit,
1091 666 1145 712 ct
1174 657 1226 710 in
1262 656 1377 728 lege
1408 657 1497 710 Dei
1535 658 1706 710 medi-

146 749 342 811 tabitur,
371 750 467 801 erit
511 759 762 819 tanquam
810 748 1032 818 lignum,
1081 748 1133 802 id
1171 758 1256 802 est
1286 763 1470 802 revera
1504 747 1704 818 lignum

143 839 248 890 vita:
272 838 406 900 aliis,
433 837 580 906 quod
617 838 1023 909 przr‘liguratum
1053 847 1134 892 est
1177 839 1229 892 in
1265 837 1356 891 illo
1390 839 1535 908 ligno
1563 839 1703 902 vitm,

142 928 265 994 quod
285 927 477 996 legitur
505 929 557 982 in
586 929 838 997 paradiso
868 929 1034 984 fuisse
1063 927 1217 998 (Gen.
1246 944 1308 992 ιι,
1331 928 1406 995 9).
1439 927 1504 982 Et
1526 941 1708 982 osten-

143 1021 204 1071 dit
233 1034 322 1088 per
343 1020 472 1087 quid
515 1021 622 1072 erit
655 1021 777 1075 aliis
818 1019 1023 1089 lignum
1051 1020 1196 1086 vitae,
1229 1035 1353 1075 cum
1402 1018 1704 1090 subjuugit.

144 1111 273 1174 Quod
297 1110 596 1177 plumatum
626 1120 724 1174 est,
750 1111 802 1163 id
829 1109 1028 1178 estqui
1061 1117 1357 1179 conceptus
1384 1109 1436 1162 in
1466 1110 1705 1178 Virgine,

143 1217 266 1253 mus
289 1199 540 1252 decursus
577 1216 858 1267 aquarum,
907 1198 960 1253 id
1003 1209 1082 1254 est
1126 1214 1221 1268 per
1266 1198 1561 1254 infttsioncs
1610 1198 1708 1252 do-

143 1305 305 1341 norum
331 1289 502 1341 sancti
528 1287 783 1357 Spiritus,
808 1304 928 1357 qua:
955 1289 1202 1342 reficiunt
1231 1299 1285 1342 et
1312 1297 1544 1358 purgant
1568 1289 1708 1344 sicut

143 1397 290 1447 aquzc,
319 1389 375 1432 ut
414 1380 704 1450 impleatur
751 1381 878 1436 illud
905 1379 1313 1435 Gabrieliticum
1357 1396 1370 1433 :
1422 1399 1440 1430 ε
1473 1380 1708 1451 Spiritus

143 1479 334 1520 sanctus
373 1468 719 1536 superveniet
754 1469 805 1521 in
855 1478 903 1522 te
933 1467 1085 1538 (an.
1119 1485 1160 1533 ι,
1193 1468 1306 1538 55),
1340 1488 1358 1520 ι
1394 1479 1502 1524 ειε.
1541 1473 1706 1538 Quasi

143 1559 295 1612 diem:
328 1557 462 1611 Vere
491 1559 596 1612 erit
641 1558 843 1629 ligmun
891 1560 1033 1624 vitae,
1077 1574 1198 1614 cum
1243 1561 1313 1614 sit
1361 1561 1466 1616 tale
1504 1560 1706 1631 lignum

141 1648 253 1717 quod
282 1648 696 1713 plantatumest,
747 1648 798 1702 id
827 1657 910 1703 est
958 1650 1064 1703 erit
1112 1661 1431 1720 conceptum
1474 1652 1524 1705 in
1554 1665 1705 1708 utero

145 1737 352 1808 Virginis
390 1755 488 1809 per
524 1741 897 1810 operationem
947 1741 1119 1796 sancti
1154 1741 1407 1810 Spiritus.
1451 1745 1564 1798 Non
1598 1745 1702 1798 erit

1811 568 2098 637 Sequitur:

1880 658 2004 715 Non
2024 663 2098 715 sic
2125 662 2294 730 impii,
2321 673 2425 717 etc.
2455 663 2588 718 Cum
2621 665 2752 719 dicit
2778 682 2791 718 :
2822 663 2945 719 Non
2975 663 3048 717 sic
3070 661 3214 732 impii
3235 670 3392 716 erunt

1809 762 1868 806 ut
1895 754 2146 807 Christus
2178 755 2271 807 dat
2319 755 2644 827 intelligere,
2686 771 2781 825 per
2818 755 3218 825 aposiopesim,
3267 755 3392 822 quia
3452 781 3461 794 -

1807 841 1864 914 ἀ.
1888 844 1957 910 pii
1992 844 2136 898 sicut
2163 844 2410 900 Christus
2439 857 2621 912 erunt,
2663 850 2803 903 sicut
2835 849 2975 900 idem
3020 847 3187 900 dicit:
3220 845 3394 899 Estote

1808 936 2000 994 sancti,
2047 935 2204 999 sicut,
2256 937 2382 1004 quia
2429 954 2522 1007 ego
2568 948 2782 992 sanctus
2827 955 2942 992 sunt
2993 936 3134 1004 (Leu.
3182 952 3257 1000 xt,
3292 935 3392 997 49.;

1811 1025 2001 1078 Matth.
2031 1041 2084 1088 ν,
2116 1027 2230 1096 48).
2263 1027 2378 1081 Non
2411 1029 2557 1097 quod
2603 1038 2814 1083 tantum
2863 1029 3190 1091 sanctitatis,
3225 1043 3394 1096 quan-

1812 1125 1921 1167 tmu
1952 1115 2065 1184 ipse
2094 1116 2302 1182 habuit,
2329 1127 2551 1172 sanctus
2585 1119 2777 1188 aliquis
2808 1121 3107 1184 habuisset,
3134 1119 3224 1172 sed
3253 1119 3396 1187 quod

1810 1205 2184 1274 unusquisque
2215 1205 2356 1261 alius
2379 1207 2596 1277 quidem
2625 1207 2874 1272 multum,
2905 1208 3043 1262 alius
3065 1223 3194 1261 vero
3219 1207 3397 1260 minus

1809 1298 2066 1361 mundus,
2095 1298 2186 1351 Dei
2232 1300 2576 1353 sanctitatem
2633 1301 2848 1365 retinet,
2886 1309 2944 1352 ιιι
2973 1299 3049 1353 ait
3075 1297 3391 1368 Apostolus:

1815 1405 1832 1438 ι
1871 1386 2058 1453 Qualis
2106 1399 2352 1443 terrenus
2381 1390 2576 1453 Adam,
2613 1375 2828 1445 scilicet
2867 1390 3001 1444 tales
3027 1400 3080 1444 et
3112 1390 3308 1443 terreni
3343 1388 3394 1457 (Ι

1810 1477 1932 1531 Cor.
1967 1494 2055 1542 xv,
2085 1478 2200 1545 ll8),
2233 1497 2250 1530 ο
2295 1479 2344 1533 ei
2380 1479 2587 1533 scilicet
2636 1479 2962 1534 conformes.
3010 1479 3198 1545 Qualis
3237 1479 3397 1548 spiri-

1812 1565 1990 1629 tualis,
2017 1568 2066 1619 id
2091 1578 2172 1621 est
2203 1568 2470 1632 Christus,
2500 1568 2634 1622 tales
2658 1578 2706 1623 et
2740 1568 3068 1638 spirituales,
3099 1569 3148 1622 id
3171 1577 3253 1622 est
3281 1567 3344 1635 ej:
3369 1583 3396 1621 ε

1808 1657 2140 1713 obeditorcs.
2193 1659 2396 1715 Versus
2450 1671 2632 1716 autem
2691 1662 2790 1715 iste
2844 1662 2921 1714 sic
2968 1661 3314 1716 continuatur
3339 1670 3396 1714 et

1808 1749 2116 1818 exponitur.
2186 1748 2474 1804 Vit-beatus
2509 1768 2613 1806 non
2666 1753 2854 1814 abibit,
2905 1769 3008 1806 non
3055 1751 3236 1816 stabit,
3287 1768 3394 1806 non

143 1829 316 1897 lignum
348 1829 563 1891 mortis,
595 1839 654 1883 ut
700 1831 893 1884 Adam.
931 1829 1021 1884 Vel
1052 1831 1156 1884 ita:
1203 1832 1520 1904 Eritlignum
1558 1835 1701 1901 vitae,
1739 1818 1782 1878 Β
1809 1842 2040 1908 sedebit,
2092 1844 2184 1897 sed
2230 1839 2285 1897 in
2335 1844 2445 1913 lege
2481 1845 2698 1899 Domini
2743 1847 3100 1900 malimbimr,
3158 1842 3224 1896 Et
3270 1844 3392 1897 ideo

143 1929 184 1971 ut
207 1920 443 1987 quamvis
477 1919 679 1989 lignum
711 1920 834 1974 vita:
863 1919 1104 1975 futurum
1131 1923 1219 1984 sit,
1253 1933 1433 1977 tamen
1464 1925 1568 1978 erit
1602 1925 1706 1980 tale

143 2011 313 2080 lignum
352 2012 494 2080 quod
546 2010 842 2078 plumatum
881 2023 984 2077 est,
1025 2014 1077 2068 id
1119 2002 1208 2069 est.
1251 2027 1570 2087 conceptum
1600 2017 1705 2072 erit

139 2118 259 2154 serus
298 2103 557 2155 decursus
590 2119 874 2169 aquarunt,
908 2103 957 2158 id
1005 2114 1087 2158 est
1115 2104 1272 2174 juxta
1318 2107 1579 2162 decursus
1610 2125 1704 2178 po-

140 2193 375 2261 palorum,
405 2194 569 2263 quasi
615 2193 796 2248 dicat:
827 2193 1084 2260 Quamvis
1109 2196 1180 2251 sit
1212 2195 1414 2266 lignum
1447 2198 1593 2262 vitm,
1625 2209 1703 2253 ta-

140 2300 234 2338 men
256 2285 359 2340 erit
387 2285 468 2340 sic
504 2295 802 2356 conceptus
844 2293 902 2340 ut
939 2295 1188 2342 naturam
1238 2287 1436 2343 habeat
1468 2289 1522 2343 in
1562 2305 1704 2345 mor-

143 2387 227 2430 tcm
249 2377 598 2443 decurrendi,
655 2386 716 2431 ut
741 2377 920 2449 populi
965 2378 1082 2449 (qui
1121 2394 1274 2449 aqua:
1303 2379 1423 2435 ideo
1449 2379 1703 2437 dicuntur

138 2469 234 2536 quia
261 2469 450 2524 labiles
478 2479 533 2523 ct
562 2467 858 2525 dellueutcs
888 2481 1015 2526 sunt
1062 2471 1114 2525 in
1163 2481 1422 2535 mortem,
1461 2482 1520 2528 ut
1547 2488 1700 2543 aqua:

138 2557 384 2628 tlt‘lllltllll).
425 2559 490 2614 Et
523 2575 621 2630 per
646 2560 748 2614 hoc
777 2561 1124 2616 commendat
1175 2560 1292 2630 ejus
1333 2562 1699 2619 obedientiam

138 2664 272 2715 usque
305 2651 371 2703 ad
403 2661 654 2714 mortem,
684 2658 739 2704 et
771 2651 1060 2705 conﬁrmat
1095 2653 1252 2706 tidem
1306 2663 1572 2717 nostrain,
1606 2668 1696 2718 ne,

137 2750 322 2808 propter
347 2741 646 2794 divinitatis
674 2739 1080 2806 sublimitatem,
1114 2741 1422 2809 ignoremus
1455 2744 1698 2798 mortali-

139 2830 239 2882 tatis
275 2831 658 2884 humilitatem.
694 2830 760 2884 Et
802 2831 928 2901 quia
961 2832 1172 2886 dixerat
1217 2849 1340 2888 cum
1375 2833 1595 2904 lignum,
1627 2851 1694 2892 nc

136 2930 318 2986 putaret
343 2921 572 2990 quilibet
598 2936 666 2975 ex
695 2937 802 2990 quo
828 2933 1170 2987 nasceretur,
1199 2922 1434 2980 fructum
1467 2940 1564 2994 pro
1588 2942 1696 2994 quo

136 3013 308 3068 veniret
337 3013 482 3069 illico
505 3029 564 3068 se
590 3013 866 3082 daturum,
891 3015 1218 3071 determinat
1239 3017 1319 3072 sic
1343 3017 1468 3087 quid
1495 3017 1694 3088 lignmn

137 3103 267 3157 dabit.
301 3105 422 3160 Non
452 3107 635 3160 statim
671 3123 735 3161 es
768 3122 876 3176 quo
917 3106 1043 3172 erit,
1073 3107 1167 3162 sed
1218 3108 1272 3161 in
1317 3119 1545 3178 tempore
1573 3125 1690 3174 suo,

135 3197 266 3254 idest
294 3201 347 3254 in
389 3210 635 3269 tempore
670 3200 1016 3256 mortalitatis
1057 3215 1191 3266 suae,
1236 3200 1469 3270 fructum
1511 3218 1688 3267 suum,
1720 3197 1765 3225 ¹⁴

137 3294 496 3359 reparationem
531 3294 738 3348 scilicet
779 3294 993 3366 generis
1019 3294 1263 3360 humani,
1302 3311 1421 3364 quce
1446 3296 1552 3349 erit
1581 3294 1693 3348 lru-

136 3392 226 3436 rtus
249 3385 436 3438 mortis
458 3383 594 3451 ejus.
628 3385 688 3438 Et
712 3399 834 3439 cunt
857 3385 927 3439 sit
948 3384 1150 3454 lignum
1176 3385 1320 3449 vitae,
1342 3384 1527 3451 folium
1551 3385 1688 3454 ejus,

136 3472 266 3528 idest
293 3477 517 3529 verbum
555 3475 674 3543 ejus
716 3492 818 3528 non
845 3476 1058 3546 tle/luet,
1091 3476 1142 3529 id
1170 3485 1254 3530 est
1285 3492 1392 3530 non
1423 3475 1692 3530 aunihila-

135 3562 267 3633 bitur,
295 3567 440 3620 sicut
473 3567 589 3637 ipse
621 3577 853 3622 testatur
881 3585 893 3620 :
953 3586 970 3618 ι
1002 3565 1213 3622 Ctelum
1249 3576 1302 3622 et
1332 3577 1474 3620 terra
1512 3577 1690 3622 trans-

136 3652 270 3718 ibunt,
294 3658 459 3710 verba
490 3664 670 3718 autem
703 3672 820 3711 mea
849 3672 952 3712 non
977 3657 1280 3712 transibunt
1304 3656 1521 3728 (Matth.
1542 3673 1691 3723 xxiv,

133 3744 219 3806 35).
245 3767 262 3800 ι
301 3749 394 3802 Vel
422 3750 496 3802 ita
528 3749 902 3812 continuatur,
943 3749 1239 3805 secundum
1279 3749 1440 3804 aliam
1478 3759 1692 3805 senten-

135 3836 233 3887 liam
260 3857 272 3892 :
297 3839 362 3892 Et
384 3841 631 3910 quamvis
659 3840 833 3909 ipsum
856 3839 1152 3908 plantatum
1176 3839 1241 3894 sit
1264 3857 1412 3894 secus
1435 3841 1690 3894 decursus

135 3945 380 3994 (ιεμρίιηιηι,
411 3931 461 3984 id
485 3941 565 3985 cst
593 3931 936 4002 populorum,
973 3932 1128 3986 idest
1157 3933 1408 4001 quamvis
1437 3932 1692 3986 decurrat

137 4017 174 4068 iu
202 4032 414 4076 mortem
447 4033 504 4074 nt
530 4023 730 4093 populi,
769 4032 946 4076 tamen
996 4022 1205 4090 folium,
1243 4023 1292 4076 id
1342 4031 1423 4078 est
1468 4024 1689 4078 verbum

134 4109 223 4173 rjus
265 4128 368 4164 non
393 4112 604 4180 tle/luet.
671 4112 736 4165 Et
783 4113 920 4166 bene
960 4114 1184 4166 verbum
1242 4114 1426 4181 folium
1459 4114 1687 4176 dicitur;

134 4198 406 4256 sicutcnim
431 4203 562 4256 folia
598 4203 848 4257 arborem
887 4213 1104 4268 ornant,
1139 4212 1193 4257 et
1224 4204 1364 4258 inter
1389 4220 1451 4258 ea
1483 4202 1692 4259 fructus

133 4291 296 4361 latitat,
319 4297 398 4351 sic
423 4305 476 4352 et
505 4297 622 4366 ipsa
650 4299 810 4351 verba
842 4307 1221 4351 ornamentum
1255 4298 1509 4353 Ecclesia:
1540 4308 1686 4363 Sunt,

134 4385 236 4438 etin
256 4387 330 4442 eis
351 4398 432 4442 est
453 4387 662 4443 fructus
681 4389 858 4441 adhuc
881 4387 1070 4448 latens,
1097 4389 1206 4442 vita
1232 4390 1438 4443 scilicet
1458 4399 1683 4442 :etcrua.

1805 1937 1903 1989 erit
1946 1946 2195 2008 tanquam
2235 1937 2454 2007 lignum,
2484 1949 2538 1991 et
2570 1939 2668 2008 ipsi
2702 1939 2928 2002 similes,
2963 1938 3033 2008 pii
3066 1937 3291 1997 scilicet,
3321 1925 3394 1988 si-

1806 2028 2006 2082 militer
2031 2038 2211 2083 erunt.
2245 2029 2405 2099 [mpii
2436 2047 2564 2085 vero
2591 2048 2691 2084 non
2719 2033 2794 2084 sic
2823 2040 3005 2095 erunt,
3031 2047 3132 2084 non
3161 2031 3254 2082 sic.
3283 2029 3392 2082 Re-

1807 2119 1998 2191 petitio
2027 2120 2143 2174 luec
2174 2120 2241 2174 ad
2285 2120 2386 2174 hoc
2414 2120 2473 2174 tit
2505 2131 2562 2173 ut
2595 2120 2876 2175 confirmet
2923 2120 3062 2188 pios,
3110 2127 3164 2173 et
3213 2131 3394 2173 exter-

1804 2220 1922 2265 reat
1966 2211 2191 2282 impios;
2238 2226 2358 2280 quae
2392 2211 2638 2279 repetitio
2684 2228 2786 2263 utut
2830 2220 2912 2264 est
2939 2211 3078 2280 apud
3113 2210 3389 2264 llebrazos.

1803 2300 1907 2357 Sed
1935 2303 2032 2373 ipsi
2064 2312 2225 2357 ernut
2249 2313 2498 2368 tanquam
2521 2301 2710 2370 pulvis,
2743 2301 2792 2354 id
2822 2312 2904 2355 est
2931 2300 3134 2355 similes
3161 2300 3389 2370 pulveri,

1803 2391 1856 2447 id
1882 2402 1967 2447 est
1993 2392 2129 2446 aridi
2167 2404 2196 2446 a
2226 2392 2492 2454 doctrina,
2521 2392 2653 2444 sicut
2676 2391 2843 2460 pulvis
2871 2392 2937 2445 ab
2963 2391 3210 2456 humore,
3239 2401 3392 2460 quem

1799 2478 2010 2549 projicit
2043 2487 2247 2541 ventus,
2276 2477 2328 2531 id
2353 2485 2438 2532 cst
2465 2487 2684 2545 separat
2718 2476 2964 2530 diabolus
2993 2493 3024 2529 a
3050 2475 3186 2544 facie
3215 2485 3392 2537 terra’,

1801 2567 1855 2623 id
1881 2579 1964 2624 est
2017 2584 2046 2622 a
2077 2568 2364 2640 prmsentia
2399 2566 2634 2634 Christi;
2693 2567 2779 2622 cui
2845 2565 3030 2621 fideles
3087 2564 3392 2620 innituntur

1799 2660 1942 2716 sicut
1975 2677 2073 2715 nos
2105 2660 2228 2714 huic
2263 2668 2421 2714 terra:
2450 2658 2750 2712 innitimur.
2799 2656 2864 2710 Et
2905 2655 3020 2710 ideo
3060 2655 3184 2724 quia
3222 2653 3390 2724 pulvis

1799 2762 1961 2807 erunt
1986 2753 2130 2822 impii
2164 2768 2267 2807 non
2298 2760 2618 2821 resurgunt,
2667 2752 2718 2805 id
2750 2759 2832 2804 cst
2883 2763 2988 2803 non
3022 2755 3303 2818 resurgent
3336 2747 3389 2798 in

1790 2839 2019 2909 judicio,
2059 2839 2108 2893 id
2148 2849 2232 2895 est
2279 2841 2344 2895 ad
2377 2840 2478 2894 hoc
2517 2848 2578 2893 ut
2615 2837 2949 2906 judiceutur,
2987 2844 3218 2890 testante
3247 2834 3387 2902 Apo-

1798 2931 1974 2986 stolo:
2005 2951 2022 2981 ‹
2053 2931 2154 2998 Qui
2181 2931 2298 2986 sine
2333 2931 2447 3000 lege
2491 2938 2878 3000 peccaverunt,
2937 2928 3054 2982 sine
3094 2941 3208 2996 tege
3245 2926 3376 2994 peri-

1796 3017 1932 3072 bunt
1961 3015 2132 3087 (Rom.
2177 3032 2235 3081 ll,
2271 3015 2376 3086 l2).
2417 3034 2436 3068 ι
2487 3013 2777 3069 Sciendum
2819 3027 2950 3066 vero
2991 3020 3098 3077 est,
3141 3012 3282 3080 quod
3335 3011 3386 3063 in

1794 3108 1980 3179 judicii
2010 3109 2094 3164 die
2126 3109 2214 3162 alii
2275 3115 2562 3178 resurgent
2589 3105 2640 3160 in
2667 3105 2952 3176 judicium,
2984 3103 3071 3159 alii
3101 3118 3204 3158 non
3229 3102 3280 3156 in
3301 3101 3385 3172 ju-

1796 3202 2018 3265 dicium,
2053 3210 2109 3253 ut
2138 3198 2390 3270 gentiles.
2423 3198 2478 3252 In
2510 3196 2776 3266 judicium
2809 3205 2990 3250 autent
3027 3195 3117 3249 alii
3158 3204 3216 3249 ut
3244 3195 3380 3264 judi-

1795 3289 1942 3356 Cent,
1974 3290 2115 3346 sicut
2144 3287 2401 3358 perfecti,
2431 3287 2544 3352 alii,
2577 3296 2636 3341 ut
2657 3285 2994 3355 judicentur.
3038 3284 3140 3352 Qui
3165 3286 3382 3356 judica-

1794 3384 2015 3448 huntur,
2049 3381 2140 3437 alii
2165 3380 2534 3445 salvabunlur,
2572 3387 2629 3434 ut
2657 3379 2801 3442 boni,
2835 3378 2923 3432 alii
2951 3377 3378 3442 damnabantur,

1794 3486 1853 3532 ut
1884 3475 2001 3532 falsi
2037 3474 2358 3538 Christiani,
2391 3473 2631 3528 haeretici
2675 3481 2729 3527 et
2769 3471 2958 3526 Judzei.
2997 3472 3230 3528 Dubium
3263 3474 3384 3543 qui~

1796 3571 1914 3623 dent
1943 3579 2046 3633 est,
2082 3585 2207 3623 cum
2243 3568 2367 3622 inde
2404 3584 2506 3621 non
2559 3567 2822 3622 habeatur
2868 3565 3189 3630 auctoritas,
3223 3581 3290 3620 an
3333 3566 3386 3620 in

1787 3657 1996 3728 judicio
2025 3677 2124 3715 vox
2157 3660 2337 3714 futura
2367 3660 2434 3714 sit
2467 3658 2839 3722 elctucutaris,
2869 3673 2936 3712 an
2970 3671 3099 3711 non.
3146 3656 3203 3711 Si
3237 3673 3384 3722 vero,

1795 3755 2090 3810 secundum
2119 3753 2405 3822 quosdam,
2439 3752 2651 3805 dicatur
2681 3768 2784 3804 non
2818 3749 3022 3813 futura,
3053 3750 3132 3804 sic
3157 3765 3382 3820 expone-

1798 3857 1884 3900 tur
1916 3847 1968 3900 in
1986 3846 2193 3916 judicio
2213 3860 2233 3899 :
2257 3845 2404 3910 impii
2443 3859 2544 3896 non
2590 3851 2858 3910 rcsurgenl
2887 3842 2944 3894 in
2962 3841 3193 3911 judicio,
3223 3842 3274 3896 id
3305 3851 3382 3896 est

1797 3945 1855 3990 ut
1883 3935 2261 3999 tunc,laudcm
2291 3943 2500 3988 certum
2533 3933 2602 3985 sit
2629 3948 2720 3986 eos
2744 3947 2862 3986 esse
2893 3931 3250 3989 damnandt‘ts.
3274 3933 3383 4002 jam

1795 4027 1938 4080 enim
1973 4034 2181 4079 certum
2211 4035 2326 4088 est;
2367 4023 2434 4077 de
2464 4023 2614 4076 falsis
2643 4037 2773 4076 vero
2805 4021 3074 4080 ﬁdelibus.
3110 4031 3234 4075 tunc
3267 4032 3382 4074 tau-

1796 4120 1916 4174 dcm
1968 4117 2059 4172 lict
2109 4116 2396 4186 judicium,
2449 4115 2500 4167 id
2551 4124 2632 4168 cst
2685 4113 2974 4168 ecrtitudo.
3041 4113 3382 4167 Manifestum

1795 4209 1936 4262 enim
1989 4207 2200 4260 tandem
2257 4215 2383 4257 tunc
2426 4204 2676 4256 omnibus
2717 4203 2824 4257 erit
2875 4203 2994 4256 illos
3036 4204 3381 4257 damnatione

1795 4301 1984 4369 dignos
2018 4314 2158 4352 esse.
2197 4297 2333 4350 Nam
2366 4297 2408 4350 si
2452 4295 2566 4364 jam
2616 4304 2826 4350 certum
2851 4305 3016 4360 esset,
3051 4310 3158 4348 non
3194 4296 3382 4364 utique

1795 4408 1890 4460 pro
1917 4391 1993 4443 eis
2023 4389 2299 4441 orationes
2328 4399 2380 4440 et
2413 4386 2740 4440 sacrificium
2769 4385 2875 4439 Deo
2903 4385 3150 4439 vivorum
3183 4386 3380 4438 seduli-

138 4473 208 4528 Vel
247 4487 412 4546 potest
454 4479 544 4532 hic
591 4491 714 4532 esse
761 4478 1058 4532 similitudo
1091 4479 1172 4533 sic
1197 4502 1209 4518 ο
1245 4479 1307 4532 Et
1328 4480 1451 4548 quia
1496 4481 1548 4532 in
1582 4479 1690 4547 lege
1720 4502 1768 4562 Β
1799 4491 1878 4535 tas
1907 4479 2150 4535 ollerret.
2184 4477 2416 4531 Pet-fecti
2469 4487 2649 4529 autem
2681 4492 2804 4530 cum
2845 4474 3184 4545 judicabunt,
3214 4476 3265 4530 id
3297 4485 3378 4532 est

135 4566 454 4634 meditabitur,
479 4566 577 4621 erit
607 4577 858 4637 tanquam
883 4569 1107 4638 lignunt,
1131 4571 1271 4640 quod
1292 4569 1591 4638 plumatum
1615 4580 1689 4623 est

135 4671 251 4710 secus
275 4661 520 4715 decursus
544 4674 827 4729 aquarum,
852 4660 992 4729 quod
1023 4660 1253 4729 fructum
1282 4678 1434 4726 suum
1463 4661 1605 4714 dabit
1634 4662 1690 4715 in

135 4758 324 4819 tempore
358 4771 477 4808 sua.
521 4753 588 4808 Et
619 4753 806 4822 folium
843 4755 959 4824 ejus
1000 4771 1104 4810 non
1138 4756 1352 4826 tle/luet,
1386 4755 1436 4808 id
1469 4766 1552 4810 est
1587 4756 1692 4811 erit

134 4843 477 4914 comparabilis
550 4846 694 4916 ligno
763 4847 1008 4916 plantalo
1071 4847 1224 4917 juxta
1301 4849 1687 4904 abundantiun

137 4947 380 5003 aquarum,
413 4939 561 4993 danti
594 4939 830 4994 fructum
876 4940 928 4992 iu
975 4949 1217 5010 tempore
1249 4956 1367 5006 suo,
1402 4941 1558 5008 cujus
1603 4940 1688 4994 fo-

138 5019 240 5085 1Ῑί.ιιιι
272 5045 365 5081 non
398 5029 622 5094 delluct,
655 5032 780 5099 quia
809 5031 950 5084 sicut
987 5030 1035 5084 ei
1071 5047 1174 5085 non
1206 5031 1356 5084 deest.
1394 5031 1590 5084 humor
1620 5032 1687 5085 ad

137 5110 338 5170 fructum
369 5121 417 5173 in
449 5130 690 5190 tempore
719 5136 817 5175 suo
847 5121 1104 5184 dandum,
1139 5121 1211 5174 ita
1243 5136 1341 5175 nec
1395 5120 1472 5174 illi
1515 5120 1688 5174 deerit

139 5210 282 5262 sancti
310 5209 536 5281 Spiritus
563 5212 717 5282 vigor
740 5221 793 5266 et
815 5212 1083 5275 doctrina,
1115 5214 1180 5266 ad
1211 5212 1520 5282 Spirituales
1549 5212 1687 5269 filios

142 5294 183 5347 in
203 5307 419 5370 tempore
453 5303 803 5370 plenitudinis
832 5303 941 5358 Deo
970 5302 1434 5367 fruetilicandum,
1467 5312 1522 5356 ct
1547 5303 1686 5357 sicut

143 5384 257 5443 illius
299 5391 415 5462 ligni
455 5393 583 5449 folia
634 5411 739 5448 nou
784 5391 1048 5459 deﬂuunt,
1082 5393 1152 5447 ita
1197 5408 1298 5448 nec
1338 5393 1456 5462 ejus
1488 5392 1685 5448 deﬂuet

145 5479 353 5534 verbum.
380 5483 460 5546 Et,
503 5499 625 5538 cum
661 5485 782 5538 talis
816 5494 1105 5553 tantusque
1149 5483 1360 5539 fructus
1388 5484 1476 5548 sit,
1507 5485 1680 5537 omnia

143 5581 277 5635 opera
303 5582 352 5626 et
378 5575 631 5630 miracula
673 5592 996 5646 qua’cunquc
1039 5575 1197 5643 faciet
1229 5575 1682 5646 prosperalmntur

145 5663 442 5724 credentibus
468 5669 520 5725 in
557 5684 712 5736 eum,
752 5669 803 5724 id
841 5677 924 5726 est
957 5670 1218 5743 quidquid
1251 5671 1304 5727 in
1334 5671 1437 5727 hoc
1480 5670 1682 5726 mundo

1796 4568 2102 4625 sanctitatis
2135 4565 2541 4634 comparatione
2581 4565 2680 4618 sibi
2715 4563 2918 4618 similes
2946 4563 3231 4620 ostendent
3261 4580 3381 4623 esse

1793 4661 2101 4726 salvandos,
2127 4656 2420 4712 dissimiles
2447 4671 2574 4709 vero
2601 4656 2960 4710 damnandos.

1863 4753 1930 4808 Et
1958 4751 2080 4822 quia
2110 4751 2325 4804 dixerat
2357 4749 2550 4818 impios
2585 4765 2689 4803 non
2719 4757 3124 4804 resurrecturus
3153 4751 3204 4804 in
3228 4749 3378 4820 judlo

1793 4844 1895 4909 cio,
1923 4852 1978 4898 ct
2008 4843 2060 4897 in
2087 4843 2190 4897 hoc
2225 4840 2452 4895 multum
2488 4855 2582 4895 eos
2607 4841 2969 4910 depresserat.
3005 4855 3072 4896 ne
3103 4842 3218 4896 falsi
3251 4845 3378 4897 lide~

1791 4936 1870 4991 les
1901 4938 1952 4990 in
1983 4935 2190 5006 judicio
2224 4934 2584 4989 resurrecturi
2619 4949 2716 5004 pro
2753 4933 2867 4989 sola
2899 4933 3004 4988 fide
3051 4935 3166 4989 sine
3201 4936 3378 5004 operi.

1789 5034 1890 5087 bus
1923 5047 1980 5086 se
2011 5030 2298 5084 salvandos
2328 5043 2450 5084 esse
2492 5035 2768 5098 putarent,
2825 5039 3063 5083 removet
3117 5028 3219 5082 hoc
3265 5028 3373 5084 sic:

1793 5122 1952 5193 [mpii
1993 5139 2094 5176 nou
2132 5127 2398 5189 resurgant
2429 5117 2483 5171 in
2509 5118 2740 5188 judicio,
2779 5135 2940 5188 neque
2968 5128 3284 5189 peccatores,
3320 5118 3374 5172 id

1788 5225 1871 5270 est
1898 5231 1926 5268 a
1953 5215 2060 5269 Deo
2088 5221 2456 5283 apostatautes
2488 5213 2541 5265 in
2570 5211 3090 5280 conciliojuslorum,
3124 5209 3172 5263 id
3196 5218 3277 5263 est
3303 5209 3370 5265 ad

1787 5307 1891 5360 hoc
1921 5315 1976 5358 ut
2015 5311 2122 5359 sint
2165 5306 2215 5358 iu
2254 5304 2679 5374 cozzgregatioue
2710 5301 3006 5370 justorum,
3037 5301 3283 5368 quamvis
3315 5303 3371 5355 in

1779 5397 1984 5466 judicio
2025 5406 2328 5467 resurgant.
2379 5395 2432 5449 lu
2469 5395 2732 5450 ltehraico
2760 5406 2888 5445 vero
2912 5392 3142 5444 habetur
3188 5392 3240 5445 in
3268 5391 3370 5462 δεμ

1787 5504 2010 5556 nagoga.
2060 5486 2291 5554 Ideoque
2344 5487 2549 5540 rectius
2593 5493 2675 5536 est
2722 5483 2772 5535 in
2803 5481 2995 5535 Latino
3037 5482 3089 5533 in
3124 5481 3363 5534 concilio.

1783 5579 1967 5633 Potest
2012 5588 2187 5632 tamen
2250 5577 2351 5646 legi
2399 5577 2451 5628 in
2490 5573 2726 5628 consilio.
2781 5572 3076 5627 Concilium
3111 5571 3251 5626 enim
3283 5571 3366 5623 di-

1782 5671 1956 5727 cimus
2025 5669 2507 5743 congregationem
2549 5667 2615 5721 ad
2681 5666 2883 5736 aliquid
2945 5665 3195 5720 utilitatis
3256 5673 3366 5719 sta-
