3864 6320
494 287 596 340 645

1030 280 1086 334 S.
1127 273 1477 335 BRUNONIS
1507 265 2173 345 .CARTIIUSIANORUM
2212 262 2703 321 INSTITUTORIS
2740 263 2892 322 OPP.
2930 262 3111 321 PARS
3152 263 3196 319 I.

3625 269 3701 329 ﬁli

492 394 749 451 tuendum
778 408 842 447 eo
864 392 1175 445 adunatam.
1224 389 1509 461 Synagoga
1539 401 1671 441 vero
1698 386 2085 453 interpretatur
2110 387 2161 446 Α
2186 377 2433 433 buendus
2461 389 2546 433 εει
2568 376 2807 443 Christo,
2852 379 2944 447 qui
2983 376 3108 446 jure
3152 375 3351 432 dicitur
3372 376 3544 433 David.
3577 380 3701 441 David

489 483 841 555 congregatio.
867 481 962 534 Vel
995 482 1065 534 ita
1098 478 1199 549 legi
1228 487 1404 549 potest
1436 492 1628 532 versus
1672 476 1773 531 iste
1802 492 1815 527 :
1847 473 1903 527 Si
1934 471 2080 541 impii

489 575 737 645 superius
771 572 1108 643 accipiantur
1129 570 1457 641 generaliter
1484 578 1537 623 et
1559 584 1657 638 pro
1697 564 1998 621 inﬁdelibus
2028 571 2083 617 et

452 718 457 725 .
491 681 590 736 pro
638 662 885 719 ﬁdelibus
930 661 1325 732 peccatoribus,
1385 659 1530 729 impii
1562 676 1666 712 non
1696 659 1769 711 sic
1800 664 1976 710 erunt.
2016 654 2082 708 Et

490 756 730 812 ostendit
757 769 853 824 per
892 761 1074 824 partes
1122 766 1294 821 quare
1330 752 1410 805 sic
1444 750 1648 805 dicens.
1700 748 1765 802 Et
1800 748 1903 801 hoc
1937 746 2078 811 ideo,

386 918 395 923 ‘
491 849 617 919 quia
666 846 834 916 impii,
892 846 944 899 id
995 853 1079 899 est
1120 842 1362 897 inﬁdeles
1406 857 1510 894 non
1565 846 1856 909 resurgunt
1902 837 1954 890 in
1983 838 2082 891 hoc

493 937 697 992 mundo
718 936 785 990 ab
808 934 1125 988 inﬁdelitate
1149 948 1243 986 sua
1275 933 1327 984 in
1347 930 1576 1000 judicio,
1612 930 1664 982 id
1700 937 1784 982 est
1814 941 1909 996 per
1934 925 2083 994 judi-

492 1022 744 1093 cium,'id
776 1036 861 1082 est
892 1026 967 1079 ita
1006 1033 1064 1079 ut
1094 1040 1189 1094 per
1220 1007 1897 1088 confessionemjudiccnt,
1922 1019 1971 1072 id
2000 1027 2082 1071 est

492 1119 753 1183 damnent.
803 1115 1175 1170 inﬁdelitatem
1225 1129 1400 1171 suam.
1457 1129 1475 1163 ι
1522 1110 1655 1165 Nam
1688 1109 1731 1165 si
1764 1109 2082 1179 semetipsos

492 1206 577 1278 (ut
604 1208 679 1260 ait
702 1205 1019 1275 Apostolus)
1049 1204 1375 1275 judicarent,
1425 1219 1531 1256 non
1565 1201 1749 1271 utique
1797 1216 1827 1253 a
1856 1199 2083 1253 Domino

486 1299 861 1370 iudicarentur
888 1295 938 1366 (Ι
956 1294 1079 1349 Cor.
1104 1312 1169 1359 tt,
1196 1293 1306 1363 51).
1331 1312 1350 1346 ι
1384 1292 1564 1364 Neque
1589 1302 1901 1362 peccatores,
1931 1291 2083 1343 idest

493 1388 615 1442 falsi
647 1386 853 1450 ﬁdeles,
892 1394 1183 1455 resurgunt
1212 1385 1280 1438 ad
1312 1383 1415 1438 hoc
1444 1392 1499 1436 ut
1527 1382 1637 1436 sint
1666 1382 1720 1434 in
1751 1379 1967 1434 consilio
1991 1379 2085 1449 ju-

493 1491 717 1540 storum,
754 1477 804 1531 id
835 1486 917 1530 est
951 1485 1008 1529 ut
1038 1477 1178 1530 sicut
1206 1473 1336 1543 justi
1364 1471 1672 1527 voluntates
1714 1485 1840 1525 suas
1871 1470 1963 1523 Dei
1992 1484 2084 1523 vo-

492 1569 790 1622 luntatibus
817 1577 1163 1637 postponant.
1202 1567 1385 1622 Potest
1419 1576 1474 1621 et
1525 1564 1630 1621 hoc
1662 1573 1948 1633 utrumque
1978 1562 2083 1617 dici

494 1662 560 1715 de
587 1659 913 1725 inﬁdelibus,
942 1669 1000 1713 ut
1026 1659 1174 1729 impii
1196 1658 1327 1723 sint,
1359 1659 1409 1713 id
1441 1667 1523 1713 est
1551 1658 1717 1714 Deum
1750 1661 2080 1732 ignorantes,

494 1762 551 1807 et
589 1754 644 1805 in
668 1752 877 1821 judicio
918 1767 1023 1807 non
1057 1762 1422 1823 resurgentes,
1453 1762 1508 1807 et
1548 1765 1866 1823 peccatores,
1917 1752 1969 1806 id
2002 1760 2086 1805 est

494 1859 622 1899 suas
662 1844 966 1899 voluntates
1003 1845 1097 1898 Dei
1119 1843 1485 1900 voluntatibus
1513 1855 1906 1917 praeponentes,
1942 1844 2086 1898 ideo-

497 1951 602 2003 que
636 1937 689 1987 in
718 1934 936 1988 concilio
964 1934 1047 1989 vel
1077 1934 1294 1989 consilio
1322 1935 1587 2004 justorum
1626 1951 1733 1990 non
1766 1936 2083 1990 existentes.

498 2025 807 2095 Sequitur:
858 2025 1121 2091 Quoniam
1175 2027 1352 2092 novit,
1412 2035 1518 2082 etc.
1588 2026 1732 2081 Idem
1793 2026 1871 2079 sic
1914 2026 2087 2081 ccnzi-

498 2126 737 2170 nuatur:
766 2116 845 2171 Pii
869 2124 1026 2170 erunt
1052 2126 1301 2186 tanquam
1326 2116 1547 2186 lignum,
1579 2116 1628 2170 id
1658 2125 1741 2171 est
1767 2116 1903 2169 sicut
1932 2114 2086 2169 Chri-

496 2215 634 2269 stus,
673 2214 728 2261 el
771 2206 874 2260 hoc
919 2205 1060 2272 ideo,
1111 2207 1361 2273 quoniam
1406 2207 1541 2260 novit
1588 2205 1861 2269 Dominus,
1911 2205 1961 2259 id
2003 2213 2086 2261 est

497 2298 766 2369 probavit,
794 2300 998 2352 amavit
1019 2300 1154 2351 viam
1176 2298 1465 2367 juslorum,
1502 2298 1551 2352 id
1579 2306 1662 2353 est
1692 2298 1886 2352 bonam
1920 2300 2085 2353 vitam

501 2391 555 2444 in
591 2391 692 2444 hoc
730 2390 933 2443 mundo
964 2404 1082 2459 qua:
1129 2392 1216 2443 via
1256 2399 1338 2443 est
1387 2390 1453 2442 ad
1500 2389 1663 2443 vitam
1707 2397 1984 2443 :ctcrnam.
2021 2387 2085 2442 Et

498 2482 645 2549 impii
676 2496 782 2535 non
812 2481 891 2535 sic
920 2490 1110 2545 erunt;
1156 2490 1205 2533 et
1238 2481 1339 2534 hoc
1370 2479 1489 2534 ideo
1524 2482 1649 2551 quia
1687 2480 1947 2533 Dominus
1977 2494 2085 2534 non

500 2572 653 2624 novit
679 2572 777 2626 iter
799 2586 1008 2634 eorum,
1039 2571 1090 2626 id
1114 2581 1195 2625 est
1221 2569 1405 2624 vitam.
1436 2570 1501 2625 Et
1528 2586 1650 2624 cum
1675 2570 1859 2623 debuit
1881 2570 2084 2636 dicere,

498 2680 603 2716 non
630 2662 787 2725 novit,
818 2664 968 2735 ponit
992 2662 1403 2732 aequipollenter
1430 2662 1680 2718 effectum
1711 2680 1807 2733 per
1838 2678 2084 2731 causam,

498 2758 667 2824 perire
688 2756 895 2811 scilicet
917 2771 1013 2826 pro
1037 2772 1139 2810 non
1162 2772 1389 2809 noscere.
1433 2755 1455 2807 Ι
1466 2766 1541 2809 ter
1576 2756 1852 2825 impiorum
1874 2756 2083 2825 peribit,

499 2846 552 2900 id
589 2854 674 2901 est
705 2862 870 2915 prava
899 2848 1003 2900 vita
1042 2861 1252 2912 eorum,
1291 2862 1412 2915 qua:
1443 2856 1527 2900 est
1561 2847 1666 2900 iter
1698 2848 1777 2902 eis
1816 2848 1883 2900 ad
1920 2847 2086 2901 infer-

498 2951 650 2998 num,
679 2937 885 3007 peribit,
910 2936 960 3007 5
993 2938 1047 2992 id
1077 2947 1161 2992 est
1185 2952 1280 2992 eos
1322 2938 1501 3006 perire
1537 2937 1722 3004 faciet,
1766 2955 1886 2993 cum
1920 2957 1948 2991 a
1976 2940 2086 2995 Deo

502 3025 804 3095 ignoretur,
834 3024 887 3080 id
918 3034 1003 3080 est
1046 3042 1153 3082 non
1185 3036 1419 3093 ametur,
1455 3028 1599 3081 sicut
1643 3027 1786 3081 idem
1826 3028 1878 3081 in
1911 3028 2085 3082 Evan-

496 3116 638 3185 gelio
664 3124 890 3170 testatur
917 3134 930 3171 :
959 3120 1146 3185 Amen,
1177 3117 1294 3171 dico
1326 3118 1465 3172 vobis
1490 3137 1508 3174 :
1540 3117 1730 3172 Nescio
1756 3135 1842 3172 vos
1868 3118 2083 3189 (Matth.

496 3223 627 3275 xxv,
658 3208 772 3275 t2),
805 3209 858 3263 id
885 3221 1105 3265 estnon
1137 3225 1283 3265 amo.
1318 3207 1412 3265 Vel
1454 3210 1616 3266 aliter
1659 3211 1761 3266 hoc
1802 3212 2086 3265 continua-

500 3306 610 3363 tur,
640 3308 698 3352 ut
723 3300 988 3369 expositio
1016 3317 1122 3354 non
1149 3309 1387 3355 mutetur
1412 3318 1425 3354 :
1457 3299 1762 3355 l’eccatores
1794 3318 1894 3355 non
1918 3318 2091 3355 resur-

398 3392 402 3397 ”
498 3399 615 3455 gent
643 3388 698 3441 in
728 3389 951 3442 concilio
985 3388 1068 3442 vel
1093 3387 1315 3443 consilio
1342 3390 1632 3459 justorum,
1673 3401 1720 3445 et
1747 3392 1891 3460 impii
1924 3394 1975 3445 in
1995 3392 2091 3461 ju-

499 3478 672 3543 dicio;
707 3488 763 3532 et
791 3480 893 3533 hoc
923 3478 1044 3533 ideo
1069 3480 1196 3547 erit,
1225 3481 1480 3549 quoniam
1509 3481 1765 3536 Dominus
1790 3484 1925 3537 norit
1954 3485 2089 3537 viam

497 3568 790 3637 iustorum,
833 3580 881 3623 et
922 3571 1021 3625 iter
1050 3572 1333 3641 impiorum
1368 3574 1575 3642 peribit,
1619 3576 1670 3629 id
1706 3585 1788 3630 est
1831 3577 1949 3631 ideo
1980 3593 2088 3633 non

501 3660 617 3713 vult
645 3674 741 3715 eos
775 3674 897 3715 esse
934 3677 1057 3717 cum
1097 3662 1283 3733 justis,
1331 3666 1458 3735 quia
1510 3668 1621 3721 vita
1666 3670 1936 3739 justormn
1986 3670 2089 3741 ipsi

502 3751 702 3820 placet,
728 3752 836 3807 vita
868 3768 999 3809 vero
1037 3756 1324 3825 impiorum
1351 3757 1624 3828 displicet.

1023 3843 1089 3898 IN
1129 3845 1459 3901 PSALMUM
1500 3848 1561 3902 ll.

575 3928 822 3985 Psalmus
850 3940 1032 3986 autem
1066 3934 1155 4002 qui
1202 3935 1345 3991 hunc
1390 3939 1655 4007 sequitur,
1698 3954 1728 3993 a
1767 3940 2090 4010 quibusdam

480 4034 628 4089 lcum
654 4020 922 4089 superiori
950 4022 1171 4083 dicitur
1200 4040 1363 4091 unus,
1397 4035 1450 4082 et
1486 4043 1515 4081 a
1554 4029 1896 4099 quibusdam,
1929 4032 2086 4088 alius.

505 4108 715 4163 Dicitur
750 4110 893 4165 enim
943 4111 998 4165 in
1040 4113 1265 4168 Actibus
1292 4116 1657 4184 apostolorum
1685 4121 1952 4177 secundus
1988 4123 2091 4176 iste

503 4198 743 4266 psalmus
789 4199 930 4269 (Act.
978 4216 1097 4268 xm,
1152 4201 1264 4265 33).
1316 4203 1550 4272 Primus,
1600 4209 1742 4277 quod
1786 4208 1946 4263 facile
1982 4210 2091 4264 sol-

504 4285 682 4354 vitur;
710 4288 1047 4344 titnlatorum
1077 4290 1221 4345 enim
1252 4294 1580 4362 psalmorum
1609 4298 1818 4367 primus
1838 4309 1942 4365 est,
1965 4316 2088 4357 cum

2182 472 2327 531 enim
2355 470 2746 539 interpretatur
2775 469 3157 524 desiderabilis.
3188 469 3433 524 Christus
3458 480 3575 525 vero
3594 473 3704 531 desi-

2183 557 2440 613 derabilis
2469 568 2553 612 est
2568 558 2719 626 juxta
2752 557 2881 612 illud
2906 556 3075 613 Jacob
3105 571 3122 610 :
3149 574 3168 608 ι
3210 558 3328 627 ipse
3361 557 3461 612 erit
3483 574 3704 630 exspecta.

2184 647 2260 700 tio
2290 647 2529 716 gentium
2559 644 2714 717 (Gen.
2741 662 2892 711 xux,
2928 646 3035 718 10).
3078 664 3097 698 ι
3140 646 3523 716 Interpretatur
3546 663 3706 720 quoque

2182 736 2351 790 David
2392 753 2553 791 manu
2598 736 2774 806 fortis.
2802 737 3054 792 Christus
3078 737 3241 792 etiam
3286 753 3447 791 manu
3473 737 3611 794 fortis
3631 752 3704 807 est,

2182 829 2309 897 quia
2342 828 2613 883 diabolum
2644 828 2951 893 debellavit,
2979 830 3133 900 juxta
3163 830 3295 885 illud
3328 848 3342 883 :
3380 847 3400 882 ι
3446 829 3582 887 Nunc
3607 839 3709 903 prin-

2183 936 2311 992 ceps
2339 920 2496 991 hujus
2547 922 2729 976 mundi
2780 921 3027 991 ejicietur
3057 924 3205 979 foras
3246 923 3431 995 (Joan.
3468 940 3556 989 xu,
3588 927 3704 994 51).:

2183 1013 2430 1069 Psalmus
2478 1023 2658 1068 autem
2709 1014 2998 1083 aliquando
3051 1030 3149 1084 pro
3202 1015 3318 1085 ipso
3366 1025 3602 1083 tractatu,
3640 1021 3707 1074 ali-

2185 1108 2401 1177 quando
2430 1122 2529 1176 pro
2548 1105 2690 1162 bono
2715 1122 2885 1177 opere
2904 1108 3147 1177 ponitur.
3173 1106 3423 1162 Psalmus
3452 1106 3582 1162 enim
3606 1125 3709 1180 εγω·

2183 1200 2383 1271 phonia
2407 1207 2509 1265 cst,
2542 1214 2664 1268 quae
2699 1215 2822 1253 eum
2852 1214 3015 1270 opere
3039 1215 3298 1254 manuum
3331 1201 3535 1255 musico
3565 1200 3712 1256 instru-

2184 1300 2369 1344 mento
2400 1288 2481 1352 ﬁt,
2514 1288 2765 1358 ideoque,
2810 1304 2911 1357 pro
2953 1304 3119 1359 Opere
3165 1289 3489 1358 alioquando
3532 1290 3711 1357 ponitur.

2182 1379 2432 1435 Psalmus
2454 1389 2635 1435 autem
2680 1381 2783 1435 iste
2809 1396 2911 1435 vox
2934 1380 3139 1452 Capitis
3162 1391 3267 1446 est,
3293 1381 3363 1436 de
3391 1380 3624 1435 Passione
3647 1397 3714 1436 sua

2184 1471 2398 1529 Judazos
2445 1484 2500 1527 et
2544 1480 2735 1540 gentes
2767 1473 3088 1528 tribulantes
3131 1488 3190 1527 se
3235 1472 3576 1543 increpantis.
3606 1471 3717 1539 Quod

2186 1564 2307 1619 ideo
2339 1565 2489 1629 facit,
2521 1575 2581 1619 ut
2630 1576 3025 1633 consequenter
3070 1564 3323 1619 ostendat
3371 1563 3564 1617 nullum
3597 1563 3715 1618 fmcli

2186 1670 2281 1710 eos
2310 1656 2435 1711 inde
2468 1657 2744 1724 habuisse,
2784 1657 2877 1711 sed
2924 1657 3233 1710 econtrario
3275 1655 3647 1710 damnationem
3679 1658 3716 1711 in

2117 1731 2158 1789 Β
2188 1744 2371 1799 futuro
2422 1757 2757 1815 recepturos,
2792 1761 2851 1800 se
2888 1761 3018 1800 vero
3066 1744 3508 1800 ltcsurrectionis
3546 1744 3718 1813 gloriam

2187 1849 2241 1892 et
2266 1838 2618 1893 Ascensionis
2662 1849 2942 1907 totumque
2972 1838 3232 1892 mundum
3265 1836 3553 1903 recepisse,
3577 1850 3722 1890 secun-

2187 1931 2315 1984 dum
2346 1933 2490 2001 quod
2522 1933 2685 1985 homo
2709 1942 2906 1986 eratet
2932 1930 3049 1999 ejus
3076 1931 3385 2000 imperium.
3419 1928 3548 1982 Nam
3577 1944 3721 1983 secun-

2187 2021 2315 2075 dum
2349 2024 2687 2077 divinitatem
2741 2032 2868 2076 ante
2917 2022 3112 2077 saecula
3149 2038 3274 2076 eum
3312 2010 3478 2076 Patre
3521 2020 3722 2077 Dominus

2185 2114 2425 2169 omnium
2456 2116 2746 2170 existebat.
2770 2115 2836 2169 Et
2862 2114 2968 2169 hoc
2995 2114 3073 2169 sic
3105 2113 3237 2168 dicit
3267 2129 3284 2169 :

2261 2205 2439 2270 Quare
2467 2207 2813 2275 fremuerunt,
2860 2207 2910 2260 id
2953 2216 3036 2260 est
3087 2205 3322 2259 frement
3356 2212 3559 2275 gentes,
3595 2203 3639 2258 id
3665 2213 3725 2259 est

2187 2296 2417 2353 Romani
2450 2298 2652 2353 milites
2699 2299 2790 2368 qui
2824 2311 2910 2351 me
2958 2295 3315 2367 cruciﬁgent?
3364 2295 3555 2360 Quare,
3584 2294 3629 2351 id
3665 2306 3725 2349 est

2187 2403 2291 2459 qua
2325 2389 2556 2443 utilitate
2584 2390 2837 2454 frement,
2869 2387 2921 2442 id
2945 2398 3026 2441 est
3056 2386 3508 2441 irrationabiliter
3537 2394 3668 2455 agent
3688 2386 3725 2438 in

2187 2478 2306 2532 me?
2353 2477 2526 2532 Nulla.
2575 2478 2835 2533 Fremere
2885 2491 3011 2529 vero
3041 2474 3258 2529 leonum
3294 2484 3401 2540 est,
3445 2476 3532 2544 qui
3566 2474 3726 2527 irratio

2187 2569 2397 2624 nabiles
2425 2580 2568 2625 sunt.
2604 2571 2839 2640 Ideoque
2866 2579 3065 2639 gentes,
3094 2568 3145 2621 id
3185 2580 3269 2622 est
3298 2566 3525 2637 gentiles
3552 2566 3660 2621 dicit
3687 2566 3727 2619 in

2188 2675 2246 2715 se
2280 2662 2331 2714 in
2365 2664 2445 2717 sui
2476 2664 2829 2717 eruciﬁxione
2858 2664 3152 2731 fremuisse,
3185 2661 3235 2715 id
3268 2671 3352 2715 est
3396 2660 3725 2714 irrationabili-

2190 2761 2273 2806 ter
2300 2753 2418 2807 sine
2460 2769 2637 2808 causae
2666 2754 3005 2823 oppositione
3035 2768 3158 2806 cum
3202 2750 3558 2806 cruciﬁxisse.
3597 2749 3729 2805 Judai

2187 2844 2355 2908 enim,
2403 2845 2504 2898 etsi
2543 2861 2650 2899 non
2701 2846 2906 2899 habent
2952 2858 3195 2907 causam,
3226 2857 3286 2896 se
3332 2851 3510 2897 tamen
3552 2856 3729 2897 causam

2189 2932 2442 2987 dicebant
2472 2934 2695 2997 habere,
2718 2935 2873 3004 juxta
2900 2933 3030 2987 illud
3069 2948 3083 2987 :
3119 2951 3138 2984 ι
3182 2932 3280 2987 llic
3303 2934 3467 2987 homo
3495 2948 3593 2986 non
3623 2941 3730 2987 esta

2189 3020 2322 3086 Deo,
2358 3024 2448 3092 qui
2502 3023 2797 3078 Sabbatum
2832 3040 2938 3078 non
2982 3022 3217 3078 custodit
3263 3012 3449 3093 (Joan.
3479 3038 3551 3089 Ix,
3592 3021 3683 3090 t6).
3714 3039 3727 3070 ι

2192 3114 2257 3168 Ει
2307 3114 2474 3169 alibi:
2513 3135 2530 3166 ι
2570 3116 2880 3170 Secundum
2930 3116 3104 3186 legem
3136 3116 3299 3171 debet
3347 3116 3504 3180 mori,
3533 3117 3641 3186 quia
3668 3114 3732 3168 FI-

2190 3204 2320 3258 lium
2382 3205 2480 3259 Dei
2527 3221 2585 3259 se
2633 3204 2762 3260 fecit
2807 3206 3137 3277 (Joan.x1x,
3173 3207 3249 3274 7).
3290 3225 3308 3256 ι
3359 3206 3583 3274 Ideoque
3628 3206 3735 3259 bene

2190 3294 2467 3365 subjungit
2494 3313 2505 3348 :
2544 3293 2608 3348 Et
2636 3296 2835 3365 populi,
2864 3297 2915 3349 id
2943 3306 3026 3351 est
3050 3294 3221 3351 Judmi
3246 3287 3338 3366 qui
3370 3297 3497 3351 mihi
3528 3298 3577 3350 in
3604 3309 3736 3365 popu-

2191 3385 2299 3440 lum
2331 3401 2453 3442 esse
2475 3388 2692 3453 debent,
2721 3390 2863 3442 sicut
2893 3390 3156 3458 scriptum
3192 3397 3273 3444 est
3301 3406 3315 3440 :
3357 3408 3376 3438 ε
3413 3389 3521 3459 Ego
3545 3404 3631 3443 cro
3664 3388 3736 3441 tibi

2191 3475 2245 3529 in
2278 3477 2536 3541 Deum,et
2561 3486 2613 3531 tu
2635 3480 2745 3532 eris
2766 3479 2901 3537 mihi
2933 3480 2986 3532 in
3012 3478 3268 3549 populum
3293 3478 3436 3549 (Lev.
3459 3478 3734 3547 xxvr,i‘i).i

2182 3562 2391 3632 Quare,
2442 3570 2496 3624 id
2548 3578 2633 3625 est
2684 3585 2790 3639 qua
2847 3571 3080 3625 utilitate
3133 3575 3489 3642 assequenda,
3544 3572 3740 3625 meditati

2190 3668 2310 3712 sunt
2356 3661 2560 3727 inania,
2613 3662 2664 3717 id
2713 3673 2796 3717 est
2850 3665 3271 3719 tneditaluutur-
3299 3680 3386 3719 me
3432 3665 3662 3719 detinere
3696 3666 3736 3718 in

2191 3758 2387 3813 morte,
2421 3765 2486 3804 ne
2532 3751 2761 3805 mundus
2789 3763 2908 3822 post
2936 3771 3022 3807 tne
3053 3756 3233 3818 abeat,
3266 3758 3410 3823 quod
3462 3757 3617 3812 inane
3640 3759 3739 3810 erit.

2190 3836 2325 3893 Cum
2356 3841 2484 3894 dicit
2515 3843 2777 3907 meditari,
2804 3855 2955 3899 notat
2982 3862 3075 3901 eos
3102 3847 3331 3901 multum
3362 3859 3415 3903 In
3443 3864 3601 3903 causa
3624 3863 3741 3902 mor-

2194 3931 2263 3984 tis
2293 3930 2410 3999 ejus
2436 3927 2758 3988 invenienda
2786 3936 3147 3990 laboraturos.
3183 3940 3248 3992 Et
3280 3955 3387 3993 non
3423 3940 3592 3994 solum
3623 3939 3743 3992 Iaho-

2191 4034 2452 4077 raverunt
2478 4026 2735 4090 minores,
2762 4028 2855 4080 sed
2888 4028 3053 4081 etiam
3082 4044 3254 4100 rcges.
3286 4030 3349 4083 Et
3375 4046 3479 4085 non
3506 4032 3586 4086 sui
3608 4030 3745 4100 ipsius

2194 4129 2369 4185 reges,
2414 4118 2505 4170 sed
2546 4126 2601 4171 et
2632 4135 2774 4188 reges
2805 4129 2979 4181 terrai,
3024 4120 3073 4173 id
3105 4131 3188 4174 est
3230 4123 3432 4177 terreni
3467 4140 3480 4175 :
3516 4132 3743 4192 uterque;

2192 4208 2422 4273 scilicet,
2469 4208 2708 4263 Herodes
2742 4225 2881 4264 unus
2926 4211 2976 4263 in
3032 4210 3344 4277 Nativitate,
3381 4214 3522 4268 alter
3560 4218 3611 4267 in
3641 4212 3746 4266 Pas-

2192 4303 2345 4355 sione
2370 4310 2423 4356 et
2454 4302 2679 4357 Pilatus.
2730 4302 2907 4366 Quare
2950 4304 3249 4371 astiterunt,
3280 4305 3334 4360 id
3376 4316 3461 4361 est
3504 4305 3744 4362 astabunt.

502 4380 711 4471 primus
762 4380 917 4434 titulo
971 4390 1172 4436 careat.
1228 4383 1499 4449 Quantum
1546 4400 1674 4442 vero
1726 4388 1794 4443 ad
1842 4390 2088 4445 ordinem
2117 4412 2165 4471 ο
2193 4390 2259 4445 Ει
2286 4400 2369 4445 est
2398 4392 2631 4461 positum
2668 4406 2767 4461 pro
2800 4392 3134 4457 institerunt,
3162 4409 3287 4448 cum
3320 4394 3373 4448 in
3404 4394 3660 4450 Hebraieo
3686 4394 3747 4447 sic

501 4470 876 4538 psalmorum,
930 4475 1241 4542 secundus,
1296 4476 1622 4548 alioquando
1671 4481 1815 4535 enim
1871 4491 2088 4538 centum

503 4563 895 4634 quinquaginta
929 4581 1034 4621 non
1065 4576 1263 4623 essent.
1296 4568 1351 4624 Si
1380 4585 1511 4626 vero
1542 4571 1613 4625 sit
1652 4573 1945 4640 secundus,
1975 4575 2090 4631 sive

502 4668 627 4707 cum
649 4656 824 4725 primo
855 4656 1018 4724 idem,
1046 4674 1259 4730 semper
1280 4677 1403 4715 cum
1428 4663 1694 4732 superiori
1719 4664 2084 4721 continuatur.

504 4744 796 4802 Sciendum
826 4758 908 4804 est
933 4759 1113 4806 autem
1145 4753 1330 4808 titulos
1353 4754 1707 4823 psalmorum,
1737 4756 2085 4824 intentiones,

503 4834 588 4890 vel
616 4850 715 4905 per
746 4838 825 4892 rei
871 4841 1195 4909 gestioncm,
1226 4843 1312 4897 vel
1359 4860 1457 4913 per
1498 4846 1645 4901 vocis
1686 4845 2111 4917 interpretatioJ

503 4942 649 4994 nem,
700 4928 783 4984 vel
821 4931 985 4986 etiam
1032 4926 1129 5002 per
1179 4944 1471 5006 utrumque
1524 4937 1827 5008 designare.
1860 4939 1962 4995 Per
2009 4940 2087 4996 rei

501 5021 824 5089 gestionem,
870 5039 993 5079 cum
1042 5026 1247 5098 aliquid
1296 5037 1508 5101 gestum
1556 5031 1699 5101 quod
1746 5033 1813 5085 ad
1858 5032 2086 5103 ﬁguram

501 5114 740 5182 pertinet
779 5116 1090 5189 denotatur,
1119 5130 1177 5176 ut
1206 5124 1423 5192 quando
1464 5125 1664 5180 dicitur
1695 5145 1707 5180 :
1740 5127 1910 5181 David
1943 5130 2086 5198 psal-

501 5220 649 5271 mus;
673 5223 793 5261 cum
822 5208 1020 5280 fugeret
1059 5229 1091 5265 a
1133 5213 1269 5282 facie
1316 5214 1569 5284 Absalon,
1599 5220 1743 5287 quod
1774 5220 1840 5273 ad
1885 5220 2084 5277 Christi

502 5294 729 5366 ﬁguram
782 5301 984 5357 factum
1036 5313 1139 5359 est.
1187 5305 1292 5360 Per
1337 5307 1488 5362 vocis
1549 5308 2079 5377 interpretationem,

476 5390 716 5463 quando
741 5391 854 5447 sola
884 5394 1034 5451 vocis
1074 5397 1539 5467 interpretatione,
1569 5399 1687 5455 sine
1720 5402 1796 5457 rei
1844 5404 2083 5473 gestione

500 5479 689 5547 psalmi
757 5481 1072 5554 designatur
1140 5485 1408 5554 intentio,
1458 5499 1519 5543 ut
1571 5489 1623 5543 in
1688 5491 1787 5547 hoc
1844 5495 2083 5550 secundo

499 5572 729 5641 psalmo,
761 5574 915 5645 cujus
941 5576 1126 5632 titulus
1159 5579 1277 5634 talis
1298 5588 1381 5635 est
1406 5598 1419 5635 :
1448 5580 1692 5637 Psalmus
1718 5583 1903 5637 David.
1931 5584 2080 5652 Quod

501 5662 581 5718 sic
618 5664 947 5736 exponitur:
979 5666 1243 5740 Psalmus,
1280 5671 1333 5729 id
1362 5681 1446 5731 est
1474 5682 1736 5731 tractatus
1784 5676 1883 5734 iste
1927 5677 2080 5735 attri-

2193 4482 2499 4538 habeatur:
2547 4481 2613 4536 Et
2653 4486 2912 4554 principes
2955 4486 3307 4552 sacerdotum,
3349 4487 3400 4542 id
3432 4499 3519 4545 est
3546 4488 3748 4557 Caiphas

2192 4584 2248 4629 et
2292 4576 2497 4639 Annas,
2539 4583 2594 4628 et
2624 4576 2805 4628 cmteri
2837 4586 3203 4642 convenerunt,
3246 4576 3299 4630 id
3333 4587 3418 4633 est
3455 4577 3748 4632 convenient

2189 4667 2245 4719 in
2278 4684 2460 4730 unum,
2496 4667 2761 4721 malitiose
2814 4678 3035 4737 agentes
3066 4668 3315 4723 adi-orsus
3348 4669 3628 4725 Dominum
3668 4669 3750 4723 Pa-

2193 4766 2350 4821 trem,
2383 4770 2428 4812 et
2474 4759 2722 4812 adversus
2772 4775 2851 4811 me
2878 4757 3164 4823 Christum,
3210 4759 3263 4814 id
3299 4771 3385 4815 est
3426 4775 3607 4831 regem
3632 4760 3746 4828 ejus,

2190 4847 2244 4903 id
2296 4857 2380 4903 est
2429 4849 2498 4903 ab
2550 4864 2617 4903 eo
2668 4850 3045 4904 constitutum.
3075 4850 3211 4904 Cum
3268 4862 3451 4907 autem
3500 4853 3630 4909 dicit
3663 4865 3749 4905 non

2189 4939 2427 5008 Patrem,
2475 4942 2570 4996 sed
2602 4942 2911 5007 Dominum,
2966 4942 3185 5013 gravius
3230 4940 3350 5011 ejus
3398 4952 3576 5009 notat,
3618 4940 3747 5013 quasi

2189 5034 2397 5088 diceret
2441 5050 2455 5087 :
2489 5033 2622 5088 Cum
2674 5033 2775 5103 ipsi
2810 5032 2976 5101 servi,
3006 5033 3096 5089 ille
3122 5032 3384 5091 Dominus
3422 5044 3593 5103 esset,
3628 5030 3747 5089 indi-

2188 5140 2351 5193 gnum
2408 5124 2510 5177 fuit
2554 5140 2648 5180 cos
2707 5126 2852 5180 illius
2896 5127 3173 5181 adversari
3219 5127 3457 5191 decreto,
3508 5145 3629 5183 cum
3679 5141 3751 5180 me

2189 5229 2368 5284 regem
2403 5216 2470 5267 ab
2496 5232 2561 5268 eo
2601 5217 2954 5269 constitutum
2982 5226 3326 5286 respuerunt,
3356 5219 3414 5290 ε
3436 5229 3488 5272 et
3515 5220 3567 5272 in
3598 5226 3747 5271 morte

2188 5307 2427 5362 detinere
2466 5308 2766 5362 voluerunt.
2817 5308 2951 5364 Cum
3003 5321 3181 5365 autem
3230 5312 3365 5365 dicit
3404 5327 3422 5365 :
3480 5312 3747 5374 Dirumpa—

2186 5417 2324 5465 mus,
2349 5410 2483 5466 ete.,
2512 5404 2889 5473 apostropham
2936 5404 3063 5458 facit
3091 5405 3156 5458 ad
3186 5421 3336 5467 suos,
3368 5406 3663 5461 adhortans
3693 5417 3749 5456 ne

2186 5492 2253 5546 ab
2300 5491 2405 5547 illis
2434 5503 2577 5547 tnelu
2609 5504 2698 5548 aut
2728 5494 3003 5549 bianditiis
3034 5494 3470 5566 incorporentnr,
3504 5512 3572 5550 ne.
3605 5496 3669 5549 ob
3708 5492 3749 5546 id

2186 5585 2239 5639 in
2290 5584 2489 5652 futuro,
2520 5588 2659 5642 sicut
2704 5597 2757 5643 et
2795 5589 2919 5658 ipsi,
2953 5589 3298 5644 damnentur.
3333 5590 3412 5645 Illi
3457 5589 3753 5644 frcmentet

2187 5660 2613 5748 meditabuulur,
2669 5690 2721 5736 et
2769 5680 3091 5736 convenient
3124 5681 3409 5738 adversus
3458 5681 3750 5737 Dominum.
