3864 6320
195 277 274 332 645

1132 263 1485 322 EXPOSITIO
1520 262 1586 321 IN
1626 264 1960 320 PSALMOS.
1994 293 2059 303 —-
2090 263 2284 320 PSAL.
2309 263 2366 319 ll.

3282 265 3387 323 διδ

195 391 281 459 Ego
305 395 482 447 autem,
505 389 550 436 et
594 395 690 436 vos
720 382 960 435 membra
986 394 1103 433 mea
1130 380 1512 446 dirumpamus,
1538 379 1588 431 id
1623 385 1706 431 est
1734 384 1779 439 Α
1809 374 2090 440 dientiam,
2128 374 2281 442 quasi
2329 374 2511 428 verbis
2549 372 2755 443 pastula
2784 390 2814 459 τι
2841 390 2922 428 me
2964 384 3168 446 gentes.
3193 377 3260 432 Et
3287 391 3388 448 ego

192 472 484 535 destruamus
518 471 721 525 vincula
750 486 950 535 eorum,
982 470 1033 522 id
1069 479 1150 523 est
1176 468 1485 530 blanditias,
1514 468 1708 535 quibus

191 570 239 623 ad
271 564 561 619 imitandum
590 576 648 615 se
679 561 864 614 volunt
892 576 990 614 vos
1018 561 1250 614 vincere.
1278 559 1344 612 Et
1371 560 1709 628 proﬁciamus

188 655 369 716 anobis,
393 653 442 707 id
478 660 561 705 est
591 651 873 720 despicite,
908 666 1022 713 vos,
1044 652 1230 719 jugum
1276 651 1528 717 ipsorum,
1564 664 1709 703 com-

188 746 487 803 minationem
517 742 724 797 scilicet
777 742 1179 796 tribulationum
1228 742 1436 800 mortis,
1468 756 1573 810 qua
1614 756 1708 794 vo-

185 842 277 893 lunt
313 851 398 889 vos
443 848 653 904 cogere,
701 834 853 901 quasi
897 832 1044 900 jugo.
1081 832 1245 897 Quasi
1297 834 1480 885 dicat:
1528 831 1710 898 Neque

184 927 418 987 blanditiis
444 925 790 986 seducamini,
826 939 1000 992 neque
1034 934 1176 976 metu
1206 923 1533 976 terreamini.
1558 922 1708 989 Quod

187 1038 288 1077 vero
310 1019 430 1074 dicit
456 1018 817 1085 dirumpamus
840 1027 885 1069 et
908 1017 1268 1084 projiciamus,
1295 1031 1399 1068 non
1432 1016 1550 1068 ideo
1580 1015 1710 1068 dicit

185 1113 298 1184 quod
342 1112 447 1180 ipse
488 1110 599 1179 jam
655 1123 761 1163 non
812 1107 1016 1175 ruperit
1060 1118 1116 1160 et
1148 1106 1454 1175 projecorit,
1489 1106 1601 1168 sed,
1653 1116 1711 1159 ut

185 1204 325 1275 magis
347 1202 407 1256 ad
437 1201 535 1255 hoc
582 1200 842 1270 impellat,
872 1200 1036 1253 utitur
1072 1199 1174 1252 hoc
1216 1198 1374 1251 modo
1402 1197 1706 1261 locutionis,

183 1294 265 1358 vel,
290 1303 340 1346 ut
364 1293 544 1345 innuat
578 1306 694 1356 eos,
729 1306 832 1345 non
862 1304 959 1360 per
992 1304 1072 1353 se,
1112 1304 1211 1343 nec
1239 1289 1356 1343 sine
1383 1303 1481 1343 suo
1509 1288 1710 1343 auxilio

182 1402 309 1457 posse
332 1387 628 1455 dirumpere
670 1394 724 1439 et
753 1385 1039 1454 projicere.
1082 1384 1214 1439 Cum
1246 1399 1374 1438 vero
1401 1384 1530 1438 dicit
1559 1398 1573 1436 :
1603 1382 1709 1448 Qui

182 1482 365 1544 habitat,
395 1488 528 1541 etc.,
560 1480 796 1533 ostendit
823 1479 949 1547 quid
994 1478 1045 1532 in
1086 1478 1170 1531 illa
1219 1478 1591 1532 adversatione
1626 1493 1711 1532 as-

181 1578 452 1639 sequentur,
492 1569 888 1623 damnationem
936 1567 1156 1623 scilicet.
1190 1567 1256 1621 Et
1291 1568 1370 1621 sic
1412 1568 1707 1621 continuat.

238 1659 383 1713 Dixi:
433 1656 607 1722 Quare
644 1658 985 1726 fremuerunt,
1037 1666 1143 1712 etc.
1190 1658 1270 1711 Ad
1315 1659 1457 1712 hunc
1509 1658 1712 1713 scilicet

1810 467 1901 535 qui
1929 476 1985 518 ut
2014 466 2273 518 Dominus
2318 474 2508 534 potens
2552 480 2690 530 sum,
2723 456 2858 516 dabo
2890 467 2982 518 tibi
3010 481 3182 535 gentes
3222 468 3390 521 lucre-

1810 556 2023 609 ditatem
2048 566 2214 617 tuam,
2242 555 2293 608 id
2317 564 2398 608 est
2422 563 2480 607 ut
2505 555 2611 607 sint
2639 555 2924 607 Inc-reditas
2948 564 3058 621 tua,
3089 565 3145 607 ut
3173 555 3389 610 exeolas

1810 660 1903 699 eas
1951 647 2089 699 sicut
2125 645 2321 713 aliquis
2354 646 2720 698 luereditatem
2762 644 2979 698 excolit.
3013 646 3075 698 Et
3111 660 3215 698 non
3258 661 3385 714 pau-

1811 750 1900 789 cas
1925 746 2112 805 gentes
2134 735 2291 797 dabo,
2308 736 2399 788 sed
2422 736 2667 786 terminos
2697 743 2847 786 terrm
2861 733 2994 785 dabo
3016 735 3389 801 possessionem

1812 834 1975 893 tuum.
2027 826 2127 878 l’er
2176 825 2423 878 terminos
2468 836 2640 890 terrtr,
2669 839 2859 876 ouines
2907 833 3092 890 gentes
3123 824 3383 890 designat.

1811 915 1926 969 Non
1954 916 2094 984 quod
2117 931 2323 977 onmes,
2359 916 2450 969 sed
2476 914 2603 984 quia
2636 913 2700 967 de
2727 912 2977 967 omnibus
3004 923 3122 964 crat
3150 912 3390 974 daturus,

1813 1015 2044 1061 testante
2090 1006 2344 1071 Apostolo
2377 1024 2389 1058 :
2428 1024 2445 1055 ι
2504 1004 2560 1057 In
2610 1004 2826 1057 nomine
2882 1002 3007 1055 Jesu
3062 1017 3219 1055 omne
3254 1014 3394 1070 genu

1810 1096 2056 1161 ﬂectatur
2088 1094 2305 1167 (Philip.
2343 1112 2406 1162 ιι,
2446 1096 2557 1163 10),
2603 1114 2621 1147 ι
2678 1095 2727 1147 id
2754 1102 2839 1147 est
2878 1091 3200 1147 omnismodi
3232 1106 3391 1160 genu.

1812 1191 1908 1245 Vel
1958 1189 2340 1243 determinatio
2392 1189 2469 1242 sie
2513 1202 2632 1241 esse
2664 1195 2887 1256 potest:
2923 1184 3067 1236 Dabo
3115 1194 3310 1253 gentes,
3343 1189 3397 1235 et

1812 1296 1918 1334 non
1942 1294 2155 1341 omnes,
2182 1278 2273 1332 sed
2299 1278 2542 1330 terminos
2566 1287 2737 1338 ιρι-ιη’,
2764 1273 2814 1327 id
2849 1282 2931 1326 est
2960 1272 3311 1325 terminautes
3340 1268 3395 1321 in

1814 1385 1873 1425 se
1899 1370 2290 1433 terrenitatem,
2320 1369 2371 1421 id
2404 1380 2486 1421 est
2514 1366 2779 1420 finientes.
2806 1364 2870 1417 Et
2898 1364 3032 1417 bene
3057 1361 3205 1431 prius
3230 1360 3399 1414 liuere-

1812 1460 2050 1523 ditatem,
2083 1468 2202 1527 post
2238 1473 2366 1512 vero
2395 1456 2527 1510 dicit
2564 1456 2641 1510 eis
2688 1453 3082 1523 possessionem.
3120 1451 3174 1504 In
3208 1451 3399 1520 primis

1817 1551 1963 1603 enim
1995 1549 2201 1603 exeolet
2229 1563 2321 1601 eos
2365 1557 2422 1599 ut
2450 1545 2844 1606 luereditatem,
2878 1550 3061 1612 postea
3105 1556 3233 1595 vero
3276 1555 3401 1609 pos-

1815 1639 2031 1703 sidebit,
2060 1641 2108 1691 id
2137 1650 2219 1692 est
2241 1637 2607 1691 dominabitur
2634 1634 2713 1688 eis
2735 1676 2749 1697 ,
2779 1634 2911 1686 dabo
2941 1641 3134 1703 gentes,
3167 1642 3220 1686 et
3243 1632 3395 1696 Sion,

180 1753 387 1807 effectum
432 1751 727 1811 deventuri,
761 1752 903 1817 quod
951 1752 1038 1806 ille
1087 1752 1178 1821 qui
1231 1751 1453 1813 habitat,
1502 1766 1605 1803 non
1657 1751 1708 1804 in

1816 1737 1869 1782 et
1904 1730 2115 1782 merito.
2166 1727 2299 1780 Nam
2330 1744 2469 1795 reges
2502 1742 2587 1777 eos
2618 1726 2669 1777 in
2700 1727 2841 1791 virga
2891 1724 3086 1791 ferrea,
3119 1724 3167 1777 id
3219 1733 3303 1777 est
3343 1724 3396 1777 in

179 1844 341 1913 impiis,
387 1842 475 1895 sed
503 1842 555 1894 in
600 1841 759 1903 aulis,
791 1843 843 1896 id
895 1851 971 1896 est
1031 1842 1082 1895 in
1137 1842 1341 1896 sanctis
1362 1841 1453 1910 qui
1502 1850 1624 1894 sunt
1657 1840 1707 1894 in

178 1934 424 1990 virtutibus
461 1933 682 1997 excelsi,
735 1934 873 1987 sicut
898 1934 1018 1988 coeli
1051 1933 1289 1986 irridebit
1316 1948 1423 1999 eos,
1455 1932 1506 1987 id
1536 1944 1614 1987 est
1657 1932 1709 1986 in

176 2024 325 2078 futuro
366 2022 552 2092 dignos
584 2022 837 2075 irrisione
880 2023 1044 2077 fuisse
1073 2023 1354 2086 ostendet;
1390 2037 1512 2076 cum
1561 2037 1706 2086 suos,

176 2113 417 2183 gloriosos,
447 2111 566 2164 illos
616 2126 743 2165 vero
770 2110 930 2166 faciet
975 2128 1236 2181 apparere
1271 2112 1527 2179 deiectos,
1553 2110 1709 2177 juxta

176 2205 279 2258 illud
308 2203 605 2257 Salomonis
634 2221 647 2256 :
683 2204 907 2258 Stabunt
941 2205 1074 2273 justi
1108 2206 1161 2257 in
1185 2221 1374 2273 magna
1417 2206 1712 2257 constantia

175 2296 385 2349 adversus
410 2312 493 2349 eos
539 2298 630 2364 qui
678 2313 733 2350 se
763 2298 1188 2366 angustiaverunt
1222 2296 1375 2365 (Sap.
1430 2312 1479 2358 v,
1524 2296 1598 2363 l).
1646 2296 1711 2350 Et

175 2401 260 2439 non
293 2385 643 2453 qualicunque
689 2386 847 2439 modo
894 2386 1159 2449 irridebit,
1213 2387 1306 2440 sed
1351 2386 1628 2449 Dominus,
1661 2387 1711 2441 i.l

174 2482 242 2527 est
283 2474 362 2527 ille
398 2474 486 2543 qni
538 2475 794 2529 Dominus
841 2484 923 2529 est
973 2477 1025 2529 in
1076 2476 1253 2537 rebus,
1303 2485 1494 2544 potens
1543 2478 1713 2532 malos

172 2563 415 2628 damnare,
448 2563 622 2632 justos
644 2565 874 2630 salvare,
902 2567 1239 2620 subsannabit
1269 2583 1375 2629 eos,
1404 2568 1453 2621 id
1484 2578 1565 2622 est
1589 2568 1713 2622 sub-

174 2653 453 2705 sannatione
479 2654 670 2723 dignos
708 2655 971 2717 ostendet,
1009 2655 1059 2708 id
1096 2663 1178 2709 est
1214 2654 1465 2710 irrisione
1495 2665 1714 2725 propter

173 2744 578 2811 indignationem.
613 2744 962 2800 Subsannare
993 2747 1135 2801 enim
1170 2757 1253 2800 est
1298 2763 1458 2802 nares
1494 2759 1714 2817 propter

173 2834 560 2900 indignationem
608 2836 951 2891 contrahere.
984 2836 1051 2888 Et
1100 2845 1224 2890 tunc
1273 2851 1395 2891 cum
1445 2837 1711 2899 irridebit,

170 2927 377 2997 loquetur
397 2928 463 2979 ad
488 2943 597 2991 eos,
620 2927 829 2982 scilicet
857 2927 922 2981 ad
952 2927 1185 2993 Judteos,
1214 2931 1268 2982 in
1293 2930 1373 2982 ira
1397 2946 1516 2991 sua,
1551 2930 1600 2982 id
1633 2939 1716 2983 est

172 3017 215 3069 in
258 3017 663 3071 comminatione
716 3018 946 3083 mortis,
1000 3034 1121 3087 qua:
1176 3019 1312 3073 solet
1364 3035 1483 3073 esse
1538 3020 1710 3072 malus

171 3109 363 3164 ell'ectus
409 3110 521 3175 irze,
571 3110 651 3165 sic
695 3109 880 3164 dicens
927 3127 942 3163 :
994 3110 1252 3164 Discedite
1300 3128 1331 3163 a
1368 3129 1445 3164 me
1494 3110 1707 3177 (Matth.

172 3217 276 3266 xxv,
302 3202 406 3269 Η),
445 3214 549 3257 etc.
578 3202 643 3255 Et
667 3212 850 3271 postea
879 3203 1224 3267 conturbabit,
1257 3204 1308 3257 id
1336 3212 1418 3257 est
1440 3204 1716 3258 damnabit

171 3306 240 3342 eos
259 3291 306 3344 in
328 3290 498 3358 furore
519 3308 635 3357 suo,
672 3292 721 3344 id
750 3301 832 3345 est
868 3292 920 3345 in
959 3302 1156 3357 morte,
1186 3308 1306 3362 quae.
1341 3294 1536 3347 dicitur
1565 3293 1715 3350 furor

170 3378 282 3443 ejus,
310 3380 358 3433 id
383 3388 461 3434 est
488 3381 744 3435 vindicta.
774 3381 1022 3437 Vindicta
1048 3383 1191 3438 enim
1226 3384 1446 3439 etl'ectus
1473 3386 1567 3440 ira:
1594 3401 1714 3441 esse

170 3468 300 3523 solet.
319 3470 405 3522 Vel
433 3470 476 3524 si
504 3470 716 3525 dicatur
738 3486 751 3523 :
772 3472 885 3526 Vox
915 3472 985 3525 ibi
1012 3472 1356 3528 elementaris
1379 3458 1484 3528 non
1512 3474 1711 3539 futura,

169 3563 255 3616 erit
279 3579 376 3616 una
403 3563 698 3631 expositio;
725 3563 967 3629 alterius,
1003 3564 1082 3618 sic
1109 3579 1123 3617 :
1156 3564 1419 3635 Loquetur
1447 3566 1515 3619 ad
1545 3583 1629 3619 eos
1658 3567 1713 3620 in

170 3653 235 3704 ira
268 3669 380 3705 sua.
414 3653 475 3706 Et
506 3654 607 3707 hoc
648 3669 754 3706 non
801 3653 1108 3719 verbaliter,
1139 3653 1233 3708 sed
1278 3654 1600 3707 conturbabit
1627 3671 1712 3708 eos

169 3744 211 3793 in
229 3743 414 3811 furore,
440 3743 492 3796 id
521 3752 606 3797 εει
628 3744 896 3808 vindicta;
927 3754 980 3798 et
1010 3760 1114 3797 non
1148 3744 1199 3798 in
1229 3743 1448 3813 injuste,
1480 3744 1572 3798 sed
1594 3760 1709 3808 suo,

170 3832 212 3884 id
246 3840 320 3886 est
337 3830 502 3899 justo.
536 3832 653 3900 Ipse
681 3834 822 3887 enim
852 3835 1111 3902 estjudex
1130 3833 1324 3901 justus.
1353 3833 1502 3901 Quod
1523 3843 1606 3889 est
1635 3834 1715 3888 di-

167 3934 272 3975 cere
301 3939 312 3974 :
346 3922 458 3989 lpsa
490 3921 769 3977 damnatio
796 3923 898 3977 erit
927 3924 1007 3977 eis
1045 3922 1232 3990 judicii
1270 3924 1486 3978 locutio.
1523 3923 1716 3993 Sequi-

170 4020 282 4063 tur:
326 4011 435 4080 Ego
484 4021 680 4077 autem,
728 4022 833 4067 etc.
869 4013 1019 4078 Quod
1068 4016 1147 4067 sic
1192 4014 1580 4068 continuatur:
1613 4014 1711 4085 Ipsi

167 4101 243 4169 qui
284 4112 606 4171 putaverunt
634 4104 733 4158 sibi
767 4105 949 4157 utilem
988 4116 1216 4157 mortem
1264 4120 1457 4170 meam,
1496 4116 1715 4160 contur-

166 4191 429 4247 babuntur.
470 4194 582 4263 Ego
629 4204 802 4247 autem
848 4210 1007 4262 quem
1038 4195 1337 4250 anniliilare
1368 4207 1711 4265 putaverunt,

167 4294 362 4353 propter
400 4286 759 4339 obedientiam
791 4287 982 4340 mortis
1017 4289 1326 4340 constitutus
1352 4305 1488 4353 sum,
1539 4290 1589 4343 id
1632 4300 1714 4344 est

1813 1818 2089 1873 inﬂexibili
2142 1817 2420 1888 regimine,
2460 1814 2509 1883 7
2541 1824 2596 1865 ιιι
2645 1829 2816 1882 neque
2846 1825 3016 1867 morte
3061 1828 3235 1882 neque
3285 1815 3396 1867 vita

1812 1920 2133 1979 separentur
2180 1926 2207 1962 a
2255 1907 2522 1961 charitate
2561 1903 2733 1975 (Rom.
2768 1921 2886 1968 vtu,
2924 1905 3035 1973 '58).
3072 1904 3137 1957 Et
3167 1913 3223 1956 ut
3261 1905 3399 1957 bene

1815 2010 2088 2069 regantur,
2122 1999 2413 2067 confringcs
2439 2014 2544 2061 eos,
2572 2009 2820 2064 tanquam
2870 2014 2957 2049 ras
3011 1995 3182 2066 ﬁguli,
3220 1996 3269 2048 id
3315 2002 3399 2048 est

1814 2092 1866 2144 in
1899 2109 1961 2145 ea
2011 2103 2163 2160 parte
2197 2091 2381 2157 inqua
2414 2098 2539 2141 sunt
2590 2087 2827 2156 fragiles,
2864 2096 2918 2140 ut
2966 2102 3059 2140 vas
3103 2087 3272 2156 tiguli,
3312 2100 3398 2141 se-

1814 2183 2049 2236 cundum
2082 2181 2211 2234 vitia
2256 2180 2481 2234 scilicet.
2528 2179 2591 2231 Et
2624 2179 2747 2247 quia
2778 2187 2955 2248 posset
3002 2179 3167 2245 (ιιιίὲτί
3206 2190 3395 2245 quare,

1813 2282 2035 2343 propter
2080 2272 2267 2325 mortis
2298 2272 2683 2333 obedientiam,
2713 2280 2900 2339 gentes
2943 2271 2990 2323 ei
3035 2270 3104 2323 sit
3136 2270 3395 2331 daturus;

1815 2380 1936 2418 eum
1982 2363 2109 2416 nulli
2146 2363 2553 2431 prophetarum,
2605 2371 2825 2430 propter
2854 2376 2974 2412 eum
3023 2357 3391 2423 morientium,

1815 2456 1957 2509 istud
1981 2454 2206 2508 dederit.
2235 2455 2433 2519 Quare,
2478 2453 2577 2505 hoc
2606 2451 2925 2520 exponendo
2954 2449 3236 2520 pra-mittit
3267 2448 3345 2501 sic
3377 2464 3389 2499 :

1820 2544 1967 2597 Dabo
2010 2544 2102 2596 tibi
2132 2542 2229 2596 soli
2270 2553 2463 2611 gentes,
2491 2558 2614 2594 nam
2645 2552 2698 2593 tu
2732 2558 2784 2594 es
2812 2540 2982 2593 Filius
3009 2557 3172 2603 meus,
3208 2548 3262 2592 et
3291 2551 3398 2590 non

1817 2633 2109 2686 carnaliter
2134 2633 2348 2701 genitus
2378 2645 2552 2698 neque
2580 2629 2965 2699 temporaliter,
2991 2631 3082 2683 sed
3126 2646 3217 2698 ego
3243 2630 3400 2697 genui

1818 2735 1865 2778 te
1894 2724 2066 2788 hodie,
2104 2724 2156 2776 id
2202 2732 2284 2776 est
2332 2722 2741 2792 perpetualiter.
2778 2721 2845 2775 Et
2886 2723 3023 2776 bene
3068 2722 3197 2775 dicit
3224 2722 3397 2786 hodie,

1816 2832 1939 2869 nam
1969 2816 2019 2867 in
2062 2815 2341 2866 divinitate
2373 2830 2475 2865 non
2504 2825 2576 2865 est
2615 2814 2984 2866 transmutatio
3016 2830 3106 2866 nec
3138 2814 3399 2866 vicissitu-

1816 2905 1952 2956 dinis
1986 2902 2312 2955 obuntbratio
2363 2900 2500 2971 (Jac.
2532 2917 2571 2963 ι,
2608 2900 2714 2971 17).
2758 2901 2865 2955 Sed
2900 2903 2967 2955 ibi
2996 2901 3171 2964 hodie,
3212 2901 3261 2954 id
3315 2910 3401 2955 est

1820 2994 2155 3049 immutabile
2187 3008 2444 3064 pra-scus.
2478 2993 2541 3045 Et
2568 2992 2704 3047 bene
2732 2993 2860 3046 dicit
2893 2994 3065 3062 genui,
3100 2992 3239 3061 quod
3276 3008 3398 3062 per-

1816 3085 2013 3138 fectum
2048 3095 2256 3154 tempus
2286 3092 2389 3148 est,
2420 3100 2486 3136 ne
2520 3086 2644 3153 quia
2678 3083 2887 3136 dixerat
2917 3084 3091 3147 ltodie,
3125 3083 3399 3136 videretur

1815 3193 1958 3231 nunc
2010 3177 2265 3244 incipere.
2324 3174 2567 3229 Perfecte
2616 3174 2759 3227 enim
2810 3176 3021 3243 genitus
3068 3184 3170 3229 est.
3230 3174 3397 3239 Quasi

1818 3269 1959 3323 dicat
1992 3287 2004 3323 :
2037 3267 2115 3321 Tu
2141 3283 2199 3322 es
2225 3266 2391 3322 Filius
2424 3283 2575 3321 meus
2599 3265 3093 3321 consubstantialis.

1884 3404 2266 3458 Demonstrato
2290 3418 2347 3457 se
2369 3418 2551 3473 regem
2573 3417 2692 3457 esse
2711 3417 2776 3456 ex
2800 3410 3023 3472 paterna
3052 3403 3397 3470 auctoritate,

1814 3493 1943 3548 facit
1975 3495 2359 3563 apostropham
2390 3494 2457 3548 ad
2500 3493 2618 3547 illos
2646 3509 2874 3561 quorum
2925 3510 3017 3549 rex
3066 3503 3170 3558 est,
3201 3495 3399 3549 adhor-

1816 3592 1936 3638 tans
1987 3584 2106 3639 illos
2150 3593 2203 3638 et
2251 3585 2528 3638 instruens
2558 3584 2635 3638 sic
2664 3600 2677 3636 :
2718 3584 2782 3637 Et
2814 3586 3024 3652 quando
3053 3585 3268 3653 quidem
3303 3600 3398 3640 rex

1812 3685 1993 3730 vester
2027 3692 2169 3740 sum,
2218 3691 2315 3730 vos
2364 3676 2516 3746 prius
2553 3675 2693 3730 servi
2742 3677 2972 3744 peccati,
3022 3692 3167 3731 nunc
3215 3687 3395 3732 autem

1814 3781 1968 3837 reges
1993 3766 2201 3832 eﬂ‘ecti;
2241 3767 2370 3821 mihi
2400 3768 2544 3821 enim
2568 3767 2771 3821 servire
2816 3782 3043 3837 regnare
3074 3780 3177 3834 est,
3204 3770 3398 3824 intelli-

1813 3856 1933 3923 gite.
1974 3855 2042 3907 Et
2072 3870 2165 3909 vos
2203 3856 2293 3923 qui
2328 3856 2627 3926 intelligere
2664 3872 2768 3910 non
2800 3858 3046 3924 potestis,
3092 3858 3395 3930 intelligere

1816 3962 2047 4015 namque
2087 3946 2450 4015 perfectornm
2509 3956 2616 4011 est,
2667 3948 2948 4001 erudimini
2990 3964 3021 4001 a
3060 3950 3394 4005 doctoribus.

1815 4036 1879 4090 Et
1906 4038 2126 4106 exponit
2162 4054 2297 4105 quos
2321 4047 2479 4092 vocet
2506 4055 2667 4107 reges,
2697 4041 2775 4094 sic
2808 4058 2819 4092 :
2852 4038 2959 4095 Vos
2983 4057 3124 4110 reges
3153 4043 3273 4097 dico
3305 4044 3396 4111 qui

1807 4128 2082 4196 judicatis,
2110 4129 2159 4182 id
2183 4138 2265 4182 est
2288 4128 2560 4183 damnatis
2587 4131 2639 4183 in
2670 4131 2822 4185 vobis
2848 4146 2946 4200 per
2975 4131 3392 4200 confessionem,

1814 4230 2028 4280 terram,
2050 4219 2101 4273 id
2124 4220 2607 4283 estterrenitatem,
2638 4220 2761 4275 dico
2788 4220 3062 4290 intelligite
3088 4222 3392 4290 erudimini,

1813 4320 1867 4362 et
1896 4310 1973 4361 sic
2004 4312 2184 4364 servile
2226 4310 2472 4373 Domino,
2511 4319 2565 4365 ει
2611 4326 2716 4364 non
2761 4312 3127 4380 negligenter;
3171 4334 3189 4364 ι
3222 4316 3395 4370 male-

166 4388 261 4436 ero,
292 4391 381 4427 rex
408 4375 470 4427 ab
498 4392 556 4428 eo
585 4392 740 4442 super
762 4374 913 4441 Sion,
946 4377 995 4430 id
1024 4387 1106 4430 est
1142 4393 1301 4446 super
1323 4376 1555 4440 Judzeos,
1595 4380 1712 4433 illos

1817 4400 1994 4452 dictus
2056 4400 2199 4453 enim
2252 4400 2343 4467 qui
2413 4399 2545 4453 facit
2602 4415 2737 4468 opus
2787 4374 2995 4454 Doniiui
3028 4374 3395 4459 fraudulenter

165 4464 343 4519 scilicet
365 4466 453 4534 qui
480 4474 606 4520 sunt
629 4466 774 4532 Sion,
805 4467 857 4520 id
888 4477 968 4520 est
992 4468 1314 4536 speculantes
1336 4478 1557 4524 reterna.
1583 4468 1713 4524 Sion

165 4554 265 4609 dico
297 4556 615 4631 existentem
666 4566 911 4623 montem,
948 4558 999 4611 id
1044 4568 1129 4612 est
1162 4559 1252 4626 qui
1300 4574 1394 4629 per
1425 4559 1527 4614 hoc
1570 4559 1713 4628 quod

163 4655 270 4700 sunt
309 4662 481 4714 mons,
516 4647 723 4703 scilicet
774 4648 925 4702 Sion.
975 4650 1041 4703 Et
1089 4632 1309 4718 exponit
1359 4651 1409 4704 in
1442 4667 1548 4719 quo
1588 4660 1714 4705 sunt

164 4754 316 4794 mons.
346 4739 461 4794 Non
516 4740 570 4795 in
618 4742 880 4810 nequitia,
913 4744 1006 4797 sed
1057 4744 1109 4796 in
1153 4745 1466 4809 sanctitate;
1513 4757 1565 4798 et
1614 4746 1714 4800 boc

164 4844 242 4893 per
279 4846 420 4896 eum,
448 4846 554 4886 non
585 4847 681 4901 per
707 4848 785 4887 se.
816 4833 881 4886 Et
909 4833 1011 4888 boe
1035 4846 1118 4888 cst
1145 4836 1286 4903 quod
1318 4836 1448 4887 dicit
1489 4844 1713 4887 montem

164 4932 376 4974 sanctum
404 4922 540 4991 ejus.
570 4923 636 4976 Et
669 4939 766 4992 per
794 4924 894 4979 hoc
919 4935 1081 4979 erunt
1108 4941 1264 4980 muns
1292 4926 1433 4994 quod
1478 4940 1575 4995 ego
1622 4940 1715 4979 ero

166 5011 232 5063 eis
273 5014 562 5080 pradicans
593 5026 906 5083 prtrceptum
936 5016 1069 5085 ejus.
1112 5016 1179 5070 Et
1223 5032 1327 5071 non
1366 5016 1535 5070 solum
1564 5033 1717 5085 super

167 5098 276 5157 Sion
298 5107 614 5171 constituar,
638 5108 732 5161 sed
758 5109 917 5162 etiam
959 5125 1122 5179 super
1154 5120 1360 5181 gentes.
1394 5111 1460 5163 Et
1483 5110 1725 5165 ostendit

168 5208 247 5260 per
282 5199 657 5253 auctoritatem
694 5200 772 5253 sic
804 5219 816 5253 :
850 5200 981 5254 Nam
1026 5202 1301 5265 Dominus,
1334 5205 1382 5256 id
1423 5213 1506 5259 est
1534 5206 1712 5271 Pater,

169 5285 245 5351 qui
273 5286 527 5342 Dominus
555 5297 639 5343 est
664 5289 716 5342 in
745 5289 923 5355 rebus,
956 5300 1010 5344 et
1033 5303 1220 5359 potens
1245 5302 1326 5347 est
1366 5294 1495 5348 mihi
1525 5306 1716 5350 cuncta

170 5374 453 5447 subjugare,
482 5380 639 5444 dixit,
673 5381 721 5434 id
746 5391 827 5435 est
862 5384 1142 5437 constituit
1173 5385 1222 5436 in
1249 5387 1609 5453 providentia,
1647 5388 1716 5440 ad

170 5478 252 5526 me,
282 5468 430 5524 idest
455 5469 584 5534 tale,
616 5471 871 5539 quidquid
900 5474 967 5526 ad
994 5487 1079 5526 me
1106 5476 1358 5542 pertinet.

228 5555 285 5609 Et
306 5562 520 5628 exponit
552 5562 680 5630 quid
707 5562 900 5616 dixerit
929 5579 942 5615 :
982 5561 1196 5617 Postulo
1231 5582 1261 5616 a
1287 5580 1387 5629 me,
1412 5564 1465 5619 id
1494 5574 1578 5620 est
1600 5574 1716 5621 esto

175 5647 283 5702 mihi
306 5651 560 5707 obcdicus
614 5668 782 5724 usque
828 5655 895 5711 ad
920 5664 1164 5712 mortem.
1202 5655 1267 5711 Et
1291 5672 1390 5727 per
1417 5657 1563 5716 illam
1586 5657 1715 5714 obe-

1817 4488 1951 4557 (Jer.
1994 4503 2182 4551 vam,
2212 4489 2322 4558 10),
2380 4508 2399 4539 ι
2446 4489 2540 4542 sed
2572 4491 2625 4542 in
2674 4492 2860 4544 timore
2897 4508 2911 4544 :
2951 4508 2969 4541 ι
3002 4491 3214 4548 Initium
3246 4497 3392 4550 enim

1815 4578 2091 4645 sapientiae
2140 4578 2303 4633 timor
2336 4578 2548 4633 Domini
2599 4564 2779 4648 (Prov.
2828 4595 2867 4645 ι,
2901 4581 2975 4651 7).
3015 4600 3034 4634 ι
3086 4584 3152 4638 Ει
3186 4601 3291 4640 non
3338 4588 3392 4642 in

1815 4668 1996 4722 servili
2027 4669 2234 4732 timore,
2267 4670 2361 4723 sed
2397 4668 2655 4723 exsultate
2679 4672 2750 4735 ei,
2779 4671 2831 4724 id
2858 4680 2943 4725 est
2979 4673 3295 4731 exsultando
3338 4687 3394 4732 et

1819 4755 2056 4809 timendo
2098 4758 2283 4810 seroite
2330 4757 2400 4811 ei.
2434 4756 2600 4823 Quasi
2640 4758 2787 4814 dicat
2818 4778 2831 4813 :
2863 4760 3026 4816 Casto
3057 4763 3250 4820 timore
3278 4780 3391 4821 ser-

1815 4846 1924 4899 vite
1951 4845 2021 4909 ei,
2052 4854 2106 4900 et
2146 4846 2224 4900 sic
2245 4846 2533 4910 exsultate,
2575 4864 2643 4901 ne
2671 4848 3030 4917 insolescatis,
3060 4853 3152 4907 sed
3181 4869 3393 4924 semper

1817 4935 1936 4988 sitis
1966 4936 2018 4988 in
2043 4944 2292 4999 tremore,
2323 4943 2382 4991 ut
2408 4957 2425 4987 ι
2459 4937 2549 5005 qui
2571 4946 2677 4991 stat
2704 4939 2883 4994 videat
2908 4956 2974 4995 ne
2994 4943 3151 4996 cadat
3194 4942 3242 5013 (Ι
3268 4943 3388 4998 Cor.

1819 5043 1872 5090 χ,
1908 5026 2017 5093 12).
2056 5044 2075 5076 ι
2100 5025 2165 5080 Ει
2191 5025 2237 5080 si
2264 5025 2316 5079 in
2348 5028 2631 5099 serviendo
2662 5027 2886 5084 Domino
2916 5034 3213 5085 occurrerit
3240 5034 3391 5087 vobis

1818 5115 2125 5186 disciplina,
2158 5117 2209 5170 id
2250 5126 2332 5171 est
2378 5119 2676 5186 tribulatio,
2711 5136 2831 5190 qua:
2873 5132 2955 5177 est
3000 5124 3301 5190 disciplina,
3336 5125 3390 5178 id

1818 5215 1902 5260 est
1941 5206 2204 5261 correctio
2234 5206 2382 5276 ejus,
2414 5209 2783 5276 apprehendite
2825 5212 2995 5277 ipsam
3034 5210 3388 5279 disciplinam,

1819 5295 1871 5350 id
1910 5305 1993 5365 est
2015 5312 2119 5350 non
2149 5297 2319 5359 inviti,
2355 5298 2450 5353 sed
2476 5298 2707 5353 libenter
2736 5316 2855 5354 eam
2880 5300 3161 5367 suscipite.
3192 5300 3389 5367 Appre-

1819 5390 2057 5444 bendere
2102 5390 2246 5443 enim
2296 5389 2524 5444 libenter
2568 5406 2761 5457 capere
2802 5401 2904 5445 est.
2952 5391 3019 5444 Et
3061 5406 3155 5444 vos
3189 5390 3388 5444 intelli-

1817 5489 2021 5549 gentes,
2051 5481 2151 5534 boc
2180 5480 2342 5535 facite
2360 5481 2556 5549 duplici
2585 5495 2770 5543 causa,
2802 5497 2884 5543 ne,
2918 5482 2961 5535 si
2996 5497 3099 5533 non
3139 5479 3388 5534 servieri-

1820 5573 1907 5636 tis,
1933 5580 1989 5625 et
2018 5588 2123 5626 non
2152 5571 2633 5642 apprelicnderitis,
2662 5573 2898 5638 quando,
2925 5572 2975 5625 id
3000 5580 3082 5624 est
3103 5569 3389 5638 aliquando

1818 5663 2078 5717 irascatur
2104 5663 2380 5726 Dominus,
2422 5660 2572 5729 quasi
2606 5660 2746 5715 dicat
2784 5679 2795 5713 :
2828 5661 2942 5717 Non
2976 5660 3167 5714 timore
3194 5672 3387 5728 preme.
