3864 6320
436 322 538 378 61⁸7

995 315 1052 372 S.
1091 313 1438 372 BRUNONIS
1477 305 2124 370 CARTHUSIANORUM
2165 304 2653 365 INS'I’ITUTORIS
2683 305 2830 365 OPP.
2873 305 3055 361 PARS
3097 304 3138 358 Ι.
3585 308 3666 363 648

435 435 576 490 sicut
621 430 764 486 servi
809 426 1062 494 dominis,
1112 426 1206 481 sed
1244 425 1366 480 ideo
1408 439 1475 478 ne
1509 423 1819 478 offendatur
1854 420 2017 482 Deus,
2049 423 2096 481 Α
2129 417 2251 472 mici
2302 419 2430 483 mei,
2463 417 2786 472 tribulantes
2825 430 2913 471 me
2950 413 3287 486 Operatione.
3324 414 3560 480 consilio,
3594 427 3668 473 vo‘.

434 524 577 580 sicut
620 519 765 575 ﬁlius
795 534 900 573 non
935 517 1131 572 timore
1175 530 1352 586 paena!
1382 516 1552 570 servit
1598 513 1762 584 patri,
1812 511 1905 565 sed
1958 524 2026 563 ne

437 613 540 685 ipsi
574 611 878 681 displiceat.
921 609 989 663 Et
1033 609 1153 663 ideo
1205 608 1390 662 servite
1437 616 1487 660 et
1535 603 1919 676 apprehendite,
1964 617 2028 656 ne

435 703 663 774 pereatis
694 703 758 756 dc
793 703 874 754 via
889 699 1060 766 justa.
1091 698 1242 766 Quod
1267 707 1347 752 est
1383 697 1566 750 dicere
1597 713 1608 748 :
1639 693 1716 749 Ne
1745 701 1934 762 pereat
1973 691 2026 745 in

437 793 595 849 vobis
637 790 850 862 iustitia
905 805 1027 857 quae
1072 797 1156 843 est
1198 787 1284 842 via
1336 803 1434 856 per
1489 801 1650 856 quam
1694 784 1910 838 venitur
1959 783 2028 836 ad

436 886 632 941 vitam.
665 882 829 950 Quasi
875 882 1020 935 dicat
1052 898 1064 933 :
1096 880 1172 934 Ne
1201 879 1442 949 perdatis
1480 877 1774 947 justitiam,
1810 885 1865 929 et
1907 889 2026 938 vos,

439 977 745 1037 erudimini,
773 975 865 1044 qui
891 989 994 1027 non
1025 974 1155 1028 estis
1187 973 1320 1025 adeo
1350 970 1574 1041 perfecti
1605 978 1662 1022 ut
1695 969 1780 1023 his
1803 969 1868 1023 de
1903 982 2030 1022 cau-

441 1072 519 1123 sis
543 1067 792 1122 servialis
822 1075 877 1120 et
909 1063 1351 1136 apprehendatis,
1379 1063 1561 1116 servile
1580 1070 1627 1114 et
1660 1059 2030 1131 apprehendite

439 1160 544 1214 hac
596 1175 794 1222 causa;
849 1173 972 1212 nam
1019 1155 1162 1210 beati
1197 1163 1358 1210 erunt
1400 1154 1492 1224 qui
1540 1154 1678 1209 bene
1727 1152 2028 1207 servientes

442 1252 718 1307 conﬁdunt
771 1253 822 1304 in
857 1265 944 1306 eo.
975 1247 1108 1302 Nam
1160 1248 1211 1302 in
1245 1262 1349 1301 non
1399 1245 1761 1301 servientibus
1792 1260 1900 1298 non
1945 1251 2031 1298 est

443 1335 794 1406 conﬁdentia,
826 1343 918 1397 sed
946 1340 1314 1413 pratsumptio.
1341 1339 1406 1392 Et
1431 1354 1529 1408 per
1551 1338 1654 1392 hoc
1682 1337 1823 1407 quod
1855 1335 1984 1390 dicit
2013 1351 2027 1388 :

443 1437 592 1491 Beati
621 1438 707 1508 qui
736 1435 1005 1504 conﬁdunt
1035 1435 1086 1487 in
1116 1450 1198 1497 eo,
1231 1433 1390 1485 datur
1413 1430 1702 1500 intelligi‘e
1731 1427 2029 1491 contrario,

443 1545 544 1599 per
571 1529 954 1599 aposiopesim,
986 1526 1129 1596 quod
1174 1513 1356 1579 miseri
1387 1538 1578 1578 omnes
1615 1522 1704 1592 qui
1755 1536 1859 1574 non
1905 1536 2033 1574 con-

445 1621 637 1676 fidunt.
673 1620 736 1674 Et
781 1617 1056 1673 beatitudo
1086 1617 1171 1671 illa
1199 1625 1253 1670 ct
1288 1614 1518 1670 felicitas
1553 1614 1641 1667 illa
1676 1613 2031 1683 apparebunt,

445 1727 568 1766 cum
594 1713 696 1771 ira.
723 1709 774 1763 id
803 1718 889 1763 est
916 1708 1151 1763 vindicta
1184 1706 1296 1776 ejus
1329 1706 1606 1759 exarserit.
1637 1704 1703 1758 Et
1749 1704 1851 1757 hoc
1891 1701 2032 1754 futu-

445 1816 566 1854 runt
601 1810 684 1854 est
711 1801 763 1853 in
798 1799 937 1852 brevi
967 1809 1228 1866 tempore.
1255 1795 1399 1850 Bene
1432 1795 1560 1849 dicit
1582 1793 1853 1846 exarserit.
1883 1791 2034 1846 Nunc

446 1893 589 1948 enim
622 1892 777 1944 ardet
824 1888 1120 1944 secundum
1171 1887 1364 1941 anima:
1412 1885 1853 1948 excaecationem,
1907 1893 2034 1938 tunc

446 1999 576 2039 vero
618 1990 771 2036 extra
813 1979 1042 2043 ardebit,
1073 1977 1126 2032 id
1158 1987 1244 2032 est
1268 1977 1388 2047 plus
1439 1976 1668 2040 ardebit,
1709 1973 1761 2028 in
1791 1973 2034 2044 corporis

447 2075 656 2130 scilicet
681 2081 736 2128 et
762 2070 957 2125 anima:
985 2069 1408 2123 damnationem.

965 2161 1032 2215 IN
1072 2158 1400 2215 PSALMUM
1438 2159 1522 2212 111.

519 2252 730 2308 Titulus
775 2251 918 2305 tertii
972 2250 1182 2320 psalmi,
1220 2246 1462 2300 Psalnms
1511 2246 1699 2310 David,
1733 2262 1849 2299 cum
1889 2240 2038 2315 fuge-

449 2354 526 2397 r'et
564 2360 596 2396 α
623 2342 756 2410 facie
784 2339 1011 2393 Absalon
1042 2339 1140 2408 {iiii
1169 2339 1272 2392 sui.
1316 2337 1413 2391 llic
1444 2335 1629 2390 titulus
1661 2335 1817 2404 hujus
1846 2335 2036 2404 pSahni

455 2431 622 2497 tertii,
661 2439 717 2485 et
741 2429 1037 2484 secundum
1063 2427 1304 2480 historia:
1326 2425 1728 2480 denotationcm
1757 2433 1810 2477 et
1838 2439 2034 2477 secun-

451 2523 580 2576 dum
628 2521 778 2576 vocis
827 2517 1369 2588 interpretationem,
1431 2515 1788 2569 intentionem
1843 2513 2037 2583 psalmi

451 2611 732 2682 exprimit.
759 2609 913 2678 Quod
935 2609 1078 2665 enim
1114 2607 1277 2660 David
1308 2621 1337 2659 a
1365 2605 1472 2659 lilio
1499 2605 1695 2660 dicitur
1720 2612 2039 2673 persecutus

457 2704 645 2768 fuisse,
676 2698 1021 2772 signiﬁcabat
1067 2697 1344 2752 Christum
1389 2711 1420 2749 a
1471 2693 1737 2764 discipulo
1783 2709 1904 2756 suo,
1947 2691 2040 2762 qui

456 2795 598 2849 lilins
627 2795 745 2864 ejus
775 2800 891 2847 erat
923 2789 1193 2860 specialis,
1229 2788 1658 2859 persequendum
1693 2786 1827 2841 fore.
1864 2786 2040 2841 Absa-

457 2881 545 2941 Iun
569 2896 749 2942 autem
779 2884 948 2939 David
977 2883 1136 2947 ﬁlius,
1160 2880 1327 2952 patris
1355 2894 1461 2949 pax
1490 2879 1897 2948 interpretatur.
1926 2875 2041 2931 Non

457 2979 599 3047 quod
627 2993 751 3048 erga
775 2983 984 3047 patrem
1009 2988 1200 3044 pacem
1233 2971 1481 3036 haberet,
1507 2971 1600 3025 sed
1629 2969 1755 3039 quia
1775 2985 1896 3024 eum
1920 2985 2040 3023 eum

2130 508 2376 564 luntate?
2427 508 2766 580 Multiplicati
2821 514 2984 562 erunt
3028 507 3165 560 adeo
3223 507 3363 574 quod
3415 507 3671 577 discipulus

2131 613 2284 652 meus
2339 584 2418 652 eis
2465 596 2812 666 adjungatur.
2863 594 3021 651 Sicut
3071 594 3199 650 alibi
3247 595 3420 650 dicit:
3468 616 3484 647 ι
3535 595 3670 654 Tam

2130 691 2360 759 pingues
2383 689 2714 744 obsederunt
2739 703 2824 743 me
2853 688 3029 760 (Psal.
3068 703 3182 754 XXI,
3221 685 3331 758 l5).
3371 705 3390 739 ι
3433 687 3670 758 Sequitur.

2131 788 2183 834 et
2214 797 2278 835 ex
2325 780 2456 850 ipsis
2505 780 2890 835 trilmlantibus
2927 797 2941 834 :
2985 778 3142 833 Multi
3186 780 3482 849 insurgunt,
3527 781 3574 834 id
3611 792 3674 838 est

2135 871 2718 941 insurgent-adversum
2751 887 2833 925 me
2854 870 3231 935 accusatione,
3263 871 3404 924 sicut
3439 870 3490 924 in
3527 871 3673 927 Evan-

2134 963 2273 1034 gelio
2323 963 2520 1032 legitur
2573 981 2586 1016 :
2646 982 2664 1014 ι
2730 963 2794 1016 Ει
2851 963 3179 1017 accusabant
3239 977 3363 1016 eum
3423 962 3476 1016 in
3525 965 3674 1022 multis

2135 1051 2328 1124 (Marc.
2365 1068 2456 1119 xv,
2499 1052 2579 1124 5).
2630 1071 2649 1105 ι
2707 1052 2774 1106 Ει
2810 1067 2879 1107 ex
2930 1052 3061 1122 ipsis
3112 1049 3494 1107 tribulantibus
3539 1054 3671 1110 etiam

2133 1146 2284 1200 multi
2317 1147 2510 1200 anima:
2548 1163 2696 1210 mete,
2739 1155 3002 1216 quantum
3044 1146 3095 1199 in
3127 1161 3185 1200 se
3222 1144 3398 1198 nocivi
3428 1146 3610 1207 dicunt,
3634 1147 3675 1200 id

2134 1251 2217 1298 est
2241 1242 2422 1297 dicent
2451 1255 2466 1295 :
2507 1260 2526 1293 ι
2562 1240 2776 1304 Venite,
2807 1240 3118 1295 occidamus
3159 1253 3282 1293 eum
3312 1236 3461 1308 (Sap.
3492 1253 3548 1302 ιι,
3589 1239 3674 1304 ill);

2135 1334 2258 1402 quia
2288 1349 2395 1388 non
2435 1343 2519 1388 est
2545 1332 2694 1387 salus
2721 1332 2823 1401 ipsi
2852 1332 2906 1387 in
2941 1331 3051 1386 Deo
3080 1331 3217 1398 ejus.
3259 1349 3278 1381 ι
3322 1328 3470 1394 Quod
3506 1338 3580 1382 est
3617 1330 3678 1383 tli-

2135 1441 2260 1482 cere
2291 1441 2306 1480 :
2336 1427 2656 1482 Creatorem
2697 1424 2831 1479 facit
2865 1423 3032 1478 Deum
3073 1432 3124 1475 et
3163 1431 3374 1492 patrem
3409 1423 3679 1486 suum;sed

2135 1521 2250 1590 ipse
2300 1520 2589 1589 dereliquit
2639 1533 2785 1583 eum,
2839 1518 2977 1573 sicut
3017 1515 3144 1571 alibi
3191 1515 3391 1570 dicitur
3421 1533 3435 1569 :
3470 1534 3486 1565 ‹
3519 1513 3678 1571 Filium

2137 1613 2233 1666 Dei
2259 1627 2317 1667 se
2345 1613 2610 1666 nominat.
2647 1609 2859 1678 Venite,
2889 1610 3259 1680 opprimamus
3285 1625 3432 1674 eum,
3455 1609 3567 1678 quia
3594 1625 3681 1666 non

2136 1711 2220 1757 est
2251 1703 2342 1772 qui
2374 1703 2566 1758 liberet
2602 1717 2726 1757 eum
2770 1703 2945 1772 (ibid.,
2978 1703 3054 1772 5).
3095 1721 3114 1753 ι
3165 1701 3450 1756 Praemissa
3488 1703 3685 1758 admira-

2072 1769 2110 1822 Β
2141 1769 2287 1850 tione
2322 1810 2486 1865 quam
2523 1795 2718 1864 aliquis
2748 1769 2928 1865 posset
2967 1769 3192 1858 habere,
3223 1795 3290 1847 ad
3329 1794 3684 1850 ostendendum

2137 1886 2404 1956 passionis
2432 1901 2543 1940 sum
2575 1885 2807 1941 fructum
2840 1885 3066 1950 accedit,
3111 1901 3234 1940 cum
3278 1886 3409 1939 dicit
3445 1901 3460 1939 :
3489 1887 3580 1956 lpsi
3611 1890 3686 1943 tri-

2137 1976 2325 2030 bulant
2358 1991 2446 2032 me
2491 1985 2686 2043 morte,
2718 1985 2774 2032 et
2808 1975 3130 2032 multimoda
3156 1977 3431 2031 anxietate
3462 1995 3474 2030 :
3513 1975 3582 2030 Tu
3605 1996 3687 2031 au-

2137 2077 2259 2131 tem,
2301 2067 2543 2133 Domine,
2574 2069 2664 2138 qui
2692 2076 2886 2138 potens
2921 2082 2981 2122 es
3017 2067 3087 2122 ad
3123 2067 3561 2131 succurrendum,
3585 2081 3688 2124 cum

2139 2159 2214 2213 sis
2237 2159 2496 2213 Dominus
2522 2159 2789 2224 omnium,
2815 2176 2888 2223 es,
2915 2160 2966 2213 id
2989 2169 3072 2214 est
3091 2160 3227 2224 eris,
3276 2169 3535 2226 susceptor
3553 2176 3689 2222 meus,

2142 2247 2299 2302 id'est
2335 2248 2578 2303 medicus
2614 2256 2670 2303 et
2708 2257 2990 2318 patronus,
3021 2249 3373 2304 resuscitabis
3408 2265 3507 2301 me.
3546 2249 3692 2302 Susci—'

2139 2353 2270 2408 pere
2311 2339 2457 2393 enim
2496 2340 2834 2394 medicorum
2876 2348 2978 2404 est,
3008 2350 3066 2394 ut
3101 2355 3276 2410 :egros
3317 2351 3522 2402 sanent,
3551 2351 3696 2410 etpa-

2147 2441 2445 2493 tronorum,
2498 2441 2555 2486 ut
2596 2432 3010 2500 patrocinentur
3053 2431 3352 2502 oppressis.
3397 2431 3462 2484 Et
3504 2433 3590 2501 ipsi
3628 2431 3695 2486 di-

2143 2533 2271 2578 cunt
2301 2541 2314 2577 :
2344 2523 2464 2578 Non
2495 2535 2568 2579 est
2609 2524 2753 2578 salus
2805 2526 2926 2593 ipsi.
2980 2524 3060 2578 Tu
3095 2539 3223 2580 vero
3274 2538 3380 2577 non
3408 2523 3568 2577 solum
3604 2524 3695 2577 eris

2144 2614 2296 2669 salus
2345 2615 2780 2679 resurrectionis,
2810 2615 2905 2669 sed
2931 2614 3101 2684 gloria
3143 2630 3283 2679 mea,
3322 2613 3375 2666 id
3418 2622 3494 2666 est
3523 2612 3696 2667 faciens

2144 2719 2230 2758 me
2255 2703 2547 2774 gloriosum
2587 2705 2940 2769 Ascensione,
2980 2713 3034 2759 et
3067 2705 3233 2758 totius
3262 2703 3446 2758 mundi
3484 2703 3695 2771 imperio.

2141 2796 2210 2851 Et
2250 2796 2351 2864 ipsi
2395 2796 2669 2866 insurgunt
2707 2805 3030 2852 accusantes
3071 2805 3126 2850 et
3166 2797 3508 2850 detrahentes
3541 2808 3588 2849 et
3618 2795 3697 2850 de-

2145 2888 2467 2957 primentes,
2497 2888 2743 2943 dicentes
2787 2904 2874 2944 me
2907 2889 3269 2944 seductorem.
3319 2887 3398 2941 Tu
3443 2902 3562 2942 vero
3583 2887 3701 2942 exal-

2147 2990 2264 3034 tans
2289 2989 2443 3049 caput
2470 2997 2664 3045 meum,
2696 2981 2747 3035 id
2773 2990 2858 3036 est
2887 2992 3121 3036 mentem
3149 2995 3325 3036 meam
3363 2981 3636 3034 virtutibus
3657 2988 3702 3033 et

459 3068 908 3140 persequebatur,
940 3075 1092 3137 pater
1118 3080 1245 3134 erga
1273 3078 1397 3118 eum
1422 3077 1610 3132 pacem
1637 3077 1851 3132 semper
1873 3061 2037 3116 habe-
2073 3105 2118 3166 Ο
2151 3069 2495 3123 immunitate
2518 3071 2748 3140 peccati.
2775 3071 2950 3140 Caput
2972 3071 3502 3141 diciturmens,quia
3521 3071 3704 3140 dignior

460 3162 571 3214 bat.
603 3161 678 3214 ita
709 3168 764 3214 et
799 3160 1048 3213 Christus
1077 3173 1200 3212 cum
1233 3171 1260 3209 a
1285 3154 1422 3209 Juda
1455 3155 1564 3210 lilio
1594 3169 1692 3209 suo
1719 3155 2042 3220 traderetur,

464 3267 651 3322 pacem
699 3265 828 3320 erga
883 3267 1006 3305 eum
1056 3249 1283 3312 habens,
1332 3246 1578 3302 osculum
1619 3247 1784 3300 etiam
1838 3247 1887 3302 ei
1941 3262 2047 3301 non

464 3342 774 3412 denegavit.
809 3341 962 3396 Sicut
995 3349 1175 3394 autem
1215 3339 1302 3393 ille
1336 3355 1433 3409 pro
1463 3338 1704 3409 nequitia
1735 3338 1896 3408 periit
1925 3354 2046 3394 sus-

461 3435 682 3506 pendio,
711 3434 791 3490 sic
841 3442 897 3488 et
936 3431 1104 3488 ludas
1138 3432 1299 3502 periit
1339 3446 1438 3500 pro
1462 3431 1790 3485 venditionis
1820 3429 2046 3500 ﬂagitio.

465 3527 532 3586 Bt
562 3527 700 3582 bene
731 3526 946 3580 titulum
997 3526 1142 3580 hunc
1195 3534 1320 3578 ante
1363 3523 1576 3578 titulum
1630 3523 1878 3578 Miserere
1925 3525 2047 3590 mei,

464 3619 609 3672 Deus
637 3615 811 3687 (Psal.
840 3618 916 3683 ι),
948 3617 1150 3687 posuit,
1177 3617 1266 3686 qui
1296 3616 1418 3672 talis
1447 3626 1529 3670 est
1559 3633 1571 3669 :
1605 3615 1850 3670 Psalmus
1882 3615 2050 3671 David

465 3727 584 3764 cum
627 3711 836 3764 intravit
890 3711 958 3763 ad
1009 3708 1304 3765 Betltsabet.
1343 3711 1398 3765 In
1445 3712 1546 3766 hoc
1575 3713 1772 3782 quippe
1809 3712 2054 3767 innuitur

471 3816 578 3856 non
604 3803 671 3854 ad
699 3801 982 3856 historiam
1008 3802 1272 3872 psalmum
1302 3804 1460 3857 istum
1485 3803 1886 3875 intelligendum
1910 3819 2048 3860 esse.

470 3894 530 3948 Si
570 3895 628 3964 8
670 3895 812 3948 enim
859 3896 924 3947 ad
955 3895 1236 3949 historiam
1265 3904 1408 3951 esset
1436 3896 1834 3965 accipiendum,
1869 3897 2055 3966 utique

470 3996 592 4055 post
623 3985 870 4039 Miserere
903 3987 1024 4050 mei,
1051 3986 1210 4051 Deus,
1242 3988 1537 4041 secundmn
1570 3987 1811 4043 historia:
1858 3989 2053 4044 seriem

471 4087 614 4131 esset
653 4080 952 4146 ponendus.
987 4078 1199 4133 Titulus
1241 4093 1370 4132 vero
1413 4080 1492 4132 sic
1535 4080 1823 4148 exponitur
1855 4098 1868 4134 :
1899 4079 2056 4135 Psal-

471 4181 588 4220 mus
637 4167 803 4220 David
851 4184 969 4222 cum
1016 4167 1216 4237 fugeret
1266 4186 1296 4221 a
1352 4168 1489 4235 {acie
1534 4169 1762 4224 Absalon
1813 4170 1912 4238 ﬁlii
1952 4173 2053 4227 sui.

473 4256 625 4324 Quod
652 4267 736 4312 est
777 4259 959 4312 dicere
994 4276 1007 4310 :
1052 4256 1322 4323 Psalmtts,
1355 4258 1405 4311 id
1431 4265 1516 4312 est
1552 4267 1816 4314 tractatus
1845 4261 1945 4315 iste
1973 4271 2056 4315 at-

477 4351 794 4403 tribuendus
821 4359 906 4403 est
933 4349 1120 4414 David,
1152 4349 1205 4403 id
1235 4358 1318 4404 est
1347 4350 1584 4415 Christo,
1616 4352 1900 4406 continens
1931 4352 2058 4406 illud

2153 3175 2278 3230 pars
2324 3170 2407 3215 est
2439 3161 2673 3216 hominis
2715 3163 2856 3215 sicut
2903 3171 3064 3231 caput
3105 3165 3374 3232 corporis.
3421 3161 3547 3216 Cutn
3595 3175 3702 3214 vero

2151 3251 2278 3306 dicit
2309 3270 2322 3304 :
2361 3251 2493 3304 Voce
2539 3269 2678 3317 mea,
2713 3261 2845 3315 etc.,
2876 3254 3260 3322 apostropham
3303 3252 3433 3305 facit
3476 3252 3539 3306 ad
3577 3251 3704 3304 audi-

2151 3351 2320 3410 tores,
2353 3343 2625 3398 instruens
2651 3359 2766 3408 eos,
2796 3353 2876 3410 ut,
2905 3344 2958 3396 in
2987 3343 3335 3398 tribulatione
3362 3343 3521 3412 positi
3547 3339 3704 3396 exeni-

2150 3432 2239 3502 plo
2276 3447 2375 3487 suo
2396 3433 2634 3488 clament
2657 3435 2723 3488 ad
2747 3435 3031 3488 Dominum
3061 3442 3115 3488 et
3139 3434 3522 3497 cxaudiantur,
3552 3443 3600 3487 et
3624 3433 3706 3485 hoc

2152 3523 2232 3578 sic
2257 3523 2388 3578 dicit
2420 3541 2432 3577 :
2465 3524 2511 3579 Ο
2543 3525 2842 3598 auditores,
2869 3536 2926 3578 ut
2955 3539 3039 3580 me
3080 3525 3361 3593 suscipiat,
3391 3532 3445 3577 et
3472 3523 3534 3577 sit
3564 3523 3706 3593 gloria

2153 3629 2290 3678 mea,
2321 3622 2375 3669 et
2399 3614 2603 3668 exaltet
2628 3625 2780 3684 caput
2821 3631 3010 3680 meum,
3037 3630 3137 3684 ego
3158 3614 3400 3677 clamavi,
3435 3613 3486 3667 id
3521 3622 3594 3664 est
3617 3611 3707 3663 cla-

2154 3720 2308 3761 more
2338 3704 2553 3760 intenso
2581 3721 2760 3774 agam,
2792 3722 2912 3759 voce
2959 3722 3097 3769 mea,
3143 3721 3247 3757 non
3277 3719 3417 3756 vana
3465 3720 3604 3764 voce,
3631 3703 3708 3755 sed

2153 3812 2275 3852 voce
2329 3812 2465 3862 mea,
2521 3797 2573 3850 id
2627 3807 2709 3851 est
2761 3796 3074 3867 procedenti
3130 3810 3196 3848 ex
3252 3795 3390 3848 bona
3443 3794 3710 3849 intentione

2155 3903 2272 3943 mea
2303 3907 2315 3941 :
2343 3887 2427 3944 vel
2453 3905 2588 3955 nteu,
2624 3889 2677 3943 id
2720 3899 2802 3944 est
2853 3889 2982 3942 mihi
3031 3888 3145 3943 utili
3175 3906 3188 3941 :
3227 3887 3297 3942 ad
3347 3887 3639 3950 Dominum,
3668 3885 3709 3939 id

2157 3981 2333 4034 estad
2383 3980 2685 4048 Deum,qni
2728 3990 2920 4049 potens
2967 3987 3053 4033 est
3098 3993 3440 4034 succurrere.
3480 3977 3602 4030 Nam
3629 3975 3712 4030 Do-

2157 4072 2339 4127 minus
2382 4071 2623 4125 omnium
2673 4079 2775 4123 est.
2827 4071 2890 4122 Et
2931 4071 3072 4124 bono
3113 4061 3256 4123 meo-
3281 4068 3521 4135 clamavi,
3566 4067 3612 4120 id
3647 4073 3713 4119 est

2158 4161 2426 4216 clamabo.
2461 4160 2594 4214 Nam
2643 4161 2908 4224 exaudiri,
2943 4160 2996 4214 id
3027 4169 3110 4214 est
3150 4160 3403 4214 exaudiet
3434 4171 3537 4221 me,
3564 4157 3611 4211 id
3647 4163 3714 4209 est

2161 4253 2234 4306 ita
2267 4251 2449 4306 audiet
2479 4267 2563 4304 me
2593 4251 2735 4320 quod
2789 4251 3108 4319 impetrabo.
3161 4250 3473 4312 Exaudieit,
3520 4251 3713 4318 inquam

2161 4347 2244 4415 (ut
2289 4345 2462 4399 sciant
2493 4346 2630 4398 unde
2665 4344 2749 4398 illa
2803 4345 3080 4398 exauditio
3127 4342 3430 4412 procedet),
3460 4345 3522 4396 de
3567 4348 3713 4394 monte

476 4442 750 4512 negotium
783 4444 922 4510 quod
950 4441 1178 4510 contigit
1208 4441 1307 4510 ipsi
1339 4441 1556 4496 Christo
1598 4457 1715 4495 cum
1754 4443 1972 4512 fugeret,
2008 4443 2056 4497 id
2091 4451 2138 4512 ι)
2164 4449 2342 4491 sancto
2365 4455 2460 4490 suo
2489 4477 2503 4500 ,
2533 4437 2582 4489 id
2611 4445 2692 4490 est
2719 4437 2784 4491 de
2807 4436 3105 4491 eminentia
3128 4443 3331 4488 saneta:
3360 4433 3581 4503 justitia:
3603 4446 3713 4492 sure,

476 4542 561 4586 est
587 4548 707 4587 cum
737 4534 1032 4597 recederet,
1063 4549 1094 4585 a
1116 4532 1275 4598 facie,
1307 4531 1358 4586 id
1387 4538 1470 4586 est
1504 4546 1534 4584 a
1563 4532 1850 4602 praesentia
1885 4531 2056 4586 Absa-

475 4623 589 4688 lon,
619 4625 670 4678 id
697 4632 781 4677 est
804 4622 953 4678 Judtc
981 4623 1076 4677 lilii
1105 4624 1210 4688 sui,
1246 4623 1298 4678 id
1324 4631 1408 4678 est
1429 4623 1675 4692 discipuli
1706 4627 1786 4680 sui
1818 4642 1829 4676 :
1863 4643 1879 4675 ι
1910 4626 2061 4679 Tunc

478 4725 601 4764 cum
633 4711 867 4765 misisset
891 4711 1137 4766 diabolus
1181 4711 1234 4765 in
1271 4726 1364 4766 cor
1398 4721 1457 4767 ut
1483 4715 1718 4768 traderet
1743 4729 1864 4766 eum
1893 4713 2062 4768 .ludas

479 4801 718 4856 Simonis
740 4800 963 4856 lscariot
993 4799 1174 4871 (Joan.
1205 4817 1325 4868 xui,
1351 4802 1427 4873 2).
1469 4823 1487 4855 ι
1515 4804 1582 4857 Et
1602 4813 1684 4857 est
1705 4817 1807 4856 vox
1835 4802 2060 4870 Capitis,

479 4894 548 4948 de
601 4893 1048 4962 multiplicatione
1105 4894 1548 4964 persequentium
1610 4907 1670 4947 se
1726 4892 1844 4946 sine
1900 4907 2063 4945 causa

480 4986 803 5040 admirative
859 4986 1088 5054 agentis,
1148 5002 1254 5040 non
1310 4998 1368 5040 ut
1413 4985 1730 5044 admiretur,
1786 4999 1908 5037 cum
1972 4985 2064 5039 Dei

483 5076 836 5145 dispositione
864 5077 1002 5130 sciat
1029 5090 1152 5131 esse
1171 5075 1433 5137 futurum,
1464 5075 1559 5128 sed
1587 5075 1710 5142 quia
1735 5085 1916 5143 posset
1942 5074 2066 5128 inde

483 5167 712 5237 quilibet
763 5167 1045 5222 admirari.
1091 5167 1268 5234 Quod,
1322 5174 1380 5218 ut
1424 5165 1674 5220 ostendat
1702 5165 1830 5233 quid
1868 5181 1932 5218 ex
1977 5165 2066 5219 illa

482 5255 862 5327 persecutione
913 5257 985 5311 sit
1032 5264 1403 5319 assecutnrus,
1444 5269 1512 5307 ne
1539 5251 1888 5308 credentibus
1926 5253 1978 5306 in
2011 5266 2068 5307 se

487 5347 775 5402 admiratio
797 5346 976 5416 aliqua
1009 5345 1364 5413 relinquatur.
1391 5344 1456 5397 Et
1481 5344 1582 5398 hoc
1609 5345 1688 5398 sic
1715 5344 1845 5398 dicit
1876 5362 1889 5396 :

555 5435 798 5502 Domine,
840 5437 966 5507 quid
1002 5433 1337 5504 multiplicati
1379 5445 1502 5488 sunt
1545 5437 1635 5506 qui
1667 5437 1918 5490 tribulam
1954 5437 2071 5490 me?

490 5527 648 5594 Quid,
674 5537 759 5584 est
797 5529 1016 5584 dicere:
1049 5528 1206 5589 Cum,
1242 5536 1295 5579 tu
1343 5526 1524 5587 Pater.
1548 5528 1622 5583 sis
1654 5529 1914 5583 Dominus
1956 5545 2072 5584 om-

488 5620 660 5684 nium,
691 5621 742 5674 in
789 5635 955 5691 regno
999 5628 1088 5672 tuo
1128 5617 1202 5670 nil
1229 5617 1422 5672 debeat
1450 5633 1570 5673 esse
1594 5623 1970 5687 temerarium,
2005 5621 2074 5677 ad

490 5711 620 5781 quid
651 5710 890 5768 futurum
933 5708 1232 5782 permisisti
1257 5712 1401 5780 quod
1432 5712 1764 5783 multiplicati
1813 5723 1937 5771 sunt
1971 5713 2072 5771 ini—

2153 4543 2283 4597 qua:
2315 4527 2512 4580 dicitur
2547 4543 2722 4591 mons,
2751 4542 2815 4581 eo
2844 4526 2988 4594 quod
3020 4525 3126 4580 alta
3153 4534 3208 4580 et
3243 4540 3455 4579 surnma
3485 4526 3570 4589 sit,
3601 4525 3716 4578 sicut

2163 4620 2290 4674 alibi
2341 4621 2473 4673 dicit
2528 4638 2540 4673 :
2601 4638 2618 4669 ι
2677 4618 2891 4672 Justitia
2953 4629 3042 4672 tua
3096 4619 3238 4673 sicut
3287 4627 3500 4672 montes
3550 4614 3712 4684 (Psal.

2155 4723 2326 4775 Kxxv,
2354 4710 2428 4782 7),
2470 4730 2487 4762 ι
2540 4711 2622 4764 vel
2674 4711 2925 4764 exaudiet
2972 4727 3058 4765 me
3099 4712 3163 4764 de
3207 4719 3411 4774 monte,
3445 4709 3494 4763 id
3521 4717 3600 4764 est
3640 4720 3718 4776 pro

2167 4817 2274 4866 me,
2306 4803 2395 4870 qui
2428 4818 2545 4855 smn
2578 4817 2730 4854 mons
2763 4812 2983 4855 sanctus
3014 4802 3151 4871 ejus,
3187 4802 3236 4854 id
3263 4809 3345 4854 est
3379 4801 3429 4853 in
3461 4799 3718 4854 virtutibus

2166 4893 2436 4957 excelsus,
2463 4894 2544 4946 vel
2577 4896 2642 4948 de
2680 4905 2862 4947 monte
2885 4894 3156 4954 exaudiet,
3185 4893 3237 4946 id
3275 4900 3362 4947 cst
3400 4901 3614 4962 propter
3636 4892 3717 4944 hoc

2169 4985 2310 5051 quod
2355 4999 2454 5051 ego
2500 4984 2712 5038 futurus
2769 5000 2886 5038 sum
2939 4999 3094 5037 mons
3148 4992 3374 5037 sanctus
3418 4983 3566 5051 ejus,
3605 4980 3720 5034 sicut

2168 5073 2426 5143 scriptmn
2476 5084 2558 5127 est
2590 5092 2601 5125 :
2642 5094 2658 5123 ι
2691 5074 2810 5128 Erit
2841 5081 3173 5143 praeparatus
3201 5088 3358 5126 mons
3402 5072 3590 5126 domus
3631 5069 3717 5122 Do-

2170 5165 2301 5217 mini
2330 5177 2490 5233 super
2521 5165 2778 5218 verticcm
2809 5165 3072 5218 montium
3102 5163 3287 5232 (Mich.
3317 5178 3394 5224 Iv,
3427 5162 3499 5231 1),
3531 5181 3550 5212 ι
3585 5160 3632 5213 id
3655 5167 3722 5211 est

2171 5256 2565 5310 munimentum
2597 5259 2760 5310 totius
2791 5257 3070 5320 Ecclesiae,
3097 5257 3238 5309 sicut
3268 5272 3424 5309 mons
3456 5254 3721 5308 muninen-

2175 5356 2284 5401 tum
2315 5358 2397 5402 est
2442 5347 2874 5418 confugientibus
2921 5349 2986 5401 ad
3018 5363 3075 5402 se
3101 5347 3252 5416 juxta
3300 5345 3430 5399 illud
3476 5342 3721 5415 prOpheti—

2172 5453 2295 5494 cum
2344 5454 2358 5492 :
2397 5456 2416 5490 ς
2455 5438 2647 5494 Venite
2685 5441 3040 5494 ascendamus
3087 5440 3155 5492 ad
3207 5447 3448 5492 montem
3497 5435 3718 5491 Domini:

2175 5534 2310 5606 (Isa.
2342 5551 2401 5599 ll,
2433 5535 2507 5604 5).
2549 5555 2564 5584 ι

2245 5627 2314 5680 Ει
2347 5641 2565 5682 necesse
2594 5637 2676 5683 est
2708 5638 2764 5682 ut
2795 5627 3064 5682 examliat.
3101 5625 3232 5679 Nam
3271 5641 3366 5694 ego
3406 5621 3653 5684 dormivi,
3680 5618 3724 5671 id

2176 5727 2258 5776 est
2287 5719 2572 5788 dormiam,
2606 5731 2650 5775 et
2681 5730 2954 5792 separatus
2984 5736 3119 5787 sum,
3160 5717 3211 5773 id
3241 5727 3326 5774 est
3360 5715 3663 5788 soporabor,
3685 5719 3723 5765 et
