3860 6326
576 377 676 433 651

1146 374 1205 432 S.
1246 368 2270 434 BRUNONISTCARTllUSiANORUM
2298 366 2800 432 lNSTlTUTORlS
2838 364 2986 430 OPP.
3031 363 3289 431 Μηδιέ
3677 378 3755 434 652

498 538 509 547 .
578 493 642 546 Et
673 505 862 546 omnes
891 490 958 545 ab
989 490 1158 546 Adam
1188 499 1242 548 et
1271 491 1383 547 Eva
1415 493 1504 563 qui
1537 487 1630 548 Dei
1662 492 1907 548 notitiam
1950 492 2155 548 habne-
2188 500 2231 555 Α
2259 499 2365 546 tem
2408 499 2503 561 per
2540 491 2806 547 rationem
2849 498 3090 546 nostram
3126 497 3397 545 ostensum
3432 502 3522 547 est.
3557 492 3699 562 Nam,
3731 517 3758 552 ο

576 593 725 638 runt.
779 585 844 639 Et
884 586 1023 640 bene
1071 585 1201 640 dicit
1247 602 1511 658 usquequo
1558 588 1702 656 gravi
1756 585 1949 651 corde,
2002 586 2156 655 quasi

576 676 784 731 diceret
813 695 825 731 :
858 677 967 732 Vos
994 677 1086 747 qui
1118 692 1288 747 usque
1331 679 1396 732 ad
1427 679 1715 733 adventum
1755 677 1954 733 Christi
1996 693 2159 748 grave

577 782 673 821 cor
721 775 775 822 et
819 768 871 822 in
918 768 1151 825 terrenis
1191 770 1502 839 depressum
1547 770 1849 837 habuistis,
1898 788 2160 841 usque.th

575 856 873 925 habebitis,
906 860 956 915 id
984 870 1068 916 est
1108 872 1278 931 quare
1306 863 1516 917 tandem
1564 870 1686 932 post
1713 860 1829 929 ejus
1870 861 2160 916 adventum

562 958 685 1005 non
727 952 1151 1006 convertimini?
1189 952 1253 1006 Et
1291 953 1511 1023 exponit
1557 953 1610 1006 in
1641 953 1835 1022 quibus
1864 967 2026 1024 grave
2068 968 2163 1008 cor

572 1043 850 1109 habeant,
886 1051 1008 1099 cum
1057 1045 1247 1099 addit:
1282 1046 1390 1100 Vos
1435 1053 1621 1115 gentes
1645 1085 1659 1111 ,
1705 1056 1761 1097 ut
1792 1046 1945 1114 quid,
1972 1045 2038 1098 'id
2079 1052 2164 1099 est

581 1143 804 1204 propter
827 1150 984 1204 quam
1012 1135 1301 1189 utilitatem
1328 1176 1342 1201 ,
1385 1136 1601 1205 diligitis
1634 1136 1915 1189 vanitatem
1943 1176 1957 1200 ,
2002 1137 2053 1189 id
2082 1138 2165 1190 est

584 1226 813 1281 adorare
880 1226 1043 1289 idola,
1087 1242 1204 1295 qua:
1246 1242 1382 1281 vana
1425 1236 1551 1281 sunt
1583 1235 1635 1281 et
1676 1242 1845 1282 vacua
1889 1242 1918 1282 a
1962 1227 2164 1281 deitatc

585 1332 745 1385 quam
781 1317 832 1369 in
866 1316 943 1371 eis
972 1332 1091 1371 esse
1124 1317 1386 1372 creditis?
1421 1317 1486 1370 Et
1513 1358 1526 1384 ,
1558 1332 1655 1372 vos
1684 1317 1850 1372 Judzei
1880 1360 1893 1383 ,
1941 1330 1995 1371 ut
2039 1319 2163 1389 quid

584 1408 815 1475 qutcritt's
847 1410 1173 1461 mendacium
1195 1449 1208 1471 ,
1232 1409 1292 1461 id
1336 1417 1417 1462 est
1447 1409 1847 1463 excusationem
1877 1409 1941 1462 de
1986 1409 2164 1462 incru-

586 1495 805 1550 delitale
850 1506 1064 1561 vestra,
1095 1498 1336 1552 dicentes
1383 1513 1489 1551 non
1536 1497 1820 1552 advenisse
1871 1497 2165 1551 Messian)?

585 1588 737 1653 Quod
766 1588 1105 1642 mendacium
1149 1597 1248 1642 est.
1284 1587 1488 1665 Scitote
1518 1588 1607 1642 illa
1626 1601 1751 1642 esse
1779 1588 2101 1655 vanitatem,
2131 1605 2162 1641 ο

586 1689 797 1750 gentes,
831 1688 885 1734 et
912 1681 1317 1734 excusationem
1343 1689 1577 1735 vestram
1610 1692 1729 1735 esse
1755 1681 2067 1735 mendacem
2088 1722 2101 1746 ,
2131 1696 2163 1736 ο

583 1769 775 1824 Judazi.
809 1770 875 1823 Et
909 1786 1028 1826 eum
1056 1772 1389 1837 ltoc,‘scitote
1413 1772 1660 1841 quoniam
1692 1770 1968 1836 Dominus,
1998 1771 2165 1826 idest

2261 583 2518 647 Domine,
2554 598 2710 651 super
2741 597 2868 648 nos,
2901 581 2954 636 id
3000 589 3085 637 est
3114 581 3168 636 in
3214 583 3497 651 superiori,
3531 584 3575 639 id
3615 594 3682 641 est
3700 588 3760 642 di-

2262 674 2431 742 gniori
2465 681 2618 743 parte
2656 674 2857 739 nostri,
2896 674 2949 728 in
2979 673 3158 729 anima
3190 674 3391 729 scilicet
3424 685 3491 728 est
3514 676 3754 746 signatum,

2263 762 2315 815 id
2357 770 2440 816 est
2471 762 2789 832 impressum
2827 764 2999 818 lumen
3022 805 3036 831 ,
3067 765 3121 819 id
3155 772 3238 818 est
3274 763 3479 820 claritas
3513 765 3655 820 vultus
3676 770 3756 834 tui,

2262 854 2314 909 id
2344 862 2427 910 est
2456 854 2575 909 Filii
2608 856 2714 922 tui;
2747 856 2902 925 quasi
2934 856 3077 911 dicat
3106 872 3119 911 :
3155 855 3289 923 Quia
3327 857 3590 911 rationales
3618 872 3763 913 sumus

2264 947 2331 1002 ad
2366 947 2653 1018 imaginem
2686 950 2855 1014 tuam,
2902 948 2955 1003 id
2984 956 3069 1004 est
3104 950 3170 1004 ad
3202 949 3411 1004 modum
3438 948 3552 1003 Filii
3577 949 3658 1012 tsi,
3695 950 3763 1020 qui

2263 1046 2349 1093 est
2378 1038 2557 1093 vultus
2587 1047 2709 1093 tuus
2737 1047 2789 1093 et
2819 1040 2996 1109 imago
3023 1047 3137 1104 tua,
3170 1039 3222 1093 id
3248 1047 3332 1093 est
3359 1039 3536 1094 similis
3560 1047 3609 1093 et
3628 1054 3767 1108 aqua-

2264 1130 2332 1186 lis
2360 1131 2413 1185 in
2441 1131 2753 1197 divinitate,
2787 1131 2859 1185 ita
2890 1132 3033 1201 quod
3064 1132 3117 1186 in
3149 1131 3297 1186 nullo
3334 1133 3401 1186 sit
3434 1131 3703 1198 dissimilis,
3727 1142 3766 1187 et

2264 1223 2403 1277 bene
2451 1222 2583 1277 dicit
2619 1223 2880 1293 signatum
2924 1238 3023 1292 per
3054 1223 3474 1278 similitudinem.
3514 1222 3628 1277 Nam
3664 1225 3767 1278 sicut

2266 1312 2497 1382 sigillum
2548 1326 2667 1368 cum
2700 1313 2771 1368 sit
2808 1315 2988 1384 imago
3013 1353 3029 1379 ,
3068 1329 3209 1369 cerae
3247 1314 3554 1383 impressum
3591 1312 3766 1384 ﬁguram

2265 1403 2366 1457 sibi
2417 1403 2647 1458 similem
2680 1404 2752 1458 ibi
2783 1406 2967 1474 ponit,
3003 1420 3123 1475 quae
3150 1413 3328 1459 tamen
3367 1406 3419 1459 in
3458 1405 3619 1475 aliquo
3650 1406 3771 1459 dissi-

2265 1496 2407 1548 milis
2450 1503 2562 1560 est,
2603 1496 2676 1549 ita
2708 1497 3047 1552 rationalitas
3083 1498 3355 1553 mentibus
3394 1497 3577 1550 nostris
3599 1506 3667 1549 est
3698 1496 3772 1549 im-

2264 1599 2451 1652 pressa
2494 1586 2557 1639 ad
2589 1586 2997 1642 similitudinem
3026 1588 3409 1643 rationalitatis
3452 1587 3560 1641 Filii
3588 1587 3683 1649 Dei,
3704 1586 3770 1653 qui

2266 1678 2447 1732 vultus
2478 1687 2561 1732 est
2600 1678 2798 1733 Patris.
2852 1681 2922 1735 Et
2952 1681 3077 1751 quia
3127 1680 3407 1737 rationalis
3449 1695 3556 1735 sum
3580 1720 3593 1745 ,
3629 1678 3772 1731 dedisti

2266 1768 2502 1823 ltetitiam
2535 1770 2663 1824 mihi
2697 1786 2802 1825 non
2830 1779 3170 1826 terrenarum
3191 1812 3206 1835 ,
3237 1772 3333 1826 sed
3376 1786 3546 1825 rerum
3582 1768 3769 1823 existen-

584 1859 767 1927 Pater,
811 1863 901 1932 qui
950 1876 1069 1916 cum
1115 1863 1196 1916 sit-
1221 1862 1520 1927 Dominus,
1567 1871 1758 1933 potens
1805 1870 1887 1917 est
1930 1864 1993 1918 ad
2040 1876 2161 1918 cum
2197 1852 2240 1911 Β
2270 1859 2404 1913 tium
2448 1860 2502 1914 in
2546 1862 2700 1915 corde
2726 1878 2867 1927 meo,
2912 1862 2963 1916 id
3000 1871 3083 1917 est
3120 1872 3241 1933 quas
3268 1876 3368 1932 ego
3404 1874 3549 1929 spero
3589 1860 3635 1911 in
3660 1858 3775 1910 corde

584 1953 1008 2017 miriﬁcandum,
1041 1955 1357 2022 miri/ienuit,
1394 1956 1444 2009 id
1475 1964 1558 2010 eSt
1600 1955 1795 2009 mirum
1844 1955 1970 2010 fecit
2002 1957 2165 2010 miraa

585 2046 745 2112 culis,
782 2058 1020 2101 sanctum
1045 2064 1217 2112 suum,
1256 2047 1306 2103 id
1338 2057 1418 2102 est
1448 2047 1643 2101 Filium
1676 2062 1855 2113 suum,
1885 2049 1976 2117 qui
2008 2058 2164 2103 anto-

586 2138 886 2193 nomastice
925 2138 1125 2193 dicitur
1167 2148 1389 2193 sanctus
1424 2139 1558 2208 ejus.
1592 2139 1659 2192 Et
1702 2141 1811 2194 hoc
1840 2137 2033 2193 eil'ectu
2075 2140 2165 2194 tali

587 2235 766 2298 potest
792 2229 999 2283 ostendi
1041 2230 1182 2299 quod
1208 2244 1336 2283 vere
1370 2245 1490 2285 eum
1521 2230 1821 2299 miriﬁcavit
1846 2248 1864 2295 ;
1893 2246 2016 2284 nam
2056 2230 2163 2283 Do-

590 2318 764 2370 minus
797 2316 954 2370 Pater
981 2318 1223 2371 exaudiet
1246 2336 1326 2371 me
1351 2332 1467 2372 cum
1491 2318 1800 2384 clamavero,
1828 2320 1879 2373 id
1908 2329 1991 2374 est
2017 2329 2165 2375 recta

588 2407 951 2476 postulatione
988 2418 1212 2463 oravero
1250 2410 1319 2462 ad
1363 2425 1505 2474 eum,
1552 2410 1694 2463 sicut
1728 2410 1989 2480 scriptum
2039 2421 2162 2466 est:

586 2515 613 2548 ἰ
648 2497 1015 2569 Quodcunque
1055 2500 1322 2568 petieritis
1370 2500 1584 2554 Patrem
1625 2501 1678 2554 in
1733 2503 1953 2557 nomine
2002 2517 2123 2559 meo
2148 2544 2164 2569 ,

589 2589 685 2643 ﬁet
711 2591 862 2645 vobis
896 2590 1079 2659 (Joan.
1130 2608 1239 2657 xrv,
1274 2592 1383 2661 15').
1419 2612 1438 2644 ι
1478 2592 1579 2647 Vel
1613 2593 1686 2647 ita
1717 2594 1870 2660 dico,
1907 2595 2032 2665 quia
2070 2597 2169 2650 mio

586 2678 813 2746 riﬁcavit
843 2719 857 2745 ,
890 2679 951 2734 id
999 2688 1085 2735 est
1130 2681 1417 2735 Dominum
1466 2684 1707 2737 omnium
1747 2684 1915 2750 fecit,
1959 2694 2013 2740 et
2052 2685 2168 2755 ipse

583 2768 762 2824 factus
810 2769 1072 2827 Dominus
1114 2772 1410 2827 secundum
1454 2774 1596 2843 quod
1642 2776 1841 2841 homo,
1891 2777 2168 2831 exaudivit

579 2872 703 2925 me,
751 2866 858 2914 etc.
895 2850 1026 2917 Post
1062 2863 1363 2918 orationem
1402 2865 1772 2921 conversionis
1817 2866 2038 2922 instruit
2073 2881 2167 2923 eos

585 2950 654 3003 ad
692 2950 1098 3019 pmnitentiam,
1131 2964 1187 3008 et
1220 2954 1287 3008 ad
1325 2955 1683 3010 cessationem
1719 2972 1748 3011 a
1794 2958 1953 3013 malis
1984 2968 2039 3013 et
2060 2960 2165 3014 ho-

580 3054 713 3096 nam
748 3043 1155 3111 operationem;
1182 3044 1272 3102 'sic
1317 3045 1440 3101 dico
1487 3046 1754 3117 imprimis
1799 3051 2011 3115 scitote,
2056 3059 2161 3105 etc.

575 3130 654 3186 ‘Et
684 3133 764 3188 sic
800 3134 1087 3190 irascimini
1117 3137 1303 3202 vobis,
1348 3137 1401 3192 id
1431 3148 1515 3195 est
1553 3141 1930 3209 paenitentiam
1972 3143 2165 3197 habete

576 3223 655 3277 de
682 3227 1006 3295 perpetratis
1034 3228 1353 3295 sceleribus,
1385 3238 1441 3285 et
1477 3240 1620 3300 post,
1654 3232 1813 3286 nolite
1840 3250 2082 3297 peccare,
2111 3244 2166 3288 et

576 3312 713 3382 quia
745 3314 1024 3372 indeﬁnite
1053 3317 1269 3375 dixerat
1295 3319 1452 3375 nolite
1479 3337 1714 3390 peccare,
1752 3333 1806 3378 et
1836 3325 1937 3379 hoc
1969 3325 2169 3394 impos-

578 3405 745 3461 sibile
769 3415 889 3474 est;
920 3409 1102 3465 nullus
1129 3419 1214 3465 est
1236 3412 1380 3467 enim
1406 3413 1498 3481 qui
1527 3413 1717 3468 saltem
1747 3415 1798 3468 in
1829 3418 2169 3485 cogitationi»

586 3497 703 3552 ‘bus
728 3512 835 3552 non
856 3509 1066 3571 peccet,
1095 3509 1154 3554 ut
1177 3501 1414 3557 Joannes
1436 3503 1514 3556 ait
1543 3521 1555 3557 :
1588 3521 1607 3554 ι
1637 3503 1694 3557 Si
1721 3506 2022 3560 dixerimus
2043 3509 2169 3575 quia

576 3598 871 3657 peccatum
912 3607 1018 3646 non
1067 3593 1358 3661 habemus,
1413 3598 1773 3665 nosmetipsos
1827 3599 2166 3667 sedneirnus,

579 3688 649 3733 'et
679 3682 882 3736 veritas
918 3683 971 3736 in
1020 3684 1173 3739 nobis
1206 3700 1310 3739 non
1342 3694 1427 3741 est
1458 3687 1513 3757 (vI
1546 3687 1709 3743 J-oan.
1735 3704 1757 3743 1
1778 3730 1792 3755 ,
1823 3690 1903 3759 8),
1938 3709 1956 3743 ι
1992 3692 2169 3746 deter-

591 3771 786 3825 minat.
830 3772 920 3829 Sic
951 3775 1071 3829 dico
1102 3793 1114 3829 :
1149 3775 1329 3831 Nolite
1366 3795 1613 3848 peccare,
1656 3789 1711 3835 et
1739 3782 1864 3851 quia
1895 3798 1925 3836 a
1967 3785 2170 3855 cogita-

590 3863 738 3917 tione
774 3865 1028 3933 peccandi
1066 3866 1300 3935 nequitis
1338 3883 1584 3934 ecssare,
1634 3871 1823 3926 saltem
1864 3875 2169 3944 compungi—

598 3955 729 4008 mini
769 3970 837 4009 ne
882 3957 1210 4024 pervenistis
1255 3956 1319 4013 ad
1365 3974 1686 4016 consensum
1726 3963 1802 4037 de
1840 3964 1924 4018 his
1969 3965 2170 4021 illicitis

590 4064 709 4117 qua:
738 4047 932 4113 dicitis,
963 4048 1015 4103 id
1047 4057 1130 4104 est
1160 4051 1410 4122 cogitatis
1436 4052 1490 4106 in
1520 4055 1759 4109 cordibus
1789 4057 1995 4122 vestris,
2027 4058 2172 4113 scili-

590 4150 678 4196 cet
708 4150 764 4197 et
795 4142 845 4196 in
876 4141 980 4198 illis
1009 4143 1264 4198 cordibus
1301 4160 1420 4214 qua:
1460 4154 1587 4200 tunc
1628 4156 1753 4201 sunt
1792 4149 1993 4204 cubilia
2030 4149 2172 4204 fera-

589 4246 741 4297 rum,
774 4231 829 4286 id
864 4239 948 4286 est
988 4231 1346 4287 diabolorum.
1382 4232 1589 4288 Cubilia
1627 4235 1770 4290 enim
1802 4237 2018 4307 proprie
2046 4247 2172 4294 sunt

586 4322 848 4377 t‘erarum.
881 4321 1009 4377 Post
1037 4323 1139 4378 hoc
1175 4323 1403 4378 instruit
1445 4338 1539 4379 eos
1568 4325 1635 4379 ad
1675 4325 1870 4381 bonam
1903 4329 2173 4397 operatio-

589 4429 743 4479 nem;
787 4415 886 4483 ιι
918 4414 997 4470 sic
1028 4416 1150 4471 dico
1183 4433 1197 4471 :
1227 4408 1530 4471 Irascimini
1564 4424 1616 4470 et
1652 4417 1816 4472 nolite
1838 4428 2071 4489 peccare,
2117 4429 2174 4475 et

2267 1965 2411 2017 meo,
2458 1960 2784 2007 teternorum
2828 1954 3037 2009 scilicet
3071 1954 3338 2009 bonorum
3368 1970 3389 2020 t;
3420 1952 3488 2007 illi
3531 1960 3679 2005 autem
3710 1949 3775 2017 qui

2269 2040 2454 2095 dicunt
2486 2059 2499 2095 ς
2535 2040 2665 2106 Quis
2695 2043 2920 2097 ostendit
2951 2044 3098 2098 nobis
3121 2044 3255 2098 bona
3280 2044 3306 2097 ἰ)
3327 2042 3608 2099 econtrario
3631 2043 3773 2096 lauan-

2272 2141 2359 2187 tur
2394 2134 2450 2187 in
2478 2134 2730 2189 terrenis.
2781 2133 2913 2187 Nam
2951 2135 3285 2202 multiplicati
3315 2144 3463 2199 sunt,
3506 2134 3552 2189 id
3579 2145 3648 2189 est
3679 2135 3779 2187 mul-

2270 2222 2505 2292 tiplicem
2568 2223 2770 2278 habent
2822 2222 3064 2278 Iustitiam
3117 2225 3522 2294 provenientem
3576 2241 3604 2277 a
3650 2224 3777 2292 {nutu

2268 2313 2519 2381 frumenti
2561 2323 2606 2366 et
2640 2314 2742 2366 vini
2771 2322 2818 2366 et
2860 2313 2960 2367 olei
2990 2315 3094 2378 sui,
3131 2324 3185 2368 et
3216 2315 3355 2369 bene
3384 2314 3509 2368 dicit
3549 2316 3621 2366 sui
3640 2329 3656 2377 ;
3690 2328 3779 2365 nam

2270 2404 2399 2460 illud
2429 2420 2535 2460 non
2566 2422 2665 2477 pro
2703 2407 2815 2462 Deo
2837 2416 3124 2479 erogantes
3152 2408 3257 2462 sibi
3292 2417 3462 2487 tqtnm
3499 2406 3713 2460 retinent.
3736 2403 3781 2456 Et

2268 2512 2364 2568 per
2408 2499 2510 2554 has
2550 2508 2661 2555 tres
2704 2509 2887 2569 partes
2927 2501 3020 2555 dat
3062 2500 3466 2571 intelligendum
3510 2514 3616 2555 esse
3645 2497 3781 2552 omnia

2269 2598 2485 2645 terrena
2514 2629 2529 2654 ,
2566 2600 2621 2647 et
2664 2592 2789 2661 quia
2831 2592 3042 2647 dixerat
3083 2593 3276 2647 dedisti
3320 2592 3546 2647 lwtitiam
3586 2593 3633 2645 in
3669 2589 3782 2642 corde

2267 2699 2403 2747 meo,
2429 2684 2652 2752 exponit
2682 2682 2835 2752 cujus
2869 2685 2946 2739 rei
2975 2684 3048 2739 sit
3073 2684 3159 2738 illa
3190 2684 3378 2739 laetitia
3408 2683 3503 2748 sic,
3533 2682 3619 2752 ipsi
3645 2679 3781 2733 multi-

2266 2774 2446 2843 plicati
2473 2784 2595 2829 sunt
2623 2791 2655 2829 α
2686 2775 2881 2839 fructu,
2926 2784 3032 2830 etc.
3064 2775 3191 2830 Mihi
3237 2791 3371 2831 vero
3396 2774 3574 2829 dedisti
3598 2772 3782 2827 latitius:

2269 2865 2392 2920 inde
2416 2865 2560 2934 quod
2590 2880 2690 2937 ego
2717 2866 2769 2920 in
2805 2866 2987 2921 futuro
3033 2867 3319 2931 dormiam,
3348 2874 3402 2920 et
3426 2880 3536 2936 pro,
3566 2862 3612 2918 id
3640 2870 3708 2917 est
3727 2875 3784 2913 re-

2264 2954 2528 3023 quiescam
2559 2968 2590 3008 a
2633 2955 2994 3024 praesentibus
3038 2955 3505 3021 tribulationibus,
3543 2953 3716 3025 positus
3746 2950 3784 3001 in

2266 3060 2393 3114 pace
2414 3084 2429 3111 ,
2457 3052 2513 3099 et
2552 3060 2663 3100 non
2692 3045 2748 3099 in
2780 3062 2910 3110 pace
2936 3047 3310 3102 commutabili
3330 3088 3345 3113 ,
3382 3047 3473 3103 sed
3514 3044 3724 3100 tendente
3745 3041 3784 3094 iu

2269 3136 2485 3204 ipsum,
2533 3135 2589 3190 id
2635 3144 2719 3191 est
2764 3135 2817 3190 in
2864 3144 3125 3191 aeternum
3171 3154 3186 3191 :
3233 3138 3379 3192 sicut
3419 3136 3655 3206 scriptum
3690 3140 3783 3187 est:

2275 3242 2293 3274 ‹
2327 3223 2610 3294 Absterget
2629 3226 2771 3281 Deus
2794 3240 3008 3281 omnem
3033 3227 3334 3298 lacrymam
3364 3226 3433 3281 ab
3452 3226 3608 3281 oculis
3620 3230 3788 3279 sancto-

2267 3329 2421 3379 rum,
2453 3325 2508 3371 et
2543 3314 2656 3384 jam
2688 3331 2794 3372 non
2816 3319 2930 3371 erit
2958 3319 3191 3387 amplius
3220 3334 3401 3389 neque
3434 3320 3630 3383 luctus,
3659 3328 3789 3384 neque

2262 3407 2493 3473 clamor,
2516 3408 2628 3474 {sed
2657 3423 2757 3465 nec
2778 3409 2923 3464 nllus
2957 3410 3129 3473 dolor,
3162 3413 3424 3480 quoniam
3458 3414 3625 3482 priora
3662 3417 3791 3461 trans-

2270 3500 2450 3555 ierunt
2508 3500 2691 3571 (Apoc.
2743 3517 2862 3565 χχι,
2909 3501 2988 3571 4).
3021 3521 3042 3554 ι
3098 3503 3363 3573 Sequitur
3414 3504 3684 3573 :quoniam
3720 3510 3790 3557 tu,

2270 3593 2522 3658 Domine,
2571 3601 2679 3648 etc.
2722 3593 2874 3660 Quod
2909 3594 2988 3648 sic
3034 3595 3352 3661 continuat,
3395 3596 3513 3650 dico
3555 3591 3676 3663 quod
3710 3586 3792 3658 qui;

2270 3697 2472 3745 escam,
2499 3691 2552 3737 et
2578 3683 2685 3736 hoc
2713 3683 2834 3739 ideo
2860 3685 2987 3754 quia
3015 3685 3118 3741 hoc
3143 3685 3322 3741 solum
3351 3700 3528 3756 spero,
3558 3692 3606 3741 et
3633 3684 3715 3737 hoc
3738 3678 3793 3731 sic

2271 3773 2404 3827 dicit
2428 3774 2856 3843 aequipollenter,
2883 3777 3133 3845 quoniam
3170 3786 3247 3840 tu,
3281 3776 3528 3842 Domine,
3557 3776 3603 3829 id
3638 3780 3705 3826 est
3730 3783 3794 3829 ιιι»

2266 3864 2362 3932 qui
2390 3874 2582 3932 potens
2616 3879 2675 3920 es
2702 3873 2755 3920 et
2798 3865 3057 3920 Dominus
3084 3868 3351 3921 omnium.
3401 3862 3701 3921 Constituisti
3722 3900 3734 3923 ,
3758 3856 3795 3911 id

2270 3963 2355 4010 est
2382 3955 2596 4009 ﬁrmum
2629 3955 2838 4022 fecisti,
2886 3973 2968 4011 me
3007 3958 3062 4010 in
3096 3975 3185 4027 spe
3212 3958 3571 4028 singulariter,
3605 3956 3650 4009 id
3676 3950 3794 4006 estin

2271 4048 2376 4102 hac
2397 4062 2494 4118 spe
2519 4048 2803 4117 singulari,
2827 4056 2888 4103 ut
2914 4049 3051 4104 nihil
3076 4063 3318 4120 sperem,
3353 4049 3487 4104 nihil
3512 4058 3672 4121 Optem
3694 4056 3797 4114 prin-

2274 4146 2358 4192 ter
2383 4148 2458 4193 te.

2519 4235 2709 4275 suam“
2783 4228 2854 4288 ΙΝ
2892 4233 3222 4289 PSALMUM
3262 4234 3331 4290 γ.

2272 4326 2313 4390 si
2336 4320 2601 4394 Sequitur
2624 4325 2809 4381 titulus
2831 4327 3004 4397 quinti
3028 4325 3169 4380 Psal.
3196 4326 3287 4396 qui
3321 4327 3444 4382 talis
3466 4335 3544 4381 est
3568 4342 3582 4379 :
3604 4322 3662 4377 In
3679 4320 3797 4387 ﬁnem

2270 4429 2364 4481 pro
2402 4430 2464 4468 ea
2493 4432 2611 4486 qua:
2637 4418 2993 4471 ltwredt'talem
3029 4418 3385 4487 consequitur.
3418 4416 3608 4472 Psalm.
3648 4409 3795 4465 David.

589 4505 670 4558 sic
699 4505 995 4572 sacriﬁcate
1024 4506 1374 4575 sacriﬁcium,
1408 4515 1565 4561 antea
1596 4507 1739 4562 enim
1783 4525 1887 4564 non
1918 4513 2168 4580 possetis.
2202 4504 2365 4591 “hic
2423 4506 2589 4561 ῐηίιιίι
2643 4523 2743 4564 nos
2800 4509 2866 4563 ad
2927 4509 3209 4564 historiam
3266 4509 3501 4564 duarum
3563 4504 3793 4561 mlllit‘rl'l“

590 4592 661 4646 Et
689 4608 793 4647 non
827 4594 1143 4663 sacriﬁcium
1172 4603 1453 4652 taurorum
1473 4634 1489 4664 ,
1526 4598 1622 4653 sed
1652 4600 1970 4669 sacriﬁcium
2006 4602 2171 4672 justi-

594 4685 702 4748 εὔιε,
740 4685 793 4738 id
822 4695 904 4738 est
948 4686 1053 4742 tale
1094 4689 1419 4744 sacriﬁcium
1455 4691 1595 4759 quod
1624 4691 1810 4759 .faciat
1843 4709 1938 4750 vos
1962 4695 2168 4766 justos,

586 4772 791 4830 bonam
818 4777 1021 4832 scilicet
1048 4779 1382 4835 devotionem
1409 4792 1465 4836 et
1493 4784 1885 4851 operationem.

669 4866 739 4920 Et
766 4866 888 4921 ideo
918 4880 1120 4937 sperate
1150 4872 1204 4925 in
1240 4871 1462 4926 Domino
1490 4912 1505 4937 ,
1533 4872 1591 4927 id
1622 4883 1707 4929 est
1734 4891 1885 4945 spem
1922 4893 2173 4935 remune-

595 4956 829 5011 rationis
857 4957 1053 5012 habete
1080 4959 1133 5013 in
1160 4959 1408 5015 Domino.
1436 4961 1502 5015 Et
1528 4972 1715 5031 postea
1741 4980 1809 5019 ne
1835 4982 1984 5036 spem
2015 4969 2173 5023 amit-

592 5047 757 5112 tatis,
810 5061 879 5101 ne
914 5047 1041 5102 sitis
1074 5049 1139 5104 de
1178 5049 1286 5105 illis
1334 5050 1519 5105 multis
1582 5054 1673 5121 qui
1719 5056 1873 5111 multi
1921 5058 2106 5113 dicunt
2154 5075 2169 5114 :

590 5138 727 5204 Quis
778 5139 1002 5192 ostendit
1050 5140 1196 5194 nobis
1244 5140 1423 5196 bona?
1466 5142 1619 5209 Quod
1670 5155 1755 5201 est
1799 5147 2029 5205 dicere:
2064 5151 2173 5207 Vos

584 5227 889 5283 Christiani
916 5229 1096 5284 dicitis
1116 5244 1245 5286 esse
1266 5238 1467 5285 atterna
1492 5232 1653 5295 bona,
1680 5237 1774 5291 sed
1802 5238 1923 5306 quis
1944 5240 2170 5308 habens,

586 5320 976 5376 demonstrans
1007 5321 1059 5375 in
1092 5335 1152 5376 se
1174 5320 1460 5376 visibiliter
1485 5322 1573 5377 illa
1592 5324 1755 5392 bona,
1784 5337 1962 5397 potest
1986 5340 2171 5387 osten-

587 5412 723 5468 ‘dere
761 5426 856 5481 per
893 5414 995 5470 hoc
1027 5414 1183 5469 nobis
1220 5428 1405 5469 revera
1443 5430 1565 5470 esse
1607 5416 1695 5471 illa
1737 5420 1918 5476 bona?
1951 5422 2170 5492 Nullus,

591 5510 814 5557 ostenso
845 5502 947 5557 hoc
983 5503 1127 5573 quod
1166 5503 1385 5572 quidam
1422 5504 1668 5560 inﬁdeles
1696 5508 1872 5564 dicunt
1918 5527 1940 5566 :
1982 5521 2039 5568 et
2065 5530 2170 5570 non

593 5604 717 5647 esse
745 5593 952 5649 scilicet
978 5603 1183 5650 materna
1216 5594 1356 5651 bona
1378 5634 1392 5660 ,
1427 5596 1559 5650 dicit
1589 5612 1647 5651 se
1690 5615 1795 5654 non
1826 5604 2047 5660 credere
2081 5590 2170 5661 illa

592 5699 707 5742 non
748 5703 904 5753 esse,
942 5698 1003 5744 ut
1048 5691 1115 5746 ad
1150 5690 1265 5745 haec
1300 5694 1566 5759 speranda
1606 5692 1740 5748 alios
1775 5697 2048 5766 attrahat;
2091 5700 2171 5756 sic

597 5774 702 5844 ipsi
733 5778 931 5833 dicunt.
965 5778 1151 5835 Nullus
1194 5789 1372 5851 potest
1407 5784 1694 5839 ostendere
1732 5783 1830 5840 eis.
1875 5784 2039 5844 Nobis
2073 5804 2170 5844 au-

2273 4596 2545 4662 Abraltte,
2595 4614 2823 4668 quarum
2862 4615 2967 4654 una
3013 4601 3231 4670 expulsa
3268 4610 3356 4655 est
3401 4603 3469 4655 ab
3499 4595 3794 4653 Ιιίρτυάἰιιιιθο

2273 4688 2421 4759 Agar
2457 4690 2703 4755 scilicet;
2752 4691 2921 4747 altera
2969 4708 3101 4747 vero
3144 4693 3519 4747 hereditatem
3566 4690 3797 4742 consccnlu1

2273 4789 2379 4844 est,
2409 4780 2543 4835 Sara
2577 4782 2849 4837 videlicet.
2874 4783 2983 4838 Per
3008 4784 3154 4854 Agar
3176 4786 3381 4853 quippe
3420 4781 3653 4837 ancillam
3695 4774 3799 4841 Sil"

2274 4885 2471 4939 agoga,
2522 4888 2643 4940 quae
2689 4874 2882 4927 timore
2916 4875 3098 4928 servili
3132 4875 3237 4945 legi
3284 4874 3574 4930 carnaliter
3595 4866 3800 4925 obedicns

2274 4964 2399 5029 fuit,
2428 4966 2767 5032 exprimitur.
2797 4966 2901 5021 Per
2928 4967 3095 5020 lilium
3125 4968 3324 5036 quippe
3353 4967 3520 5036 Agar,
3548 4960 3655 5016 falsi
3680 4950 3799 5009 Chri-

2275 5053 2437 5108 stiani
2479 5062 2534 5109 et
2562 5055 2826 5120 haeretici,
2866 5057 2981 5126 qni,
3010 5057 3154 5112 sicut
3193 5057 3496 5128 Synagoga,
3545 5051 3798 5122 sapiuntea

2274 5159 2394 5213 quae
2424 5145 2606 5199 carnis
2649 5157 2797 5212 sunt,
2831 5148 2922 5217 qui
2970 5157 3148 5203 tamen
3192 5149 3283 5203 Dei
3324 5162 3463 5201 uxor
3503 5144 3729 5197 fuerunt,
3762 5128 3798 5182 οἱ

2274 5238 2481 5293 scilicet
2509 5239 2560 5292 iu
2600 5241 2910 5309 cognitione
2934 5242 3227 5311 conjuncti.
3256 5241 3321 5294 Et
3363 5241 3418 5295 hi
3447 5240 3513 5294 ab
3540 5232 3801 5292 inereditalc

2276 5330 2461 5401 gloria:
2510 5332 2763 5400 perennis
2812 5332 3179 5401 depellentur,
3224 5333 3365 5388 sicut
3416 5332 3660 5399 scriptum
3704 5326 3798 5373 est:

2281 5439 2299 5471 ‘
2330 5421 2477 5491 E.iice
2504 5423 2752 5478 ancillam
2773 5465 2787 5489 ,
2820 5432 2872 5479 et
2900 5424 3066 5478 ﬁlium
3103 5426 3220 5494 ejus
3247 5423 3401 5493 (Gen.
3444 5438 3533 5476 χιι
3556 5462 3569 5483 ,
3596 5418 3679 5479 lt);
3707 5407 3801 5463 Cal.

2273 5530 2347 5580 IV.
2380 5516 2497 5586 50).
2533 5533 2553 5568 ι
2603 5516 2710 5572 Per
2748 5518 2936 5571 Saram
2976 5533 3107 5572 vero
3146 5527 3202 5573 et
3250 5517 3413 5570 ﬁlium
3459 5516 3571 5584 ejus
3610 5500 3803 5562 Ecclesia

2273 5624 2396 5664 cum
2442 5610 2565 5665 ﬁliis
2606 5610 2723 5667 suis
2769 5611 3111 5681 exprimitur,
3158 5626 3277 5680 qua:
3320 5610 3371 5662 in
3424 5607 3599 5661 lutnro
3639 5603 3801 5653 aeterna

2275 5700 2446 5772 gloria
2487 5702 2915 5758 luereditahitur.
2965 5701 3174 5756 Titulus
3217 5716 3343 5756 vero
3392 5699 3472 5753 sic
3518 5689 3797 5762 εκρθηῑιιιτί

2279 5791 2522 5847 Psalmus
2548 5794 2643 5848 istc
2679 5794 3036 5849 attribuendus
3065 5803 3139 5849 est
3178 5790 3366 5856 David,-
3402 5789 3453 5844 id
3481 5774 3803 5850 est,pcriectx
