3860 6326
127 386 202 458 553

127 515 333 573 Ecclesia:
359 501 590 568 tendenti
617 513 668 566 in
693 509 872 580 ﬁnem,
919 506 972 562 id
998 514 1082 561 est
1111 505 1164 560 in
1206 503 1483 560 Christum
1511 544 1525 570 ,
1557 503 1651 574 qui
1678 508 1731 568 Α

126 611 231 671 linis,
260 607 306 662 id
336 614 419 661 est
451 607 716 660 terminus
757 612 842 656 est
879 599 1178 668 iustorum;
1225 596 1363 652 citra
1392 610 1552 666 quem
1594 605 1651 650 et

124 700 227 754 ultra
245 711 388 766 quem
412 709 576 748 nemo
595 693 865 764 justorum
884 687 1158 751 consistit,
1186 686 1278 740 sed
1305 686 1357 739 in
1383 700 1467 748 eo,
1493 683 1650 752 juxta

125 786 380 860 Apostolum
401 827 415 851 ,
460 803 478 836 ι
518 783 668 838 Multi
707 797 874 837 unum
905 793 1103 849 corpus
1133 793 1319 833 sumus
1350 777 1402 829 in
1433 776 1592 830 Chris
1618 790 1653 829 ο

124 874 286 948 (Ιῖον.
326 891 424 939 xu,
456 875 577 944 20),
612 893 631 926 ι
675 871 844 927 David
883 871 1034 937 dico,
1080 869 1262 924 oranti
1296 881 1396 937 pro
1437 880 1500 920 ea
1529 879 1650 935 quae

124 969 435 1026 hereditatem
465 975 685 1020 aeternae
713 963 904 1034 patriae
933 963 1286 1030 consequitur
1318 977 1332 1013 :
1365 973 1508 1012 nunc
1534 972 1648 1027 spe,

123 1061 389 1130 quandoque
430 1064 787 1112 consecutura
821 1069 910 1118 re,
947 1053 1000 1108 id
1032 1061 1116 1109 est
1158 1067 1252 1121 per
1295 1066 1373 1107 se.
1424 1049 1529 1103 Sed
1560 1063 1655 1118 per

125 1155 199 1209 hoc
227 1152 350 1223 quod
377 1150 531 1221 ponit
569 1165 662 1219 pro
692 1165 752 1202 ea
782 1160 900 1218 qua:
931 1147 1032 1215 12
1068 1146 1426 1200 hatreditatem
1470 1155 1652 1201 conse-

124 1248 274 1316 quitur,
299 1244 435 1309 quod
481 1243 659 1297 innuit
696 1245 793 1311 per
823 1240 1154 1294 contrarium
1193 1235 1355 1292 aliam
1387 1255 1507 1293 esse
1537 1254 1655 1308 qtuc

125 1356 202 1396 non
225 1341 588 1409 Consequetur,
622 1336 675 1390 id
703 1342 787 1388 est
827 1333 1167 1404 Synagogam
1197 1340 1254 1388 et
1292 1331 1456 1387 falsos
1494 1331 1652 1388 Chri‘

126 1437 282 1488 stianos
313 1441 362 1486 et
398 1429 689 1485 haereticos
716 1470 730 1494 ,
774 1425 1004 1482 intendit
1040 1440 1172 1480 vero
1211 1425 1266 1481 in
1307 1425 1410 1480 hoc
1449 1425 1656 1495 psalmo

129 1514 316 1578 Ecclesia
344 1531 503 1577 orare
534 1520 706 1574 Deum
731 1561 745 1584 ,
774 1528 834 1572 ut
861 1517 1076 1573 tandem
1105 1517 1251 1571 illam
1284 1517 1654 1571 haereditateus

129 1615 326 1683 consequi
359 1611 549 1682 possit.
581 1605 775 1666 Postea
804 1621 934 1664 vero
963 1607 1210 1663 enuntiat
1233 1623 1292 1662 se
1333 1607 1660 1662 haereditan—

129 1706 243 1768 dam,
267 1704 372 1758 illos
398 1712 584 1757 autem
611 1701 956 1772 expellendos
998 1715 1120 1756 esse
1143 1740 1156 1764 ,
1198 1709 1254 1754 et
1283 1699 1404 1754 ideo
1431 1698 1511 1754 si‘c
1538 1707 1660 1753 orat

131 1805 172 1848 ut
191 1811 235 1850 se
263 1801 357 1849 n‘on
395 1793 511 1849 sola
540 1792 858 1864 operatione
895 1797 950 1845 et
980 1789 1336 1860 cogitatione,
1369 1788 1463 1843 sed
1493 1788 1657 1843 etiam

130 1899 224 1940 voce
244 1885 528 1940 exercendo
552 1857 817 1955 majorem
841 1893 971 1952 erga
999 1877 1168 1935 Deum
1198 1878 1534 1934 affectionem
1565 1877 1658 1931 ha-
1687 1857 1734 1914 Β

133 1980 234 2034 beat.
257 1979 472 2048 ideoque
505 1993 570 2033 se
598 1973 1054 2039 hmreditandam,
1089 1972 1210 2028 illos
1256 1983 1438 2026 autem
1467 1971 1656 2024 exine-

135 2071 341 2127 t'edandos
364 2084 484 2125 esse
515 2069 823 2133 denuntiat,
851 2075 913 2122 ut
949 2066 1028 2122 sic
1052 2079 1147 2121 eos
1176 2062 1244 2119 ab
1270 2062 1533 2134 iniustitia
1562 2081 1657 2119 sua

135 2159 346 2224 retrahat,
376 2169 429 2214 et
456 2155 566 2214 hoc
595 2159 676 2214 sic
703 2157 852 2212 dicit.

187 2249 320 2304 Verba
349 2267 481 2314 mea,
513 2249 568 2305 id
601 2256 684 2304 est
709 2263 829 2318 qua:
857 2263 990 2302 vana
1017 2255 1072 2303 et
1093 2247 1523 2318 phantasmatica
1553 2262 1658 2301 non

137 2349 250 2404 sunt,
276 2342 359 2395 sed
387 2341 514 2395 talia
545 2340 730 2410 qualia
759 2353 860 2412 ego
897 2338 1144 2409 proferre
1173 2340 1340 2394 debeo
1361 2382 1374 2404 ,
1409 2354 1475 2395 ex
1513 2347 1659 2396 recta

139 2433 374 2488 intentione
402 2433 787 2505 procedentia,
819 2432 1036 2485 auribus
1063 2431 1288 2502 percipe,
1319 2433 1370 2486 id
1401 2433 1659 2498 estaudi,

137 2515 323 2578 ﬂamine.
363 2523 513 2590 Quod
546 2521 684 2578 dicit
722 2523 938 2576 auribus
976 2524 1218 2594 percipe,
1259 2523 1325 2576 ad
1363 2523 1658 2578 humanum

136 2614 296 2668 molium
331 2615 484 2681 dicit,
524 2615 688 2686 quasi
727 2616 874 2672 dicat
913 2617 1036 2672 audi
1071 2627 1131 2672 ut
1167 2617 1471 2687 impetrem.
1517 2615 1661 2672 Bene

136 2704 254 2770 dicit,
286 2705 495 2762 Domine
521 2748 538 2774 ,
571 2721 697 2762 cum
737 2718 919 2778 posset
951 2709 1134 2764 dicere
1156 2749 1169 2772 ,
1219 2723 1435 2779 sponse,
1467 2715 1526 2762 ut
1565 2707 1664 2761 hu-

138 2794 268 2850 mitior
290 2797 369 2860 sit,
397 2798 556 2868 quasi
594 2798 738 2854 dicat
763 2816 776 2851 :
808 2798 909 2865 Qui
940 2799 1200 2854 Dominus
1224 2812 1375 2854 meus
1397 2812 1476 2865 es,
1509 2794 1662 2866 cujus

139 2889 380 2948 Voluntatcs
407 2894 542 2950 meis
583 2893 953 2949 voluntatibus
985 2909 1260 2964 praepono.
1289 2893 1358 2948 Et
1384 2892 1508 2962 quia
1536 2907 1662 2946 vers

140 2979 198 3034 bis
217 2993 396 3052 nequeo
429 2997 650 3056 semper
686 2998 879 3051 orare,
921 2985 967 3040 si
999 2985 1290 3055 aliquando
1330 2985 1468 3040 bona
1497 2985 1662 3041 devo-

139 3073 242 3131 tione
265 3093 504 3146 oravero,
543 3079 778 3148 intelligo
802 3079 1082 3135 clamorem
1113 3091 1308 3144 meum,
1345 3081 1398 3136 id
1427 3092 1508 3136 est
1535 3096 1658 3150 gra-

139 3168 215 3220 tam
233 3169 347 3226 habe
367 3171 511 3227 illam
534 3171 880 3228 devotionem
903 3181 1022 3242 qua:
1045 3181 1096 3226 te
1115 3181 1236 3227 orat
1257 3173 1398 3228 sicut
1419 3173 1662 3228 intensus

141 3257 313 3326 clamor,
343 3271 393 3316 et
420 3271 480 3318 ut
506 3264 680 3318 verba
711 3272 832 3318 mea
864 3264 1036 3333 magis
1067 3263 1344 3334 magisque
1371 3264 1526 3334 digna
1557 3264 1666 3321 sint

143 3355 204 3402 tua
227 3355 542 3410 exauditione
562 3396 580 3418 ,
609 3354 850 3420 intende,
884 3355 936 3410 id
973 3363 1055 3410 est
1087 3355 1442 3410 intentionem
1475 3356 1571 3421 da,
1611 3357 1664 3412 id

140 3450 196 3493 est
216 3447 650 3512 perseverantiam
693 3448 804 3501 uoci
843 3448 1095 3502 orationis
1139 3461 1302 3514 mete,
1346 3447 1399 3504 id
1427 3457 1514 3504 est
1543 3451 1662 3505 voci

142 3546 234 3588 mea
257 3537 445 3607 oranti,
489 3549 550 3594 et
581 3540 797 3594 merito.
836 3537 972 3593 Nam
1013 3555 1109 3594 rex
1150 3530 1328 3601 meus,
1359 3540 1412 3594 id
1460 3548 1543 3596 est
1580 3556 1666 3598 me

143 3626 268 3694 regis,
294 3631 454 3687 habeo
479 3647 572 3686 me
602 3640 708 3685 non
741 3632 1034 3686 secundum
1068 3645 1293 3702 regnum
1326 3647 1533 3701 meum,
1571 3637 1664 3690 sed

141 3722 374 3777 secundum
412 3739 642 3793 regnum
689 3733 870 3789 tuum,
900 3733 948 3777 et
984 3721 1124 3778 Deus
1171 3739 1336 3780 meus.
1382 3725 1500 3782 Non
1545 3742 1663 3782 sum

142 3805 186 3859 de
205 3808 286 3864 illis
314 3833 332 3865 ι
361 3830 592 3884 quorum
623 3813 766 3868 Deus
795 3823 980 3870 venter
1010 3825 1095 3870 est
1122 3815 1346 3887 (Philip.
1377 3829 1462 3884 tu,
1497 3819 1608 3890 19),
1640 3839 1659 3872 ι

143 3909 216 3950 non
239 3903 402 3960 aufero
451 3906 631 3961 locum
662 3905 849 3964 deitati
894 3914 998 3961 tuae
1029 3906 1082 3960 iu
1127 3921 1213 3962 me
1237 3948 1252 3973 ,
1293 3909 1448 3977 quasi
1476 3909 1661 3966 dicat:

144 3977 270 4042 Debes
299 3993 415 4048 mihi
455 3997 838 4066 acquiescere,
869 3997 994 4066 quia
1025 3997 1198 4052 habeo
1243 4012 1332 4052 me
1368 3999 1664 4054 secundum

145 4077 240 4133 Velle
265 4092 415 4151 tuum,
441 4101 551 4144 nun
575 4089 870 4145 secundum
896 4102 1094 4142 meum.
1126 4089 1385 4146 Oratione
1413 4089 1576 4158 facta,
1604 4106 1665 4148 se

145 4173 469 4233 exattdiendam
509 4181 792 4248 enuntiat,
833 4181 912 4236 sic
939 4199 952 4234 :
983 4178 1114 4237 Dico
1145 4182 1374 4252 percipe,
1412 4183 1660 4254 intellige,

145 4268 182 4310 et
202 4255 541 4324 revera-mane
564 4272 815 4326 eeaudies
851 4288 1024 4326 vocem
1053 4288 1223 4327 meam
1244 4313 1260 4340 ,
1301 4273 1354 4328 id
1384 4281 1466 4330 est
1497 4274 1550 4330 in
1578 4275 1664 4332 die

142 4343 281 4410 iudicii
313 4364 446 4426 quod
476 4359 686 4414 ciarum
716 4361 822 4416 erit
852 4370 911 4416 ut
946 4378 1122 4426 mane,
1166 4361 1416 4432 perficies
1450 4364 1663 4434 petitio-

147 4444 234 4495 nem
253 4459 408 4503 meam
427 4491 442 4516 ,
481 4465 514 4506 ο
551 4452 698 4507 Deus
721 4452 812 4523 qui
857 4461 1050 4522 potens
1080 4467 1138 4508 es
1158 4493 1173 4519 ,
1203 4453 1292 4508 cui
1334 4468 1422 4509 me
1447 4468 1660 4509 servam

148 4528 240 4597 [αἱ.
263 4542 495 4606 quaniam
524 4559 624 4614 ego
660 4554 714 4599 et
739 4560 836 4601 oro
865 4555 920 4600 et
955 4544 1114 4600 orabo
1143 4553 1558 4616 perseveranter
1593 4546 1658 4598 ad
1693 4557 1738 4612 Ῑ)

149 4625 184 4671 le
209 4633 617 4699 promerendum,
665 4649 769 4688 non
807 4635 874 4688 ad
914 4634 1114 4703 aliquid
1153 4643 1462 4699 terrenum,
1506 4634 1661 4703 quasi

150 4712 288 4773 dicat:
315 4723 439 4790 Quia
469 4728 682 4796 postulo
714 4729 854 4796 quod
884 4727 1161 4798 postulare
1190 4722 1390 4793 debeo,
1435 4735 1489 4781 te
1517 4726 1661 4782 scili-

151 4813 224 4858 cet.
253 4808 367 4867 Cum
395 4816 524 4872 dicit
563 4833 718 4872 mane
759 4819 1040 4886 exaudies,
1090 4818 1273 4898 innuit‘
1296 4818 1422 4888 quia
1462 4817 1514 4871 in
1546 4817 1661 4886 ipso

151 4895 356 4970 Principio
382 4907 482 4963 diei
509 4908 695 4976 judicii
723 4911 1035 4980 petitionem
1061 4903 1182 4979 ejus
1206 4895 1472 4980 perficiet.
1504 4907 1660 4964 Mane

151 4993 329 5073 namque
349 4997 666 5068 principium
690 5009 776 5056 est
801 5001 930 5066 diei,
957 5012 1012 5057 et
1038 5003 1260 5071 exponit
1285 5004 1351 5057 de
1373 5018 1479 5073 quo
1500 5019 1664 5058 exau-

152 5072 262 5163 tiiet?
284 5081 365 5140 Sic
391 5089 508 5144 dico
543 5093 813 5156 exaudies,
844 5101 898 5146 et
929 5093 1008 5147 sic
1036 5109 1220 5156 mane,
1258 5091 1308 5146 id
1341 5072 1424 5149 εει
1465 5093 1551 5148 die
1577 5093 1662 5163 ju-

153 5160 242 5221 dicii
264 5181 452 5245 astabo,
485 5179 536 5235 id
575 5192 660 5236 est
687 5196 925 5251 praisens
962 5199 1056 5238 ero
1087 5183 1182 5239 tibi
1213 5184 1482 5254 corporali
1525 5160 1662 5255 praes

155 5255 303 5345 stantia,
330 5272 610 5327 secundum
635 5273 766 5328 illud
798 5291 812 5328 :
852 5295 870 5326 ι
905 5274 1007 5330 Ubi
1037 5290 1136 5345 ego
1174 5291 1316 5342 sum,
1347 5276 1456 5332 illic
1483 5285 1538 5330 et
1568 5276 1663 5330 mi-

156 5341 280 5438 nister
300 5371 438 5415 meus
477 5364 580 5418 erit
604 5365 786 5433 (Joan.
831 5383 942 5432 xu,
972 5341 1104 5438 26),
1139 5387 1158 5420 ι
1205 5377 1260 5423 et
1289 5341 1419 5424 illud
1453 5387 1466 5422 :
1505 5388 1524 5421 ε
1560 5368 1662 5424 Co-

155 5425 341 5527 hteredes
378 5458 549 5507 autem
587 5425 788 5510 Christi
835 5425 1013 5526 (Rom.
1044 5425 1183 5524 lviii,
1234 5459 1322 5527 li7)
1349 5501 1363 5525 ,
1399 5477 1418 5510 ι
1462 5467 1518 5514 et
1553 5474 1659 5515 non

157 5521 284 5622 {dum
314 5541 508 5610 astabo,
555 5545 648 5601 sed
684 5521 862 5602 videbo
899 5557 952 5604 te
995 5549 1136 5605 facie
1170 5521 1237 5606 ad
1275 5521 1468 5605 faciem
1506 5550 1659 5622 juxta

158 5610 408 5686 Αροςιοιυω
439 5651 452 5687 :
488 5653 508 5688 ι
543 5635 803 5696 Videmus
848 5656 994 5697 nunc
1035 5657 1135 5713 per
1179 5610 1659 5714 speculutn,'lunc

161 5717 294 5806 autem
325 5719 448 5781 facie
489 5729 552 5784 ad
589 5731 782 5788 faciem
818 5732 870 5806 (1
903 5732 1025 5788 Cor.
1059 5750 1189 5798 xm,
1225 5735 1315 5806 12)
1340 5775 1355 5802 ,
1393 5753 1414 5788 ι
1453 5743 1508 5790 et
1535 5734 1660 5790 inde

165 5799 246 5858 ⁵⁸ίο
266 5815 385 5890 quod
410 5823 598 5895 astabo,
632 5799 887 5897 quoniam
922 5843 1044 5885 cum
1074 5827 1150 5886 sis
1181 5827 1322 5887 Deus
1349 5837 1402 5887 et
1431 5838 1534 5886 tua:
1561 5841 1659 5884 na-

1692 3207 1737 3268 Ο

1026 374 1390 445 Εχροειτιο
1427 372 1493 442 In
1529 375 1869 444 PSALMOS.
1910 416 1981 427 --
2019 385 2214 443 PSAL.
2259 375 2321 442 v.

3229 389 3337 448 654

1758 512 1915 568 turus,
1945 502 2154 558 scilicet
2186 500 2444 570 iniquitas
2474 510 2772 572 repugnet,
2803 519 2906 557 non
2937 519 2992 558 es
3025 503 3198 560 volens
3233 505 3335 559 int-

1750 591 2036 662 quitatem;
2065 591 2307 660 iniquum
2337 589 2481 644 enim
2511 599 2656 648 esset
2683 591 2728 645 si
2759 607 2846 645 me
2885 599 2936 646 te
2965 592 3161 658 solum,
3195 594 3338 649 sicut

1752 690 1938 751 petere
1960 680 2160 746 debeo,
2188 689 2462 750 petentem
2494 697 2598 736 non
2633 681 2982 748 admitteres,
3008 692 3062 738 et
3087 699 3184 754 per
3207 700 3336 739 con-

1757 770 1983 823 trarium
2025 770 2216 825 iterum
2263 779 2411 824 certa
2444 787 2598 838 sum,
2644 773 2771 842 quia
2805 773 2988 828 astabo
3028 783 3076 828 et
3117 775 3338 840 videbo;

1755 873 1879 912 nam
1921 875 2082 930 neque
2123 859 2414 930 malignus,
2468 861 2520 916 id
2563 871 2646 916 est
2682 861 2939 918 Judaicus
2974 864 3204 935 populus
3245 867 3339 934 qui

1757 951 2023 1021 malignus
2054 961 2158 1017 est,
2199 953 2250 1006 id
2288 962 2370 1008 est
2403 955 2606 1008 sterilis
2635 971 2665 1008 a
2695 957 2859 1022 bono,
2903 956 3156 1012 habitabit
3181 958 3343 1028 juxta

1757 1050 1829 1106 te,
1862 1041 1914 1095 id
1937 1049 2020 1096 est
2046 1058 2151 1096 non
2186 1043 2292 1097 erit
2328 1044 2503 1098 haeres
2529 1044 2860 1101 hrereditatis
2889 1056 3105 1104 aeternae
3133 1057 3340 1115 tecum,

1758 1129 1900 1185 sicut
1927 1139 2155 1188 testatus
2178 1149 2256 1188 es.
2286 1153 2305 1185 ι
2335 1131 2630 1190 Auferetur
2650 1152 2679 1190 a
2709 1138 2860 1193 vobis
2885 1154 3108 1211 regnum
3136 1143 3260 1208 Dei,
3289 1153 3345 1199 et

1759 1220 1976 1275 dabitur
1995 1222 2142 1290 genti
2163 1221 2382 1277 facienti
2407 1223 2614 1280 fructus
2638 1224 2754 1294 ejus
2777 1227 2993 1294 (Matth.
3019 1247 3132 1298 xxI,
3156 1232 3247 1304 4'5)
3272 1253 3284 1286 ;
3320 1255 3338 1284 ι

1759 1327 1922 1381 neque
1947 1311 2156 1382 injusti,
2189 1312 2242 1367 id
2273 1322 2358 1369 est
2382 1313 2504 1378 falsi
2531 1315 2827 1372 Christiani
2857 1320 2949 1387 qui
2976 1321 3044 1375 ab
3071 1321 3342 1393 injustitia

1758 1418 1857 1459 sua
1899 1420 2007 1460 non
2048 1405 2350 1474 desistunt,
2386 1410 2759 1478 permanebunt
2808 1421 2929 1467 ante
2972 1413 3150 1470 oculos
3183 1425 3300 1471 tuos
3327 1459 3342 1481 ,

1762 1496 1813 1550 id
1840 1506 1925 1552 est
1955 1504 2081 1553 ante
2117 1499 2462 1567 praesentiam
2504 1509 2674 1556 tuam.
2711 1500 2943 1557 Veniant
2969 1504 3186 1574 quidem
3219 1517 3347 1562 ante

1764 1596 1815 1640 te
1859 1585 1927 1641 ad
1965 1586 2264 1656 judicium,
2305 1590 2400 1645 sed
2449 1606 2550 1644 non
2591 1592 2996 1660 permanebunt,
3043 1595 3094 1650 id
3131 1606 3213 1650 est
3254 1598 3344 1651 diu

1765 1682 2058 1734 manebunt
2098 1690 2225 1736 ante
2267 1683 2613 1751 praesentiam
2656 1691 2801 1739 tuam
2827 1725 2842 1750 ,
2891 1688 3032 1740 sicut
3083 1689 3345 1760 scriptum

1762 1780 1864 1824 est.
1914 1791 1932 1822 ι
1968 1771 2212 1828 Tollatur
2247 1775 2443 1844 impius
2481 1792 2548 1831 ne
2601 1777 2776 1834 videat
2811 1779 3036 1850 gloriam
3071 1780 3167 1839 Dei
3204 1782 3342 1854 (Isa.

1764 1869 1888 1915 vat
1907 1902 1921 1927 ,
1957 1863 2066 1934 10).
2101 1883 2120 1916 ι

1833 1950 1973 2008 Vere
2007 1969 2110 2007 non
2141 1956 2546 2026 permanebunt,
2590 1973 2715 2016 nam
2765 1969 2820 2017 tu
2851 1963 3009 2019 odisti
3041 1973 3095 2020 et
3132 1982 3347 2038 semper

1760 2047 1940 2103 oderis
1965 2064 2139 2105 omnes
2164 2053 2255 2122 qui
2284 2064 2569 2124 operantur
2591 2057 2938 2135 iniquitatem,
2964 2079 3069 2121 nou
3097 2069 3188 2136 qui
3212 2075 3345 2140 ope-

1763 2143 1867 2196 rati
1895 2153 2024 2199 sunt
2059 2153 2113 2200 et
2141 2159 2522 2217 cessaverunt,
2555 2153 2648 2207 sed
2677 2155 2767 2225 qui
2797 2171 3082 2227 aperantur
3108 2162 3348 2231 quandiu

1763 2233 1972 2302 vivunt,
2002 2247 2444 2307 perseveranter;
2475 2250 2530 2297 et
2567 2253 2621 2297 tu
2655 2246 2840 2313 perdes
2868 2257 2921 2303 et
2953 2250 3004 2304 in
3037 2265 3267 2320 corpore
3293 2261 3348 2306 et

1763 2328 1819 2381 in
1858 2327 2041 2384 anima
2080 2345 2258 2384 omnes
2297 2333 2386 2402 qui
2429 2333 2718 2404 loquuntur
2762 2341 3122 2408 mendacium,
3171 2344 3222 2398 id
3264 2354 3351 2400 est

1766 2419 2036 2486 haeresim,
2069 2422 2266 2493 quibus
2293 2440 2398 2479 non
2429 2425 2624 2484 sutiicit
2647 2431 2908 2501 cogitare,
2937 2435 3037 2488 nisi
3067 2435 3352 2505 proferant

1764 2525 1883 2578 ore,
1911 2526 2020 2567 non
2047 2514 2140 2584 qui
2169 2514 2334 2571 locuti
2359 2526 2484 2572 sunt
2513 2530 2566 2574 et
2592 2534 2938 2592 respuerant,
2979 2528 3073 2583 sed
3101 2531 3194 2599 qui
3225 2547 3350 2586 cum

1764 2605 2166 2672 perseverantia
2193 2605 2498 2676 loquuntur,
2529 2621 2582 2666 et
2606 2613 2730 2683 quia
2760 2614 3174 2675 indeterminate
3195 2623 3350 2678 dixe—

1769 2700 1857 2746 rat
1891 2694 2242 2762 mendacium,
2277 2713 2397 2752 cum
2439 2700 2608 2756 nmlta
2647 2707 2928 2762 mendacia
2958 2710 3188 2766 Venialia
3218 2714 3347 2776 sint,

1765 2785 2094 2840 determinat
2121 2786 2188 2842 de
2217 2789 2413 2858 quibus
2443 2795 2795 2851 mendacibus
2826 2798 3069 2856 intendat
3092 2843 3108 2869 ,
3146 2803 3350 2860 faciens

1767 2881 2152 2950 apostropham
2185 2883 2252 2937 ad
2293 2884 2394 2954 13
2427 2886 2702 2945 auditores
2745 2899 2801 2945 ut
2841 2891 2958 2949 illos
2987 2910 3016 2948 a
3067 2897 3350 2953 mendacio

1766 2968 1858 3023 illo
1887 2971 2195 3037 deterreat;
2227 2973 2310 3028 sic
2355 2975 2497 3041 dico,
2528 2979 2652 3046 quia
2690 2982 2880 3049 perdet
2908 2993 2963 3038 et
2993 3000 3178 3042 verum
3223 2999 3348 3056 est;

1767 3077 1892 3116 nam
1923 3062 2197 3130 dominus,
2237 3065 2289 3119 id
2317 3075 2400 3120 est
2445 3066 2534 3122 ille
2561 3069 2652 3138 qui
2685 3071 2936 3128 dominus
2959 3085 3044 3130 est
3080 3085 3134 3130 et
3160 3089 3351 3146 potens

1768 3162 1822 3207 et
1843 3154 2044 3221 justus,
2086 3155 2442 3224 abominabit,
2478 3158 2529 3212 id
2560 3169 2644 3215 est
2672 3169 2784 3216 tant
2816 3163 3168 3222 vehementer
3197 3183 3352 3224 exse-

1771 3246 1978 3312 crabit,
2019 3247 2165 3316 quod
2208 3261 2308 3302 nec
2353 3248 2626 3305 hominem
2669 3267 2792 3307 esse
2836 3256 3134 3324 reputabit,
3184 3259 3349 3313 virum

1768 3338 2057 3394 effusorem
2103 3345 2450 3412 sanguinum,
2497 3343 2548 3397 id
2579 3353 2662 3398 est
2709 3345 2856 3399 illum
2902 3348 3218 3404 mendacem
3256 3352 3349 3420 qui

1769 3441 1853 3488 cst
1881 3432 1964 3487 vir
1999 3434 2320 3505 sanguinum
2351 3433 2572 3503 eil'usor,
2603 3436 2655 3491 id
2697 3446 2780 3493 est
2804 3439 2894 3508 qui
2923 3449 3006 3496 est
3037 3441 3351 3498 interfector

1771 3525 2079 3591 hominum,
2121 3536 2176 3580 et
2207 3527 2426 3597 exponit
2471 3527 2705 3592 qualiter
2733 3528 3047 3586 interfector
3087 3533 3191 3600 sit,
3225 3550 3346 3591 cum

1769 3617 1919 3671 addit
1944 3634 1956 3669 :
1989 3615 2055 3668 Et
2078 3617 2340 3684 dolosam,
2369 3618 2421 3674 id
2449 3627 2614 3674 eshet
2637 3619 2783 3674 illum
2812 3624 2980 3676 virum
3003 3625 3343 3694 sanguinum,

1769 3707 1888 3762 dico
1937 3709 2027 3776 qui
2081 3709 2338 3764 interlicit
2386 3711 2664 3780 proximos
2709 3728 2837 3769 suos
2889 3715 3011 3770 dolo
3061 3717 3347 3772 verborum

1769 3814 2026 3865 suorum,
2055 3799 2108 3854 id
2137 3809 2220 3856 est
2249 3802 2440 3858 haeresi
2481 3819 2598 3858 sua.
2631 3805 2700 3860 Et
2737 3821 2842 3861 non
2874 3807 3006 3862 dicit
3033 3810 3349 3877 sanguinum

1767 3903 1832 3944 eo
1861 3890 2003 3959 quod
2033 3891 2348 3962 sanguinem
2379 3891 2639 3960 effundat,
2672 3896 2766 3952 sed
2797 3897 2923 3966 quia
2953 3897 3210 3953 interlicit
3238 3899 3348 3954 sic-

1771 3991 1832 4034 ut
1887 3981 1976 4036 ille
2012 3983 2102 4050 qui
2149 3984 2465 4053 sanguinem
2500 3985 2756 4052 effundit,
2807 3997 2860 4042 et
2888 3988 3026 4043 bene
3059 3990 3214 4058 ponit
3241 4007 3350 4046 non

1768 4071 2040 4127 hominem
2092 4073 2186 4128 sed
2219 4075 2417 4142 virum,
2463 4092 2586 4132 cum
2619 4079 2686 4132 ad
2728 4081 2831 4134 hoc
2867 4079 3116 4135 omnibus
3146 4082 3352 4136 viribus

1767 4163 1974 4216 nitatur
2016 4171 2076 4217 ut
2105 4165 2436 4230 mentiatur;
2467 4175 2524 4221 et
2573 4168 2766 4222 merito
2802 4150 3150 4238 singulariter
3178 4171 3352 4224 virum

1765 4257 1948 4325 ponit,
1985 4269 2106 4309 cum
2136 4255 2414 4326 pluraliter
2442 4273 2632 4313 omnes
2667 4259 2967 4328 posuisset,
3006 4269 3064 4314 ut
3100 4263 3353 4317 ostendat

1765 4350 1819 4402 in
1851 4348 1953 4403 hoc
1988 4348 2131 4417 quod
2193 4350 2482 4405 mendaces
2526 4361 2672 4416 sunt,
2712 4367 2874 4407 unam
2913 4367 3147 4408 massam
3189 4370 3348 4420 esse;

1765 4454 1888 4494 cum
1917 4447 2098 4493 autem
2137 4439 2202 4494 de
2235 4440 2320 4494 his
2361 4440 2506 4495 dicat
2539 4441 2720 4510 perdes
2749 4451 2804 4498 et
2843 4444 3248 4508 abominabitur,
3296 4458 3352 4502 et

1764 4527 1832 4582 de
1874 4527 1995 4582 aliis
2039 4528 2257 4584 dixerat
2303 4547 2408 4584 non
2443 4531 2730 4598 habitabit,
2782 4547 2890 4588 non
2938 4535 3348 4604 permanebunt,

1767 4618 1941 4673 innuit
1971 4632 2065 4674 eos
2093 4620 2310 4688 gravius
2344 4636 2464 4676 esse
2494 4622 2812 4691 puniendos.

1833 4712 1968 4768 Cum
2015 4727 2146 4768 vero
2189 4712 2462 4783 subiungit
2490 4733 2504 4770 :
2535 4715 2649 4786 Ego
2693 4729 2867 4773 autem
2915 4720 3174 4789 introibo,
3206 4734 3343 4794 etc.,

1764 4801 1907 4858 idem
1940 4811 2026 4859 est
2059 4805 2203 4874 quod
2235 4805 2484 4875 superius
2530 4808 2707 4876 posuit
2751 4811 2936 4866 verbis
2982 4813 3105 4869 aliis
3147 4833 3160 4868 :
3193 4834 3354 4874 mane

1764 4895 1946 4950 astabo
1968 4936 1982 4960 ,
2015 4907 2062 4950 et
2093 4896 2293 4951 videbo.
2327 4897 2434 4953 Sed
2469 4899 2598 4968 quia
2629 4901 2842 4958 dixerat
2871 4919 2929 4960 se
2963 4910 3250 4965 astituram
3299 4922 3354 4966 et

1764 4987 2003 5042 visuram
2030 4997 2255 5059 propter
2288 4989 2485 5044 merita
2517 5007 2643 5058 sua,
2682 4994 2812 5064 quia
2864 4997 3075 5055 scilicet
3116 5010 3169 5056 et
3199 5012 3353 5057 recte

1764 5087 1818 5133 et
1847 5079 1976 5148 quid
2017 5081 2284 5135 orandum
2315 5091 2466 5150 erat,
2497 5085 2716 5152 orabat;
2774 5092 2973 5158 repetit
3003 5101 3062 5147 ut
3093 5095 3351 5148 ostendat

1764 5185 1822 5226 se
1849 5185 1957 5226 non
1985 5180 2209 5242 propter
2232 5173 2426 5229 merita
2464 5183 2676 5231 tantum
2694 5217 2710 5244 ,
2744 5179 2840 5234 sed
2880 5196 2979 5250 per
3007 5183 3104 5236 Dei
3134 5184 3350 5238 miseri-

1764 5272 2006 5331 cordiam
2030 5276 2196 5332 etiam
2221 5274 2548 5329 intraturam
2581 5290 2594 5326 :
2629 5281 2684 5327 et
2706 5273 2811 5335 hoc
2837 5274 2918 5328 sic
2943 5275 3074 5329 dicit
3101 5277 3345 5333 dolosum

1764 5366 2153 5422 abominabitur
2196 5367 2486 5432 Dominus,
2529 5382 2624 5436 ego
2661 5376 2837 5420 autem
2877 5367 3098 5422 introibo
3145 5370 3200 5423 in
3253 5371 3345 5428 do-

1763 5473 1904 5510 mum
1939 5467 2116 5523 tuam,
2165 5458 2219 5512 id
2268 5469 2350 5514 est
2379 5459 2435 5512 in
2481 5455 2783 5511 Jerusalem
2832 5456 3144 5524 caelestem;
3175 5461 3344 5514 conﬁ-

1763 5551 1897 5604 dens
1942 5548 1998 5604 in
2046 5551 2380 5605 multitudine
2434 5547 2812 5602 misericordia:
2863 5557 3003 5614 tute,
3059 5549 3112 5605 id
3163 5563 3247 5606 est
3286 5553 3344 5608 in

1762 5641 2049 5714 multiplici
2097 5644 2472 5700 misericordia
2521 5653 2648 5709 tua,
2695 5657 2804 5696 non
2850 5640 2904 5696 in
2954 5641 3088 5698 meis
3132 5645 3344 5704 meritis

1763 5742 1975 5804 tamen,
2020 5743 2076 5792 et
2103 5745 2162 5792 ut
2192 5737 2419 5792 introire
2457 5735 2658 5806 possim
2704 5733 2795 5790 hic
2814 5733 2975 5803 prius
3013 5735 3256 5794 existens
3287 5740 3341 5794 in

1763 5826 1984 5899 timore,
2021 5835 2077 5885 et
2120 5841 2229 5885 non
2258 5825 2472 5893 servili.
2509 5826 2604 5886 sed
2647 5836 2769 5897 tuo,
2802 5824 2857 5888 id
2893 5834 2978 5884 est
3007 5825 3063 5886 in
3090 5839 3243 5888 casto
3275 5830 3341 5887 ti-
