3864 6320
504 357 608 409 655

1097 353 1153 410 S.
1197 354 1544 411 BRUNONIS
1582 355 2224 416 (IAllTllUSlANORUM
2256 356 2744 414 liVS'l'l'lU'l‘UiilS
2781 357 2933 413 Ol‘l’.
2968 357 3147 414 i’AllS
3182 358 3223 415 Ι.
3648 371 3723 430 εδδ

501 488 658 531 more
688 490 701 525 :
732 471 825 542 qui
852 480 985 528 tuus
1020 479 1133 536 est,
1170 472 1223 527 id
1289 480 1374 526 est
1423 471 1518 526 tibi
1567 472 1722 527 valde
1755 480 1974 542 gratus;
2004 475 2099 527 ad-
2127 485 2177 539 Α
2209 472 2509 527 tribuentes
2535 487 2654 527 eam
2685 471 2913 542 gloriam
2938 485 3042 525 non
3075 471 3174 525 sibi
3206 473 3299 526 sed
3328 473 3439 528 tibi.
3470 476 3637 535 Omnes
3658 491 3724 554 qui

504 565 666 621 orabo
692 572 764 627 te,
792 562 1001 618 faciens
1026 572 1078 616 te
1102 563 1290 626 Deum,
1319 572 1373 616 ct
1398 578 1485 617 me
1511 572 1847 628 creaturam;
1872 564 2095 619 veniens

498 656 566 710 ad
611 653 862 724 templum
904 663 1146 707 sanctum
1191 663 1340 707 tuum
1394 653 1798 722 recipiendum,
1834 653 1885 708 id
1916 662 1998 709 est
2026 655 2094 710 ad

498 762 697 816 corpus
729 755 902 810 tuum,
928 745 1073 814 quod
1100 753 1183 799 est
1213 753 1459 799 sanetum
1494 743 1751 814 templum
1802 744 2031 799 Deitatis
2076 762 2089 798 :

494 840 581 895 vel
631 840 703 894 ita
749 838 976 894 veniens
1038 837 1105 892 ad
1156 839 1259 892 hoc
1308 836 1450 905 quod
1504 836 1605 891 sim
1653 844 1901 891 sanctum
1952 849 2093 891 tem-

495 930 645 1000 plum
716 939 865 983 tuum
929 928 1083 998 juxta
1154 925 1474 997 Apostolum
1529 943 1541 979 :
1603 944 1620 975 ι
1675 924 1904 981 Nescitis
1965 926 2091 995 quia

498 1020 757 1092 templum
786 1018 879 1074 Dei
910 1017 1043 1073 estis
1069 1016 1119 1088 (1
1149 1014 1273 1071 Cor.
1320 1032 1371 1070 vr
1392 1056 1406 1081 ,
1441 1016 1552 1106 l9).
1589 1033 1605 1067 ι
1644 1015 1707 1069 Ει
1738 1026 1796 1069 ιιι
1827 1016 1913 1071 hic
1942 1024 2090 1070 recte

498 1112 720 1166 adorem
769 1118 825 1163 et
867 1108 945 1163 sic
1003 1108 1306 1172 introeant,
1350 1122 1383 1161 0
1428 1106 1683 1172 Domine,
1725 1122 1810 1161 me
1855 1106 2089 1176 positum

496 1201 589 1257 hic
622 1219 635 1255 :
668 1202 723 1254 in
744 1200 958 1270 justitia
1003 1209 1094 1253 tua
1122 1199 1320 1265 deduc,
1355 1199 1407 1254 id
1440 1207 1524 1254 cst
1572 1198 1674 1254 due
1703 1198 1769 1253 de
1805 1199 2003 1254 virtute
2035 1199 2111 1253 in.

499 1292 785 1359 virtutem,
808 1300 863 1348 et
889 1298 947 1345 ut
969 1290 1162 1346 deduci
1189 1291 1392 1361 possim
1424 1291 1621 1362 dirige,
1646 1291 1696 1345 id
1719 1302 1801 1347 est
1826 1291 2086 1346 directura

494 1384 584 1438 fac
618 1384 675 1438 in
706 1390 997 1453 conspectu
1031 1396 1179 1448 meo,
1210 1382 1261 1437 id
1294 1393 1373 1438 est
1402 1383 1452 1437 in
1499 1383 1937 1438 consideratione
1968 1398 2084 1438 mea

493 1477 639 1529 viam
670 1483 850 1540 tuam,
900 1473 952 1528 id
1006 1472 1091 1527 est
1136 1473 1373 1526 divinam
1409 1473 1748 1543 Scriptorum
1795 1482 1938 1527 tuam
1970 1488 2085 1542 (μιαν

491 1582 590 1637 per
619 1576 671 1622 te
702 1566 828 1621 data
860 1565 1018 1621 nobis
1069 1573 1153 1621 est
1200 1566 1288 1620 via
1337 1565 1491 1631 fidei;
1541 1567 1697 1635 quasi
1744 1566 1886 1621 dicat
1922 1607 1936 1619 .
1968 1564 2084 1619 Non

491 1661 777 1731 permittas
800 1676 886 1716 me
911 1661 962 1714 in
985 1660 1072 1714 illa
1100 1659 1318 1715 deviare
1337 1700 1351 1724 ,
1381 1661 1475 1714 sed
1506 1668 1715 1715 rectum
1745 1658 2082 1714 intellectum

488 1757 546 1811 in
575 1771 637 1810 ea
677 1756 745 1810 da
778 1754 909 1808 mihi
946 1771 959 1807 :
990 1762 1045 1809 et
1086 1752 1190 1808 hoc
1234 1768 1333 1808 oro
1359 1763 1569 1822 propter
1614 1752 1853 1806 inimicos
1906 1767 2078 1814 meos,

2198 563 2424 636 diligunt
2461 580 2649 619 nomen
2689 573 2875 631 tuum,
2926 563 2978 618 id
3024 573 3108 619 est
3157 564 3245 635 qui
3298 582 3401 620 non
3449 568 3619 628 timent
3654 592 3727 646 pro

2199 654 2337 707 mala
2379 654 2711 709 conscientia
2754 670 2849 709 sua
2897 654 3000 711 hoc
3041 656 3184 724 quod
3233 655 3487 714 Dominus
3529 671 3617 718 est.
3652 666 3725 722 Sed

2196 743 2419 813 diligunt
2448 761 2633 798 nomen
2686 755 2865 810 tuum,
2900 745 2951 800 id
2980 755 3063 799 est
3091 746 3195 801 hoc
3230 749 3373 816 quod
3406 748 3642 809 Dominus
3662 772 3726 825 es,

2193 843 2247 888 ct
2289 836 2448 905 digne
2495 835 2901 906 gloriabuntur;
2949 839 3199 905 quoniam
3239 850 3293 892 tu
3333 842 3425 910 qui
3463 842 3626 913 justus
3660 864 3726 917 es,

2194 936 2388 995 potens
2417 937 2471 983 et
2516 929 2833 986 misericors
2865 947 2880 985 :
2926 931 3192 985 benedires
3213 933 3399 1002 justo,
3436 935 3485 989 id
3514 948 3589 992 est
3610 950 3729 996 teter-

2193 1035 2319 1074 nam
2371 1020 2804 1076 benedictionem
2852 1022 2932 1077 eis
2982 1022 3262 1091 impendes
3309 1043 3323 1078 :
3372 1034 3427 1080 et
3468 1027 3594 1083 bene
3634 1032 3728 1087 dicit

2183 1109 2365 1179 justo,
2399 1125 2506 1165 non
2533 1108 2699 1179 justis
2728 1128 2742 1165 :
2774 1121 2831 1166 ut
2860 1114 3113 1168 ostendat
3145 1130 3311 1168 unum
3356 1116 3485 1185 quid
3514 1117 3566 1171 in
3592 1134 3641 1173 se
3670 1122 3729 1173 [ιιι

2194 1211 2375 1256 turum
2407 1204 2548 1258 sicut
2598 1204 2890 1274 Apostolus
2938 1206 3118 1261 dicit:
3166 1227 3182 1259 ι
3224 1205 3579 1264 Occurremus
3608 1211 3728 1265 invi-

2192 1311 2311 1349 rum
2344 1296 2645 1366 perfectura
2694 1298 2908 1368 (Ep/tes.
2966 1315 3042 1365 iv,
3093 1299 3180 1371 l5)
3219 1318 3231 1353 :
3274 1319 3294 1352 ι
3329 1300 3451 1355 dico
3481 1302 3595 1373 quia
3620 1302 3729 1359 bene-

2190 1388 2360 1451 tlicrs,
2391 1397 2445 1443 ct
2470 1398 2527 1443 ut
2558 1389 2705 1460 digni
2732 1390 2903 1445 simus
2932 1390 3003 1445 ibi
3030 1391 3467 1447 benedictionem
3492 1393 3724 1464 recipere:

2194 1480 2334 1535 Deus
2364 1481 2456 1551 qui
2494 1490 2692 1551 potens
2721 1497 2781 1538 es
2814 1483 3081 1536 coronasti
3108 1499 3225 1547 nos,
3261 1483 3311 1537 id
3337 1492 3423 1538 est
3453 1485 3727 1540 circumcin-

2192 1572 2318 1626 xisti
2355 1588 2453 1627 nos
2500 1574 2587 1627 hic
2622 1584 2674 1627 ut
2708 1584 2857 1628 scuto
2904 1574 3051 1630 bona:
3090 1574 3379 1630 voluntatis
3424 1586 3553 1641 tute,
3588 1577 3632 1631 id
3667 1590 3726 1633 cst

2186 1666 2331 1720 bona
2386 1666 2662 1721 voluntate
2707 1677 2794 1721 tua
2814 1708 2830 1734 ,
2860 1668 3235 1723 misericordia
3268 1668 3476 1725 scilicet
3507 1680 3555 1723 ut
3582 1682 3721 1735 scuto,

2188 1757 2241 1811 id
2271 1767 2356 1813 est
2385 1768 2441 1813 ut
2468 1760 2538 1815 sit
2564 1759 2724 1815 nobis
2756 1761 3153 1817 munimentum
3173 1802 3192 1830 ,
3229 1762 3371 1818 sicut
3400 1772 3599 1819 scutato
3634 1780 3725 1820 seu.

488 1848 580 1918 qui
631 1847 763 1902 mihi
801 1846 1149 1911 insidiantur,
1185 1854 1244 1899 ut
1271 1844 1489 1900 deviare
1514 1843 1742 1910 faciant,
1771 1853 1827 1899 et
1856 1853 2082 1914 prepter
2118 1832 2158 1885 Β
2189 1859 2298 1903 ιιιιιι
2346 1851 2742 1907 munimentum
2786 1862 2884 1908 est.
2936 1851 3092 1919 Quod
3135 1854 3297 1919 dicit,
3337 1856 3589 1908 coronasti
3629 1872 3721 1917 nos,

488 1940 743 1994 inimicos
778 1938 897 1993 ideo
943 1951 1071 2001 oro;
1103 1937 1352 2005 quoniam
1401 1937 1456 1989 in
1509 1951 1598 1989 ore
1642 1951 1823 1990 eorum
1866 1951 1967 1989 non
2007 1945 2079 1988 est

485 2032 712 2093 ueritas,
764 2028 817 2083 id
868 2035 953 2083 est
998 2026 1134 2083 falsa
1186 2026 1503 2096 loquuntur,
1550 2034 1606 2081 et
1636 2027 1740 2081 hoc
1768 2025 1922 2092 ideo,
1954 2025 2081 2095 quia

487 2140 579 2177 cor
601 2138 783 2178 eorum
832 2136 1057 2187 vanum,
1092 2118 1145 2174 id
1193 2130 1277 2175 est
1316 2119 1472 2175 vanis
1503 2118 1924 2188 cogitationibus
1971 2118 2083 2188 plc-

489 2233 620 2273 num
650 2232 665 2271 :
696 2226 918 2287 propter
947 2213 1320 2286 arrogantiam
1352 2214 1582 2283 enimjut
1606 2213 1835 2269 subtiles
1864 2212 2083 2266 videan-

490 2318 597 2374 tur,
634 2308 771 2362 falsa
801 2308 868 2362 de
899 2306 1009 2361 Deo
1040 2304 1359 2375 loquuntur,
1405 2314 1461 2359 et
1507 2319 1631 2359 eum
1681 2318 1789 2359 non
1820 2303 1891 2358 sit
1918 2302 1970 2356 in
2000 2302 2080 2357 eis

486 2401 719 2465 veritas,
754 2414 862 2453 non
905 2398 1081 2453 solum
1127 2412 1188 2454 se
1221 2396 1586 2464 interficiunt,
1626 2396 1720 2452 sed
1766 2406 1951 2468 guttur
1993 2412 2079 2449 ea-

484 2506 603 2543 rum
651 2498 726 2544 est
772 2497 956 2558 patens
997 2487 1325 2558 sepulcrum,
1365 2485 1418 2541 id
1465 2494 1548 2541 est
1591 2501 1690 2556 per
1720 2500 1905 2541 vocem
1955 2498 2075 2555 qtae

484 2581 734 2652 procedit
759 2580 825 2634 de
848 2586 1066 2649 gutture
1097 2592 1284 2632 eorum
1317 2585 1446 2631 sunt
1473 2576 1867 2647 comparabiles
1894 2575 2074 2646 sepul-

482 2688 580 2729 cro
605 2672 831 2743 patenti.
864 2670 1017 2726 Sicut
1045 2670 1193 2725 enim
1226 2670 1536 2741 sepulcrum
1587 2679 1735 2740 patet
1772 2677 1831 2725 ut
1878 2684 2077 2739 corpus

481 2773 766 2836 receptum
787 2771 948 2834 putre
972 2772 1027 2819 et
1052 2763 1276 2817 fetidum
1309 2763 1508 2830 faciat;
1537 2763 1609 2818 ita
1637 2773 1691 2818 et
1722 2779 1909 2819 eorum
1934 2763 2074 2818 mala

482 2854 731 2910 doctrina
766 2862 917 2925 patet
959 2862 1021 2909 ut
1067 2853 1310 2908 insontes
1359 2854 1414 2908 in
1468 2854 1776 2923 exemplum
1815 2855 1898 2909 sui
1936 2856 2073 2911 reci-

480 2946 664 3017 piant,
699 2955 755 3002 et.
800 2940 976 3002 ι’ωᾶοε
1019 2946 1247 3002 reddant
1282 2966 1294 3000 :
1331 2958 1387 3001 et
1432 2954 1491 3001 ut
1541 2947 1838 3018 sepulcrum
1885 2961 2073 3018 patens

482 3046 667 3091 essent
694 3036 844 3107 prius
867 3037 1088 3107 agebant
1112 3035 1293 3090 dolose
1318 3036 1512 3106 linguis
1536 3038 1648 3091 suis
1664 3080 1677 3103 ,
1704 3036 1758 3091 id
1784 3046 1869 3093 est
1890 3038 2074 3094 verbis

490 3127 593 3182 tuis
624 3127 991 3183 immiscentes
1020 3127 1173 3198 prius
1217 3128 1506 3182 veritatem
1551 3126 1811 3193 falsitati,
1840 3136 1899 3182 ut
1930 3126 2067 3183 faei-

480 3217 586 3272 lius
616 3218 953 3287 deciperent.
986 3218 1051 3272 Et
1081 3218 1208 3289 quia
1241 3217 1377 3273 tales
1405 3226 1566 3284 sunt,
1596 3236 1629 3274 o
1659 3218 1831 3284 Deus,
1861 3220 1950 3289 qui
1976 3218 2066 3289 ju-

481 3312 786 3383 stusjudex
834 3327 894 3368 es
926 3325 942 3365 :
984 3311 1201 3382 judica,
1248 3312 1301 3367 id
1333 3323 1415 3368 cst
1453 3314 1647 3368 damna
1697 3314 1847 3381 illos;
1881 3324 1935 3369 et
1965 3315 2070 3369 hoc

480 3419 589 3459 non
620 3413 705 3459 est
750 3402 1104 3474 imprecatio,
1139 3406 1234 3458 sed
1264 3403 1461 3479 divina:
1483 3402 1712 3472 iustitiae
1741 3405 2064 3470 concessio;

478 3496 605 3566 quia
635 3495 839 3550 adhoc
872 3493 1003 3549 facit
1052 3502 1114 3549 ut
1141 3509 1235 3551 eos
1280 3504 1585 3563 exterreat,
1624 3505 1679 3551 et
1719 3497 1943 3568 exponit
1970 3511 2069 3567 per

476 3596 662 3655 partes
695 3583 968 3655 quomodo
1010 3584 1267 3654 judicet:
1317 3586 1407 3642 hic
1454 3586 1662 3642 scilicet
1703 3586 1955 3643 decidant
2000 3587 2069 3642 de

484 3677 628 3731 malo
651 3677 705 3731 in
736 3676 937 3730 malum
969 3676 1268 3731 secundum
1300 3679 1444 3747 quod
1472 3678 1601 3733 alibi
1626 3677 1829 3733 dicitur
1862 3697 1875 3732 :
1911 3696 1929 3729 ι
1961 3677 2065 3744 Qui

480 3770 531 3825 in
562 3769 814 3825 sordibus
842 3776 950 3835 est,
977 3770 1259 3825 sordescat
1281 3771 1460 3825 adhuc
1489 3772 1675 3843 (Apoc.
1708 3788 1847 3835 xxii,
1874 3771 1962 3842 ll)
1995 3788 2008 3825 :
2040 3790 2059 3822 ι

477 3871 531 3916 et
566 3861 666 3916 iste
712 3875 871 3916 casus
906 3876 1015 3917 non
1049 3861 1155 3916 erit
1187 3876 1216 3914 a
1263 3862 1466 3917 duritia
1501 3870 1622 3929 tua,
1657 3863 1752 3918 sed
1798 3878 1828 3916 a
1860 3856 2066 3933 cogita-

478 3953 717 4008 tionibus
745 3968 933 4010 corum
964 3954 1244 4025 pessimis,
1281 3965 1336 4009 et
1368 3956 1420 4009 in
1452 3954 1635 4011 futuro
1666 3954 1875 4024 expelle
1911 3970 2005 4010 eos
2034 3970 2064 4008 a

479 4059 644 4115 regno
675 4056 766 4102 tuo
796 4063 810 4099 :
835 4046 978 4115 quod
1003 4046 1103 4101 sibi
1138 4048 1567 4116 praesumptione
1600 4062 1696 4102 sua
1724 4048 2061 4113 attribuunt,

475 4147 530 4193 et
560 4139 664 4193 hoc
700 4153 808 4193 non
839 4138 1136 4193 secundum
1191 4148 1336 4191 tuam
1372 4139 1813 4205 inclementiam,
1849 4141 1942 4194 sed
1975 4155 2063 4195 se-

474 4229 708 4282 cundum
736 4226 1126 4282 multitudinem
1155 4226 1480 4298 impietaturn
1503 4244 1714 4297 eorum,
1746 4230 1799 4285 id
1818 4238 1903 4285 est
1938 4232 2061 4287 ideo

473 4322 598 4392 quia
630 4321 828 4376 multas
856 4320 1169 4391 impietates
1210 4321 1553 4387 habuerunt,
1602 4331 1658 4376 et
1702 4338 1830 4378 vere
1864 4324 2061 4379 multas

473 4414 813 4478 habuerunt;
862 4412 988 4483 quia
1032 4413 1374 4466 irritaverant
1406 4421 1482 4477 te,
1523 4413 1576 4467 id
1608 4423 1691 4468 est
1731 4429 1854 4469 cum
1885 4416 2061 4471 dulcis

2184 1953 2281 2008 per
2312 1940 2726 1996 similitudinem
2764 1942 2894 1997 dicit
2930 1953 3311 2012 patronorum,
3336 1945 3428 2013 qui
3456 1960 3724 2015 oppressum

2184 2040 2243 2086 ut
2273 2032 2510 2101 eripiant
2540 2034 2768 2089 scutatis
2803 2034 3066 2090 unlittbus
3096 2047 3398 2103 coronant,
3438 2037 3486 2091 id
3527 2049 3602 2091 est
3640 2038 3725 2092 cir-

2173 2122 2475 2189 cuimlant;
2504 2123 2579 2177 ita
2624 2133 2679 2178 et
2706 2123 2957 2180 Christus
3002 2133 3060 2178 ut
3089 2126 3156 2179 ab
3200 2125 3445 2181 hostibus
3474 2126 3726 2182 visibilibus

2183 2220 2237 2265 et
2265 2210 2630 2268 invisibilibus
2659 2223 2848 2281 eruat,
2890 2214 3280 2271 misericordia:
3322 2229 3436 2271 suae
3462 2231 3555 2272 nos
3592 2216 3725 2272 virtu-

2186 2301 2329 2357 tibus
2355 2302 2665 2359 circumdat
2693 2313 2749 2358 ct
2778 2303 2974 2358 munit.

2693 2393 2761 2449 ΙΝ
2804 2394 3135 2451 νειωιιιιι
3175 2395 3260 2452 Vl.

2254 2486 2516 2558 Sequitur
2554 2488 2744 2543 titulus
2775 2489 2941 2553 sexti,
2978 2489 3055 2543 sic
3091 2507 3105 2542 ;
3144 2488 3212 2542 In
3258 2488 3418 2556 ﬁnem
3446 2490 3497 2544 in
3522 2490 3726 2544 camini-

2182 2579 2277 2633 bus
2299 2596 2392 2648 pro
2416 2592 2596 2634 octava
2629 2579 2867 2650 psalmus
2896 2579 3069 2634 David
3110 2597 3128 2636 :
3181 2579 3336 2647 Quod
3365 2582 3444 2635 sic
3465 2582 3722 2650 cxponiur,

2178 2669 2419 2739 psalmus
2458 2669 2558 2724 iste
2589 2666 2968 2724 attribuendus
2999 2670 3206 2737 David,
3249 2671 3302 2725 id
3335 2680 3417 2725 est
3454 2672 3722 2741 pmiiitenti,

2179 2762 2272 2833 qui
2318 2761 2471 2832 prius
2519 2776 2549 2815 a
2604 2760 2818 2816 diabolo
2853 2775 2950 2831 per
2986 2770 3267 2831 peceatum
3297 2772 3601 2831 superatus,
3630 2770 3724 2814 tan-

2178 2851 2300 2907 dem
2333 2852 2531 2907 iterum
2576 2850 2801 2908 effectus
2829 2862 2912 2906 cst
2944 2852 3139 2918 David,
3185 2852 3236 2907 id
3269 2861 3354 2908 est
3384 2869 3537 2906 manu
3579 2852 3723 2922 fanis,

2176 2960 2420 3016 pugnare
2452 2962 2643 3000 rursus
2675 2946 2962 3001 intendens
2992 2955 3186 3000 clmtra
3230 2945 3505 3000 diabolum
3536 2966 3543 2997 :
3573 2940 3723 3013 etjin

2178 3036 2558 3092 desiderabilis
2590 3037 2698 3091 Deo
2730 3051 2827 3105 per
2858 3036 3235 3106 paenitentiam
3271 3054 3285 3089 :
3318 3036 3484 3090 David
3514 3037 3619 3089 dico
3638 3047 3726 3087 tm-

2177 3126 2318 3181 denti
2363 3128 2415 3181 in
2445 3127 2638 3196 ﬁnem,
2672 3127 2725 3182 id
2769 3136 2852 3183 est
2895 3128 2950 3181 in
2988 3126 3266 3182 Christum
3310 3127 3363 3180 in
3402 3126 3725 3189 carminibus,

2175 3216 2228 3271 id
2255 3226 2337 3272 est
2369 3233 2465 3288 per
2492 3217 2713 3285 laudes,
2739 3231 2833 3286 per
2865 3218 2968 3272 hoc
3001 3216 3211 3271 scilicet
3254 3217 3400 3286 quod
3434 3217 3603 3269 laudat
3626 3231 3721 3267 cuni

2172 3309 2493 3379 pwnitentia
2523 3319 2577 3363 et
2608 3310 2746 3363 bona
2776 3308 3095 3377 operatione
3141 3322 3237 3362 sua
3258 3346 3275 3374 ,
3318 3308 3370 3361 id
3401 3318 3485 3362 est
3514 3304 3721 3359 laudabi-

2171 3399 2278 3456 lem
2309 3416 2431 3455 eum
2464 3400 2721 3456 ostendit.
2752 3398 3103 3455 Carminibus
3128 3398 3252 3454 dico
3276 3399 3416 3453 actis
3440 3416 3529 3468 pro
3553 3408 3723 3458 octavo,

2172 3493 2226 3549 id
2255 3502 2338 3547 est
2371 3494 2618 3547 contuitu
2647 3500 2867 3546 azternze
2917 3492 3151 3561 quietis,
3202 3506 3324 3559 qua:
3373 3489 3549 3543 futura
3574 3496 3645 3542 est
3683 3489 3722 3540 in

2171 3597 2366 3642 octava
2422 3586 2544 3652 die,
2596 3586 2649 3641 id
2687 3594 2771 3640 est
2818 3587 2870 3639 in
2919 3585 3006 3639 die
3046 3584 3238 3656 judicii
3269 3603 3284 3639 :
3314 3593 3371 3640 et
3398 3584 3599 3639 videtur
3624 3580 3725 3637 illud

2180 3679 2325 3734 idem
2365 3678 2643 3748 ncgorium
2692 3677 2748 3732 in
2794 3677 2897 3731 hoc
2945 3676 3155 3747 psalmo
3183 3692 3304 3731 esse
3335 3675 3477 3746 quod
3525 3675 3571 3728 in
3600 3688 3724 3742 supc-

2170 3772 2322 3826 riori.
2370 3771 2476 3826 l’ro
2519 3779 2723 3826 interna
2773 3783 3005 3840 namque
3041 3770 3223 3839 quiete
3272 3777 3472 3824 tractat
3516 3766 3720 3839 psalmus

2169 3879 2398 3938 uterque
2428 3885 2440 3921 :
2475 3866 2527 3921 in
2562 3867 2665 3922 hoc
2693 3875 2873 3921 tamen
2907 3866 3164 3921 dill'erunt
3194 3883 3208 3918 :
3243 3864 3387 3935 quod
3413 3864 3466 3919 in
3497 3860 3722 3933 superiori

2167 3958 2356 4014 fideles
2383 3957 2500 4024 jam
2529 3957 2665 4011 certi
2694 3971 2793 4027 pro
2825 3955 2915 4009 illa
2943 3965 3102 4010 orant
3137 3973 3151 4010 :
3188 3955 3241 4009 in
3276 3956 3383 4010 hoc
3428 3971 3550 4009 vero
3579 3951 3718 4023 perni-

2168 4058 2287 4104 tens
2342 4049 2408 4103 de
2450 4047 2690 4119 peccatis
2723 4046 2935 4115 ,dolcns
2981 4046 3337 4116 perpetratis,
3369 4045 3632 4114 suspirans
3669 4037 3721 4092 ad

2166 4142 2335 4211 ipsam
2358 4140 2597 4210 quietem
2617 4153 2778 4207 quam
2801 4152 2861 4193 se
2888 4138 3044 4193 malis
3076 4137 3287 4191 meritis
3316 4137 3464 4190 videt
3487 4134 3717 4192 amisisse,

2164 4243 2286 4287 orat
2331 4231 2611 4285 humiliter
2660 4245 2760 4299 pro
2804 4220 3402 4287 suorumdelictorum
3446 4225 3719 4282 remissione

2164 4324 2264 4379 sic.

2234 4415 2486 4482 Domine,
2515 4416 2600 4469 cui
2644 4429 2731 4469 me
2763 4429 2981 4471 servum
3028 4427 3127 4484 per
3166 4411 3541 4484 pmttitentiam
3576 4409 3717 4469 facio,

472 4521 620 4562 esses
646 4506 968 4561 naturaliter
996 4505 1439 4560 amaricaverunt
1484 4514 1537 4562 te
1586 4507 1789 4575 Deum,
1839 4523 1963 4564 cum
1999 4518 2054 4562 tu
2088 4531 2134 4588 ι)
2164 4526 2224 4563 ne
2255 4510 2307 4561 in
2339 4508 2517 4577 furore
2568 4520 2657 4560 tuo
2703 4523 2900 4576 arguas
2932 4523 3009 4559 me
3033 4547 3047 4571 ,
3079 4522 3243 4576 neque
3268 4508 3322 4558 in
3352 4508 3433 4559 ira
3464 4517 3548 4557 tua
3586 4501 3718 4555 corri-

474 4598 753 4660 Dominus,
771 4596 874 4666 ipsi
893 4610 1026 4650 vero
1048 4595 1190 4649 servi
1215 4604 1422 4650 essent.

543 4691 713 4746 Facta
740 4689 1118 4756 concessione,
1151 4698 1271 4744 orat
1301 4705 1396 4759 per
1419 4689 1665 4747 ﬁdelibus
1696 4693 1810 4749 suis
1834 4693 2062 4749 haeredi-

470 4785 658 4841 tandis
688 4782 795 4855 14
818 4783 916 4845 sic,
950 4782 1050 4852 ipsi
1074 4782 1439 4853 expelluntur,
1462 4793 1518 4840 et
1540 4787 1848 4841 econtrario
1875 4786 2059 4841 (teten-

473 4887 560 4930 tur
590 4877 644 4929 in
670 4875 855 4929 futuro
890 4889 1066 4927 omnes
1092 4874 1184 4941 qui
1210 4885 1445 4945 sperant,
1477 4890 1585 4929 non
1609 4876 1662 4929 in
1694 4891 1753 4930 se
1781 4877 1877 4930 sed
1903 4875 2058 4931 inte.

472 4966 636 5022 Facta
665 4965 916 5021 oratione
951 4966 1197 5019 enuntiat
1232 4964 1471 5020 futurum
1501 4981 1622 5021 esse
1644 4968 1789 5036 quod
1819 4976 1974 5033 orat,
2000 4975 2059 5021 ut

473 5056 660 5111 fideles
708 5070 837 5109 suos
881 5054 1052 5124 magis
1103 5054 1172 5109 ad
1219 5055 1646 5125 exspectandum
1702 5056 1972 5123 hortetur,
2004 5069 2061 5112 et

470 5148 715 5203 infideles
743 5147 939 5201 intuitu
972 5145 1131 5216 hujus
1165 5147 1371 5202 lzetitice
1401 5149 1471 5203 ad
1515 5148 1925 5203 conversionem
1971 5157 2055 5202 at-

472 5241 658 5295 trahat
688 5257 700 5293 :
733 5239 855 5294 dico
898 5238 1166 5303 lwtcntur,
1198 5240 1342 5308 quod
1384 5254 1512 5294 vere
1539 5239 1677 5305 erit,
1718 5255 1846 5294 vere
1885 5241 2056 5295 exsul-

476 5334 658 5385 tabum
688 5340 745 5385 et
777 5346 886 5384 non
936 5330 1185 5395 horarie;
1216 5328 1309 5383 sed
1340 5329 1397 5383 in
1430 5338 1716 5401 internum,
1747 5339 1802 5384 et
1830 5331 2052 5397 merito;

471 5423 597 5491 quia
632 5430 685 5474 tu
717 5420 1035 5473 inltabitabis
1063 5419 1117 5471 in
1149 5419 1251 5481 eis,
1281 5418 1335 5473 id
1372 5426 1456 5473 est
1498 5420 1734 5488 deitatis‘
1759 5428 1863 5476 tua:
1892 5422 2055 5477 clari-

474 5522 640 5568 tatem
671 5510 914 5567 eil‘undes
958 5512 1011 5563 in
1042 5525 1165 5571 eos,
1200 5509 1342 5564 sicut
1390 5511 1518 5565 alibi
1560 5511 1758 5567 dicitur
1787 5529 1800 5566 :
1828 5514 2054 5582 Quando

469 5602 575 5656 erit
604 5603 746 5655 Deus
786 5598 968 5652 omnia
1005 5597 1059 5650 in
1095 5597 1348 5653 omnibus
1381 5598 1432 5667 (ι
1462 5598 1587 5654 Cor.
1618 5617 1707 5668 xv,
1734 5604 1827 5674 28)
1858 5615 1913 5659 et
1945 5620 2052 5659 non

469 5708 663 5763 parum
713 5689 1101 5753 exsultabunt,
1151 5689 1244 5743 sed
1286 5690 1673 5760 gloriabuntur,
1727 5696 1782 5750 id
1825 5706 1909 5752 est
1954 5714 2052 5768 pro

468 5782 712 5841 maxima
740 5781 915 5852 gloria
942 5779 1252 5849 gaudebunt
1282 5799 1297 5837 :
1322 5793 1400 5856 get
1429 5785 1529 5841 hoc
1554 5786 1606 5841 in
1637 5797 1685 5843 te
1711 5803 1818 5845 non
1848 5804 1935 5860 se,
1966 5800 2049 5849 at-

2162 4601 2278 4670 pias
2314 4616 2424 4663 me;
2469 4599 2626 4667 quasi
2683 4598 2831 4652 dicat
2862 4616 2875 4652 :
2909 4596 3025 4652 Non
3077 4597 3374 4661 reformido
3405 4597 3610 4667 quidem
3648 4591 3715 4646 hic

2166 4691 2602 4747 tribulationibus
2652 4690 2843 4760 argui,
2887 4698 2942 4743 el
2978 4689 3178 4758 corripi
3212 4705 3227 4742 :
3266 4704 3394 4742 nam
3447 4684 3708 4742 setundntn

2164 4782 2507 4837 Salomonem
2536 4801 2547 4835 :
2578 4802 2595 4833 ι
2630 4782 2800 4849 Quem
2826 4781 2999 4852 diligit
3025 4780 3287 4836 Dominus
3314 4782 3540 4851 corripit
3561 4777 3711 4847 (Prov.

2162 4890 2253 4939 tu,
2295 4873 2403 4943 1⁵2).
2449 4892 2467 4924 ›
2501 4872 2783 4942 Siquidem
2813 4891 2831 4924 ι
2880 4864 3117 4942 ﬂagellat
3156 4872 3302 4927 Deus
3338 4886 3549 4927 omnem
3579 4866 3710 4920 lilium

2161 4981 2319 5035 quem
2347 4964 2541 5034 recipit
2570 4963 2728 5035 (lleb.
2763 4980 2841 5019 xu
2863 5004 2877 5031 ,
2910 4963 2998 5034 6);
3037 4983 3056 5016 ι
3090 4973 3145 5019 et
3175 4965 3305 5019 alibi
3339 4983 3351 5017 :
3391 4983 3410 5015 ι
3449 4964 3544 5030 Qui
3572 4957 3713 5029 part-it

2161 5059 2326 5128 virga:
2354 5058 2468 5112 odit
2496 5057 2667 5111 ﬁlium
2700 5055 2883 5128 (Prov.
2917 5074 3046 5121 xm,
3075 5057 3169 5128 2i)
3206 5076 3219 5111 :
3256 5076 3275 5108 ι
3313 5057 3408 5112 sed
3438 5058 3537 5111 hoc
3562 5058 3652 5107 oro'
3668 5056 3712 5101 ut

2160 5167 2262 5204 non
2303 5167 2528 5221 arguas,
2561 5150 2611 5204 id
2640 5158 2726 5204 est
2770 5151 3065 5205 convincas
3097 5160 3152 5204 et
3194 5150 3458 5204 ostendas
3494 5162 3571 5201 me
3598 5140 3708 5199 mala

2160 5244 2352 5300 fecisse
2379 5258 2476 5313 per
2513 5244 2749 5299 furorem
2802 5253 2951 5297 tuum
3008 5244 3138 5299 mihi
3188 5244 3429 5307 illatum,
3461 5242 3511 5295 id
3537 5248 3611 5293 est
3635 5248 3709 5304 per

2157 5347 2417 5392 aeternam
2448 5338 2767 5401 vindictam,
2800 5346 2855 5390 et
2884 5336 3008 5406 quia
3043 5334 3195 5391 multi
3230 5353 3336 5391 non
3363 5337 3417 5388 in
3448 5334 3613 5406 furore
3634 5322 3709 5380 θεά

2158 5432 2211 5481 in
2248 5428 2359 5491 ira,
2388 5428 2439 5481 id
2471 5436 2555 5482 est
2584 5429 2636 5481 in
2666 5428 2921 5483 diuturna
2953 5443 3111 5496 poena
3139 5428 3455 5498 purgatoria
3489 5435 3638 5491 usque
3659 5416 3701 5469 in

2156 5519 2296 5573 diem
2318 5516 2505 5585 judicii
2530 5520 2845 5588 punientur,
2876 5530 3005 5573 tunc
3027 5521 3244 5574 tandem
3270 5518 3511 5573 evasuri.
3533 5510 3700 5568 Addit:

2159 5609 2341 5679 Neque
2372 5611 2425 5663 in
2452 5612 2533 5664 ira
2572 5623 2696 5677 tua,
2728 5611 2781 5665 id
2812 5620 2918 5678 est,
2951 5612 3004 5665 in
3035 5611 3121 5666 illa
3150 5613 3408 5665 diuturna
3433 5623 3582 5679 pinna
3613 5615 3708 5654 ror-

2155 5702 2316 5768 ripias
2338 5718 2447 5765 me,
2473 5684 2615 5756 idem
2647 5711 2731 5756 est
2761 5704 2850 5757 hic
2884 5704 3149 5773 corripias
3179 5711 3234 5755 et
3262 5704 3350 5756 hic
3393 5712 3604 5771 arguas;
3629 5688 3707 5746 Sed

2154 5791 2396 5848 miserere
2436 5794 2569 5862 mei,
2600 5793 2779 5862 Deus,
2810 5794 2864 5850 id
2893 5804 2976 5850 est
3004 5809 3128 5849 cum
3158 5793 3525 5849 misericordia
3552 5789 3597 5840 in
3620 5785 3703 5836 hoc
