3864 6320
121 365 205 420 857

1035 346 1394 405 EXPOSITIO
1430 346 1496 403 IN
1538 347 1876 405 PSALMOS.
1916 381 1979 393 -
2023 349 2214 404 PSAL.
2262 348 2372 404 νη.

3235 352 3340 409 558

123 474 294 535 mundo
322 483 404 524 me
428 465 660 536 ﬂagellis
689 462 1014 520 transitoriis
1053 478 1222 533 argue
1250 472 1304 518 et
1331 464 1567 532 corripe.
1602 462 1667 514 El
1696 466 1741 523 Α
1773 465 2043 531 laboravi;
2074 472 2199 534 quia
2229 466 2409 517 oculus
2436 479 2596 528 meus,
2625 464 2677 519 id
2700 473 2781 519 est
2804 467 3164 521 consideratio
3191 483 3343 521 men-

122 576 310 624 necesse
336 568 418 614 est
445 566 502 612 ut
527 558 635 611 hoc
658 570 841 619 orem;
877 553 1127 623 quoniam
1153 552 1398 621 infirmus
1432 569 1578 615 sum,
1609 550 1659 604 id

121 666 189 715 est
214 651 415 715 debilis,
440 665 545 703 non
580 658 776 716 potens
801 660 895 717 per
923 659 1008 699 me
1038 644 1254 708 sanari;
1286 642 1365 697 vel
1395 642 1660 707 inﬁrmus,

120 751 162 806 id
184 754 260 801 est
280 757 415 814 aeger
452 740 501 793 in
534 738 803 809 peccatis,
833 744 888 791 et
913 735 1039 805 quia
1064 733 1374 788 conturbata
1401 741 1522 786 sunt
1544 748 1662 786 ossa

120 856 213 894 mea
231 877 244 902 ,
270 834 317 890 id
344 842 424 889 est
449 833 572 901 quia
605 832 742 886 adeo
768 845 885 885 sum
912 827 1164 883 infirmus
1185 828 1327 898 quod
1355 827 1521 882 etiam
1543 841 1663 879 ossa

120 950 233 993 inea,
264 930 311 983 id
339 936 421 983 est
448 926 677 979 virtutes
700 940 818 993 qua:
843 932 969 978 sunt
1001 922 1258 979 fortitudo
1283 922 1497 985 animae,
1525 920 1665 975 sicut

117 1038 217 1080 ossa
240 1018 473 1093 corporis
501 1016 764 1070 fortitudo
798 1033 811 1069 :
847 1014 947 1085 15
969 1025 1090 1068 sunt
1124 1015 1470 1079 conturbata,
1501 1013 1551 1067 id
1579 1022 1667 1068 est

116 1114 299 1187 penitus
338 1109 544 1179 perdita
574 1117 628 1162 et
660 1105 956 1160 annihilata
985 1114 1205 1175 prepter
1231 1112 1490 1173 peccata;
1518 1104 1661 1173 isana

115 1222 206 1269 nte,
238 1202 480 1265 Domine,
511 1199 640 1268 quia
672 1200 844 1253 bonus
869 1196 1113 1252 medicus
1142 1212 1203 1252 es
1234 1205 1291 1251 et
1321 1206 1548 1266 potens;
1579 1197 1663 1251 vel

115 1301 179 1353 sic
200 1294 539 1352 continuatur
586 1309 598 1343 :
637 1290 878 1358 inﬁrmus
908 1305 1058 1355 sum,
1093 1289 1143 1341 id
1190 1299 1274 1343 est
1318 1303 1412 1357 per
1440 1304 1525 1342 me
1555 1303 1662 1341 non

115 1398 278 1460 potens
306 1383 507 1440 sanari.
542 1382 611 1437 Et
640 1381 916 1437 ideosana
950 1397 1049 1446 me,
1083 1380 1327 1446 Domine,
1354 1381 1444 1450 qui
1474 1389 1667 1450 potens

115 1488 251 1544 es;et
275 1490 492 1531 necesse
512 1486 597 1528 est
622 1482 682 1527 ut
715 1473 816 1527 hoc
842 1486 1016 1526 orem.
1054 1471 1319 1536 Quoniam
1351 1473 1661 1526 conturbata

115 1582 213 1626 sunt
236 1586 345 1623 ossa
372 1583 485 1621 mea
505 1607 521 1631 ,
552 1567 605 1621 id
631 1574 715 1621 est
743 1565 1003 1628 virttttes;
1036 1564 1199 1617 debes
1226 1563 1356 1617 mihi
1390 1562 1660 1629 misereri,

115 1663 216 1730 quia
247 1659 499 1713 Dominus
523 1673 673 1712 mens
697 1672 780 1721 es,
804 1666 859 1710 et
884 1669 984 1724 ego
1012 1653 1259 1707 infirmus
1283 1669 1423 1708 sum.
1456 1653 1522 1707 Et
1546 1654 1664 1708 ideo

118 1754 305 1809 adhuc:
338 1750 472 1817 Quia
525 1751 705 1803 anima
745 1765 859 1803 mea
907 1748 1118 1803 turbata
1160 1756 1235 1800 est
1269 1745 1444 1811 valde,
1484 1746 1536 1800 id
1571 1748 1664 1800 'est

116 1854 384 1913 toupnneia
432 1840 675 1911 peccatis
721 1840 864 1904 suis,
924 1846 978 1894 et
1025 1848 1112 1901 tu,
1156 1836 1412 1898 Domine,
1442 1837 1530 1891 cui
1578 1851 1662 1889 me

118 1950 300 1990 servum
326 1933 462 1999 feci,
493 1949 760 2002 usquequo
790 1929 1009 1987 diﬂ‘eres
1036 1928 1307 1984 consolari
1338 1928 1665 1983 remittendo

118 2027 337 2098 peccata?
362 2024 531 2092 Quasi
565 2024 710 2079 dicat
743 2041 757 2079 :
795 2022 913 2079 Noli
949 2023 1042 2077 diu
1072 2020 1319 2085 diﬂ'erre,
1350 2021 1447 2074 sed
1473 2023 1562 2091 (ex
1580 2020 1662 2074 ni-

117 2118 206 2172 mio
229 2116 489 2171 desiderio
506 2114 828 2184 snspeusive
854 2113 1008 2183 dicit)
1042 2112 1152 2168 noli
1180 2108 1396 2167 dilierre
1425 2112 1517 2165 sed
1543 2127 1667 2165 con-

116 2221 279 2263 uertere
319 2219 415 2276 per
459 2206 696 2276 gratiam
741 2206 810 2258 ad
842 2220 966 2271 me,
1011 2218 1333 2259 conversum
1370 2202 1438 2256 ad
1487 2211 1537 2255 te
1570 2216 1668 2271 per

117 2298 491 2368 perritentiam,
534 2308 582 2351 et
633 2298 810 2367 eripe,
851 2297 903 2352 id
949 2306 1036 2353 est
1078 2296 1130 2351 vi
1173 2296 1402 2351 extrahe
1430 2294 1666 2348 animam

118 2403 259 2443 meam
288 2403 315 2441 a
342 2389 590 2457 peccatis
611 2428 626 2453 ,
658 2396 714 2441 ct
742 2396 864 2457 post
884 2387 1086 2441 salvum
1116 2402 1197 2440 me
1220 2386 1334 2455 fac,
1376 2383 1671 2439 restituens

116 2495 183 2533 me
203 2482 245 2533 in
263 2480 530 2549 justitiam
559 2481 615 2532 in
636 2494 742 2548 qua
774 2492 924 2534 eram
952 2485 1241 2546 antequam
1279 2483 1387 2529 tam
1419 2473 1662 2544 graviter

115 2586 357 2643 peccarem
375 2610 389 2634 ,
421 2581 479 2629 et
513 2572 621 2626 hoc
652 2585 758 2624 non
783 2579 1002 2640 propter
1030 2568 1223 2624 merita
1249 2581 1371 2621 mea
1390 2605 1405 2631 ,
1433 2564 1527 2620 sed
1548 2580 1669 2634 pro-

118 2676 209 2733 pter
241 2666 655 2719 ntisericordiam
677 2675 844 2728 tuam,
871 2661 996 2731 quia
1019 2660 1339 2715 naturaliter
1362 2657 1670 2713 misericors

116 2774 188 2821 es,
214 2768 261 2811 et
287 2772 382 2828 ego
412 2772 527 2812 non
567 2772 688 2811 sum
740 2755 921 2811 adhuc
964 2755 1020 2809 in
1060 2753 1453 2815 morte.'hene
1492 2759 1671 2823 potest

118 2846 227 2902 mihi
246 2847 513 2902 medicina
544 2845 817 2916 impendi,
843 2844 894 2899 id
933 2852 1152 2900 estnon
1183 2858 1303 2897 sum
1334 2843 1387 2898 in
1421 2841 1672 2911 despera-

118 2935 234 2991 tione
258 2937 645 2992 rnisericordia:
677 2945 780 2990 tua:
798 2975 814 3003 ,
838 2943 893 2992 et
923 2936 1027 2991 hoc
1053 2935 1301 3005 probata
1334 2940 1444 2987 toto
1470 2932 1572 2988 sic.

172 3028 410 3094 Quoniam
434 3046 551 3085 non
578 3040 655 3084 est
692 3030 745 3083 in
780 3038 974 3095 morte,
1007 3029 1062 3083 id
1088 3036 1173 3084 est
1206 3027 1261 3082 in
1292 3027 1671 3097 desperatione

1703 1812 1740 1863 ll

1766 557 1834 611 tis
1864 571 2028 620 meae,
2085 556 2326 609 turbatus
2369 564 2474 621 est,
2501 554 2552 610 id
2600 563 2686 609 est
2732 567 3119 625 compunctus,
3149 559 3341 612 ethoc

1764 649 2013 717 superius
2045 647 2181 703 dixit
2209 640 2386 710 aliter,
2419 646 2518 701 sic.
2560 644 2625 699 Et
2655 647 2831 699 aninta
2869 664 2981 701 mea
3015 650 3225 701 turbata
3268 658 3344 702 est

1765 741 1946 806 valde,
1977 740 2070 795 sed
2103 740 2173 794 ob
2202 741 2303 795 hoc
2344 739 2576 809 repetit,
2626 747 2684 793 ut
2711 737 2873 792 addat
2904 728 3073 807 quare
3102 739 3343 795 turbatus

1764 843 1868 893 est,
1908 832 2030 886 dico
2060 832 2300 885 turbatus
2326 843 2431 893 est,
2467 845 2585 899 qua:
2638 828 2876 882 turbatio
2906 829 3173 898 processit
3202 845 3231 882 a
3261 830 3346 898 {u-

1767 943 1883 979 rore
1935 935 2059 988 tuo,
2098 924 2150 978 id
2182 931 2265 978 est
2310 938 2342 976 a
2391 921 2725 992 cogitatione
2758 918 2986 985 furoris,
3020 920 3075 973 id
3114 929 3198 975 est
3226 920 3345 973 vin-

1766 1018 1923 1072 dictae
1951 1024 2243 1086 perpetuae,
2267 1014 2393 1083 quia
2426 1013 2680 1068 timebam
2707 1011 2944 1067 furorem
2969 1011 3139 1077 illum,
3171 1012 3351 1066 ethoc

1768 1107 1887 1160 ideo
1918 1105 2045 1175 quia
2094 1103 2405 1169 inveteravi,
2441 1103 2492 1157 id
2538 1111 2622 1157 est
2668 1103 2734 1157 de
2778 1103 3019 1158 novitate
3061 1100 3262 1157 Chl‘lSll
3295 1101 3351 1155 in

1766 1217 1870 1270 qua
1900 1201 2050 1270 prius
2080 1214 2256 1262 eram,
2286 1196 2342 1250 in
2373 1204 2699 1251 vetustatem
2732 1196 2857 1251 Atla.-
2887 1197 3085 1263 cecidi,
3108 1196 3352 1253 existens

1765 1296 1901 1348 inter
1930 1308 2106 1347 omnes
2134 1290 2372 1344 inimicos
2398 1305 2539 1369 meos
2560 1329 2574 1352 ,
2606 1305 2712 1343 non
2748 1289 2888 1342 inter
2924 1288 3226 1359 quosdam,
3258 1288 3354 1341 sed

1767 1388 1908 1440 inter
1951 1398 2141 1439 omnes
2186 1380 2430 1437 visibiles
2478 1379 2688 1435 scilicet
2722 1391 2775 1435 et
2823 1380 3162 1436 invisibiles:
3212 1380 3354 1432 inter

1767 1476 1896 1529 vitia
1941 1489 2061 1544 quae
2091 1487 2177 1526 me
2208 1486 2439 1541 peccare
2488 1468 2768 1536 fecerunt,
2802 1481 2857 1524 et
2900 1478 3211 1540 peceatores
3260 1468 3354 1537 qui

1767 1580 1853 1619 me
1883 1564 2044 1619 minis
2074 1562 2155 1617 vel
2184 1560 2462 1617 blanditiis
2493 1544 2589 1613 vel.
2610 1559 2753 1615 malo
2779 1560 3026 1630 exemplo
3051 1575 3151 1615 suo
3198 1577 3227 1613 a
3264 1559 3351 1613 via

1760 1657 1988 1728 jus-tilia:
2041 1667 2458 1710 revocaverunt.
2517 1656 2760 1712 Perfecta
2802 1655 3174 1711 satisfactione
3202 1666 3255 1709 ct
3284 1655 3353 1708 de.

1768 1749 2091 1803 remissione
2115 1763 2359 1814 securus,
2381 1764 2446 1803 ex
2471 1748 2638 1803 nimia
2671 1749 2852 1803 hetitia
2878 1747 3258 1817 apostropham
3284 1746 3353 1801 ad

1770 1843 1955 1897 hostes
1998 1839 2242 1895 visibiles
2286 1839 2449 1905 facit,
2480 1840 2666 1895 dicens
2697 1854 2765 1893 ne
2804 1837 3050 1892 laborent
3079 1851 3201 1891 eum
3232 1850 3352 1889 am-

1767 1935 1909 2004 plius
1937 1947 2225 2000 revocare,
2254 1933 2379 2002 quia
2409 1948 2513 1988 non
2539 1942 2823 2002 poterunt,
2851 1940 2905 1986 et
2934 1931 3037 1986 hoc
3067 1928 3144 1984 sic
3177 1928 3309 1983 dicit
3336 1947 3363 1981 :t

1768 2026 1880 2096 Ego
1910 2026 2063 2095 prius
2102 2023 2403 2079 inveteravi
2437 2024 2580 2078 inter
2612 2038 2738 2085 vos,
2766 2032 2821 2077 et
2859 2023 2981 2077 ideo
3010 2020 3355 2077 satisfaciens

1768 2118 1916 2172 oravi
1947 2116 2114 2171 Deum
2144 2126 2202 2171 ut
2244 2130 2328 2171 me
2356 2124 2603 2181 sanaret,
2640 2126 2693 2171 ct
2724 2117 2966 2181 sanavit;
2994 2121 3049 2171 et
3090 2114 3211 2170 ideo
3256 2128 3354 2168 vos

1769 2225 1945 2264 omnes
1994 2208 2086 2279 qui
2137 2208 2430 2278 operamini
2461 2208 2787 2278 iniquitatem
2815 2247 2828 2270 ,
2883 2220 2989 2261 non
3021 2204 3113 2274 qui
3144 2202 3357 2273 operati

1768 2301 1903 2356 estis
1950 2308 2005 2357 et
2059 2300 2383 2371 quievistis,
2436 2300 2529 2353 sed
2573 2299 2666 2368 qui
2715 2299 2890 2352 adhuc
2936 2296 3256 2366 operamini,
3301 2300 3359 2349 et

1769 2392 2020 2463 exemplo
2049 2401 2234 2447 vestro
2258 2406 2344 2446 me
2376 2404 2630 2446 revocare
2657 2388 2819 2443 vultis
2838 2429 2854 2455 ,
2887 2386 3141 2441 discedite
3169 2403 3200 2438 a
3244 2401 3357 2449 nte,

1771 2486 1824 2540 id
1856 2495 1939 2540 est
1963 2495 2177 2540 cessate
2207 2499 2293 2538 me
2325 2484 2587 2538 revocare
2634 2479 2982 2544 omnimodo,
3009 2478 3135 2549 quia
3166 2477 3359 2546 nequi-

1772 2579 1933 2643 bitis;
1970 2594 2093 2632 nam
2130 2577 2418 2640 Dominus,
2446 2575 2531 2630 cui
2564 2590 2650 2629 me
2681 2587 2897 2629 servum
2922 2571 3046 2637 feci,
3071 2570 3367 2636 exaudivit,

1772 2670 1824 2723 id
1854 2679 1938 2723 est
1981 2668 2187 2722 audivit
2234 2677 2294 2721 ut
2324 2668 2708 2736 impetrarem,
2754 2680 2927 2719 vocem
2958 2664 3112 2733 ﬂetus
3138 2662 3271 2724 mei,
3304 2659 3364 2715 id

1771 2770 1855 2816 est
1897 2762 2198 2814 orationem
2245 2775 2408 2829 quam
2451 2757 2555 2813 feci
2604 2773 2727 2812 cum
2775 2756 2908 2811 fletu
2951 2767 3103 2818 meo,
3154 2750 3363 2805 scilicet

1772 2852 2087 2922 procedenti
2124 2852 2228 2922 16
2256 2867 2323 2904 ex
2356 2865 2386 2904 c
2430 2851 2514 2920 lpa
2550 2866 2689 2904 mea.

1846 2944 2133 2998 Exaudivit
2166 2943 2417 2996 Dominus
2448 2942 2860 3013 deprecationem
2884 2953 3079 3005 meam,
3103 2935 3373 2990 Dominus

1771 3037 2061 3092 orationem
2090 3052 2259 3089 meam
2287 3034 2530 3103 suscepit.
2568 3033 2635 3087 Et
2677 3033 2780 3087 hoc
2827 3041 2912 3087 ter
2952 3029 3182 3100 repetit,
3231 3027 3373 3097 quia

114 3121 368 3188 dicendus,
396 3124 489 3217 (illi
538 3138 738 3177 memor
762 3124 827 3175 Si!
849 3162 865 3186 ο
900 3121 953 3176 id
982 3130 1065 3178 εει
1095 3122 1206 3185 1αὲ,
1241 3121 1292 3176 id
1319 3130 1401 3175 εει
1427 3119 1521 3189 (Illi
1553 3135 1669 3175 Ille-
1697 3156 1742 3217 α
1774 3144 1885 3199 prae
1915 3128 2083 3183 nimia
2132 3127 2317 3182 laetitia
2368 3141 2473 3179 non
2514 3123 2711 3179 snilieit.
2741 3123 2787 3178 ei
2823 3121 2992 3178 semel
3023 3119 3226 3175 dicere.
3267 3115 3364 3172 Vel

118 3229 210 3266 tttOt‘
240 3222 316 3269 est
362 3214 760 3269 inriserit-ordia:
808 3226 943 3280 tuae;
990 3223 1046 3269 et
1095 3229 1198 3284 ego
1250 3228 1457 3268 memor
1486 3228 1608 3267 sum
1651 3229 1666 3266 :

119 3306 306 3375 ideoque
349 3321 457 3362 non
508 3323 633 3362 sum
667 3308 721 3361 in
747 3317 949 3372 morte,
982 3317 1039 3361 et
1071 3305 1213 3376 quod
1249 3306 1431 3361 nullus
1459 3320 1670 3361 memor

118 3407 183 3451 est
218 3399 265 3452 in
308 3408 524 3466 morte,
557 3400 795 3477 ostendit
838 3413 937 3469 per
995 3399 1299 3469 Oppositum
1345 3398 1670 3454 sententiam

119 3492 181 3545 sic
206 3509 218 3545 :
248 3507 364 3546 nam
390 3494 521 3562 quis
553 3493 762 3561 positus
794 3493 846 3546 in
872 3492 1078 3561 inferno
1098 3532 1112 3555 ,
1144 3492 1195 3547 id
1244 3501 1329 3546 est
1376 3491 1427 3545 in
1475 3492 1668 3561 despe-

119 3585 322 3649 ratione,
347 3601 454 3656 qua
493 3586 745 3656 pervenit
767 3587 836 3640 ad
868 3585 1170 3649 infernum,
1200 3584 1532 3651 conﬁtebitur
1556 3585 1669 3648 tibi,

118 3673 159 3726 il
188 3686 260 3729 est
279 3676 523 3732 laudabit
555 3689 604 3731 te
646 3680 713 3731 de
759 3678 1130 3732 misericordia
1171 3677 1294 3731 tua?
1324 3674 1530 3730 Nullus.
1568 3676 1668 3730 Se-

120 3767 274 3831 quitur
315 3787 328 3822 :
362 3768 667 3832 Laborari,
699 3778 807 3825 etc.
837 3768 944 3824 Sed
977 3770 1055 3824 sic
1099 3769 1452 3823 continuatur
1492 3784 1507 3821 :
1543 3767 1672 3823 Dico

118 3861 232 3925 quo]
254 3862 413 3916 debes
443 3861 735 3925 misereri,
771 3861 892 3916 ideo
930 3862 1057 3932 quia
1084 3861 1265 3915 anima
1296 3876 1410 3914 mea
1438 3870 1511 3913 est
1542 3874 1670 3913 con-

118 3950 316 4019 turbata,
342 3954 393 4008 id
416 3964 504 4008 est
530 3962 855 4023 compuncta
885 3970 897 4006 :
920 3964 976 4009 et
1002 3971 1109 4010 non
1139 3952 1316 4009 solum
1344 3953 1448 4007 hoc
1476 3953 1669 4019 habeo,

119 4044 192 4096 sed
216 4060 306 4115 ego
336 4048 447 4117 jam
475 4048 536 4100 in
564 4048 758 4116 gemitu
788 4048 1000 4116 positus
1044 4047 1284 4102 laboravi
1317 4046 1371 4100 in
1415 4044 1669 4115 jejuniis.

119 4140 313 4209 vigiliis,
343 4153 397 4197 et
427 4145 559 4199 aliis
590 4144 1087 4211 satisfactionibus,
1119 4153 1174 4200 et
1215 4145 1270 4198 in
1308 4145 1411 4198 hoc
1439 4144 1673 4198 ostendit

118 4246 163 4285 se
180 4232 277 4301 jam
308 4238 479 4306 magis
513 4238 737 4305 dignum
769 4238 1117 4293 exauditione
1149 4252 1163 4291 :
1198 4236 1372 4307 magis
1401 4237 1545 4290 enim
1588 4243 1672 4290 est

116 4320 200 4387 iam
236 4324 543 4393 laborasse,
584 4342 746 4397 quam
777 4327 1120 4383 solummodo
1148 4326 1447 4396 gemuisse,
1480 4335 1534 4382 et
1571 4327 1672 4382 ad-

119 4413 204 4468 huc
232 4417 439 4485 lavabo,
490 4419 551 4475 id
591 4428 676 4475 est
720 4420 964 4493 purgabo
1007 4420 1195 4473 lectum
1241 4411 1447 4486 meum;
1494 4419 1550 4474 id
1591 4429 1675 4475 est

118 4511 476 4569 conscientiam
511 4529 723 4580 meam,
768 4514 975 4582 ﬂendo,
1015 4516 1270 4570 incedens
1315 4532 1408 4585 per
1437 4514 1677 4585 singulas

121 4614 290 4670 noctes,
321 4608 374 4662 id
398 4616 486 4661 est
515 4622 615 4677 per
638 4620 826 4661 omnes
852 4616 1072 4671 noctes;
1110 4622 1214 4660 non
1240 4619 1336 4676 per
1372 4617 1555 4675 partes
1581 4620 1679 4660 no-

120 4695 287 4764 ttium,
336 4699 392 4754 id
435 4707 531 4754 est
569 4700 865 4754 recordans
903 4699 1235 4769 singularum
1293 4700 1563 4763 noctium,
1624 4698 1677 4752 id

121 4794 185 4837 est
210 4797 554 4853 peccatorum
572 4830 587 4853 ,
614 4805 734 4857 qua:
763 4791 828 4842 ad
854 4799 1066 4843 noctem
1092 4789 1313 4853 ducunt,
1347 4787 1411 4842 ad
1446 4797 1675 4843 mortem

120 4875 295 4931 scilicet
325 4888 445 4931 tete:
463 4893 591 4932 nam
609 4921 627 4945 ,
654 4888 708 4933 et
736 4893 832 4948 pro
866 4894 1191 4948 unoquoque
1219 4888 1445 4949 peccato
1473 4879 1680 4933 deﬂebo

121 4973 163 5016 et
186 4968 544 5033 satisfaciam,
568 4980 624 5023 et
653 4972 730 5024 sie
769 4972 1010 5041 purgabo
1037 4970 1451 5033 conscientiam,
1480 4986 1678 5035 meam,

119 5069 214 5122 qua:
240 5059 519 5131 hucusque
567 5062 711 5117 fceda
743 5063 875 5129 fuit,
902 5073 959 5119 et
1011 5064 1385 5136 postrigabo,
1417 5063 1466 5117 id
1497 5071 1580 5118 est
1611 5063 1682 5118 ir-

123 5149 301 5218 riguam
350 5155 551 5210 faciam
600 5167 654 5210 ct
701 5157 932 5212 fertilem
976 5158 1243 5213 bonarum
1291 5158 1680 5227 cogitationum

122 5238 235 5307 Deo;
263 5253 487 5301 stratum
513 5263 707 5312 meum,
740 5249 790 5303 id
817 5258 899 5302 est
921 5250 1311 5304 conscientiam
1338 5264 1536 5313 meam,
1562 5264 1679 5317 qua!

123 5330 371 5406 hucusque
392 5339 551 5394 arida
577 5340 681 5392 fnit‘
700 5347 754 5394 et
801 5340 1005 5395 sterilis
1038 5341 1165 5394 dum
1194 5342 1333 5394 male
1360 5342 1677 5411 cogitarent.

124 5422 307 5485 Stratus
337 5446 472 5486 vero
514 5441 570 5485 et
596 5432 768 5487 lectus
819 5434 960 5487 idem
1003 5442 1131 5488 sunt
1178 5433 1284 5487 hie.
1334 5434 1683 5487 Conscientia

122 5531 229 5573 vero
272 5538 367 5591 per
417 5525 840 5581 similitudinem
871 5525 1073 5579 dicitur
1121 5528 1293 5581 lectus
1349 5536 1404 5580 et
1452 5533 1680 5580 stratus.

125 5604 254 5665 Sicut
280 5616 424 5669 enim
476 5615 620 5673 lecto
667 5632 833 5673 sanus
879 5619 1202 5690 requiescit,
1230 5632 1374 5688 reger
1422 5632 1549 5672 vero
1579 5616 1681 5670 mi-

125 5701 243 5755 nime
270 5709 558 5776 quiescere
607 5720 817 5779 potest;
848 5711 924 5765 ita
973 5720 1028 5765 et
1070 5710 1403 5766 conscientia
1448 5711 1603 5763 bonis
1630 5715 1686 5762 et

124 5795 341 5871 fetuties,
377 5801 541 5858 malis
567 5819 695 5860 vero
725 5812 1052 5860 tormentum
1078 5813 1134 5860 et
1163 5802 1436 5871 anxietas,
1468 5808 1522 5857 et
1552 5800 1674 5858 ideo

1774 3227 2001 3291 possunt
2038 3219 2151 3272 inec
2183 3217 2284 3271 tria
2319 3216 2535 3269 diversa
2567 3229 2688 3269 esse
2718 3214 2798 3268 sic
2825 3230 2837 3266 :
2870 3209 3154 3265 Exaudivit
3179 3206 3366 3261 Dami-

1774 3329 1871 3368 nus
1893 3328 2066 3366 vocem
2090 3312 2243 3381 ﬂetus
2266 3310 2389 3374 mei,
2415 3308 2549 3363 dans
2569 3316 2917 3378 peccatorum
2943 3302 3314 3358 remissionem
3342 3316 3360 3364 ;

1772 3405 2042 3461 exaudivit
2085 3403 2341 3457 Dominus
2367 3401 2783 3471 deprecationem
2826 3412 3029 3461 meam,
3058 3405 3117 3449 ut
3161 3394 3360 3448 iterum

1775 3514 1881 3554 non
1927 3498 2209 3562 caderent;
2255 3493 2516 3549 Dominus
2561 3492 2851 3547 orationem
2893 3503 3062 3544 meam
3100 3483 3361 3553 suscepit,

1768 3588 2036 3658 justitiam
2090 3602 2266 3643 meam
2316 3585 2451 3640 mihi
2480 3584 2798 3648 restituens,
2828 3581 2954 3652 quia
2984 3594 3081 3651 pro
3107 3591 3167 3633 se
3187 3574 3368 3632 oravit

1774 3688 1831 3736 et
1880 3678 2167 3735 exauditus
2211 3687 2297 3733 est
2334 3694 2348 3731 :
2395 3684 2517 3731 orat
2547 3674 2718 3730 Deum
2767 3682 2962 3741 ut‘eos
2997 3667 3245 3727 converti
3290 3667 3362 3723 ad

1775 3770 2078 3841 exemplum
2110 3770 2193 3825 sui
2223 3768 2406 3832 faciat,
2430 3767 2558 3837 quia
2580 3782 2679 3838 per
2705 3780 2763 3821 se
2784 3764 3029 3821 converti
3058 3768 3363 3831 nequeunt,

1774 3874 1830 3921 et
1859 3866 1961 3921 hoc
2009 3864 2091 3919 sic
2134 3863 2266 3917 dicit
2296 3879 2310 3916 :
2342 3860 2479 3928 Quia
2526 3875 2614 3914 me
2644 3857 2910 3914 exaudisti
2944 3855 3365 3913 erubescentem

1774 3969 1829 4014 et
1857 3967 2298 4023 convertentem,
2335 3965 2393 4011 ut
2416 3954 2667 4010 similiter
2688 3968 2781 4008 eos
2810 3951 3102 4015 exaudias,
3132 3964 3166 4005 o
3194 3946 3358 4011 Deus,

1770 4069 1873 4125 per
1901 4062 1954 4109 te
1980 4052 2313 4116 erubescant,
2358 4049 2412 4106 id
2453 4057 2534 4105 est
2574 4048 3013 4103 verecundentur
3041 4044 3107 4098 de
3132 4048 3361 4112 peccato

1777 4160 1875 4201 suo
1896 4184 1911 4210 ,
1944 4161 2122 4199 omnes
2148 4143 2348 4198 inimici
2369 4142 2499 4207 mei,
2533 4150 2580 4195 et
2610 4140 2987 4195 conturbentur
3017 4135 3363 4195 vehementer,

1779 4237 1831 4291 id
1866 4245 1952 4292 est
1998 4244 2455 4306 conrpungantur,
2508 4243 2563 4287 et
2609 4240 2732 4303 post
2776 4236 3143 4285 convertantur
3189 4224 3255 4279 ad
3312 4233 3364 4276 te

1774 4329 2098 4399 poenitentia
2129 4337 2185 4383 et
2213 4326 2618 4391 satisfactione,
2661 4324 2784 4378 dico
2826 4321 3160 4382 erubescant,
3198 4325 3255 4370 et
3283 4314 3363 4369 sic

1783 4424 1903 4476 dico
1929 4421 2237 4475 erubescant
2262 4418 2430 4482 valde,
2460 4432 2565 4471 non
2602 4430 2829 4486 parum;
2859 4420 2915 4467 et
2942 4409 3223 4473 velociter,
3256 4420 3365 4461 non

1712 4505 1756 4559 D
1785 4514 1958 4568 tarde.
2008 4512 2109 4579 Qui
2151 4511 2295 4565 enim
2331 4508 2581 4581 promisit
2611 4503 3007 4576 indulgentiam
3041 4497 3363 4571 pmttitenti,

1786 4622 1890 4660 non
1916 4604 2205 4676 spopondit
2227 4604 2367 4657 diem
2389 4600 2687 4656 crastinum
2713 4594 3076 4652 dissimulanti
3101 4592 3367 4663 (Gnaeos.

1784 4697 1964 4752 Itontil.
1996 4694 2062 4748 12
2091 4694 2143 4749 in
2169 4693 2429 4764 Evang.),
2458 4699 2513 4746 et
2550 4690 2846 4745 notandum
2872 4688 3017 4759 quod
3049 4687 3170 4741 ideo
3197 4685 3367 4739 intro-

1785 4789 1931 4841 ducit
1959 4787 2226 4857 pr0pheta
2262 4783 2351 4837 hic
2383 4781 2736 4852 poenitentetn
2765 4788 3044 4843 orantem,
3077 4786 3136 4831 ut
3166 4790 3264 4830 nos
3287 4773 3369 4828 in-

1786 4890 1964 4935 struat
2003 4878 2304 4950 ptcnitere,
2339 4884 2395 4930 ct
2440 4889 2541 4945 pro
2588 4873 2830 4944 peccatis
2881 4880 2939 4926 ut
2986 4871 3369 4941 impetremus,

1784 4988 1963 5029 orare.

2284 5064 2350 5119 IN
2388 5061 2719 5119 PSALMUM
2760 5061 2864 5115 νη.

1856 5159 2061 5214 Titulus
2085 5159 2321 5227 septimi.
2390 5157 2450 5211 In
2512 5157 2670 5225 liuent
2712 5154 2944 5223 psalmus
2986 5147 3188 5207 David,
3216 5158 3368 5212 quem

1784 5254 2010 5307 cantarit
2036 5252 2258 5307 Domino
2289 5266 2381 5319 pro
2412 5249 2576 5303 verbis
2604 5246 2766 5301 Clausi
2792 5245 2890 5314 ﬁlii
2919 5240 3137 5295 Jemini.
3167 5235 3235 5289 Et
3274 5232 3369 5286 ubi

1788 5345 2048 5400 habemus
2071 5344 2159 5399 hic
2180 5345 2233 5397 in
2257 5343 2438 5407 ﬁnem,
2462 5340 2671 5395 liehrzei
2703 5340 2901 5392 habent
2924 5331 3126 5388 victori.
3155 5326 3369 5381 Titulus

1787 5437 1890 5491 iste
1913 5438 1981 5491 ab
2005 5433 2319 5489 auctoribus
2342 5432 2557 5486 diverse
2582 5430 2870 5497 accipitur,
2895 5420 3192 5479 secundum
3218 5417 3366 5471 enim

1785 5528 2146 5599 Augustinum
2220 5525 2523 5595 figuraliter
2596 5519 2956 5574 introducitur
3009 5509 3240 5567 historia
3300 5508 3369 5561 de

1788 5620 1952 5675 Chusi
1977 5661 1990 5683 ,
2023 5619 2114 5688 qni
2152 5617 2424 5686 quondam
2456 5629 2578 5668 eum
2608 5611 2842 5667 Alssalon
2886 5610 2938 5662 in
2989 5601 3369 5676 persecutione

1789 5712 1956 5765 David
1991 5724 2243 5770 manens,
2271 5708 2369 5776 ipsi
2398 5705 2564 5758 David
2594 5704 2775 5758 omnia
2809 5700 3033 5756 consilia
3058 5692 3291 5747 Absalon
3317 5693 3369 5746 ei

1787 5800 2038 5857 nocitura
2068 5798 2380 5852 mandabat.
2418 5793 2626 5851 Dicitur
2659 5802 2835 5849 autem
2865 5792 3016 5863 idem
3047 5783 3212 5841 Chusi
3241 5797 3369 5837 con-
