3864 6320
507 312 607 368 659

505 434 683 490 silium
712 430 1033 503 Achitophel
1062 435 1203 503 quod
1237 435 1496 489 Absaloni
1529 436 1753 492 dederat
1796 438 2092 510 dissipasse

504 522 590 595 (ἸΙ
619 523 881 593 Reg.'xvn
905 565 918 588 ,
946 521 1035 593 '7),
1068 527 1424 595 persequendi
1458 526 1664 582 scilicet
1689 539 1898 598 patrem
1930 546 2088 587 smma

501 632 601 688 per
631 616 870 680 deserta,
896 625 949 670 et
984 616 1280 670 secundum
1306 619 1688 687 Augustinum,
1717 620 1882 676 Chusi
1928 623 2088 676 silen-

504 709 633 761 tium
660 708 1073 781 interpretatur,
1102 710 1193 762 sed
1215 710 1357 778 quod
1380 709 1855 781 subjungitnr,ﬁlii
1875 712 2089 778 Jemiai,

503 816 611 855 non
638 801 778 856 bene
807 801 1020 856 videtur
1043 802 1107 854 ad
1132 802 1413 857 historiam
1439 804 1930 869 accedere,scribit
1948 806 2091 859 enim

503 892 1231 963 beatnsllieronymusillum
1255 893 1418 949 Clausi
1442 894 1756 951 Arachitcm
1779 894 1967 961 fuisse,
1986 913 2092 952 non

504 990 679 1043 lilium
705 989 900 1043 Jemini
922 1007 935 1043 :
960 991 1321 1060 Augustinum
1341 990 1526 1045 dicens
1551 1006 1657 1045 non
1680 990 1817 1046 bene
1840 992 1891 1046 in
1923 993 2097 1048 histo-

506 1078 587 1132 ria
613 1081 977 1149 prospexisse,
997 1080 1183 1133 scribit
1202 1081 1364 1134 etiam
1384 1080 1525 1133 idem
1544 1079 1907 1152 llieronymus
1923 1081 1975 1134 in
1993 1083 2096 1137 laoc

503 1170 724 1223 nomine
752 1171 892 1238 quod
928 1170 976 1223 in
1016 1170 1119 1223 hoc
1156 1170 1311 1225 titulo
1342 1183 1444 1235 est,
1490 1186 1650 1224 unum
1682 1171 1918 1229 litteram
1951 1174 2093 1241 apud

504 1260 765 1317 llebreeos
796 1278 945 1325 esse,
974 1278 1093 1332 quae
1130 1261 1181 1316 in
1216 1264 1437 1317 nomine
1488 1263 1628 1317 illius
1658 1265 1749 1332 qui
1785 1265 1837 1317 in
1870 1266 2094 1320 historia

504 1355 703 1424 legitur
727 1370 831 1411 non
858 1356 1137 1417 scribitur,
1165 1356 1461 1413 secundum
1490 1357 1632 1426 quod
1654 1356 1816 1411 Clausi
1843 1356 2097 1427 Aitlaiops

503 1448 918 1517 interpretatur,
943 1456 1101 1501 etest
1128 1448 1213 1502 hic
1238 1447 1407 1503 Clausi
1432 1448 1817 1518 appellativum
1843 1464 1948 1505 non
1976 1465 2098 1519 pro-

501 1539 702 1609 prium.
734 1538 885 1593 Sicut
941 1540 993 1593 in
1040 1541 1265 1594 historia
1292 1540 1394 1595 etsi
1438 1540 1517 1595 sic
1560 1540 1727 1597 Clausi
1773 1542 2094 1611 accipiatur,

499 1630 648 1684 nulla
704 1631 932 1687 historia
984 1631 1234 1687 fortassis
1284 1632 1670 1697 introducitur,
1731 1649 1852 1687 cum
1920 1634 2097 1690 nullus

501 1721 667 1777 Chusi
701 1722 845 1777 filius
871 1722 1069 1777 .lemini
1104 1723 1156 1777 in
1190 1723 1417 1781 historia
1447 1722 1681 1794 legatur,
1710 1724 1811 1779 nisi
1840 1724 1978 1780 forte
2000 1740 2098 1797 per

500 1815 609 1871 hoc
626 1814 1010 1887 appellativum
1030 1830 1225 1870 nomen
1244 1814 1296 1870 in
1322 1814 1487 1871 Clausi
1515 1815 1644 1873 Saul
1669 1818 1987 1887 accipiatur,
2006 1818 2095 1887 qui

499 1904 704 1975 injuste
739 1915 1056 1978 persecutus
1103 1915 1187 1961 cst
1228 1906 1417 1961 David.
1478 1907 1579 1975 Qui
1630 1907 1759 1963 Saul
1804 1923 1929 1963 vere
1998 1909 2098 1963 luit

500 1999 707 2063 Clausi,
748 1999 798 2052 id
858 2009 941 2065 est
985 1998 1268 2069 ίΕιΙιὶορε,
1302 2000 1453 2070 niger
1486 2000 1693 2055 scilicet
1742 2001 1794 2055 in
1827 2000 2093 2071 peccatis;

502 2091 649 2145 sicut
682 2091 939 2161 {Etlaiops
978 2093 1030 2145 in
1064 2106 1293 2160 corpore
1341 2093 1497 2163 niger
1525 2101 1628 2147 est.
1657 2092 1759 2159 Qui
1806 2093 1971 2147 etiam
2017 2093 2098 2148 le-

503 2183 650 2251 gitur
677 2199 798 2238 csse
826 2185 971 2252 ﬁlius
1012 2184 1241 2250 Jemini,
1273 2185 1322 2238 id
1383 2194 1467 2240 est
1510 2185 1790 2256 Benjatnin
1837 2187 1905 2241 de
1956 2186 2099 2241 tribu

501 2275 620 2341 ejus
654 2284 813 2330 natus
848 2293 859 2327 :
889 2274 1169 2345 Benjamin
1209 2286 1390 2330 autem
1424 2277 1575 2346 prius
1618 2278 1796 2332 dictus
1822 2288 1906 2332 est
1940 2296 1957 2329 ι
1995 2278 2098 2333 Be-

502 2365 631 2419 noni
661 2365 813 2433 (Gen.
843 2383 1009 2439 xxxv,
1050 2367 1153 2433 l8),
1191 2387 1209 2420 ι
1246 2368 1295 2421 id
1331 2378 1414 2425 est
1441 2368 1582 2425 filius
1608 2369 1832 2435 doloris,
1862 2386 1927 2426 eo
1952 2370 2098 2441 quod

508 2474 559 2508 ιιι
595 2466 749 2525 partu
782 2456 899 2523 ejus
932 2473 1041 2527 μω)
1068 2459 1254 2513 dolore
1284 2470 1458 2515 naaier
1496 2460 1612 2529 ejus
1656 2460 1858 2515 Rachel
1884 2472 2099 2517 mortua

508 2556 589 2599 est
621 2559 635 2598 :
667 2547 897 2601 mutavit
926 2557 1106 2601 autem
1138 2558 1292 2617 pater
1321 2549 1439 2618 ejus
1469 2565 1666 2605 nomen
1692 2592 1706 2616 ,
1742 2567 1946 2607 vocans
1974 2568 2097 2607 eum

507 2636 787 2706 Benjamin
837 2650 1057 2709 propter
1107 2641 1431 2701 aﬂinitatem
1479 2642 1664 2708 vocis,
1700 2643 1751 2697 id
1803 2655 1885 2698 est
1930 2645 2096 2701 filium

508 2730 775 2795 dexterae,
807 2746 872 2785 eo
898 2732 1041 2801 quod
1072 2747 1193 2786 eum
1226 2749 1337 2803 pra:
1378 2735 1589 2788 czetcris
1622 2735 1914 2804 diligebat,
1947 2748 2001 2790 et
2032 2739 2097 2793 ad

508 2836 626 2889 ejus
651 2822 934 2877 dexteram
967 2839 1185 2895 semper
1210 2841 1334 2881 eum
1366 2828 1559 2881 sedere
1596 2826 1848 2882 faciebat.
1878 2829 2100 2901 Legitur

508 2927 641 2969 vero
696 2914 750 2968 in
808 2916 1036 2977 historia
1110 2918 1254 2987 quod
1315 2918 1610 2988 aliquando
1668 2919 1760 2974 filii
1818 2922 2097 2991 Denjamin

507 3006 759 3069 dicuntur
788 3006 1038 3073 Jeminei,
1073 3010 1364 3080 aliquando
1386 3021 1440 3065 ct
1470 3012 1560 3067 filii
1583 3011 1802 3068 Jemini.
1831 3013 1934 3069 Per
1970 3014 2099 3068 Saul

507 3096 703 3166 quippe
730 3098 820 3168 qui
856 3100 1020 3154 David
1050 3100 1233 3172 inique
1256 3103 1704 3171 persequebatur,
1729 3103 1986 3165 Iudaicus
2010 3120 2101 3173 po-

506 3188 688 3257 pulus,
715 3191 803 3259 qui
833 3190 1032 3251 Christi
1061 3194 1591 3264 persecutorinjuste
1620 3194 1744 3261 fuit,
1765 3197 2097 3266 designatur.

581 3281 888 3338 Secundum
922 3286 1309 3358 Hieronymum
1341 3287 1558 3356 quidem
1593 3288 1781 3342 titulus
1810 3289 1890 3343 sic
1923 3304 2091 3358 expo-

506 3374 658 3432 nitur
678 3392 692 3431 :
714 3373 964 3433 Psalmus
990 3379 1107 3444 iste,
1132 3378 1185 3434 id
1206 3388 1293 3434 est
1312 3381 1500 3444 verba,
1524 3395 1642 3449 quae
1665 3379 1718 3435 in
1741 3381 1845 3435 laoc
1869 3389 2100 3434 tractatu

506 3464 906 3535 intelliguntur,
936 3468 1311 3523 attribuuntur
1342 3468 1589 3537 Christo,
1634 3470 1727 3539 qui
1776 3485 1967 3525 revera
2020 3476 2103 3524 est

505 3555 680 3613 David
693 3592 719 3629 α
748 3561 1104 3629 perseveranti
1136 3561 1188 3614 in
1222 3560 1415 3629 ﬁnem,
1444 3561 1497 3616 id
1529 3571 1614 3616 est
1643 3562 1696 3617 in
1727 3562 2008 3617 victoriam
2034 3576 2102 3617 ne

512 3647 677 3712 cedat
718 3651 1165 3718 persecutoribus
1198 3651 1391 3708 timore
1422 3654 1615 3708 mortis
1649 3671 1663 3707 :
1699 3652 1925 3707 victoria
1956 3652 2101 3709 enim

509 3738 638 3795 ﬁnis
667 3749 750 3795 est
778 3740 927 3795 belli.
981 3742 1147 3809 Quem
1194 3743 1506 3810 Psalmum,
1561 3746 1612 3798 id
1665 3755 1749 3800 est
1789 3760 1909 3815 qua:
1937 3748 2102 3801 verba

510 3830 676 3901 hujus
720 3834 913 3902 psalmi
957 3837 1202 3890 cantavit
1233 3836 1496 3893 Dominus
1545 3836 1700 3892 Patri
1738 3838 1790 3892 in
1820 3842 2101 3908 passione,

512 3922 569 3979 id
594 3932 680 3979 est
707 3940 833 3989 cum
867 3927 1099 3981 maxima
1128 3928 1488 3984 delertatione
1516 3929 1774 3999 protulit,
1804 3931 1944 3986 sicut
1968 3947 2102 3986 can-

517 4026 645 4071 tans
674 4032 796 4073 cum
824 4018 1182 4075 delectatione
1212 4022 1423 4091 profert
1453 4038 1642 4086 voces;
1687 4022 1811 4078 dico
1839 4026 2101 4091 cantavit,

512 4116 565 4159 et
594 4108 695 4162 hoc
726 4125 822 4177 pro
852 4111 1031 4167 ve‘his
1056 4111 1223 4167 Chusi
1247 4113 1298 4167 id
1326 4122 1410 4168 est
1433 4130 1529 4184 pro
1551 4117 1794 4170 contuitu
1819 4117 2104 4171 verborum

511 4196 677 4253 Chusi
739 4198 833 4265 filii
886 4198 1104 4257 Jemini.
1164 4201 1271 4257 Pro
1322 4204 1576 4272 passione
1643 4205 1851 4261 scilicet
1902 4222 1915 4258 :
1985 4222 2107 4276 quae

511 4289 562 4343 ei
607 4292 835 4367 contigit
882 4307 980 4362 per
1033 4294 1198 4350 verba
1254 4294 1463 4350 Judaici
1534 4297 1715 4366 p0puli
1782 4299 1873 4367 qui
1929 4298 2108 4354 dictus

513 4388 599 4435 est
661 4382 859 4446 Clausi,
921 4383 973 4436 id
1042 4392 1128 4439 est
1178 4383 1462 4453 ZEthiops,
1530 4387 1684 4456 niger
1752 4387 2004 4443 videlicet
2053 4387 2106 4442 in

509 4475 770 4545 peccatis,
804 4474 980 4531 dictus
1010 4485 1187 4529 tamen
1214 4475 1354 4530 filius
1393 4474 1620 4544 lemini,
1653 4480 1705 4534 id
1734 4492 1837 4548 est,
1876 4482 2103 4547 dextrae,

512 4565 814 4625 secundum
891 4567 1151 4636 quosdam
1242 4582 1578 4635 conversos;
1673 4572 1765 4640 qui
1856 4572 2102 4629 salvandi

516 4654 622 4725 1'7
664 4654 717 4710 in
768 4655 854 4710 die
877 4656 1066 4726 judicii
1120 4656 1214 4711 filii
1264 4657 1389 4724 Dei,
1437 4668 1492 4712 et
1537 4660 1603 4714 ad
1654 4662 1934 4715 dexteram
1989 4661 2107 4730 ejus

514 4756 696 4803 erunt.
726 4748 793 4803 Et
822 4758 905 4803 est
930 4764 1031 4804 vox
1061 4749 1113 4805 in
1148 4749 1250 4803 hoc
1278 4748 1493 4805 Psalmo
1534 4749 1800 4807 Dominici
1835 4752 2069 4807 homiaais
2090 4791 2105 4817 ,

514 4853 617 4910 pro
664 4842 923 4897 membris
973 4845 1189 4898 orantis
1232 4850 1287 4895 et
1330 4857 1428 4913 pro
1480 4845 1958 4911 persecutoribus;
2001 4860 2105 4899 non

515 4933 904 5003 imprecative,
938 4937 1032 4990 sed
1061 4938 1379 5009 concessive
1421 4936 1653 5006 agentis.
1701 4936 1816 4990 Non
1848 4945 1907 4990 ut
1952 4936 2017 4993 de
2050 4951 2109 4989 se

513 5026 600 5080 vel
626 5026 693 5081 de
720 5028 982 5082 membris
1010 5029 1273 5098 ambigat,
1333 5028 1428 5083 sed
1458 5037 1517 5082 ut
1543 5042 1642 5082 nos
1667 5027 1722 5081 in
1762 5027 2110 5083 tribulatione

513 5135 677 5175 orare
706 5120 977 5185 instruat,
1008 5130 1063 5176 et
1092 5122 1195 5176 hoc
1224 5121 1301 5175 sic
1329 5120 1478 5177 dicit.

588 5213 836 5277 Domine,
874 5214 1111 5267 Verbum
1162 5210 1294 5264 milai
1350 5209 1707 5278 personaliter
1742 5211 1973 5279 unitum,
2014 5211 2108 5280 qui

517 5318 643 5356 cum
671 5304 746 5357 sis
777 5303 897 5357 aliis
931 5304 1093 5365 Deus,
1131 5311 1307 5355 tamen
1340 5301 1481 5355 Deus
1506 5316 1658 5356 meus
1682 5318 1762 5366 es,
1792 5302 1843 5356 id
1868 5312 1950 5357 est
1979 5302 2109 5358 mihi

514 5395 689 5465 magis
711 5395 870 5460 Deus,
890 5394 942 5446 in
960 5403 1007 5446 te
1030 5408 1137 5447 non
1160 5392 1212 5446 in
1233 5390 1339 5444 alio
1351 5392 1551 5458 sperari
1576 5406 1805 5462 semper.
1821 5393 2113 5448 Praetensio

513 5486 718 5548 meriti,
745 5494 800 5538 et
818 5484 946 5553 quia
970 5483 1021 5536 in
1048 5489 1100 5535 te
1125 5479 1570 5549 Speravi.salvum
1594 5498 1672 5535 me
1693 5482 1795 5549 fac,
1825 5484 2115 5538 restituens

516 5572 984 5627 immortalitatem
1003 5579 1057 5623 et
1079 5567 1586 5649 inapassibilitatem.
1638 5570 1725 5626 Me
1754 5573 1903 5637 dico;
1932 5586 2115 5626 exem-

517 5673 668 5733 ptum
691 5678 755 5716 ex
782 5660 1024 5714 omnibus
1038 5660 1460 5729 persequentibus
1476 5677 1576 5726 me,
1592 5671 1644 5715 et
1659 5654 1809 5731 prius
1835 5663 1997 5718 libera
2014 5682 2112 5729 me,

518 5763 575 5812 et
616 5754 720 5809 hoe
776 5757 1229 5823 prmposlcratum
1283 5759 1387 5819 cst,
1432 5762 1489 5808 ut
1527 5752 1689 5809 addat
1734 5754 1873 5810 unde
1923 5754 2117 5812 liberet

1068 310 1122 366 S.
1167 312 1518 370 BRUl‘iONlS
1556 315 2199 376 CARTllUSlANORUM
2239 315 2727 376 INSTITUTORIS
2762 315 2911 374 OPP.
2946 315 3125 373 PARS
3163 316 3204 372 Ι.

2122 445 2169 503 Α
2197 456 2318 496 eum
2346 460 2358 495 :
2390 444 2469 496 sic
2491 441 2658 496 libera
2686 453 2792 505 me,
2810 459 2872 494 ne
2899 450 2951 494 ut
2979 439 3149 504 leo,id
3178 445 3259 493 est
3279 435 3524 492 Judaiens
3546 440 3725 509 populus

2195 530 2450 586 frendens
2502 530 2556 585 in
2597 544 2683 584 me
2728 539 2786 583 ut
2833 528 2918 583 leo
2946 541 3195 597 quzerens
3239 540 3398 595 quem
3446 526 3641 582 devoret
3688 534 3723 599 (Ι

2196 621 2341 676 Petr.
2368 636 2421 686 v,
2456 620 2529 689 8),
2561 618 2797 689 quando,
2824 617 2876 671 id
2897 625 2980 671 est
3000 613 3314 685 aliquando,
3352 614 3515 683 rapiat
3541 619 3725 673 animam

2194 730 2364 768 meam
2412 713 2479 767 de
2525 711 2668 767 bono
2699 709 2980 780 proposito
3032 722 3129 762 suo
3179 714 3240 760 ut
3283 706 3386 760 sibi
3424 706 3725 777 incorporet:

2195 805 2308 859 vult
2343 804 2485 860 enim
2530 803 2594 858 ad
2641 804 2742 858 hoc
2777 818 2862 858 me
2909 814 3126 871 cogere,
3161 807 3219 850 ut
3254 813 3342 852 me
3389 796 3626 867 denegem
3656 800 3726 855 tibi

2195 897 2557 968 personaliter
2585 897 2829 960 unitum;
2873 895 3015 950 sicut
3047 894 3098 947 in
3139 890 3474 961 Evangelio:
3513 910 3528 942 ι
3565 892 3726 947 Secun-

2198 994 2323 1047 duna
2391 991 2564 1061 legem
2612 991 2771 1045 debet
2824 989 2959 1045 mori
3006 988 3129 1057 quia
3178 986 3348 1040 filium
3405 985 3494 1037 Dei
3544 1001 3596 1040 se
3634 987 3730 1042 fecit

2198 1084 2379 1155 (Joan.
2414 1100 2529 1147 xix,
2559 1082 2633 1153 '7).
2678 1100 2695 1132 ι
2732 1081 2859 1136 Dico
2892 1121 2908 1145 ,
2941 1080 3144 1134 salvum
3176 1095 3258 1132 me
3286 1077 3372 1146 [ac
3399 1087 3447 1130 et
3477 1076 3729 1139 Iibera,scd

2198 1175 2393 1230 merito
2420 1190 2575 1229 meo:
2608 1175 2725 1227 ideo
2752 1172 2958 1227 scilicet
2988 1171 3112 1241 quia
3143 1170 3195 1223 in
3231 1178 3282 1223 te
3313 1168 3544 1237 speravi,
3576 1171 3730 1225 etdam

2200 1267 2301 1321 laoe
2325 1264 2573 1334 estquod
2603 1280 2703 1333 ego
2725 1263 2900 1319 adhuc
2927 1276 3086 1331 spero
3122 1260 3267 1329 quod
3293 1276 3396 1313 non
3436 1270 3507 1313 est
3534 1260 3650 1314 alius
3667 1265 3731 1331 qui

2200 1372 2286 1411 me
2319 1356 2562 1419 redimat,
2595 1355 2643 1408 id
2667 1363 2751 1408 cst
2773 1353 2986 1415 liberat,
3021 1368 3181 1422 neque
3208 1350 3298 1421 qui
3324 1348 3526 1407 salvum
3568 1351 3731 1419 furiat:

2199 1457 2253 1503 et
2278 1447 2368 1503 tali
2400 1446 2712 1502 conditione
2736 1460 2833 1499 oro
2861 1452 2934 1509 te,
2968 1444 3186 1497 Domine
3218 1443 3356 1496 Deus
3388 1459 3530 1498 meus
3556 1458 3571 1496 :
3596 1443 3632 1496 si
3661 1443 3733 1511 {rei

2200 1541 2357 1602 istud,
2385 1540 2434 1592 id
2460 1549 2541 1593 est
2573 1552 2791 1593 causam
2817 1536 2974 1590 istius
2995 1534 3415 1605 persecutionis,
3442 1544 3494 1588 et
3523 1534 3630 1601 quia
3652 1535 3734 1603 ipse

2201 1650 2327 1689 vere
2373 1633 2574 1687 fecerat
2614 1630 2718 1685 tale
2749 1629 2874 1699 Quid
2908 1628 3050 1698 quod
3078 1627 3298 1697 quidem
3334 1633 3453 1681 erat
3484 1624 3626 1692 hujus
3648 1643 3737 1696 per.

2202 1725 2497 1780 secutionis
2546 1739 2706 1777 causa
2758 1721 2886 1776 licet
2943 1736 3050 1777 non
3100 1718 3318 1785 idonea,
3367 1716 3548 1772 dicens
3584 1732 3633 1772 se
3667 1720 3735 1775 Dei

2130 1792 2171 1850 Β
2202 1819 2394 1887 lilium,
2430 1828 2485 1874 et
2512 1818 2653 1888 quod
2682 1816 2898 1872 Judaeos
2918 1816 2986 1869 de
3010 1812 3213 1883 templo
3240 1810 3523 1881 expulerat
3546 1811 3698 1867 dicens
3724 1828 3736 1867 :

2206 1932 2223 1965 ‹
2266 1914 2465 1966 Domus
2519 1926 2637 1966 mea
2689 1912 2880 1964 domus
2921 1908 3185 1963 orationis
3238 1904 3559 1973 vocabitur(
3589 1904 3736 1960 Mallia.

2201 2022 2317 2069 xxi,
2350 2005 2459 2069 15),
2493 2023 2511 2055 ι
2552 2003 2695 2060 sicut
2727 2000 2852 2057 alibi
2893 2001 3093 2056 dicitur
3126 2015 3141 2053 :
3178 2018 3196 2051 ι
3235 1997 3403 2053 Zelus
3449 1996 3627 2051 domus
3663 2006 3739 2051 tua

2201 2100 2435 2155 comedit
2479 2113 2566 2152 me
2604 2094 2777 2165 (Psal.
2819 2109 3009 2158 LXVIII,
3042 2092 3151 2162 10),
3190 2109 3207 2142 ι
3242 2090 3413 2154 addit,
3461 2087 3575 2142 dico
3593 2088 3631 2141 si
3669 2089 3739 2155 feci

2202 2193 2363 2259 istud,
2393 2192 2443 2245 id
2476 2200 2559 2245 est
2603 2190 2648 2243 si
2678 2188 2936 2256 iniquitas
2981 2195 3056 2239 est
3106 2185 3161 2237 in
3209 2182 3477 2244 manibus,
3517 2178 3566 2233 id
3601 2190 3668 2233 est
3703 2181 3738 2232 in

2199 2286 2456 2356 operibus
2500 2283 2676 2347 meis;
2731 2278 2980 2334 manibus
3042 2276 3185 2331 enim
3236 2285 3561 2343 operamur;
3624 2271 3739 2339 quasi

2202 2377 2467 2433 dieat:Si
2527 2375 2763 2444 aliquam
2824 2370 3166 2440 iniquitatem
3229 2365 3334 2420 feci
3387 2377 3487 2433 pro
3535 2378 3629 2432 qua
3665 2364 3741 2417 sim

2201 2469 2394 2539 dignus
2422 2464 2692 2536 persequi,
2723 2472 2779 2518 et
2819 2471 2877 2516 ut
2906 2461 3070 2516 etiam
3106 2459 3236 2512 illud
3280 2469 3604 2517 removeam,
3637 2452 3742 2520 quod

2202 2560 2425 2615 liberius
2473 2559 2612 2613 inter
2650 2557 2897 2612 homines
2928 2554 3157 2621 videtur,
3190 2553 3296 2606 laoc
3322 2550 3533 2605 scilicet
3562 2548 3635 2600 :si
3656 2547 3742 2599 red-

2202 2653 2316 2706 didi
2348 2651 2489 2704 mala
2524 2649 2924 2704 retribucntibus
2960 2648 3112 2709 milii,
3157 2645 3208 2699 id
3246 2652 3331 2698 est
3355 2641 3558 2696 ludatis
3593 2638 3745 2707 quibus

2201 2760 2301 2815 ego
2319 2744 2482 2798 multa
2504 2743 2642 2798 bona
2661 2756 2821 2811 opera
2842 2739 2941 2795 feci
2963 2757 2974 2792 :
2994 2738 3083 2808 qui
3099 2736 3230 2791 mihi
3249 2735 3386 2788 mala
3405 2732 3745 2795 retribuerunt,

2206 2846 2333 2892 tune
2363 2851 2464 2907 ego
2488 2835 2682 2899 inanis,
2716 2834 2767 2888 id
2801 2833 3120 2887 cstinanem
3163 2828 3371 2884 habens
3399 2840 3570 2895 spem,
3605 2823 3643 2877 si
3671 2824 3747 2876 hoc

2202 2939 2286 2984 est
2316 2928 2512 2983 anerito
2544 2940 2683 2991 meo,
2712 2940 2819 2979 non
2853 2923 3009 2993 culpa
3050 2931 3163 2986 tua,
3194 2918 3433 2973 decidant
3475 2916 3536 2968 ab
3558 2913 3741 2968 inimicis

2202 3020 2352 3083 meis,
2377 3018 2428 3073 id
2456 3026 2540 3073 est
2561 3033 2591 3071 a
2638 3032 2731 3087 spe
2763 3015 3109 3070 inimicorum
3139 3024 3410 3066 meorum.
3460 3004 3620 3074 Spero
3638 3004 3745 3058 enim

2128 3142 2172 3201 ρ
2204 3122 2327 3183 post
2349 3119 2576 3165 mortean
2620 3125 2795 3164 meam
2823 3108 3085 3178 quosdam
3123 3106 3188 3159 de
3235 3101 3441 3158 Indicis
3466 3097 3747 3201 algentibus

2204 3205 2338 3259 mihi
2369 3219 2466 3274 per
2499 3201 2941 3273 praedicationem
2974 3197 3346 3268 apostolorum
3376 3190 3749 3264 incorporandos

2204 3310 2345 3360 esse,
2372 3295 2513 3349 etde
2536 3292 2623 3347 illa
2649 3307 2744 3362 spe
2771 3291 3034 3349 decidam.
3061 3299 3114 3344 ct
3140 3303 3245 3343 non
3268 3288 3444 3343 solum
3472 3288 3569 3340 hoc
3590 3281 3747 3337 malum

2204 3384 2276 3439 sit
2307 3384 2464 3448 mihi;
2491 3382 2584 3437 sed
2611 3382 2773 3436 etiam
2790 3380 2917 3436 illud
2940 3379 3083 3450 quod
3113 3378 3285 3433 multo
3308 3377 3462 3448 pejus
3482 3384 3561 3430 est
3579 3372 3751 3427 contiu-

2205 3486 2317 3548 gat,
2366 3475 2572 3531 scilicet
2620 3488 2634 3527 :
2681 3482 3019 3544 persequatur
3078 3471 3345 3535 inimicus,
3396 3470 3450 3524 id
3493 3474 3573 3521 est
3611 3463 3751 3519 iudai-

2206 3584 2304 3623 cns
2352 3566 2601 3637 populus,
2654 3565 2886 3619 animum
2908 3578 3099 3626 meam,
3124 3570 3181 3617 et
3208 3562 3280 3614 ita
3308 3560 3454 3630 quod
3488 3567 3544 3611 ut
3563 3569 3751 3623 compre-

2205 3660 2416 3720 hendat,
2459 3659 2511 3713 id
2545 3666 2629 3713 est
2666 3658 2974 3726 ineorporet
3017 3669 3136 3709 eam
3179 3652 3305 3718 sibi,
3334 3651 3479 3721 quod
3524 3650 3753 3714 hucusque

2205 3751 2386 3807 facere
2432 3764 2540 3804 non
2580 3749 2776 3818 potuit,
2809 3757 2855 3802 et
2902 3748 3059 3800 vitam
3107 3760 3301 3807 meam,
3352 3743 3405 3796 id
3452 3750 3535 3796 est
3563 3738 3751 3793 animam

2206 3856 2405 3907 meam,
2439 3856 2559 3910 qua:
2593 3840 2789 3895 caelum
2822 3848 2929 3903 est,
2970 3837 3232 3905 dignitate
3263 3834 3486 3889 virtutis
3514 3827 3751 3887 conculcet,

2207 3934 2259 3989 id
2286 3941 2369 3988 est
2400 3934 2499 3988 sibi
2528 3930 2801 4000 subjiciat,
2828 3940 2884 3985 et
2910 3945 2969 3986 se
2988 3929 3300 3984 inferiorem
3343 3926 3509 3981 faciat
3534 3940 3548 3978 :
3574 3918 3753 3977 Concal-

2207 4032 2284 4078 cet
2315 4023 2437 4078 dico
2463 4024 2517 4077 in
2546 4033 2739 4076 terram
2759 4021 3067 4084 deductam,
3092 4019 3144 4073 id
3167 4029 3253 4074 est
3284 4018 3338 4072 in
3369 4026 3600 4077 terrena,
3621 4021 3670 4066 ut
3689 4026 3753 4064 so-

2207 4111 2482 4166 lummodo
2503 4119 2718 4166 terrena
2750 4111 2923 4180 sapiat
2951 4119 3006 4164 et
3033 4108 3215 4178 cupiat
3235 4107 3379 4162 sicut
3401 4120 3553 4160 naeus
3584 4115 3752 4162 eorum,

2209 4213 2257 4258 et
2286 4203 2507 4273 gloriam
2532 4219 2719 4267 meam,
2746 4202 2799 4256 id
2830 4211 2913 4255 est
2953 4200 3179 4271 gloriam
3222 4195 3630 4252 resurrectionis
3654 4205 3753 4286 meis

2210 4309 2374 4364 quam
2407 4301 2680 4362 exspecto,
2712 4292 2935 4344 deducat
2965 4292 3019 4343 in
3052 4287 3333 4359 pulverem,
3369 4286 3422 4341 id
3449 4294 3551 4349 est,
3582 4296 3655 4336 me
3686 4294 3752 4348 qui

2212 4386 2483 4456 gloriosus
2512 4400 2634 4443 esse
2664 4393 2922 4452 exspecto
2953 4384 3005 4436 in
3035 4380 3461 4444 resurrectione,
3486 4378 3697 4434 detineat
3716 4373 3752 4425 in

2142 4490 2183 4544 n
2213 4488 2413 4543 morte,
2437 4488 2491 4532 et
2531 4478 2608 4532 sic
2636 4476 2799 4532 faciat
2824 4476 3001 4530 reduci
3029 4476 3083 4529 in
3106 4473 3406 4544 pulverem,
3434 4481 3490 4528 et
3510 4472 3606 4526 hoc
3625 4476 3754 4523 totum

2209 4576 2291 4622 est
2316 4582 2378 4621 ac
2407 4567 2450 4623 si
2483 4568 2687 4621 diceret
2721 4582 2734 4619 :
2770 4567 2940 4621 Debes
2975 4582 3060 4619 me
3091 4564 3325 4619 liberare
3370 4571 3425 4614 et
3467 4561 3657 4616 salvum
3694 4556 3752 4609 la-

2207 4670 2353 4722 cere,
2397 4655 2521 4725 quia
2574 4656 2626 4709 in
2660 4664 2713 4710 te
2762 4655 2973 4725 speravi
3029 4668 3244 4721 semper
3272 4661 3327 4706 et
3376 4666 3482 4705 non
3516 4650 3567 4703 in
3590 4648 3698 4710 alio,
3719 4653 3757 4697 et

2220 4749 2396 4802 adhuc
2428 4763 2604 4819 spero,
2634 4762 2812 4818 neque
2838 4746 2936 4807 feci
2966 4746 3306 4817 iniquitatem
3345 4759 3448 4814 pro
3476 4758 3579 4813 qua
3606 4741 3756 4810 dignus

2212 4853 2386 4892 eSsena
2418 4838 2816 4907 persecutione.

2284 4928 2469 4999 Neque
2507 4928 2712 4983 reddidi
2770 4927 3170 4983 retribuentibus
3219 4926 3350 4980 milii
3390 4924 3552 4991 mala,
3588 4933 3636 4979 et
3668 4922 3757 4977 ideo

2212 5037 2319 5083 non
2359 5038 2477 5076 sum
2522 5022 2714 5093 dignus
2756 5031 2817 5079 ut
2856 5036 2943 5076 me
2986 5029 3347 5089 persequatur
3373 5059 3389 5084 ,
3440 5020 3519 5073 sic
3558 5026 3611 5073 ut
3643 5030 3756 5070 eoin-

2214 5112 2519 5184 prehendal
2558 5124 2614 5168 et
2644 5112 2944 5176 conculcet,
2970 5120 3026 5165 et
3059 5111 3288 5181 gloriam
3322 5126 3499 5165 meam
3543 5110 3593 5163 in
3614 5106 3757 5177 pulve-

2218 5222 2331 5260 rem
2356 5205 2610 5270 deducat,
2643 5205 2763 5259 dico
2790 5204 2982 5267 libera,
3026 5202 3352 5283 salvnm_l‘ac
3379 5218 3449 5257 ex
3475 5214 3757 5273 persequen-

2217 5296 2359 5351 tibus
2384 5305 2436 5350 et
2463 5298 2589 5365 quia
2615 5310 2699 5351 me
2731 5303 3145 5365 persequuntur,
3176 5310 3209 5348 ο
3236 5294 3381 5348 Deus
3417 5294 3509 5364 qui
3536 5294 3759 5361 imporens

2215 5388 2417 5442 videris
2436 5387 2517 5441 eis
2535 5386 2753 5451 Judaais,
2776 5401 3016 5455 exsurge,
3041 5384 3092 5437 id
3115 5391 3411 5453 estpotens
3434 5396 3623 5453 appare
3639 5380 3684 5431 in
3702 5378 3759 5427 ira

2218 5490 2331 5545 tua,
2366 5480 2416 5534 id
2453 5481 2614 5534 estin
2658 5480 2895 5533 vindicta
2936 5487 3021 5530 tua
3049 5477 3101 5532 in
3132 5492 3229 5532 eos
3255 5477 3581 5537 exercenda,
3617 5474 3661 5529 in
3688 5482 3759 5522 ex'

2218 5574 2515 5628 cmeatione
2549 5573 2730 5627 cordis
2759 5573 2991 5635 scilicet,
3042 5579 3097 5626 et
3139 5586 3248 5625 non
3281 5572 3460 5625 solum
3490 5571 3541 5624 in
3575 5568 3643 5623 ira
3673 5574 3759 5615 tua.

2219 5664 2313 5718 sed
2337 5663 2498 5717 etiam
2542 5663 2795 5730 exaltare,
2830 5663 2883 5718 id
2924 5672 3011 5717 est
3052 5672 3244 5731 potens
3285 5678 3487 5732 appare
3513 5662 3565 5715 in
3605 5655 3759 5728 ﬁnibus

2222 5755 2553 5810 inimicorum
2605 5772 2833 5810 meorum
2881 5755 3211 5812 auferendis.
3255 5754 3412 5822 Quod
3460 5764 3539 5810 est
3579 5752 3757 5809 diem:
