3864 6320
134 231 220 290 6ὅὶ
1046 168 1445 278 ιΙΞΞΧῙὊΞιΤΙΟ
1468 216 1538 273 ΙΝ
1578 215 1687 275 PSA

1791 212 1919 272 [08.
1957 243 2027 254 —-
2060 210 2257 269 PSAL.
2306 211 2407 267 Vll.
3266 215 3373 271 662

133 347 331 400 hxcaca
363 350 458 393 eos
480 309 767 399 inm-erile,
786 306 863 388 et
883 331 967 388 fac
991 332 1070 387 eis
1103 332 1301 387 auferri
1334 332 1470 387 lines
1496 330 1683 402 patriae
1709 336 1761 398 Α
1787 345 1904 385 sum
1920 335 2003 383 est
2019 325 2205 398 (Jacob
2239 340 2276 391 ι,
2303 325 2414 395 17).
2444 344 2464 377 ι
2487 322 2772 395 Sequitur:
2791 326 3365 398 Consummetur,etc.;

131 446 312 495 eorum,
343 437 398 488 et
425 429 507 486 sic
528 436 724 498 potens
751 426 802 481 in
842 426 1078 480 vindicta
1109 441 1327 496 appare,
1365 432 1420 479 et
1446 425 1551 479 hoc
1578 438 1685 479 non

134 526 225 596 ιε
265 530 347 579 εει
387 520 733 591 imprecatio,
774 517 869 574 sed
917 517 1082 572 divini
1120 515 1310 585 iudicii
1354 519 1435 587 (ut
1481 517 1688 587 justum

128 630 250 682 esse,
282 612 409 669 illud
437 612 598 669 nobis
640 609 850 681 innuat)
877 609 1176 665 concessio.
1216 609 1346 665 Post
1375 606 1684 663 concessio-

129 722 233 763 nem
260 705 453 760 divinae
485 703 709 773 iustitiae
754 704 809 758 in
833 704 1098 770 inimicos,
1148 710 1267 756 orat
1290 716 1389 771 pro
1428 698 1687 755 membris

128 799 193 854 sic
212 816 224 852 :
246 795 299 851 In
321 795 573 851 inimicos
592 811 809 866 exsurge
829 794 885 849 in
906 795 1010 859 ira,
1038 803 1092 848 et
1116 808 1145 848 e
1164 792 1443 848 contrario
1469 792 1533 844 ad
1549 803 1686 858 opus

127 903 292 943 eorum
319 886 412 956 qui
449 901 557 941 non
604 894 733 940 sunt
769 884 974 940 inimici
1022 885 1114 940 sed
1146 882 1420 953 discipuli,
1451 894 1687 951 exsurge

127 981 170 1034 in
198 978 466 1040 auxilium,
504 980 557 1031 in
588 986 866 1045 praecepto,
898 977 950 1031 id
983 984 1069 1032 est
1105 976 1159 1031 in
1203 974 1510 1031 obedientia
1551 988 1687 1043 prm-

124 1069 264 1139 eepti,
292 1069 445 1139 quod
473 1068 739 1123 mandasti
777 1068 857 1123 eis
884 1083 981 1137 per
1010 1082 1116 1132 me,
1149 1074 1211 1120 ut
1245 1080 1303 1121 se
1349 1066 1557 1121 scilicet
1597 1064 1684 1118 in-

125 1158 274 1213 vicem
299 1156 544 1226 diligant,
572 1164 629 1213 et
651 1157 843 1211 tollant
864 1170 1080 1211 crucem
1105 1171 1283 1221 suam,
1312 1163 1367 1210 et
1391 1161 1687 1224 sequantur

125 1261 197 1301 me
221 1246 427 1317 (Matth.
471 1263 584 1313 ιιι,
623 1247 737 1318 24).
784 1248 862 1302 Ac
888 1248 933 1302 si
966 1246 1113 1302 dicat
1142 1264 1157 1302 :
1201 1245 1404 1315 Adjuva
1440 1259 1533 1300 eos
1562 1243 1687 1298 mit-

125 1337 264 1393 tendo
284 1345 529 1392 sanctum
558 1337 823 1408 Spiritum
856 1347 915 1393 ut
934 1339 1148 1408 possint
1174 1338 1394 1393 obedire
1415 1343 1685 1407 praecepto

126 1439 203 1483 tuo
223 1444 312 1498 per
332 1443 418 1482 me
444 1430 701 1485 mandato
728 1449 741 1484 :
768 1438 827 1485 ut
853 1438 905 1484 te
924 1430 1149 1502 diligant
1168 1436 1221 1483 et
1247 1444 1333 1484 me
1363 1436 1682 1497 sequantur,

125 1528 169 1572 et
189 1520 298 1574 aliis
336 1521 505 1602 verba
554 1522 680 1577 vita:
726 1522 1040 1593 praedicent,
1077 1531 1133 1578 et
1167 1521 1379 1577 caeteris
1405 1520 1681 1585 obediant,

127 1625 227 1679 quae
246 1610 322 1665 eis
347 1611 607 1681 praecepi,
635 1620 691 1667 et
717 1612 762 1669 si
807 1613 1186 1668 exsurrexeris
1215 1627 1327 1683 per-
1345 1610 1682 1681 praedicatio-

1790 421 1933 490 quod
1958 420 2037 474 sic
2084 418 2365 475 continuat
2406 434 2419 471 :
2453 416 2572 472 Dixi
2608 417 2860 487 superius
2894 437 2906 472 :
2940 419 3133 475 Libera
3174 435 3261 475 me
3316 431 3374 476 et

1789 512 1997 567 salvum
2026 512 2130 579 fac,
2162 520 2217 566 et
2257 518 2448 582 postea
2486 509 2808 580 interposui,
2855 510 2950 565 sed
2990 525 3099 564 non
3147 512 3227 567 sic
3274 526 3374 567 ore

1787 603 1982 659 salvari
2010 613 2065 657 et
2095 603 2315 658 liberari
2337 611 2397 656 ut
2434 602 2573 657 mori
2606 600 2832 673 fugiam,
2875 601 2971 657 sed
3007 610 3067 657 ut
3115 617 3371 658 consum-

1788 706 1987 759 metur,
2022 695 2071 750 id
2099 705 2177 750 est
2199 695 2511 765 perﬁciatur
2540 695 2593 749 in
2624 710 2710 750 me
2748 694 2980 765 nequitia
3011 706 3368 765 peccatorum,

1789 788 1963 843 dando
1987 802 2073 841 me
2097 788 2148 842 in
2188 796 2439 844 mortem.
2472 786 2535 841 Et
2564 788 2637 843 sic
2666 789 2860 858 diriges
2881 790 3112 859 justum,
3150 803 3247 842 me
3268 789 3374 843 sei-

1787 880 1938 947 licet,
1984 882 2047 936 id
2078 891 2160 936 est
2202 883 2471 939 directum
2523 882 2804 949 ostendes,
2858 883 3093 954 gloriose
3138 867 3375 937 resusci-

1788 974 1953 1029 tando
1987 983 2041 1028 et
2067 991 2229 1046 super
2267 976 2435 1032 cmlos
2463 976 2772 1039 exaltando,
2797 975 3167 1043 mundumque
3185 973 3374 1043 subju-

1788 1066 1983 1136 gaudo,
2013 1070 2104 1136 qui
2136 1066 2296 1122 modo
2325 1067 2478 1123 dicor
2498 1065 2731 1135 iniustus
2756 1074 2811 1119 et
2838 1065 2973 1136 legis
2997 1066 3280 1120 distortor.
3306 1063 3376 1117 Et

1784 1170 1915 1211 vere
1960 1157 2173 1227 diriget.
2228 1157 2363 1212 Nam
2397 1166 2452 1212 tu
2499 1172 2558 1213 es
2597 1165 2860 1222 scrutans,
2923 1156 2977 1211 id
3030 1163 3118 1211 est
3168 1154 3372 1217 sciens,

1787 1247 1971 1314 corda,
2002 1246 2053 1301 id
2089 1256 2171 1301 est
2207 1249 2582 1319 cogitationes,
2611 1256 2658 1302 et
2700 1263 2865 1313 renes,
2903 1246 2955 1301 id
2988 1254 3070 1302 est
3096 1248 3370 1317 operatio-

1786 1354 1885 1395 nes
1915 1339 1996 1394 vel
2027 1337 2435 1404 delectationes,
2461 1348 2517 1394 et
2550 1355 2672 1395 cum
2699 1354 2888 1394 omnes
2918 1338 3276 1409 cogitationes
3318 1348 3373 1394 et

1786 1430 2131 1499 operationes
2181 1430 2267 1486 vel
2314 1430 2703 1486 delectationes
2754 1430 2916 1497 scias,
2968 1437 3027 1484 ει
3070 1444 3220 1485 meas
3264 1430 3373 1487 scis

1782 1520 1956 1592 iustas
1982 1538 2130 1589 esse;
2160 1531 2214 1578 et
2237 1523 2359 1579 ideo
2401 1523 2615 1593 dirigis,
2650 1532 2705 1578 et
2742 1538 2870 1577 vere
2908 1523 3173 1578 scrutaris
3204 1524 3370 1580 corda

1788 1621 1844 1669 et
1869 1628 2045 1680 renes,
2093 1613 2235 1670 Deus
2282 1614 2427 1669 enim
2466 1627 2544 1668 es.
2578 1612 2693 1669 Non
2749 1614 2869 1669 ideo
2912 1613 3065 1682 ponit
3104 1623 3369 1680 scrutanti,

127 1716 229 1756 nem
252 1715 460 1766 eorum,
513 1701 818 1775 Synagoga,
862 1704 917 1759 id
949 1703 1435 1774 esteongregatio,
1467 1700 1687 1771 populo-
1714 1696 1760 1757 B
1789 1708 1931 1776 quod
1969 1706 2171 1777 aliquid
2201 1708 2345 1761 enim
2384 1716 2631 1777 oporteat
2681 1708 2937 1773 scrutari,
2989 1708 3172 1762 omnia
3222 1708 3369 1763 enim

128 1809 224 1847 sunt
250 1793 594 1849 circumdabit
633 1804 703 1862 te,
746 1796 801 1851 id
830 1805 917 1852 εει
950 1797 1056 1853 erit
1078 1797 1132 1851 in
1160 1792 1524 1852 familiaritate
1559 1793 1684 1850 ﬁdei

130 1892 233 1948 tuae,
255 1895 306 1938 et
339 1883 644 1941 benedicit
667 1887 1003 1957 populorum,
1035 1887 1201 1943 etiam
1228 1868 1374 1943 siad
1411 1886 1554 1942 solos
1592 1884 1684 1941 Ju-

130 1976 251 2030 dteos
288 1974 600 2031 referatur:
634 1977 793 2033 multi
836 1978 982 2034 enim
1029 1964 1235 2050 populi,
1280 1978 1334 2033 id
1380 1986 1465 2035 est
1502 1978 1685 2033 multze

130 2066 271 2120 utrba:
302 2063 599 2123 .ludeorum
635 2078 1101 2136 conversae-sunt;
1152 2070 1294 2126 sicut
1319 2086 1425 2124 una
1466 2071 1553 2125 die
1581 2068 1684 2125 tria

128 2157 311 2223 millia;
339 2157 443 2214 alia
480 2174 615 2216 vero
654 2162 906 2232 quinque
935 2163 1102 2219 millia
1147 2164 1396 2234 leguntur
1423 2179 1683 2220 conversa

132 2247 272 2305 ﬁnisse
298 2248 434 2319 (Act.
468 2265 532 2313 tt,
575 2251 655 2319 4).
693 2252 974 2322 Sequitur.

185 2338 241 2394 Et
261 2350 464 2410 propter
482 2343 622 2398 hanc
646 2346 697 2399 in
720 2345 905 2411 altum,
932 2355 1065 2413 etc.,
1085 2348 1228 2418 quod
1257 2348 1336 2403 sic
1362 2348 1641 2403 continuat
1666 2365 1680 2402 :

129 2431 218 2485 dixi
247 2431 382 2501 quod
412 2430 700 2505 Synagoga
731 2436 1074 2491 circumdabit
1122 2447 1191 2504 te,
1223 2448 1270 2492 et
1313 2449 1524 2509 propter
1550 2439 1691 2493 hanc

130 2522 434 2596 Synagogam
462 2541 576 2581 non
624 2528 799 2583 solum
829 2539 1052 2601 propter
1085 2531 1378 2602 discipulos
1419 2533 1686 2602 regredere

129 2614 171 2663 in
190 2613 356 2682 altum,
371 2630 406 2669 ο
426 2614 690 2683 Verbum,
718 2619 769 2673 id
789 2629 873 2676 est
897 2621 951 2675 in
975 2621 1293 2677 altissimam
1321 2623 1683 2693 aequalitatem

132 2702 294 2761 Patris.
334 2705 451 2764 Non
490 2712 642 2781 quod
692 2711 766 2766 ibi
804 2725 1020 2783 semper
1047 2726 1154 2769 non
1200 2713 1383 2778 fuerit,
1417 2714 1512 2769 sed
1544 2714 1683 2769 idem

131 2806 195 2850 est
215 2813 272 2852 ac
290 2799 333 2853 si
357 2798 608 2857 diceret:
642 2803 722 2857 Tu
756 2803 847 2873 qui
873 2812 1002 2859 ante
1033 2805 1231 2860 saecula
1278 2805 1425 2860 Patri
1463 2805 1686 2874 mqualis

132 2889 349 2945 exstitisti
369 2900 425 2949 et
442 2901 655 2961 exstas,
682 2894 788 2948 illis
816 2895 962 2965 (quia
988 2910 1075 2951 me
1097 2895 1344 2950 tribulari
1371 2896 1641 2965 permittis
1671 2914 1685 2949 :

132 2980 237 3048 quia
272 2980 556 3052 inteqnalis
603 2984 849 3055 videris,)
874 2986 1098 3041 ostende
1148 2994 1200 3041 te
1236 3001 1360 3041 esse
1398 2985 1681 3055 aequalem,

134 3070 268 3126 mein
307 3074 471 3129 caelos
496 3076 796 3132 ascendere
841 3076 1114 3143 faciendo;
1147 3084 1207 3131 ut
1235 3076 1338 3145 eis,
1385 3075 1689 3148 Synagogte

133 3161 305 3218 scilicet
324 3172 382 3218 et
402 3165 705 3236 discipulis,
740 3166 1080 3222 Paracletum
1130 3167 1339 3233 mittas,
1371 3176 1427 3221 et
1467 3167 1546 3222 sic
1586 3181 1684 3236 per

134 3255 467 3313 ascensionem
505 3272 683 3313 meam
718 3267 990 3315 revertere
1027 3259 1080 3313 in
1127 3259 1292 3315 altum
1328 3259 1513 3331 gloriae
1556 3267 1681 3323 tum,

135 3344 176 3398 id
204 3350 392 3418 estqui
444 3349 692 3405 creditus
735 3364 795 3405 es
824 3365 853 3403 a
891 3349 1169 3419 prophetis
1221 3349 1512 3419 multisque
1565 3347 1686 3402 aliis

134 3435 343 3494 ﬁdelibus
385 3440 638 3510 aequalis,
686 3449 742 3495 et
793 3441 952 3496 modo
999 3456 1106 3495 non
1151 3440 1391 3495 crederis
1439 3438 1680 3508 aequalis,

134 3532 383 3586 reostende
408 3541 460 3586 te
482 3532 748 3602 :equalem
772 3548 912 3597 esse,
940 3542 992 3588 et
1015 3533 1095 3589 sic
1124 3541 1398 3587 revertere
1419 3532 1471 3586 in
1492 3532 1683 3598 altum,

133 3626 179 3671 ut
210 3619 540 3679 Paracletum
587 3625 669 3681 eis
708 3626 916 3680 mittas.
966 3625 1119 3693 Quod
1163 3634 1343 3680 autem
1388 3625 1632 3692 sequitur
1670 3641 1682 3676 :

132 3709 578 3786 Dominusjudicat
606 3716 841 3786 populos,
869 3717 1153 3772 conversio
1180 3725 1260 3773 est
1291 3717 1357 3771 ad
1388 3716 1684 3780 auditores,

131 3808 178 3853 ut
194 3806 429 3861 ostendat
470 3808 625 3876 quasi
658 3823 688 3861 a
729 3817 841 3863 toto
871 3823 929 3863 se
967 3808 1304 3861 liberandum
1346 3824 1467 3864 esse
1495 3820 1552 3864 et
1581 3807 1688 3863 sal-

132 3894 355 3961 tandum,
395 3905 452 3952 et
492 3898 574 3952 sic
607 3899 929 3955 continuat:
962 3898 1070 3954 Oro
1108 3898 1321 3954 liberari
1361 3909 1416 3954 et
1445 3899 1685 3965 salvari;

134 3985 251 4046 quod
278 4001 402 4043 vere
427 3989 557 4044 erit.
601 3988 735 4043 Nam
767 3989 1047 4055 Dominus,
1081 3989 1345 4056 Verbum,
1364 3991 1573 4060 judicat
1595 4008 1687 4061 po-

133 4074 255 4138 pulos
280 4092 467 4135 omnes
493 4080 638 4135 sicut
659 4081 937 4150 jutlicandi
968 4091 1092 4137 sunt
1124 4100 1137 4136 :
1175 4084 1227 4137 in
1259 4084 1511 4152 aequitate
1541 4085 1688 4139 scili-

133 4172 220 4229 rei,
255 4176 306 4222 et
350 4185 436 4226 me
483 4170 541 4224 in
576 4172 831 4239 mquilate
871 4171 1137 4241 judicabit
1180 4151 1461 4228 liberandi)
1499 4186 1554 4229 et
1584 4175 1689 4229 sal-

135 4258 298 4322 vnndo,
340 4262 643 4317 secundum
689 4264 834 4333 quod
878 4264 1005 4318 alibi
1037 4265 1236 4320 dicitur
1269 4283 1281 4319 :
1318 4283 1337 4316 ι
1384 4266 1500 4321 Non
1542 4267 1686 4321 enim

1786 1797 1907 1863 scit,
1938 1797 2032 1853 sed
2069 1798 2195 1868 quia
2242 1797 2602 1853 scrutantium
2642 1805 2725 1852 est
2764 1797 2923 1860 scire,
2966 1799 3187 1869 ponitur
3222 1815 3371 1853 scru-

1786 1898 1903 1943 tans
1936 1904 2034 1959 pro
2069 1890 2260 1943 sciens.
2305 1889 2483 1944 Renes
2520 1889 2675 1958 ponit
2709 1902 2808 1958 pro
2844 1888 3253 1958 operationibus
3286 1889 3380 1944 vel

1787 1978 2237 2037 delectationibus
2273 1996 2288 2034 :
2327 1981 2452 2049 quia
2486 1980 2705 2036 renibus
2738 1978 3144 2051 generationem
3179 1994 3372 2051 opera-

1788 2085 1932 2135 mur,
1962 2077 2016 2125 et
2046 2071 2117 2125 ibi
2154 2070 2513 2126 delectamur.

1857 2162 1993 2229 Quia
2019 2164 2268 2232 superius
2294 2165 2505 2219 dixerat
2539 2182 2551 2218 :
2578 2164 2775 2219 Judica
2801 2182 2879 2219 me
2908 2165 3192 2220 secundum
3209 2167 3346 2236 justi

1788 2255 1913 2308 tium
1941 2256 2045 2325 19
2066 2272 2254 2321 meam,
2276 2272 2344 2312 ne
2365 2266 2650 2328 putaretur
2671 2267 2991 2328 arroganter
3002 2273 3123 2315 esse
3144 2259 3364 2321 dictum,

1787 2346 2313 2416 ostenditjustitiam
2352 2362 2505 2401 suam
2542 2349 2683 2403 liene
2729 2349 3114 2417 promeruisse,
3150 2358 3209 2403 ut
3246 2365 3366 2405 eum

1788 2434 2024 2505 adjuvet,
2058 2446 2112 2490 et
2143 2436 2245 2491 hoc
2272 2436 2405 2491 dicit
2447 2454 2460 2491 :
2504 2435 2649 2492 Bene
2673 2436 2819 2502 dico,
2848 2453 2881 2491 ο
2921 2438 3234 2493 auditores:
3273 2439 3346 2492 Ju

1787 2529 1907 2583 dira
1936 2546 2016 2582 me
2044 2531 2331 2584 secundum
2363 2530 2632 2601 justitiam
2661 2547 2850 2595 meum,
2890 2546 3012 2585 nam
3045 2532 3373 2602 adjutorium

1789 2638 1960 2675 meum
1989 2632 2061 2675 est
2079 2623 2281 2691 justum
2308 2640 2340 2675 τι
2365 2622 2613 2689 Domino,
2654 2623 2709 2678 id
2739 2631 2822 2679 est
2846 2623 3050 2695 justum
3092 2632 3177 2679 est
3204 2633 3261 2678 ut
3289 2639 3375 2680 me

1789 2714 2046 2782 adiuvet,
2096 2717 2184 2781 qui
2242 2715 2502 2771 Dominus
2560 2716 2735 2770 salvos
2790 2716 2919 2785 facit
2975 2726 3142 2772 rectos
3198 2723 3375 2771 corde.

1789 2804 2039 2861 Ostensio
2083 2821 2112 2860 a
2172 2807 2390 2861 minori.
2440 2806 2602 2873 Quasi
2657 2808 2804 2862 dicat
2854 2828 2867 2863 :
2929 2807 3383 2880 Quandoquidem

1789 2911 1978 2951 omnes
2002 2904 2181 2949 rectos
2203 2895 2367 2949 corde
2400 2895 2580 2951 salvos
2607 2895 2757 2963 facit,
2782 2897 2875 2966 qui
2921 2897 3256 2968 indigniores
3288 2910 3373 2951 me

1791 2994 1937 3047 sunt,
1978 2986 2146 3039 multo
2181 2985 2352 3054 magis
2382 2984 2586 3052 justum
2617 2994 2702 3041 est
2745 2995 2804 3040 ut
2850 3001 2939 3041 me
2986 2987 3224 3056 adjuvet,
3263 2987 3355 3041 sal:

1789 3092 1917 3131 vum
1955 3076 2220 3131 faciendo.
2272 3076 2533 3147 Sequitur
2565 3077 2707 3138 Deus
2741 3078 2933 3148 judex,
2988 3087 3095 3133 etc.
3148 3078 3215 3132 Et
3270 3094 3381 3132 non

1786 3167 2041 3231 conversi,
2069 3174 2176 3221 etc.
2204 3165 2272 3220 Et
2297 3175 2380 3220 est
2407 3166 2675 3221 secundus
2698 3180 2887 3222 versus
2919 3158 3070 3237 prius
3092 3166 3369 3236 legendus,

1786 3258 1877 3327 qui
1922 3258 2000 3311 sic
2057 3257 2426 3311 continuatur.
2481 3255 2617 3323 Quia
2644 3256 2856 3311 dixerat
2906 3274 2918 3309 :
2957 3257 3377 3312 Consummetur

1788 3347 2051 3417 nequitia,
2118 3346 2250 3401 facit
2307 3346 2691 3418 apostropham
2740 3347 2809 3401 ad
2847 3347 2992 3415 ipsos
3036 3354 3374 3416 peccatores,

1788 3437 2012 3491 hortans
2050 3444 2109 3490 ut
2138 3435 2512 3507 paenitentiam
2570 3444 2734 3507 agant
2770 3435 2836 3490 de
2866 3435 3104 3504 nequitia
3142 3435 3249 3498 illa,
3304 3450 3375 3490 ne

1791 3531 1935 3587 Deus
1964 3533 2140 3586 vibret
2172 3533 2225 3585 in
2257 3546 2351 3587 eos
2386 3530 2648 3602 gladium.
2690 3529 2843 3585 Hanc
2877 3544 3005 3584 vero
3038 3530 3378 3585 exhortatio-

1790 3637 1913 3675 nem
1942 3622 2070 3677 iacit
2108 3636 2207 3692 pro
2255 3621 2577 3691 quibusdam
2621 3620 2895 3677 salvandis
2938 3630 3035 3677 :et
3062 3629 3122 3676 ιιι
3167 3636 3265 3676 ιιοε
3297 3622 3379 3675 in-

1790 3720 1966 3767 struat
2003 3727 2161 3768 orare
2190 3728 2289 3783 pro
2334 3713 2593 3780 inimicis,
2638 3713 2779 3768 sicut
2817 3713 2957 3769 idem
3001 3713 3054 3767 in
3086 3711 3384 3783 Evangelio

1790 3807 1921 3861 dicit
1948 3825 1963 3860 :
2001 3826 2019 3858 ‹
2051 3806 2215 3862 Orate
2240 3822 2337 3877 pro
2366 3807 2817 3877 persequentibus
2846 3806 3379 3862 etcalumniantibus

1789 3915 1909 3964 vos,
1968 3908 2031 3954 ut
2084 3900 2204 3956 sitis
2251 3899 2344 3954 ﬁlii
2393 3899 2573 3955 Patris
2633 3900 2799 3954 vestri
2850 3899 2943 3969 qui
2982 3898 3037 3953 in
3094 3898 3249 3954 caelis
3298 3907 3382 3954 est

1792 3991 2008 4064 (Matth.
2037 4008 2093 4057 v,
2124 3992 2237 4065 Η).
2273 4012 2293 4046 ι
2324 3993 2391 4047 Ει
2429 3993 2508 4047 sic
2557 3993 2843 4047 continuat
2878 4011 2891 4045 :
2926 3992 3034 4047 dixi
3074 4012 3087 4046 :
3123 3990 3380 4046 Consum-

1791 4093 1963 4137 metur
1984 4084 2236 4154 nequitia,
2257 4093 2459 4139 etvere
2474 4084 2962 4140 consummabitur.
2984 4082 3053 4136 Et
3076 4098 3140 4137 ne
3161 4092 3381 4151 propter

1793 4175 2089 4244 nequitiam
2119 4176 2263 4229 illam
2304 4177 2563 4247 pereatis,
2606 4175 2985 4229 convertimini
3037 4174 3376 4244 paenitendo;

1792 4282 1916 4320 nam
1970 4267 2071 4320 nisi
2123 4269 2354 4321 conversi
2407 4268 2633 4337 fueritis,
2680 4267 2914 4336 gladium
2970 4281 3157 4323 suum.
3204 4264 3258 4320 id
3297 4273 3383 4319 est-

134 4348 268 4404 Pater
285 4351 497 4419 iudicat
519 4370 872 4427 quemquam,
923 4356 1017 4411 sed
1063 4372 1222 4411 omne
1246 4357 1513 4425 judicium
1541 4358 1689 4413 dedit
1723 4391 1766 4443 D
1795 4357 2091 4412 vindictam
2133 4373 2310 4423 suam,
2341 4358 2581 4421 vibrabit,
2619 4359 2670 4411 id
2699 4366 2783 4411 est
2829 4357 3039 4425 parabit
3069 4370 3233 4424 super
3258 4371 3377 4420 vos,

134 4439 164 4491 l"
185 4441 245 4497 lio
264 4443 443 4514 (Joan.
470 4462 527 4513 v,
547 4448 661 4519 ἥ).
687 4467 704 4499 ι
732 4447 867 4503 Cum
895 4463 1025 4503 vero
1045 4448 1409 4514 dieit,lndica
1434 4467 1532 4514 me,
1557 4461 1687 4513 etc.,

132 4539 486 4609 apostropham
519 4540 649 4596 facit
679 4544 744 4595 ad
777 4540 1012 4597 Verbum
1053 4543 1153 4597 sibi
1187 4544 1549 4612 personaliter
1574 4545 1692 4598 uni-

134 4637 225 4724 tum
250 4648 264 4684 :
291 4632 368 4687 sic
394 4633 833 4703 quandoquidem
876 4635 1100 4704 populos
1143 4650 1343 4724 omnes
1368 4635 1601 4705 judicas,
1633 4645 1697 4690 ut

130 4717 378 4783 iudicandi
418 4732 568 4791 sunt,
617 4734 671 4780 et
708 4740 797 4781 me
832 4723 1035 4794 iudica,
1088 4717 1346 4792 Domine',
1397 4726 1693 4781 secundum

134 4809 254 4873 quod
302 4812 613 4869 innocentia
662 4829 783 4869 mea
833 4816 1132 4885 promeruit
1176 4824 1231 4872 et
1272 4816 1482 4887 iustitia
1546 4831 1691 4879 mea,

136 4896 313 4959 faciens
335 4905 546 4962 scilicet
570 4922 876 4977 resurgere,
915 4916 969 4962 et
996 4908 1047 4961 in
1072 4907 1268 4963 cmlutn
1298 4908 1612 4973 ascendere,
1640 4916 1696 4961 et

138 4995 365 5052 mundum
406 5008 531 5069 post
566 5015 653 5054 me
691 4999 843 5053 abire
881 5017 896 5055 :
932 5009 985 5055 et
1024 5000 1129 5053 hoc
1167 5002 1247 5055 sic
1282 5008 1367 5055 est
1408 5000 1461 5054 in
1502 5000 1643 5056 libro
1677 5015 1691 5052 :

136 5083 418 5157 Indica-me,
447 5091 686 5154 Domine,
712 5093 997 5145 secundum
1017 5093 1282 5160 justitiam
1317 5110 1507 5160 meam,
1535 5106 1582 5150 et
1610 5097 1696 5149 in-

138 5178 411 5233 nocentiam.
447 5196 640 5234 meam.
686 5181 752 5235 Et
784 5181 922 5235 bene
970 5182 1102 5235 dicit
1145 5198 1335 5249 meum,
1386 5183 1695 5253 specialiter

139 5263 260 5320 enim
289 5279 403 5325 erat
430 5271 622 5341 ipsius,
657 5285 779 5326 cum
816 5270 992 5325 nullus
1021 5285 1051 5324 a
1103 5271 1209 5326 Deo
1236 5272 1416 5341 justus
1456 5280 1513 5326 et
1540 5272 1696 5326 iuno-

142 5367 267 5425 cens,
314 5370 370 5416 et
415 5364 664 5433 quamvis
692 5364 868 5418 dicam
907 5362 1174 5432 justitiam
1224 5373 1280 5419 et
1326 5363 1695 5419 innocentiam

145 5460 312 5518 meam,
350 5461 530 5510 tamen
568 5471 725 5525 super
761 5471 862 5520 me,
908 5453 959 5508 id
1007 5463 1091 5510 est
1127 5456 1193 5510 de
1239 5456 1504 5526 superiori
1557 5457 1696 5512 datae

146 5549 267 5607 sunt,
296 5543 345 5599 id
369 5554 451 5602 est
470 5546 538 5603 de
561 5546 654 5602 Dei
679 5547 1067 5617 dispositione;
1094 5547 1245 5616 juxta
1275 5547 1404 5603 illud
1432 5564 1445 5602 :
1473 5565 1492 5600 ι
1524 5546 1697 5603 Omne

150 5631 304 5689 datum
338 5639 619 5708 Optimum,
652 5650 703 5693 ct
733 5654 892 5693 omne
921 5639 1139 5711 donum
1172 5639 1469 5706 perfectum
1502 5640 1691 5696 desur-

1794 4458 1845 4501 et
1879 4449 2091 4503 merito.
2132 4447 2264 4501 Nam
2298 4449 2410 4517 ipse
2435 4449 2606 4518 judex
2629 4449 2807 4519 justus
2844 4463 2947 4502 non
2996 4449 3198 4517 poterit
3223 4448 3381 4502 vobis

1795 4554 1901 4592 non
1949 4539 2252 4593 retribuere
2287 4539 2428 4607 quod
2478 4538 2696 4609 dignum
2737 4539 2862 4593 erit.
2900 4538 2961 4592 Et
3018 4538 3168 4605 [ortis
3197 4545 3281 4592 est
3311 4538 3380 4589 ad

1795 4630 1898 4684 hoc
1929 4628 2262 4697 faciendum,
2304 4629 2445 4684 sicut
2476 4643 2572 4699 per
2610 4628 2826 4700 Moysen
2865 4629 2994 4682 dicit
3026 4643 3040 4680 :
3079 4646 3096 4678 ι
3134 4626 3247 4683 Non
3297 4637 3386 4681 est-

1796 4723 1887 4791 qui
1918 4722 1983 4776 de
2017 4738 2179 4779 manu
2208 4737 2326 4777 mea
2364 4721 2537 4792 possit
2564 4736 2756 4776 eruere
2782 4722 2960 4790 (Deut.
2994 4738 3167 4785 xxxii,
3199 4721 3316 4789 '59).
3352 4742 3370 4771 ι

1797 4814 1861 4867 Et
1899 4829 2023 4868 vero
2051 4813 2206 4869 fortis
2228 4823 2313 4869 est
2339 4822 2395 4868 et
2406 4812 2604 4881 justus,
2638 4829 2759 4867 nam
2803 4815 2941 4869 Deus
2970 4821 3072 4869 est.
3100 4813 3164 4867 Et
3185 4828 3367 4884 quam-

1797 4905 1877 4959 vis
1906 4902 2086 4971 justus
2149 4913 2204 4959 et
2240 4902 2412 4967 fortis,
2445 4911 2623 4958 tamen
2667 4904 2867 4972 patiens
2906 4912 3008 4967 est,
3045 4902 3096 4957 id
3144 4912 3228 4957 est
3278 4917 3374 4971 pa-

1800 4997 1996 5051 tienter
2019 5010 2113 5050 vos
2133 5003 2454 5065 exspectans
2479 5009 2547 5049 ne
2570 4995 2833 5065 pereatis,
2866 4995 3005 5049 sicut
3038 4994 3176 5049 idem
3200 4993 3331 5047 dicit
3358 5010 3373 5046 :

1802 5109 1819 5143 ι
1858 5087 1992 5143 Nolo
2037 5096 2265 5142 mortem
2312 5086 2632 5156 peccatoris,
2676 5087 2770 5141 sed
2814 5095 2872 5140 ut
2920 5092 3267 5141 convertatur
3317 5094 3377 5161 ελ

1797 5181 1944 5235 vivat
1972 5179 2188 5250 (Ezeclt.
2227 5194 2419 5244 χχχιιι,
2464 5177 2575 5248 ll).
2620 5195 2637 5228 ι
2674 5177 2739 5230 Et
2778 5191 2905 5231 vere
2933 5175 3164 5245 patiens.
3220 5171 3377 5227 Nun-

1796 5274 1922 5344 quid
1953 5274 2096 5328 enim
2126 5272 2397 5337 irascitur,
2428 5270 2479 5324 id
2506 5278 2591 5324 est
2625 5269 2782 5338 punit
2814 5281 2910 5321 nos
2941 5282 2955 5320 :
2991 5266 3043 5318 in
3077 5265 3177 5327 ira,
3207 5263 3259 5318 id
3292 5273 3377 5318 est

1798 5367 1850 5419 in
1880 5364 2139 5429 vindicta,
2159 5380 2252 5433 per
2271 5362 2381 5416 dies
2402 5360 2634 5431 singulos
2650 5374 2772 5414 cum
2795 5358 2896 5412 hoc
2921 5367 3331 5425 promereamur
3357 5371 3372 5407 :

1798 5456 1961 5524 Quasi
1997 5457 2185 5511 dicat:
2215 5454 2330 5510 Nisi
2363 5453 2579 5523 patiens
2595 5458 2763 5512 esset,
2806 5448 2963 5503 nobis
2997 5460 3094 5516 per
3131 5443 3374 5514 singulos

1799 5550 1913 5603 dies
1958 5548 2306 5604 irasceretur.
2358 5545 2427 5600 Et
2462 5551 2521 5597 ut
2581 5555 2686 5595 non
2738 5538 2982 5593 habeatis
3030 5536 3377 5591 occasionem

1799 5642 2031 5713 gladium
2059 5639 2342 5706 evadendi,
2371 5638 2474 5694 nisi
2495 5632 2909 5697 convertamini,
2938 5629 3145 5685 tetendit
3178 5630 3287 5699 hic,
3315 5630 3377 5685 ιιι
