3864 6320
485 190 587 246 665

1028 189 1084 244 S.
1116 188 1464 246 BRUNONIS
1498 190 2139 249 CARTHUSIANORUM
2162 188 2643 248 lNSTlTUTORlS
2680 189 2829 249 OPP.
2871 190 3051 246 PARS
3089 192 3133 245 l.
3602 197 3683 252 ὓὸὶ

478 317 560 361 est
590 298 793 373 aptavit
820 316 1001 355 arcum
1023 315 1206 367 suum,
1236 300 1287 355 id
1319 309 1401 355 est
1428 296 1765 370 Scripturam
1798 315 1947 355 novre
1977 299 2058 354 le-
2090 304 2133 363 Α
2164 298 2283 353 dico
2304 340 2321 364 ,
2351 307 2405 354 et
2432 317 2447 353 :
2475 309 2801 355 convertatur
2826 298 2979 353 dolor
3016 301 3073 355 in
3099 314 3252 387 caput
3284 317 3417 372 arts.
3450 299 3511 357 Et
3539 305 3697 367 uthac

418 386 430 399 ”
474 397 557 465 gis
588 402 643 448 et
672 392 917 457 Veteris,
968 406 1088 462 qum
1152 393 1576 446 comminaretur
1620 400 1849 446 mortem
1894 398 2055 445 teter-

472 501 597 541 nam
637 500 742 539 non
773 484 1192 555 paenitentibus,
1240 482 1379 537 sicut
1423 498 1582 537 arcus
1631 483 1877 537 intonsus
1908 496 2057 536 mor-

474 587 583 632 tem
617 576 852 630 minalttr
879 573 1348 644 persequentibus.
1389 573 1455 625 Et
1484 587 1590 626 non
1625 571 1853 625 tetendit
1882 570 1936 627 in
1960 585 2057 624 oc-

472 670 651 736 culto,
682 669 775 723 sed
808 668 1022 738 paravit
1063 666 1249 729 illum,
1295 666 1347 719 id
1384 672 1498 729 est,
1540 664 1723 733 posuit
1770 664 1820 717 in
1848 671 2055 733 aperto,

474 761 617 818 sicut
646 760 771 813 alibi
800 758 998 813 dicitur
1029 772 1042 809 :
1078 776 1098 808 ι
1138 756 1192 811 ln
1219 771 1433 811 omnem
1460 765 1659 809 terram
1689 751 1859 809 exivit
1889 768 2057 810 sonus

474 867 659 908 eorum
688 849 863 922 (Psal.
895 866 1057 915 xvin,
1085 848 1163 918 ὃ).
1199 868 1217 900 ι
1251 847 1317 900 lit
1341 847 1475 900 bene
1503 844 1654 914 ponit
1683 845 1931 910 tetendit,
1960 858 2059 914 per

475 942 908 999 similitudinem.
946 941 1096 996 Sicut
1124 940 1266 992 enim
1313 951 1516 992 cornua
1549 949 1711 990 arcus
1755 934 1908 1004 prius
1936 932 2055 988 lon-

474 1037 673 1106 ginqua
722 1050 750 1088 a
796 1050 887 1098 se,
924 1032 1235 1087 intendente
1266 1029 1468 1085 chorda
1500 1027 1938 1101 appropinquare
1973 1028 2055 1082 vi-

473 1129 669 1181 dentur
698 1145 709 1180 :
747 1127 818 1180 ita
849 1124 968 1178 dua:
999 1123 1167 1192 leges,
1195 1137 1315 1191 quae
1366 1122 1523 1190 longe
1541 1121 1809 1175 distantes
1840 1135 1870 1173 a
1898 1135 1957 1174 se
1979 1120 2058 1175 vi-

473 1217 760 1282 debantur,
789 1231 885 1286 per
907 1214 1182 1285 Christum
1209 1213 1309 1267 sibi
1334 1214 1831 1282 appropinquantes
1855 1221 1910 1266 et
1929 1227 2057 1266 con-

473 1309 662 1364 cordes
686 1308 841 1362 facta:
862 1315 1008 1361 sunt.
1038 1306 1168 1360 Dico
1197 1321 1378 1357 arcum
1408 1305 1622 1359 tetendit
1645 1312 1693 1358 et
1719 1304 1923 1373 paravit
1954 1320 1972 1358 :
2003 1312 2058 1358 et

471 1411 531 1453 ut
555 1401 689 1455 bene
719 1415 875 1454 arcus
910 1398 997 1453 ille
1033 1398 1497 1463 manilestaretur,
1545 1397 1747 1466 paravit
1778 1396 1833 1451 in
1878 1414 1936 1450 eo
1957 1438 1972 1462 ,
2005 1399 2057 1453 id

469 1502 551 1546 est
580 1493 836 1548 instruxit
861 1501 915 1546 et
947 1491 1166 1556 docuit,
1192 1508 1316 1544 vasa
1346 1493 1529 1544 mortis
1559 1531 1574 1556 ,
1613 1490 1664 1544 id
1698 1500 1781 1545 est
1811 1490 1931 1544 illos
1962 1492 2056 1560 qui

470 1593 597 1640 sunt
643 1599 769 1638 vasa
822 1584 1014 1639 mortis
1036 1625 1052 1650 ,
1086 1584 1311 1639 scilicet
1349 1584 1735 1655 prmdicatores
1764 1599 1777 1636 :
1808 1584 1897 1653 qui
1929 1593 2057 1638 sunt

2160 390 2341 445 omnia
2366 391 2531 459 ﬁant,
2563 406 2598 445 ο
2629 392 2926 455 auditores,
2946 390 3243 460 Conﬁtebor
3264 392 3508 461 Domino,
3535 397 3692 467 Verbo,

2160 485 2212 540 id
2263 495 2348 542 est
2396 487 2583 543 laudes
2615 488 2667 542 ei
2714 487 2926 553 dicam,
2981 487 3267 541 secundum
3315 488 3573 558 justitiam
3610 510 3699 564 qu:

2159 575 2294 630 milii
2322 576 2539 642 datam,
2571 576 2622 631 id
2656 584 2775 642 est,
2819 576 3115 631 secundum
3166 592 3480 634 mensuram
3520 580 3700 650 iustitia:

2161 667 2461 721 conﬁtebor
2490 668 2580 722 ei:
2614 668 2757 724 sicut
2798 684 2887 724 me
2924 668 3440 737 cazterisjustiorem
3466 670 3581 726 fecit
3604 691 3697 731 om-

2159 763 2351 828 nibus,
2381 764 2457 818 ita
2491 764 2681 820 laudes
2704 779 2861 835 agam
2890 764 2939 819 ei
2973 780 3085 835 pra:
3115 765 3394 820 omnibus.
3429 766 3491 821 Et
3516 782 3605 821 non
3630 787 3699 826 so-

2159 854 2270 910 lum
2298 856 2619 923 conﬁtebor,
2652 856 2746 912 sed
2775 856 2942 911 etiam
2989 856 3250 925 psallam,
3273 858 3326 912 id
3351 867 3437 913 est
3460 858 3584 915 bene
3604 877 3703 932 ope-

2160 948 2342 1013 rabor,
2376 948 2577 1002 nomini
2618 946 2866 1015 Domini,
2901 947 2953 1002 id
2989 959 3072 1002 est
3102 948 3167 1002 ad
3212 949 3477 1006 honorem
3512 954 3703 1009 nominis

2158 1037 2372 1091 Domini
2403 1053 2419 1091 :
2450 1037 2717 1091 exhibens
2762 1050 2850 1091 me
2896 1051 3114 1091 servum
3167 1045 3223 1091 et
3269 1037 3445 1107 ipsum
3493 1038 3636 1094 Deum
3659 1050 3702 1097 et

2159 1128 2354 1183 merito
2381 1127 2448 1181 ad
2488 1127 2747 1181 honorem
2795 1126 3034 1182 nominis
3068 1126 3282 1182 Domini
3311 1127 3565 1181 altissimi.
3592 1128 3698 1185 Nam

2160 1218 2460 1273 altissimus
2505 1228 2621 1285 est,
2652 1218 2861 1274 scilicet
2894 1218 3158 1274 Dominus
3187 1219 3546 1274 dominorum.
3578 1220 3701 1276 Psal.

2158 1311 2270 1364 lere
2301 1311 2515 1379 proprie
2542 1312 2740 1365 dicitur
2766 1326 3024 1365 manuum
3049 1310 3373 1380 operatione
3402 1310 3457 1366 in
3485 1312 3703 1382 psalterio

2160 1402 2455 1466 modulari,
2489 1402 2714 1471 ideOtIuc
2742 1416 2841 1470 pro
2875 1404 3085 1471 operari
3112 1403 3362 1472 ponitur.

2146 1510 2157 1583 ξ
2642 1495 2707 1548 IN
2748 1494 3080 1549 PSALMUM
3121 1494 3259 1550 VIII.

2230 1585 2486 1657 Sequitur
2519 1586 2703 1641 titulus
2737 1588 2934 1641 octavi.
2962 1585 3029 1639 In
3061 1586 3218 1655 ﬁnem
3245 1602 3342 1657 pro
3364 1587 3701 1655 torcularibus,

467 1691 595 1731 vasa
618 1675 1020 1745 praedicationis
1050 1693 1061 1728 :
1089 1690 1209 1744 quae
1238 1689 1385 1729 mors
1406 1683 1490 1729 est
1511 1690 1616 1728 non
1649 1674 2053 1742 recipientibus,

2158 1651 2392 1755 psalmus
2426 1684 2619 1739 David.
2661 1684 2814 1750 Quod
2861 1683 2941 1739 sic
2969 1651 3263 1752 exponitur
3292 1702 3307 1738 :
3350 1682 3584 1738 Psalmus
3619 1651 3703 1739 iste

466 1775 701 1821 testante
725 1764 983 1835 Apastolo
1009 1782 1022 1816 :
1052 1784 1070 1817 ι
1098 1764 1237 1818 Aliis
1256 1778 1445 1819 smnus
1465 1763 1600 1817 odor
1621 1764 1743 1816 vitre
1768 1763 1819 1816 in
1846 1762 2011 1818 vitam
2037 1779 2052 1816 :

465 1855 588 1910 aliis
612 1856 747 1911 odor
779 1855 970 1909 mortis
999 1855 1051 1909 in
1085 1863 1311 1908 mortem
1342 1852 1423 1923 (11
1458 1852 1579 1906 Cor.
1611 1869 1680 1920 ιι,
1724 1854 1827 1924 l9).
1868 1871 1887 1903 ι

534 1945 603 2000 Ει
636 1945 751 2015 ipsa
781 1960 910 2000 vasa
942 1946 1110 2015 elfecit
1153 1947 1371 2015 sagittas
1391 1985 1406 2009 ,
1436 1945 1486 1998 id
1512 1952 1597 1999 est
1650 1946 1775 1999 fecit
1806 1944 2056 2002 ellicaces

465 2037 710 2108 sagittas.
740 2037 805 2090 Et
840 2052 949 2091 non
973 2038 1039 2091 ad
1072 2036 1271 2091 malum
1294 2076 1308 2102 ,
1337 2037 1433 2105 sed
1462 2053 1618 2100 suas,
1646 2037 1699 2091 id
1744 2046 1827 2091 cst
1854 2037 1921 2091 ad
1949 2037 2057 2091 uti-

464 2130 672 2186 litatem
704 2132 783 2185 sui
814 2128 1060 2185 ellicaces
1108 2129 1161 2183 in
1200 2129 1506 2184 ardentibus
1539 2130 1643 2185 ﬁde
1675 2138 1728 2185 et
1758 2130 2051 2185 charitate.

465 2221 618 2288 Quod
644 2230 725 2276 est
755 2222 935 2276 dicere
962 2240 974 2274 :
1005 2220 1192 2276 Faciet
1223 2236 1317 2277 eos
1343 2222 1706 2292 sagittantes,
1737 2223 1789 2277 id
1816 2231 1901 2278 est
1929 2239 2055 2292 per-

464 2312 737 2367 cutientes
766 2311 819 2366 in
850 2311 992 2367 bono
1025 2313 1274 2367 doctrina
1303 2328 1399 2367 sua
1422 2354 1436 2377 ,
1474 2312 1687 2369 futuros
1717 2315 1971 2371 ardentes
1996 2316 2052 2372 in

464 2404 572 2458 lide
606 2412 663 2458 et
691 2405 980 2459 clmritate.
1011 2403 1147 2471 Quia
1180 2406 1431 2474 superius
1459 2416 1713 2461 oraverat
1755 2406 1975 2462 liberari
1999 2416 2054 2463 et

465 2494 666 2548 salvari
704 2502 917 2562 posset,
950 2495 1145 2563 qumrit
1190 2496 1331 2549 unde
1360 2511 1418 2551 se
1448 2506 1659 2553 orasset
1703 2498 1956 2563 liberari,
1998 2508 2055 2554 et

463 2590 569 2644 hoc
596 2591 822 2659 exponit
850 2590 1012 2647 :-Oro
1058 2592 1316 2655 liberari,
1349 2601 1405 2646 et
1446 2606 1573 2645 ecce
1618 2590 1670 2644 in
1702 2605 1942 2658 praesens
1968 2598 2055 2645 est

463 2681 611 2735 unde
641 2697 727 2735 me
774 2689 1027 2751 oporteat
1067 2681 1309 2737 liberari.
1344 2680 1476 2735 Nam
1520 2680 1780 2735 Judaicus
1822 2679 2053 2749 populus

463 2772 691 2840 parturit
721 2772 1068 2843 injustitiam,
1098 2773 1150 2827 id
1175 2783 1258 2828 cst
1282 2773 1494 2827 laborat
1538 2774 1798 2842 perlicere
1822 2782 2049 2827 mortem

463 2880 675 2930 meam;
710 2865 852 2934 quod
903 2865 1162 2935 iniustum
1214 2875 1297 2921 est
1329 2884 1341 2919 :
1375 2866 1442 2921 ad
1492 2864 1897 2920 similitudinem
1935 2880 2052 2919 mu-

2157 1778 2533 1831 attribuendus
2581 1784 2664 1830 est
2686 1775 2877 1838 David,
2903 1775 2958 1829 id
3001 1781 3085 1830 est
3116 1774 3219 1844 ipsi
3256 1774 3529 1844 propheta:
3560 1793 3572 1829 :
3605 1786 3703 1830 ten-

2155 1867 2302 1922 denti
2337 1868 2388 1920 in
2420 1866 2615 1932 ﬁnem,
2645 1866 2695 1921 id
2723 1874 2810 1921 est
2839 1866 2891 1919 in
2921 1865 3195 1920 Christum
3228 1881 3244 1918 :
3276 1864 3363 1919 ve!
3388 1864 3440 1917 in
3472 1865 3707 1928 linem,id

2156 1968 2239 2014 est
2268 1960 2319 2012 in
2349 1958 2741 2028 perfectionem
2766 1958 3067 2023 bonorum,
3094 1956 3265 2011 David
3294 1956 3419 2012 dico
3442 1958 3603 2027 agenti
3621 1970 3705 2027 pro

2157 2049 2545 2113 torcularibus,
2578 2047 2628 2101 id
2657 2056 2740 2101 est
2782 2062 2881 2116 pro
2910 2046 3173 2101 Ecclesia.
3203 2045 3584 2102 'l'orcularibus
3599 2062 3707 2103 vero

2155 2141 2287 2196 dicit
2330 2140 2615 2210 pluraliter
2645 2157 2657 2192 :
2686 2154 2786 2209 pro
2820 2138 3025 2193 duabus
3056 2137 3319 2194 Ecelesiis
3355 2138 3422 2193 de
3463 2136 3705 2193 ludaiset

2154 2231 2408 2302 gentibus
2454 2249 2467 2285 :
2523 2230 2605 2284 vel
2662 2244 2759 2300 pro
2809 2227 2993 2285 multis
3040 2228 3408 2299 singularibus
3453 2228 3705 2294 Ecclesiis,

2155 2336 2275 2389 qua:
2323 2321 2579 2376 dicuntur
2629 2320 2919 2376 toreularia
2978 2335 3078 2389 per
3119 2320 3552 2375 similitudinem.
3594 2319 3704 2386 Quia

2154 2414 2295 2469 sicut
2324 2414 2377 2468 in
2410 2412 2663 2469 toreulari
2716 2413 2899 2465 vinum
2930 2420 2987 2466 et
3020 2412 3235 2467 acinum
3257 2452 3272 2476 ,
3301 2412 3384 2467 sic
3413 2412 3466 2465 in
3493 2410 3700 2466 Ecclesia

2152 2503 2278 2559 boni
2322 2503 2557 2572 malique
2599 2502 2950 2558 continentur
2996 2519 3011 2556 :
3046 2503 3138 2571 qui
3180 2503 3403 2558 tandem
3447 2503 3499 2556 in
3542 2501 3699 2569 iudicii

2153 2595 2239 2650 die
2267 2597 2665 2664 separabuntur
2690 2594 2833 2649 sicut
2865 2593 3049 2647 vinum
3094 2593 3166 2647 ab
3204 2594 3396 2655 acino;
3422 2594 3573 2664 juxta
3598 2592 3702 2646 illud

2154 2686 2492 2742 Dominicum
2520 2702 2533 2739 :
2568 2704 2586 2736 ι
2617 2686 2851 2739 Exibunt
2872 2684 3048 2754 angeli
3064 2686 3467 2753 etscparalmnt
3484 2684 3637 2739 malos
3652 2684 3705 2737 de

2151 2779 2330 2833 medio
2353 2778 2623 2848 iustorum
2653 2774 2866 2847 (Matth.
2902 2790 3034 2830 sum
3057 2817 3070 2839 ,
3101 2776 3217 2846 49).
3255 2796 3273 2827 ι
3305 2776 3371 2830 Et
3399 2786 3483 2831 est
3530 2776 3579 2829 in
3621 2777 3705 2830 hoc

2153 2870 2360 2941 psalmo
2387 2886 2488 2926 vox
2515 2870 2732 2941 proprie
2759 2884 2857 2938 pro
2902 2869 3149 2924 contuitu
3177 2868 3438 2925 Ecclesia:
3468 2870 3644 2923 future
3664 2869 3706 2925 in

464 2956 618 3011 lieris
647 2958 1037 3027 parturientis,
1069 2958 1122 3012 id
1164 2966 1281 3025 est,
1328 2967 1390 3013 ut
1416 2958 1593 3029 pariat
1627 2956 1949 3013 laborantis.
1986 2958 2045 3012 Et
2079 2995 2121 3046 (τ
2158 2961 2247 3016 Dei
2277 2961 2475 3016 laude:
2523 2970 2581 3015 ut
2606 2961 2743 3015 alios
2774 2974 2897 3015 eum
2945 2959 3172 3015 laudare
3213 2960 3481 3025 instruat,
3507 2960 3581 3015 sic
3607 2974 3707 3018 cum

464 3051 607 3105 hanc
629 3050 951 3119 injustitiam
985 3066 1088 3105 non
1110 3051 1194 3105 vel
1224 3066 1252 3104 a
1282 3052 1481 3106 merito
1504 3066 1645 3115 meo,
1670 3054 1752 3105 vel
1784 3052 1850 3105 ab
1873 3052 2051 3110 alieno
2081 3037 2121 3056 υ
2157 3053 2515 3107 admiratione
2545 3052 2969 3123 prorumpenlis.

465 3141 725 3206 consilio,
765 3143 859 3198 sed
907 3141 1021 3211 ipse
1064 3156 1163 3210 per
1198 3156 1254 3196 se
1285 3142 1516 3211 concepit
1546 3140 1599 3194 in
1638 3141 1803 3195 corde
1845 3156 1971 3207 suo,
2001 3142 2053 3196 id

469 3245 555 3291 est
579 3237 877 3308 cogitavit,
910 3235 1143 3291 dolorem
1165 3276 1181 3300 ,
1215 3237 1265 3291 id
1295 3246 1377 3292 est
1414 3246 1642 3292 mortem
1674 3250 1847 3289 meam
1867 3274 1883 3300 ,
1913 3236 2055 3290 unde

465 3330 743 3401 continget
794 3330 877 3385 eis
922 3329 1093 3384 dolor.
1126 3329 1193 3384 Et
1244 3330 1370 3400 quia
1415 3330 1526 3400 jam
1578 3330 1827 3398 concepit
1862 3336 2053 3382 etnon

464 3422 738 3492 parturit,
786 3421 1014 3490 peperit,
1047 3419 1097 3473 id
1142 3427 1225 3474 est
1260 3419 1464 3488 pariet,
1504 3419 1862 3488 iniquitatem,
1901 3418 1951 3472 id
1972 3425 2057 3472 est

462 3519 694 3565 mortem
751 3526 923 3565 meam
978 3510 1159 3579 inique
1212 3510 1474 3581 perﬁciet.
1522 3510 1590 3564 Et
1642 3524 1738 3579 per
1786 3510 1890 3563 hoc
1929 3508 2054 3577 quia

464 3600 743 3669 concepit,
792 3609 847 3654 et
900 3602 1158 3669 parturit,
1213 3610 1267 3656 et
1319 3601 1498 3671 pariet
1554 3618 1568 3654 :
1621 3599 1795 3653 lacum
1850 3600 2053 3668 aperuit

464 3701 510 3743 et
547 3691 753 3760 eﬂ‘odil,
804 3692 853 3745 id
905 3700 987 3746 est
1028 3690 1328 3748 elfodiendo
1378 3692 1616 3761 aperuit,
1666 3691 1717 3746 id
1772 3699 1853 3746 est
1899 3706 2055 3762 aper-

462 3790 581 3835 tum
632 3792 686 3837 et
739 3782 974 3853 amplum
1027 3783 1153 3839 fecit
1202 3802 1215 3838 :
1274 3796 1320 3839 et
1363 3784 1575 3847 incidit,
1630 3783 1683 3838 id
1738 3792 1823 3839 est
1868 3792 2054 3853 postea

463 3873 698 3940 incidet,
747 3875 802 3928 in
844 3875 1080 3941 foveam,
1129 3877 1182 3930 id
1237 3886 1319 3931 est
1371 3877 1423 3930 in
1469 3875 1676 3943 lacum,
1719 3892 1873 3947 quam
1907 3877 2052 3945 fecit,

463 3967 515 4021 id
582 3978 665 4022 est
740 3984 899 4037 quem
970 3970 1181 4039 paravit
1232 3970 1386 4024 mihi.
1437 3969 1591 4036 Quod
1650 3980 1735 4024 est
1802 3970 2048 4025 dicere:

464 4061 599 4126 Quia
651 4077 737 4116 me
784 4064 1027 4117 detinere
1071 4062 1187 4117 vult
1235 4063 1288 4117 in
1337 4072 1543 4128 morte,
1582 4061 1776 4116 similis
1807 4062 1915 4133 20
1942 4062 2051 4117 erit

464 4153 740 4209 effodienti
794 4153 970 4208 lacum
1018 4162 1076 4209 et
1123 4163 1368 4221 apertum
1398 4151 1650 4216 facienti,
1683 4153 1733 4205 in
1763 4168 1922 4222 quem
1950 4150 2050 4206 ali-

464 4259 624 4313 quem
648 4246 992 4315 prazcipitare
1015 4244 1271 4309 intendit,
1289 4254 1341 4298 et
1363 4244 1592 4313 ipsemet
1614 4244 1665 4299 in
1692 4244 1941 4297 eumdem
1973 4243 2047 4295 la-

2231 3144 2451 3199 Domine
2494 3144 2749 3199 Dominus
2792 3155 2971 3198 noster
3014 3143 3287 3208 existens,
3337 3143 3391 3198 id
3442 3151 3525 3198 est
3577 3158 3709 3212 quem

2158 3251 2254 3290 nos
2284 3236 2381 3290 soli
2413 3234 2583 3289 .ludmi
2602 3235 2978 3305 cognoscimus
3001 3250 3122 3289 esse
3144 3235 3441 3289 Dominum
3471 3230 3707 3299 nostrum,

2156 3336 2345 3395 gentes
2379 3326 2524 3380 enim
2562 3325 2800 3381 nondum
2834 3334 2887 3380 te
2916 3334 3304 3396 cognoscunt:
3357 3325 3530 3392 Quam
3572 3325 3709 3380 admi-

2158 3418 2321 3473 rabile
2358 3428 2433 3473 est
2460 3418 2736 3485 futurum,
2771 3420 2824 3474 id
2868 3428 2953 3475 est
2979 3434 3103 3475 cum
3131 3428 3336 3489 quanta
3386 3418 3712 3474 admiratione

2158 3511 2481 3582 gloriosum,
2539 3527 2727 3565 nomen
2781 3521 2952 3565 tuum.
3015 3508 3133 3564 Hoc
3197 3510 3416 3565 scilicet
3481 3510 3613 3576 quod
3665 3515 3709 3561 tu

2156 3603 2416 3659 Dominus
2450 3602 2690 3657 omnium
2740 3616 2826 3664 es,
2868 3603 2925 3654 in
2978 3601 3226 3655 universa
3266 3609 3447 3663 terra,
3484 3600 3533 3653 id
3564 3597 3711 3654 estin

2156 3695 2405 3767 gentibus
2444 3693 2712 3748 universa:
2755 3692 2951 3747 teme?
2999 3692 3079 3747 Ac
3125 3691 3171 3746 si
3207 3691 3402 3747 dicat:
3438 3690 3538 3758 Qui
3577 3689 3711 3744 modo

2156 3785 2496 3842 solummodo
2544 3784 2598 3839 in
2653 3783 2838 3839 Judsea
2887 3791 3049 3838 notus
3122 3797 3211 3846 es,
3258 3782 3328 3836 ab
3386 3782 3562 3837 omnis
3591 3778 3712 3835 modi

2157 3879 2409 3950 gentibus
2463 3874 2841 3945 cognosceris;
2872 3874 3029 3943 juxta
3069 3871 3197 3926 illud
3232 3888 3247 3925 :
3313 3890 3333 3919 ι
3364 3869 3566 3925 Omnes
3605 3884 3712 3938 gen-

2159 3980 2241 4024 tes
2290 3969 2358 4023 ad
2414 3978 2465 4023 te
2506 3975 2729 4022 current
2775 3964 2913 4037 (Isa.
2963 3980 3039 4029 tv,
3087 3962 3174 4033 5);
3210 3981 3232 4016 ι
3277 3972 3337 4016 et
3377 3962 3505 4016 alibi
3538 3978 3578 4013 ε(
3607 3959 3711 4015 0m-

2154 4076 2251 4115 nes
2281 4070 2470 4129 gentes
2514 4070 2869 4128 quascunque
2922 4052 3098 4111 fecisti
3152 4052 3379 4107 venient
3432 4061 3489 4107 et
3544 4050 3711 4105 adora-

2152 4153 2287 4209 bunt
2340 4165 2527 4206 coram
2592 4157 2673 4213 te,
2724 4146 2951 4201 Domine
3008 4142 3179 4217 (Psal.
3230 4158 3432 4207 Lxxxv,
3488 4142 3548 4211 9)
3581 4158 3593 4194 :
3624 4148 3712 4195 iet

2152 4242 2373 4315 exponit
2421 4241 2690 4310 quomodo
2740 4235 3223 4309 lietadmirabile,
3274 4235 3355 4290 sic
3388 4251 3405 4291 :
3437 4235 3563 4290 Dleo
3593 4231 3712 4303 quod

463 4350 584 4391 cum
620 4338 786 4393 cadit.
818 4337 951 4391 Nam
985 4337 1074 4390 illa
1104 4351 1276 4401 mors,
1304 4351 1464 4405 quam
1494 4334 1624 4389 mihi
1658 4342 1836 4404 parat,
1863 4333 1970 4387 erit
1996 4334 2047 4387 ei
2080 4338 2124 4396 Ι)
2153 4332 2497 4395 admirabile,
2559 4339 2613 4385 et
2666 4329 2769 4383 hoc
2831 4326 2981 4391 ideo,
3039 4325 3290 4395 quoniam
3355 4321 3714 4393 magniﬁcentia

462 4446 627 4485 Causa
657 4430 855 4497 ruinae;
880 4439 934 4483 et
962 4430 1187 4498 exponit
1209 4428 1576 4498 apertioribus
1600 4426 2045 4483 similitudinibus

462 4522 609 4576 hunc
638 4538 823 4576 casum
849 4522 968 4592 ejus
993 4523 1071 4576 sic
1103 4537 1117 4575 :
1155 4521 1295 4575 Vere
1336 4521 1537 4575 incidet
1566 4520 1618 4574 in
1648 4519 1882 4574 foveam.
1913 4517 2047 4572 Nam

460 4612 615 4665 dolor
635 4611 765 4679 ejus,
798 4613 847 4666 id
874 4622 957 4667 est
985 4612 1175 4667 mortis
1196 4611 1518 4682 supplicium
1546 4609 1688 4681 quod
1715 4610 1846 4663 mihi
1871 4618 2051 4678 parat,

462 4711 717 4755 convertet
759 4704 812 4756 in
854 4712 1010 4772 caput
1041 4702 1178 4772 ejus,
1210 4703 1261 4757 id
1290 4711 1372 4757 est
1402 4703 1455 4757 in
1480 4710 1714 4757 mentem
1743 4701 1860 4771 ejus
1892 4718 1906 4755 :
1932 4716 2051 4770 quae

461 4793 586 4847 ideo
615 4795 978 4849 excmcabitur
1010 4811 1023 4848 :
1058 4803 1113 4848 et
1158 4810 1262 4849 non
1298 4794 1472 4849 solum
1501 4795 1555 4848 in
1582 4803 1738 4863 caput
1758 4833 1773 4858 ,
1802 4793 1855 4847 id
1884 4803 1967 4848 est
1997 4793 2049 4847 in

461 4893 700 4940 mentem
722 4926 736 4951 ,
772 4888 864 4942 sed
888 4886 1141 4955 iniquitas
1167 4886 1312 4955 ejus,
1342 4885 1395 4939 id
1433 4894 1519 4942 est
1560 4900 1720 4955 paena
1751 4885 2052 4955 iniquitatis

462 4986 580 5049 ejus
600 5017 614 5039 ,
650 4978 700 5031 id
725 4985 805 5032 est
847 4977 1040 5032 mortis
1067 4990 1200 5029 mea:
1218 5016 1233 5039 ,
1262 4977 1534 5030 descendet
1558 4976 1613 5028 in
1654 4976 1889 5029 uerticem
1914 4976 2050 5044 ejus.

463 5068 529 5121 Et
554 5070 693 5123 bene
724 5068 857 5123 dicit
885 5067 941 5121 in
966 5067 1210 5121 verticem
1242 5080 1261 5118 :
1290 5068 1344 5120 in
1376 5066 1578 5120 vertice
1605 5079 1838 5133 namque
1860 5065 2050 5135 jugum

462 5159 591 5229 poni
620 5159 779 5214 solet.
813 5160 881 5213 Et
911 5173 1012 5228 pro
1039 5157 1331 5226 iniquitate
1366 5170 1552 5210 eorum
1578 5154 1660 5209 eis
1682 5156 2052 5210 Romanorum

459 5252 647 5325 iugum
677 5252 1017 5323 imponetur;
1052 5248 1207 5317 quasi
1240 5244 1425 5301 dicat:
1461 5245 1577 5301 Non
1609 5246 1785 5302 solum
1835 5248 1905 5303 ob
1950 5249 2054 5304 hoc

464 5345 845 5406 excaecabitur,
880 5343 976 5398 sed
1006 5342 1168 5394 etiam
1199 5337 1446 5391 servituti
1487 5336 1823 5405 subjicietur.
1854 5339 2049 5409 Sequi—

467 5445 555 5493 tur
586 5456 598 5490 :
630 5437 948 5504 Conﬁtebor,
998 5440 1054 5485 et
1099 5437 1220 5481 etet.
1266 5426 1529 5496 Loquitur
1554 5429 1624 5484 ad
1653 5431 1961 5493 auditores,
1995 5438 2054 5486 ut

466 5537 562 5575 eos
617 5521 863 5575 conliteri
911 5526 969 5573 et
1012 5512 1247 5583 psallere
1290 5512 1518 5568 Domino
1570 5516 1800 5570 instruat
1834 5534 1845 5568 :
1877 5525 1932 5572 et
1976 5519 2056 5572 sic

470 5615 754 5668 continuat
793 5631 804 5665 :
849 5609 971 5663 Dixi
989 5647 1004 5675 ,
1030 5604 1248 5659 Libera.
1276 5602 1490 5660 Salvum
1518 5607 1601 5678 [ac
1620 5648 1635 5675 ,
1656 5608 1930 5679 Exsurge,
1952 5608 2053 5662 Ju-

862 5689 1087 5708 u-"vv"

2151 4434 2278 4485 tua,
2333 4423 2385 4476 id
2442 4430 2525 4477 cst
2582 4419 2753 4475 Filius
2819 4426 2971 4481 tuus,
3024 4416 3116 4486 qui
3185 4414 3496 4483 emphatice
3545 4413 3713 4468 dicitur

2153 4512 2576 4582 magniﬁcentia,
2642 4509 2846 4565 faciens
2922 4522 3052 4563 suos
3126 4506 3483 4575 magniﬁcos,
3546 4504 3713 4559 eleuata

2152 4614 2255 4667 est,
2290 4602 2340 4657 id
2375 4609 2460 4657 est
2498 4599 2828 4656 exaltabitur
2865 4613 3023 4668 super
3061 4596 3214 4651 rwlos
3260 4595 3608 4651 materiales:
3645 4591 3713 4645 vel

2153 4709 2308 4762 super
2349 4692 2534 4756 caelos,
2578 4690 2630 4745 id
2674 4697 2762 4745 est
2803 4688 3016 4744 divinas
3062 4686 3403 4757 Scripturas,
3457 4701 3572 4756 qua:
3610 4693 3712 4739 sunt

2154 4782 2275 4836 alim
2308 4790 2555 4850 respectu
2596 4778 2934 4834 saecularium
2983 4794 2996 4829 :
3032 4778 3174 4833 sicut
3212 4776 3335 4831 emli
3379 4778 3473 4834 alti
3501 4786 3636 4841 sunt,
3669 4773 3712 4829 id

2152 4884 2237 4948 est
2296 4874 2456 4927 altior
2508 4872 2613 4927 erit
2667 4871 2720 4925 in
2775 4870 3065 4926 sanctitate
3116 4886 3280 4940 quam
3338 4870 3533 4929 divinte
3585 4867 3712 4924 Scri-

2152 4976 2324 5037 ptura:
2374 4974 2584 5023 testata:
2624 4966 2750 5020 sint.
2797 4963 2895 5019 Vel
2938 4979 3094 5033 super
3131 4962 3321 5029 caelos,
3366 4963 3421 5017 id
3458 4972 3541 5017 est
3575 4971 3711 5030 super

2156 5060 2448 5115 rationales
2483 5069 2799 5123 creaturas,
2836 5056 2892 5112 id
2937 5066 3024 5111 est
3068 5055 3287 5126 dignior
3315 5056 3424 5109 erit
3454 5053 3644 5125 angelis
3665 5058 3709 5104 et

2156 5150 2497 5214 hominibus,
2544 5149 2637 5219 qui
2686 5148 2836 5218 digni
2882 5158 3008 5202 sunt
3040 5162 3152 5217 pra:
3197 5148 3323 5201 aliis
3370 5145 3703 5201 animalibus:

2156 5241 2296 5297 sicut
2323 5240 2449 5296 cteli
2494 5248 2640 5295 terra
2682 5238 2959 5310 digniores
3007 5247 3165 5305 sunt,
3218 5238 3452 5317 ideoque
3496 5235 3608 5292 cteli
3637 5232 3705 5287 di-

2157 5342 2355 5389 cuntur
2386 5351 2399 5388 :
2431 5340 2487 5388 et
2531 5340 2591 5386 ut
2640 5340 2901 5402 appareat
2952 5331 3417 5399 magniﬁcentiam
3451 5339 3588 5384 tuam
3612 5325 3704 5380 ele-

2156 5426 2385 5481 vandam
2429 5441 2580 5490 esse,
2623 5426 2884 5497 perfecisti
2928 5424 3171 5491 laudem,
3216 5424 3268 5478 id
3317 5432 3405 5481 est
3445 5420 3701 5493 perfectam

2156 5517 2327 5573 facies
2354 5517 2567 5572 laudem
2587 5557 2603 5583 ,
2631 5534 2695 5571 ex
2716 5533 2804 5571 ore
2830 5516 3145 5587 infantium,
3174 5525 3231 5570 et
3262 5532 3370 5571 non
3400 5524 3699 5585 magnorum.

2162 5609 2255 5664 sed
2283 5618 2340 5664 ut
2364 5609 2609 5665 mirabile
2644 5609 2704 5664 ﬁt
2786 5620 2832 5665 et
2873 5609 3206 5675 laetantium,
3237 5611 3290 5665 id
3316 5619 3404 5666 est
3446 5612 3701 5687 parvorum
