3860 6326
103 279 192 335 663

1069 272 1435 333 EXPOSITIO
1466 273 1532 331 IN
1573 273 1912 333 PSALMOS.
1932 273 2216 331 —PSAL.
2251 272 2342 329 IX.

3246 278 3353 336 ΒΜ

102 390 317 461 ruma]
344 388 670 460 quihocnon
696 385 1048 444 habnerunta
1066 402 1148 452 se,
1168 388 1263 442 sed
1289 403 1319 441 a
1349 388 1523 444 sancti
1553 386 1670 457 Spi-
1704 392 1752 451 Α
1779 401 1901 443 esse
1925 406 1938 443 :
1966 388 2215 458 quoniam
2241 388 2441 454 visitas,
2490 387 2567 443 id'
2589 397 2671 443 est
2714 389 2960 446 visitabis
2999 407 3115 446 eum
3149 392 3201 447 in
3246 395 3346 453 hoc

104 486 223 539 ritus
253 479 592 549 operatione.
618 477 772 542 Quod
797 486 883 531 est
913 477 1095 531 dicere
1120 495 1133 531 :
1173 477 1244 531 Ut
1269 478 1665 531 convincantnr

102 575 248 633 Judaei
276 573 554 627 Christum
594 569 1052 642 magniﬁcentiam
1084 580 1228 625 tuam
1252 585 1394 634 csse,
1423 580 1477 624 et
1502 584 1665 639 super

102 668 247 724 caelos
274 664 597 720 elevandum
622 680 637 718 :
661 677 955 733 puerorum
978 662 1206 716 infantia
1226 663 1395 717 sancti
1429 662 1666 732 Spiritus

100 770 340 831 operante
373 756 578 827 gratia,
632 755 729 810 tibi
772 754 1143 809 testimonium
1190 754 1537 826 perhibebit,
1586 753 1664 808 di-

98 865 235 906 cens:
254 869 272 901 ε
314 849 570 903 Hosanna
596 846 706 901 filio
730 847 894 900 David
918 845 1132 917 (Matth.
1156 845 1402 917 “1.15).
1432 864 1451 898 ι
1474 846 1539 899 Et
1561 845 1665 900 hoc

100 943 225 1013 quod
276 952 332 995 tu
384 939 623 1009 perﬁcies
662 938 873 991 laudem
902 951 921 988 :
955 936 1123 992 [acies
1152 946 1374 1007 propter
1415 936 1662 992 inimicos

102 1042 203 1088 tuos
239 1030 461 1085 Jndmos
491 1048 506 1084 :
540 1030 633 1100 qui
663 1037 719 1085 te
762 1028 856 1083 Dei
888 1028 1085 1082 Filium
1119 1042 1246 1083 esse
1274 1027 1659 1099 denegabunt:

98 1135 145 1179 ut
171 1138 356 1178 eorum
401 1120 696 1180 infantium
743 1119 978 1175 mirabili
1034 1118 1354 1175 testimonio
1414 1119 1661 1173 destruas

99 1216 350 1271 inimicum
394 1225 453 1269 et
484 1213 716 1269 ultorem
766 1212 850 1268 vel
892 1212 1268 1275 defensorem,
1310 1210 1361 1264 id
1411 1219 1495 1265 est
1524 1225 1658 1265 con-

99 1310 292 1361 vincas:
324 1304 647 1360 mendacem
683 1318 803 1359 esse
825 1303 1063 1373 probans
1086 1301 1369 1357 Judaicum
1402 1300 1658 1370 populum

99 1400 169 1469 qui
197 1398 455 1451 inimicus
492 1405 615 1449 tuus
636 1395 743 1448 erit
764 1434 779 1459 ,
804 1402 859 1447 et
880 1394 1025 1447 dicet
1054 1408 1113 1447 se
1144 1391 1373 1447 ultorem
1397 1399 1454 1444 et
1474 1390 1662 1445 defen-

97 1506 244 1545 sorem
276 1488 415 1559 legis
460 1503 604 1550 sum,
630 1485 783 1555 juxta
830 1485 960 1539 illud
993 1499 1008 1537 :
1043 1484 1226 1557 (Joan.
1256 1483 1474 1555 tx,16).
1527 1482 1659 1538 «Hic

99 1586 231 1636 homo
278 1595 389 1635 non
431 1589 520 1634 est
561 1594 589 1630 a
619 1579 727 1632 Deo
757 1592 771 1628 :
802 1578 891 1647 qui
946 1576 1244 1632 Sabbatum
1288 1592 1393 1631 non
1422 1577 1658 1631 custodit

98 1673 249 1739 (Joan.
276 1686 396 1736 xxx,
430 1670 509 1741 7).
533 1689 552 1721 ι
586 1669 651 1722 Et
678 1668 805 1723 alibi
842 1668 1080 1722 dicitur:
1118 1667 1458 1723 tSecundum
1483 1667 1653 1738 legem

99 1769 226 1822 debet
260 1767 401 1820 mori
425 1806 443 1830 ,
480 1765 607 1835 quia
636 1764 830 1819 Filium
864 1763 957 1817 Dci
1005 1778 1065 1817 se
1095 1762 1241 1817 fecit.
1268 1781 1288 1816 ι

152 1862 208 1914 Et
235 1859 356 1913 ideo
393 1858 703 1913 elevahitur
757 1856 1201 1928 magnificentia,
1254 1856 1501 1928 quoniam
1557 1872 1658 1927 per

100 1966 237 2021 ipsam
263 1948 730 2018 magniﬁcentiam
788 1950 970 2003 videbo
997 1964 1099 2020 ego
1120 1948 1277 2003 caelos
1309 1958 1450 2015 tuos,
1488 1950 1542 2004 id
1571 1957 1656 2005 est

100 2043 454 2111 pradicatorcs
494 2050 615 2097 tuos
661 2040 753 2110 qui
806 2049 967 2096 erunt
1000 2040 1052 2095 in
1085 2041 1377 2096 virtutibus
1402 2041 1600 2097 excelsi
1637 2059 1652 2096 :

101 2144 176 2193 hoc
205 2145 285 2191 est
302 2150 412 2207 ego
442 2137 603 2189 modo
623 2133 779 2188 video
798 2148 893 2203 spe
913 2174 926 2199 ,
964 2133 1289 2210 quandoque
1317 2133 1512 2188 videbo
1542 2148 1603 2189 re
1634 2151 1649 2188 :

100 2232 188 2284 visu
214 2230 410 2284 anima:
450 2244 556 2284 non
587 2227 833 2295 corporis
860 2242 960 2297 per
992 2227 1452 2297 magnificentiam
1504 2237 1652 2283 tuam

99 2319 323 2374 clevatam
369 2335 548 2390 super
584 2320 754 2375 caelos
802 2328 965 2384 tuos,
1019 2319 1071 2374 id
1120 2319 1205 2374 est
1245 2319 1650 2390 praedicatores.

100 2412 231 2466 Celes
253 2413 379 2469 dico
420 2430 437 2467 :
474 2412 568 2483 qui
601 2419 769 2468 erunt
810 2428 969 2481 opera
999 2412 1285 2481 digitorum
1323 2422 1555 2479 tuorum,
1601 2412 1655 2469 id

99 2516 161 2559 est
188 2506 590 2561 constituentur
618 2519 717 2576 per
746 2503 944 2576 digitos
994 2513 1138 2570 tuos,
1180 2504 1233 2559 id
1270 2512 1357 2559 est
1390 2518 1490 2574 per
1513 2504 1654 2560 dona

101 2597 235 2652 sancti
265 2597 538 2667 Spiritus,
575 2596 667 2666 qui
689 2596 888 2651 dicitur
908 2595 1111 2666 digitus
1141 2611 1207 2651 eo
1237 2596 1381 2667 quod
1407 2611 1505 2666 per
1530 2612 1652 2651 eum

103 2684 225 2741 Pater
243 2696 537 2758 operatur,
569 2686 709 2741 sicut
745 2684 943 2754 aliquis
965 2700 1063 2755 per
1092 2685 1288 2753 digitos
1319 2701 1332 2737 :
1358 2683 1652 2739 secundum

103 2777 211 2844 quod
247 2778 297 2831 in
324 2776 631 2847 Evangelio
669 2776 911 2831 dicitur:
947 2774 1032 2829 «Si
1062 2775 1113 2828 in
1146 2775 1313 2846 digito
1365 2774 1460 2831 Dei
1497 2774 1655 2844 ejicio

103 2869 319 2923 daemonia
388 2866 546 2937 (Lac.
585 2867 671 2931 ll,
702 2867 838 2935 20)»
874 2883 888 2920 :
922 2875 973 2920 et
1001 2881 1097 2936 per
1122 2866 1288 2922 caelos
1311 2867 1504 2922 videbo
1523 2883 1655 2923 con-

104 2958 219 3013 stitni
245 2959 469 3024 lunam,
531 2958 581 3012 id
636 2966 718 3013 est
769 2958 1132 3013 universalem
1168 2957 1504 3015 Ecclesium:
1534 2975 1656 3029 qua:

103 3050 261 3105 dicitur
292 3050 448 3118 luna,
490 3065 558 3106 eo
604 3050 747 3121 quod
787 3050 929 3106 sicut
958 3050 1086 3105 luna
1126 3050 1420 3119 aliquando
1443 3052 1656 3107 videtur

104 3140 385 3199 decrescere
426 3143 481 3198 in
529 3151 773 3214 tempore
815 3142 1021 3199 scilicet
1064 3144 1484 3213 persecutionis,
1551 3145 1651 3199 ali-

103 3237 278 3302 quando
307 3252 449 3291 vero
478 3250 733 3291 crescere
757 3235 809 3289 in
845 3245 1089 3306 tempore
1120 3235 1294 3305 pacis.
1326 3236 1393 3291 Et
1429 3237 1614 3293 stellas
1637 3279 1652 3304 ,

105 3325 144 3378 id
178 3337 247 3381 est
273 3326 642 3398 particulares
684 3326 987 3393 Ecclesias,
1019 3342 1139 3396 qua:
1186 3343 1369 3397 parva)
1408 3337 1534 3382 sunt
1587 3327 1653 3381 ad

106 3418 534 3485 comparationem
562 3416 923 3471 universalis:
953 3417 1093 3471 sicut
1121 3416 1291 3471 stellae
1329 3417 1397 3471 ad
1429 3432 1654 3487 compa-

106 3507 325 3563 rationem
355 3508 522 3565 lnnm.
564 3508 713 3575 Quae,
746 3509 800 3564 id
828 3520 915 3564 est
940 3509 1121 3563 lunam
1147 3518 1195 3564 et
1225 3509 1405 3563 stellas
1432 3519 1485 3564 tu
1514 3509 1656 3565 Deus

106 3599 323 3666 fundasti,
356 3602 411 3655 ia
460 3610 544 3656 est
592 3601 867 3666 fundabis,
919 3601 972 3656 id
1011 3610 1091 3656 est
1120 3616 1242 3671 quae
1266 3617 1373 3657 non
1398 3610 1656 3672 poterunt

106 3696 315 3752 constitui
348 3712 447 3767 per
477 3697 624 3767 ipsos
653 3696 820 3752 caelos
850 3696 973 3763 (nisi
1022 3705 1075 3749 te
1113 3696 1529 3751 fundamentum
1561 3711 1656 3766 po-

107 3799 263 3854 tente,
303 3800 363 3844 ut
423 3791 502 3843 ait
551 3790 888 3860 Apostolus:
943 3810 962 3843 ‹
1010 3790 1446 3846 Fundamentum
1510 3787 1654 3842 aliud

108 3894 231 3937 nemo
262 3892 444 3954 potest
482 3897 683 3953 ponere
722 3892 920 3953 praeter
951 3882 1004 3937 id
1029 3882 1186 3965 quod
1240 3881 1474 3952 positum
1521 3887 1606 3934 est
1638 3896 1651 3932 :

108 3977 304 4043 quodest
328 3976 647 4045 Christus“
672 3977 793 4032 Cor.
815 3992 900 4044 ut,
919 3962 1047 4032 ΗΑ
1078 3962 1392 4031 Etiterum:
1426 3993 1444 4026 ε
1471 3972 1655 4043 Neque

108 4068 392 4138 quiplantat
441 4077 524 4123 est
569 4068 775 4137 aliquid
815 4084 828 4119 :
889 4080 1065 4137 neque
1100 4064 1191 4136 qui
1222 4065 1397 4135 rigat,
1438 4064 1532 4118 sed
1560 4063 1651 4133 qui

109 4154 468 4213 incrementum
505 4158 619 4221 dat,
676 4157 819 4212 Deus
861 4156 1083 4228 (υἱώ),
1121 4157 1323 4210 Vidcns
1372 4169 1503 4209 vero
1525 4171 1651 4224 pro-

108 4247 231 4311 pineta
259 4250 423 4305 caelos
448 4263 569 4304 esse
600 4249 1039 4315 constituendos,
1075 4259 1129 4302 et
1167 4247 1258 4301 Dei
1298 4246 1648 4317 magniﬁcen~

108 4339 210 4393 tiam
257 4343 573 4397 elevandam
602 4360 617 4397 :
649 4349 703 4396 et
744 4342 847 4396 hoc
896 4349 1067 4396 totum
1114 4350 1335 4409 propter
1378 4338 1651 4392 hominem

1764 482 1907 549 quod
1938 479 2177 533 minuisti
2207 495 2359 543 eum,
2419 479 2471 533 id
2516 489 2600 535 est
2635 479 2898 535 minorem
2954 480 3130 538 fecisti
3169 500 3294 540 eum
3329 502 3345 542 :

1762 574 2097 646 paulominus
2134 581 2197 629 ab
2248 574 2469 645 angelis.
2513 575 2591 631 Ac
2637 577 2682 631 si
2713 578 2856 631 dicat
2890 596 2903 632 :
2960 577 3094 647 Quia
3127 593 3352 653 propter

1763 666 2040 721 hominem
2068 666 2444 723 redimendum
2476 683 2599 723 eum
2633 669 2841 740 angelis
2863 669 3128 726 minorem
3154 672 3351 740 facies,

1764 756 2135 828 redimendum
2161 748 2286 812 eum
2319 758 2524 829 angelis
2559 758 2822 813 minorem
2852 758 3039 825 facies,
3064 762 3355 818 mortalem

1763 844 1971 901 scilicet
2004 853 2057 902 et
2080 846 2412 916 passibilem,
2440 848 2692 904 visitabis
2728 862 2850 904 eum
2880 849 3118 905 educens
3146 850 3344 921 deipsa

1762 935 2094 991 mortalitate
2132 945 2186 991 et
2214 937 2591 1007 passibilitate.
2621 938 2688 993 Et
2721 939 3247 1009 exponit‘quomodo
3270 941 3353 995 vi-

1761 1027 1945 1081 sitabit
1965 1041 2088 1082 eum
2109 1028 2207 1083 sic.
2242 1026 2378 1084 Vere
2401 1030 2663 1085 visitabis.
2700 1030 2835 1086 Nam
2864 1034 3157 1099 coronasti,
3184 1034 3235 1088 id
3261 1042 3351 1088 est

1762 1118 2052 1173 coronahis
2081 1134 2204 1172 eum
2246 1119 2419 1189 gloria
2458 1104 2910 1176 resurrectionis:
2939 1126 2993 1176 et
3036 1124 3231 1176 honore
3260 1139 3353 1177 as-

1761 1209 2049 1264 censionis.
2091 1209 2185 1265 Vel
2221 1209 2412 1280 gloria,
2451 1212 2503 1265 id
2560 1220 2642 1266 est
2694 1211 3054 1268 illustrationc
3102 1214 3343 1278 inferno.-

1760 1319 1879 1358 rum
1908 1320 1923 1358 :
1954 1317 2021 1358 ex
2047 1305 2151 1359 hoc
2181 1305 2387 1361 scilicet
2407 1307 2686 1375 quodcum
2719 1307 3019 1376 majestatis
3044 1306 3213 1382 gloria
3245 1313 3343 1367 de-

1760 1395 1980 1450 scendet
2009 1396 2074 1448 ad
2107 1396 2325 1450 inferos.
2386 1396 2453 1450 Et
2482 1400 2698 1463 honore,
2737 1398 2789 1453 id
2821 1409 2901 1455 est
2940 1401 3166 1457 victoria
3201 1420 3351 1459 mor—

1716 1505 1720 1509 ‘
1759 1487 1829 1542 tis
1854 1527 1871 1554 ,
1914 1495 1967 1542 et
1988 1496 2174 1557 postea
2201 1490 2540 1554 constituisti,
2593 1491 2645 1545 id
2670 1500 2753 1546 est
2784 1491 3084 1548 constitues
3112 1510 3228 1547 eum
3256 1510 3345 1547 su»-

1757 1593 1852 1648 per
1889 1595 2047 1649 opera
2095 1596 2347 1633 manuum
2420 1591 2677 1649 tuarum,
2729 1584 2782 1639 id
2828 1599 2993 1654 super
3050 1585 3348 1660 rationales

1718 1672 1721 1673 ⁷
1758 1678 2041 1723 creaturas
2069 1709 2083 1733 ,
2115 1683 2237 1737 qua:
2265 1669 2518 1725 dicuntur
2547 1671 2638 1726 Dei
2668 1689 2829 1727 manu
2857 1683 3092 1742 operata:
3116 1716 3130 1741 ,
3173 1676 3225 1730 id
3260 1686 3344 1730 est

1684 1746 1733 1806 Β
1762 1778 1870 1832 pra:
1895 1765 2105 1819 caneris
2135 1766 2339 1836 dignae,
2388 1781 2509 1820 cum
2540 1766 2634 1821 Dei
2684 1783 2846 1822 manu
2886 1768 3134 1823 dicantur
3161 1768 3338 1825 facta‘.

1757 1854 1824 1908 Et
1852 1871 1957 1909 non
1985 1872 2159 1926 pauca
2179 1873 2342 1928 opera
2371 1875 2385 1913 :
2416 1857 2506 1913 sed
2534 1861 2710 1914 omnia
2749 1874 2913 1930 opera
2938 1861 3206 1930 subjecisti
3221 1903 3237 1926 ,
3291 1862 3341 1917 id

1758 1955 1842 2001 est
1876 1948 2169 2018 subjicies:
2206 1950 2301 2003 sub
2327 1951 2542 2021 pedibus
2564 1952 2701 2022 ejus,
2745 1952 2796 2006 id
2822 1962 2904 2007 est
2941 1954 3041 2008 sub
3088 1953 3343 2009 humaui-

1759 2049 1869 2095 tate
1900 2041 2055 2112 ejus:
2098 2044 2241 2113 quod
2277 2052 2361 2098 est
2407 2044 2585 2099 dicere
2619 2062 2632 2099 :
2662 2044 2778 2100 Non
2814 2046 2988 2101 solum
3040 2047 3340 2101 secundum

1758 2134 2027 2190 Deitatem
2064 2136 2347 2191 Domimnn
2376 2137 2616 2192 omnium
2656 2155 2779 2193 cum
2819 2138 3189 2205 constituisti,
3244 2139 3341 2194 sed

1757 2228 1917 2282 etiam
1951 2231 2247 2283 secundum
2280 2229 2690 2285 humanitatem.
2738 2228 2805 2285 Et
2846 2230 2982 2286 bene
3030 2230 3346 2285 humanitas

1758 2318 2076 2387 dicitur22
2110 2333 2232 2388 pes:
2264 2332 2384 2373 eum
2418 2318 2642 2374 inferior
2663 2320 2827 2375 fuerit
2852 2319 3346 2389 deitate,sicutpes

1757 2409 1878 2465 aliis
1908 2409 2164 2465 membris
2194 2409 2419 2464 inferior
2445 2420 2545 2465 est.
2580 2411 2645 2465 Et
2674 2410 2778 2466 hoc
2817 2411 3014 2479 probat
3040 2427 3070 2466 a
3098 2410 3346 2481 partibus

1757 2501 1854 2557 sic.
1900 2499 2124 2556 Scilicet
2150 2517 2263 2555 oves
2294 2501 2341 2555 ci
2385 2501 2678 2572 subjicies,
2725 2501 2778 2556 id
2808 2513 2891 2556 est
2919 2501 3039 2556 illos
3085 2501 3176 2573 qui
3217 2509 3348 2556 sunt

1757 2609 1982 2649 summm
2010 2593 2373 2663 simplicitatis
2397 2605 2453 2647 et
2487 2594 2840 2659 inuoceutim,
2891 2593 3040 2650 velut
3069 2609 3198 2649 oves
3233 2613 3246 2649 :
3286 2602 3344 2648 et

1758 2684 1903 2738 boves
1936 2685 2225 2749 universas,
2258 2684 2309 2738 id
2340 2692 2424 2738 est
2455 2683 2839 2753 prmdicatores
2870 2685 2960 2754 qui
2991 2685 3131 2739 bene
3158 2686 3349 2740 dicun-

1759 2782 1846 2829 tur
1870 2775 2034 2829 bovcs
2054 2815 2068 2838 ,
2101 2774 2153 2829 id
2196 2782 2278 2829 est
2317 2773 2625 2829 excolenlcs
2654 2775 2894 2829 minores
2917 2816 2932 2841 ,
2980 2784 3036 2829 et
3060 2783 3347 2845 pascentes

1757 2883 1851 2922 eos
1875 2869 2117 2923 doctrina
2170 2881 2265 2921 sua
2295 2882 2310 2920 :
2342 2867 2483 2922 sicut
2534 2868 2701 2947 boves
2759 2884 2920 2941 agros
2966 2868 3264 2934 excolunt,
3293 2877 3348 2923 et

1757 2963 1954 3017 vitulos
1988 2976 2115 3016 suos
2159 2959 2300 3015 lacte
2354 2969 2583 3029 pascunt
2619 2975 2633 3014 :
2668 2961 2908 3029 insuper,
2958 2961 3009 3014 id
3049 2970 3135 3015 est
3178 2959 3343 3013 etiam

1756 3071 1944 3123 pecora
1976 3056 2146 3124 campi
2179 3052 2436 3123 subjicies
2467 3054 2541 3118 ei,
2579 3054 2630 3107 id
2660 3062 2743 3108 est
2776 3053 3124 3123 voluptuosos
3147 3051 3235 3120 qui
3269 3050 3344 3105 ita

1756 3157 1883 3203 sunt
1922 3148 2113 3202 intenti
2148 3147 2443 3216 voluptati,
2494 3148 2565 3199 Διιι
2606 3140 2877 3200 desideria
2905 3160 3001 3198 sua
3046 3143 3342 3213 expleant:

1756 3241 1893 3295 sicut
1968 3253 2168 3309 pecora
2234 3237 2288 3291 in
2342 3252 2655 3307 camporum
2703 3236 2916 3302 pascuis
2994 3234 3348 3289 dcmorantur

1758 3344 1815 3388 ut
1866 3331 2038 3387 ventri
2094 3331 2354 3386 serviant.
2436 3330 2503 3383 Et
2575 3329 2770 3383 merito
2840 3326 3087 3398 volupas
3153 3339 3348 3394 campo

1757 3434 2103 3496 comparatur
2132 3465 2147 3489 ,
2213 3428 2335 3477 cum
2382 3420 2561 3491 ampla
2611 3422 2681 3476 sit
2710 3421 2777 3475 ad
2833 3420 3015 3476 carnis
3073 3418 3342 3473 desideria

1756 3516 2111 3585 complenda:
2151 3514 2290 3569 sicut
2343 3528 2567 3584 campus
2600 3498 2814 3583 amplus
2861 3520 2964 3567 est.
3020 3510 3088 3565 Et
3113 3509 3346 3564 volucres

1757 3608 1871 3662 caeli
1927 3604 2184 3674 SllltleleS
2221 3646 2236 3672 ,
2327 3604 2382 3659 id
2431 3612 2515 3660 est
2570 3604 2693 3659 illos
2760 3605 2850 3674 qui
2922 3619 3020 3674 per
3080 3601 3345 3657 vanitates

1757 3697 2202 3752 irrationabiliter
2218 3704 2481 3765 vagantur
2510 3712 2524 3750 :
2555 3696 2695 3751 sicut
2715 3696 2961 3749 volucres
2991 3698 3087 3765 per
3115 3691 3342 3748 caelum.

1757 3787 1825 3842 Et
1851 3789 2014 3858 pisces
2041 3787 2235 3850 maris,
2276 3785 2328 3839 id
2373 3793 2457 3841 est
2496 3787 2741 3841 curiosos
2790 3784 2949 3854 hujus
2992 3784 3220 3839 mundi:
3250 3782 3344 3853 qui

1757 3879 1988 3935 mundus
2012 3892 2161 3932 mare
2188 3876 2485 3942 dicitur,eo
2500 3876 2641 3945 quod
2667 3877 2874 3931 crebris
2904 3874 3346 3931 tribulationibus

1756 3968 2044 4025 admodum
2080 3967 2246 4021 maris
2298 3965 2657 4035 inquietetnr.
2689 3965 2898 4022 Curiosi
2950 3981 3112 4031 vero,
3158 3965 3211 4019 id
3262 3971 3345 4018 est

1755 4060 1917 4130 hujus
1985 4058 2169 4114 mundi
2246 4057 2458 4113 scilicet
2528 4059 2702 4126 avari,
2756 4057 3009 4113 dicuntur
3056 4058 3232 4128 pisces
3280 4071 3349 4111 co

1757 4150 1921 4221 quod,
1948 4151 2089 4205 sicut
2108 4149 2310 4220 {pisces
2358 4148 2412 4203 in
2466 4148 2721 4205 fluctibus
2741 4191 2755 4209 .
2807 4150 2881 4203 ita
2912 4148 2964 4202 iu
2994 4146 3348 4203 smcularibus

1720 4256 1885 4301 -sunt
1914 4243 2158 4315 depressi
2201 4243 2679 4300 sollicitudinibus.
2719 4242 2819 4310 Qui
2849 4243 3024 4311 pisces
3060 4240 3344 4311 perambu-

1756 4342 1899 4406 lant,
1944 4341 1993 4396 id
2043 4350 2126 4395 est
2168 4340 2370 4395 circum
2425 4345 2641 4401 natant,
2695 4336 2944 4397 semitas,
2983 4334 3049 4397 ,id
3091 4339 3176 4387 est
3223 4331 3342 4386 vias

109 4425 344 4489 futurum:
388 4433 535 4503 quod
570 4432 678 4486 vile
707 4441 762 4487 et
784 4432 1056 4503 ahjectum
1085 4428 1383 4484 secundum
1410 4428 1654 4498 corporis
1687 4442 1731 4495 ι)
1758 4434 1951 4500 maris,
2006 4434 2057 4488 id
2089 4443 2185 4487 est
2206 4429 2419 4501 negotia
2463 4429 2622 4497 lmjus
2650 4427 2831 4483 εαξςωί
2869 4443 2882 4479 :
2925 4441 3044 4495 qua!
3089 4426 3188 4478 vim
3214 4433 3341 4478 sunt

109 4519 397 4580 debilitatem
430 4526 747 4591 videretur;
794 4535 853 4580 ut
894 4540 1019 4579 cum
1047 4538 1173 4595 erga
1206 4523 1374 4577 Deum
1425 4522 1651 4575 benivo-

110 4608 191 4664 lum
218 4614 430 4680 reddat,
462 4616 544 4671 sic
574 4616 628 4672 iu
664 4617 781 4686 ejus
812 4616 1031 4671 laudem
1053 4615 1379 4687 prorumpit.
1425 4612 1659 4680 Quando

110 4701 284 4769 quidem
309 4706 713 4773 magniﬁcentia
743 4706 1048 4768 elevahitur
1074 4714 1128 4760 et
1158 4705 1281 4759 coeli
1322 4701 1655 4759 constituen-

111 4795 176 4844 tar
197 4810 209 4846 :
229 4796 398 4851 ethoc
421 4805 594 4851 totum
626 4796 733 4851 erit
763 4795 1296 4865 nroptcrhominem.

164 4882 285 4949 Quid
310 4899 381 4943 est
404 4889 587 4952 homo,
621 4889 674 4943 id
704 4896 786 4942 est
814 4903 975 4956 quam
1008 4901 1261 4957 magnum
1294 4885 1426 4956 quid
1461 4884 1649 4940 homo:

112 4982 152 5026 et
177 4976 286 5032 inde
318 4980 419 5034 hoc
448 4989 631 5050 potest
658 4980 829 5035 videri
856 4980 1001 5050 quod
1030 4988 1087 5034 tu
1120 4994 1319 5033 menter
1341 4995 1418 5042 es,
1462 4977 1518 5032 id
1567 4987 1653 5031 est

113 5066 227 5131 eris,
260 5071 398 5139 ejus,
448 5072 502 5126 id
532 5080 620 5127 est
659 5072 749 5141 qui
786 5075 934 5126 visus
976 5087 1036 5127 es
1080 5087 1203 5127 eum
1236 5069 1495 5125 oblivioni
1535 5078 1651 5124 tra-

114 5156 296 5225 didisse,
321 5178 417 5233 per
440 5164 655 5233 culpam
680 5165 809 5219 Adae
835 5182 848 5219 :
885 5180 1094 5219 memor
1119 5166 1230 5219 eris
1258 5163 1373 5231 ejus
1406 5179 1502 5234 per
1521 5164 1654 5218 obe-

116 5247 331 5306 dientiam
375 5255 623 5321 Christi,
675 5270 799 5310 eum
848 5255 1210 5310 immortalem
1265 5254 1491 5310 faciens.
1525 5255 1654 5309 Post

117 5337 263 5398 laudes
285 5346 545 5413 hominis,
580 5347 750 5403 lilium
795 5348 1033 5403 hominis
1062 5349 1234 5419 magis
1264 5347 1471 5412 laudat,
1502 5356 1562 5400 ut
1602 5348 1651 5402 ei

117 5434 261 5487 omnia
289 5437 521 5506 subjecta
544 5452 666 5494 esse
694 5440 947 5494 ostendat
982 5439 1061 5494 sic
1089 5439 1296 5495 dicens.
1340 5437 1472 5493 Dico
1524 5437 1652 5508 quid

118 5533 174 5575 ut
190 5525 346 5583 homo.
399 5533 503 5585 Aut
530 5532 604 5587 ita
642 5532 859 5601 dignius
897 5546 1118 5602 possum
1148 5532 1355 5586 dicere.
1397 5530 1562 5596 Quid,
1598 5528 1649 5583 id

119 5621 184 5666 est
209 5630 354 5684 quam
385 5637 634 5691 magnum
655 5663 670 5688 ,
708 5621 836 5691 quid
866 5631 950 5677 est
980 5622 1123 5690 ﬁlius
1149 5621 1375 5675 hominis
1403 5658 1419 5684 ,
1477 5618 1530 5674 id
1566 5625 1651 5674 est

122 5698 363 5765 Christus:
396 5721 448 5767 et
474 5713 598 5769 inde
628 5713 846 5784 probari
888 5713 989 5768 hoc
1014 5721 1192 5782 potest
1217 5726 1471 5782 magnum
1518 5710 1647 5781 quid

1756 4541 1852 4598 per
1888 4542 2022 4596 quas
2051 4524 2269 4578 venitur
2312 4523 2377 4576 ad
2424 4522 2633 4575 lucrntu
2678 4518 2961 4573 sceculare.
3010 4516 3104 4571 Vel
3158 4519 3337 4589 pisces

1756 4620 2011 4675 dicuntur
2072 4614 2378 4687 philoSophi
2420 4613 2585 4683 hujus
2626 4612 2804 4667 smculi
2832 4653 2844 4674 ,
2888 4627 2952 4667 eo
3000 4612 3141 4682 quod
3200 4610 3342 4667 sicut

1756 4712 1933 4781 pisces
1962 4709 2013 4764 in
2045 4708 2181 4763 mari
2206 4748 2220 4773 ,
2245 4708 2317 4761 ita
2353 4707 2405 4761 in
2431 4704 2675 4760 szeculari
2718 4704 2943 4759 scientia
2971 4703 3336 4759 involvuntur.

1754 4803 1822 4858 Et
1846 4803 1983 4856 bene
2005 4800 2259 4854 dicuntur
2281 4795 2662 4868 perambulare
2698 4797 2920 4851 semitas
2951 4798 3141 4862 maris,
3175 4797 3226 4851 id
3255 4804 3339 4852 cst

1754 4890 1977 4948 subtiles
2007 4888 2307 4945 sententias
2332 4887 2476 4942 illius
2501 4888 2743 4943 scientia:
2766 4887 3063 4942 saecularis.
3089 4886 3344 4943 Ostensis

1754 4982 2006 5037 omnibus
2064 4979 2318 5035 Ecclesia:
2361 4978 2620 5033 membris
2674 4978 2894 5033 Christo
2938 4976 3339 5047 subjiciendis,

1754 5076 1894 5131 sicut
1925 5092 1953 5130 a
2003 5073 2161 5129 laude
2190 5072 2393 5142 incepit
2420 5090 2434 5126 :
2490 5072 2559 5126 ita
2588 5071 2642 5126 in
2674 5070 2886 5126 laudem
2915 5070 3072 5125 linire
3106 5070 3341 5125 intendit

1755 5172 1831 5224 sic
1859 5167 2130 5223 inferens:
2155 5165 2298 5237 Ergo
2326 5165 2451 5235 quia
2483 5179 2631 5230 oves,
2674 5172 2823 5227 etc.;
2857 5180 2978 5234 qua:
3004 5162 3113 5216 dixi
3147 5160 3335 5215 Domi-

1756 5261 1876 5314 nico
1921 5258 2124 5312 homini
2154 5271 2251 5324 per
2291 5267 2342 5309 te
2390 5256 2746 5325 subjicicntur
2786 5274 2800 5310 :
2843 5255 3063 5309 Domine
3093 5253 3340 5305 dominus

1756 5359 1947 5414 noster,
1985 5357 2040 5402 et
2068 5354 2191 5400 cret.
2236 5344 2302 5397 Et
2326 5345 2430 5398 hoc
2462 5354 2520 5397 ut
2548 5349 2796 5414 superius
2826 5344 3137 5415 exponitur.

2246 5473 2316 5531 ΙΝ
2355 5473 2691 5531 PSALMUM
2731 5476 2822 5531 IX.

1826 5618 2088 5690 Sequitur
2117 5614 2304 5671 titulus
2326 5611 2463 5684 psal.
2499 5610 2626 5665 noni
2658 5627 2672 5664 :
2702 5609 2772 5665 In
2814 5610 2969 5680 ﬁnem
3008 5626 3102 5680 pro
3118 5607 3335 5662 occultis

1752 5700 2336 5778 ﬁlii,psalmus_l)avid,
2360 5696 2504 5769 quod
2534 5697 2614 5752 sic
2636 5698 2946 5769 exponitur.
2972 5698 3218 5753 Psalmus
3235 5696 3337 5751 istc
