3860 6326
527 251 631 317 66‘!
1080 246 1142 304 s.
1167 245 1513 305 BRUNONIS
1536 244 2177 306 cnnrtmsmuonun
2228 242 2712 302 lNS'l‘lTUTORlS
2750 243 2899 300 ore.
2934 243 3115 301 psus
3139 232 3187 300 t.’
3649 252 3733 311 ωε

529 366 903 425 attribuendas
937 372 1024 423 est
1039 365 1233 435 David,
1256 369 1308 424 id
1322 376 1406 425 est
1428 367 1682 437 perfectae
1710 366 1963 421 Ecclesia:
1990 373 2107 420 ten-
2140 366 2182 423 Α
2215 362 2527 426 mabuntur,
2583 361 2635 416 id
2669 370 2754 416 est
2780 361 2870 431 qui
2903 361 3071 417 fortes
3098 372 3154 416 et
3193 362 3335 417 ﬁrmi
3395 362 3478 419 hic
3504 365 3734 437 videnlur,

529 458 681 514 denti
706 457 758 511 in
788 456 1041 523 ﬁnem,id
1056 469 1140 514 est
1159 458 1212 513 in
1247 458 1545 523 Christum,
1564 455 2103 513 uteisitconformis.

529 541 702 601 Dawd
733 542 855 597 dico
886 559 900 597 :
934 544 1113 614 agenti
1165 543 1353 600 laudes
1385 560 1480 613 pro
1523 543 1739 598 occultis
1768 543 1906 612 ﬁlii,
1938 543 1991 597 id
2024 550 2109 601 est
2140 532 2141 537 “

530 649 633 703 pro
656 632 881 702 judiciis
910 634 1158 705 Christi;
1188 636 1278 705 qui
1304 638 1718 697 antonomastire
1744 636 1889 704 [ilius
1912 636 2110 690 dicitur

534 707 664 779 iicut
688 725 825 779 idem
852 734 1092 787 testatur.
1132 743 1151 777 ‹
1184 725 1240 780 Si
1274 724 1417 787 ﬁlius
1441 741 1537 781 vos
1573 724 1918 790 liberaverit,
1978 740 2115 781 vere

535 814 692 869 liberi
724 812 1088 883 eritisonan.
1129 813 1393 885 vtu,36)._
1425 835 1443 868 ι
1491 814 1621 881 Quae
1659 814 1863 883 judicia
1925 815 2110 871 multis

527 903 747 965 occulta
793 904 1033 970 sunt.,Et
1064 905 1205 969 bene
1229 906 1385 977 ponit
1416 904 1658 968 occultis.
1724 904 1843 963 Non
1871 906 2017 963 enim
2044 906 2123 961 de

528 1011 638 1052 uno
681 995 797 1051 solo
823 1034 843 1061 ,
883 996 981 1051 sed
1030 995 1097 1057 de
1139 996 1386 1066 pluribus
1440 997 1576 1069 agit.
1606 996 1852 1064 Qualiter
1900 998 2113 1054 scilicet

530 1087 675 1142 Deus
700 1084 912 1147 occulte
940 1086 1207 1156 quosdam
1237 1087 1527 1157 impiorum
1547 1086 1761 1156 judicat
1799 1098 1857 1142 ut
1885 1104 2123 1143 conver-.

531 1188 735 1245 tantur,
770 1177 1031 1249 quosdam
1080 1194 1208 1243 vero
1241 1188 1301 1233 ut
1343 1180 1516 1250 magis
1552 1182 1809 1235 excaecati
1840 1181 1986 1251 justc
2016 1197 2113 1251 pu-

472 1314 481 1323 .
534 1272 754 1341 niantut:
807 1290 820 1326 :
864 1273 1206 1343 qualiterque
1249 1287 1376 1330 suos
1412 1276 1465 1329 in
1510 1276 1628 1341 hoc,
1660 1276 1862 1329 mundo
1907 1276 2115 1345 judicet

534 1363 736 1431 puniri,
796 1364 984 1436 sicque
1017 1374 1198 1434 postea
1227 1365 1549 1427 beatiﬁcari.
1598 1366 1679 1420 Ad
1711 1366 1959 1423 ultimum
1984 1381 2115 1421 vero

532 1452 645 1520 agit
670 1450 736 1507 de
758 1455 1137 1531 persecutione
1168 1454 1350 1511 futura
1386 1455 1439 1510 in
1468 1464 1710 1526 tempore
1755 1456 2073 1511 Antichristi
2097 1498 2113 1518 ,

533 1556 655 1611 qua:
701 1543 795 1600 Dei
846 1545 1059 1609 occulto
1102 1546 1309 1617 judicio
1357 1548 1656 1618 continget.
1693 1548 1760 1601 Et
1806 1558 1888 1603 est
1921 1550 1971 1603 in
2015 1550 2115 1604 hoc

535 1629 744 1698 psalmo
772 1648 875 1688 vox
904 1633 1159 1703 perfectae
1193 1634 1482 1701 Ecclesiae,
1536 1645 1595 1690 ut
1622 1636 1859 1692 minores
1886 1638 2119 1692 instruat

2211 454 2265 509 in
2317 453 2501 508 futuro
2548 452 2752 507 inﬁrmi
2805 451 3145 521 apparebunt
3199 471 3213 506 :
3262 453 3472 523 quando
3509 456 3734 512 dicetur:

2214 563 2242 597 ι
2266 544 2593 600 Disceditea
2622 559 2729 608 me,
2768 561 2799 595 ι.
2816 552 2923 597 etc.
2964 542 3161 613 (ιωιι.)
3185 542 3282 598 Vel
3314 542 3393 597 sic
3423 560 3437 597 :
3466 541 3737 614 Conﬁtebor,

2213 633 2772 701 Narrabo,Psallam.
2817 632 2887 687 In
2926 634 3267 689 convertenda
3313 634 3570 688 inimicum
3601 654 3744 692 meum

2211 720 2541 791 retrorsum,
2580 726 2634 781 id
2670 734 2755 783 est
2787 724 2844 779 in
2873 724 2979 780 hoc
3022 724 3170 794 quod
3218 724 3500 780 considero
3524 741 3601 781 me
3634 742 3743 782 con-

2208 832 2495 873 versurum
2554 816 2945 887 praediratione
3016 833 3031 871 :
3095 827 3152 871 et
3201 816 3447 886 exemplo
3506 817 3749 874 inimicum

2211 924 2392 965 meum
2422 948 2439 973 ,
2486 907 2538 963 id
2571 916 2654 963 est
2683 907 2948 977 quosdam
3000 908 3069 962 de
3126 906 3365 962 inimicis
3402 908 3531 962 meis
3571 918 3739 963 retror-

2213 1001 2367 1066 sum‘,
2396 1001 2450 1055 id
2482 1008 2566 1056 est
2612 998 2813 1054 faciam
2845 998 3090 1053 converti
3120 998 3197 1053 de
3215 998 3360 1053 malo
3387 998 3452 1053 ad
3478 1000 3670 1053 bonum.
3696 1000 3748 1054 Et

2213 1092 2436 1163 exponit
2463 1091 2731 1162 qualiter,
2768 1090 2981 1146 scilicet
3026 1091 3461 1159 inﬁrmabantur,
3493 1092 3545 1145 id
3572 1102 3648 1146 est
3677 1096 3746 1161 qui

2215 1183 2382 1238 fortes
2413 1191 2469 1239 et
2519 1181 2658 1237 ﬁrmi
2688 1181 2741 1236 in
2774 1182 3095 1237 inﬁdelitate
3119 1197 3215 1236 sua
3240 1190 3390 1245 sunt,
3429 1180 3612 1235 inﬁrmi
3641 1198 3745 1251 pau-

2215 1270 2366 1327 latim
2410 1273 2465 1326 in
2496 1287 2559 1326 ea
2602 1271 2754 1327 ﬁent.
2790 1271 2858 1326 Et
2909 1271 2992 1326 sic
3025 1271 3280 1341 peribunt
3306 1310 3322 1334 ,
3355 1271 3408 1325 id
3457 1280 3537 1324 est
3578 1285 3635 1323 ex
3662 1279 3753 1325 toto

2216 1362 2512 1418 secundum
2545 1362 2684 1431 quod
2718 1361 2964 1418 inﬁdeles
2997 1371 3124 1417 sunt
3151 1362 3535 1417 destruentur:
3586 1371 3634 1416 et
3669 1363 3761 1417 hoc-

2216 1454 2499 1523 continget
2532 1470 2563 1506 a
2603 1452 2761 1523 facie,
2790 1453 2842 1508 id
2863 1460 2950 1509 est
2978 1468 3009 1507 a
3037 1453 3350 1524 cognitione
3377 1462 3484 1506 tua.
3514 1451 3763 1505 Inimicum.

2217 1561 2347 1603 vero
2373 1547 2503 1602 dicit
2531 1546 2903 1616 singulariter,
2925 1553 2982 1599 et
3020 1544 3264 1614 peribunt
3296 1542 3567 1613 pluraliter
3600 1560 3613 1597 :
3651 1544 3761 1611 quia.

2218 1647 2403 1695 etuna
2426 1652 2602 1695 massa
2627 1646 2681 1692 et
2712 1637 2875 1691 multi
2913 1644 3042 1691 sunt
3069 1652 3085 1690 :
3118 1635 3552 1693 inimicumvero
3582 1634 3692 1688 dicit
3712 1644 3765 1687 et.

536 1722 604 1775 ad
632 1722 727 1777 Dei
764 1722 978 1779 laudem
1012 1742 1026 1780 :
1058 1740 1118 1779 se
1167 1724 1337 1779 Deum
1377 1740 1477 1795 pro
1506 1726 1734 1782 occultis
1754 1725 1977 1795 judiciis
2006 1727 2118 1782 suis
2151 1713 2195 1766 Β
2222 1732 2505 1787 haereticos
2527 1772 2541 1798 ,
2591 1738 2646 1784 et
2691 1739 2910 1784 exteros
2946 1728 3155 1783 hostes.
3198 1726 3269 1782 Et
3312 1726 3434 1781 ideo
3467 1726 3629 1780 adhuc
3649 1740 3752 1779 cono

534 1826 603 1878 ex
629 1812 824 1882 quibus
840 1813 991 1868 multi
1017 1813 1458 1881 scandalizentur
1479 1814 1703 1879 laudare
1730 1815 2129 1887 promittentis,_

536 1918 639 1957 διε.

613 1991 913 2065 Conﬁtebor
933 1994 1048 2061 tibi,
1074 1993 1311 2051 Domine.
1333 1994 1412 2050 Ac
1440 1994 1485 2052 si
1523 1995 1668 2054 dicat
1700 2013 1714 2051 :
1760 1995 1921 2061 Multi,
1941 1997 2005 2052 de
2029 2009 2121 2059 oc-

540 2084 703 2140 cultis
730 2085 970 2155 ,judiciis
996 2087 1100 2142 tuis
1122 2103 1242 2157 qua:
1263 2088 1343 2143 eis
1380 2086 1576 2156 injusta
1607 2088 1859 2143 videntur
1885 2088 2119 2144 scanda-

539 2174 795 2229 lizantur.
813 2175 925 2247 Ego
939 2185 1121 2231 autem
1143 2178 1425 2247 conﬁtebor
1449 2179 1565 2244 tibi,
1591 2179 1642 2232 id
1664 2190 1748 2234 est
1771 2179 2000 2234 laudabo
2028 2189 2077 2233 te
2104 2192 2133 2243 ε,

541 2264 598 2317 in
633 2274 741 2319 toto
768 2266 925 2319 corde
952 2283 1065 2320 meo
1094 2305 1111 2333 ,
1153 2267 1205 2321 id
1233 2277 1316 2321 est
1362 2268 1416 2322 in
1462 2277 1574 2322 tota
1613 2268 1907 2329 affectione
1940 2268 2121 2322 cordis

543 2354 679 2408 mei:
714 2355 857 2408 nulla
887 2354 1319 2426 phantasmatica
1355 2357 1682 2424 cogitatione
1709 2356 2119 2411 intercurrente.

544 2441 807 2503 Dominus
857 2448 1003 2501 enim
1043 2463 1102 2502 es
1137 2449 1370 2520 ideoque
1422 2448 1579 2502 laude
1610 2448 1825 2518 dignus.
1877 2448 2122 2511 Narrabo

546 2530 671 2609 aliis
700 2548 795 2588 ore
828 2537 1005 2593 omnia
1037 2536 1301 2589 mirabilia
1324 2576 1338 2601 ,
1376 2536 1428 2600 id
1467 2546 1552 2591 est
1579 2538 1759 2595 omnia
1795 2537 2003 2591 occulta
2031 2538 2115 2609 ju-

546 2626 689 2682 dicia
738 2644 754 2682 :
806 2644 928 2698 qua:
979 2645 1078 2700 pro
1117 2630 1377 2699 dignitate
1417 2638 1474 2684 et
1509 2629 1719 2703 justitia
1770 2631 2128 2684 admiratione

546 2717 710 2788 digna
735 2727 861 2772 sunt
886 2734 1008 2774 esse
1034 2728 1122 2783 tua
1140 2759 1153 2784 ,
1186 2720 1239 2773 id
1269 2729 1353 2774 est
1380 2734 1486 2773 non
1514 2706 1799 2774 temeraria
1824 2727 1883 2772 ut
1908 2719 2124 2797 quidam

548 2818 741 2881 ptitant
764 2820 819 2866 et
851 2810 1048 2882 injusta
1079 2827 1093 2863 :
1130 2812 1224 2866 sed
1252 2811 1378 2865 talia
1410 2811 1588 2881 qualia
1632 2818 1687 2866 te
1716 2812 1906 2865 decent
1939 2829 1951 2864 :
1981 2810 2125 2877 justa

546 2902 776 2958 scilicet.
832 2902 928 2959 Vel
976 2913 1100 2970 tua,
1142 2904 1197 2958 id
1257 2911 1343 2959 est
1400 2919 1429 2957 a
1466 2904 1577 2959 Deo
1629 2901 1792 2967 Patre
1832 2903 1927 2957 tibi
1984 2904 2137 2966 data.

546 2993 711 3051 Juxta
762 2994 914 3050 illud.
980 3014 998 3048 ι
1042 2994 1215 3053 Omne
1272 2994 1535 3066 judicium
1583 2995 1745 3051 Pater
1794 2996 1943 3050 dedit
1993 2994 2130 3051 Filio

550 3085 737 3156 (Joan.
788 3102 843 3152 v,
875 3085 990 3161 22).
1022 3106 1042 3141 ι
1078 3056 1358 3158 Sequitur.
1399 3085 1665 3153 Lwtabor,
1704 3086 1846 3156 quod
1896 3086 1975 3141 sic
2003 3100 2131 3140 con-
2159 3056 2200 3113 Ο

549 3180 744 3235 tinuat.
782 3179 915 3237 Dico
942 3181 1087 3251 quod
1134 3181 1459 3250 conﬁtebor:
1510 3189 1567 3238 et
1596 3182 1700 3237 hoc
1744 3196 1851 3243 non
1887 3180 2089 3235 invitus
2112 3221 2139 3255 ,ί

550 3275 647 3328 sed
680 3274 732 3328 in
767 3273 871 3330 hoc
897 3273 1117 3337 lwtabor
1145 3291 1158 3330 :
1187 3283 1241 3331 et
1266 3289 1373 3333 non
1397 3275 1668 3331 modicum
1700 3274 1793 3330 sed
1818 3273 2086 3328 exsultabo
2115 3312 2130 3337 ,

549 3364 608 3421 id
630 3336 1079 3422 estveheuienter
1105 3362 1347 3422 lattabor.
1371 3366 1657 3429 Exsultare
1678 3380 1914 3443 namque
1937 3365 2135 3421 dicitur

555 3463 765 3512 tantam
793 3457 1039 3513 lzetitiam
1066 3457 1268 3512 habere
1300 3474 1314 3512 :
1346 3472 1466 3529 quae
1490 3457 1660 3512 etiam
1688 3472 1812 3519 cum
1846 3456 2134 3512 saltatione

556 3547 803 3615 corporis
848 3547 1189 3605 ostendatur.
1228 3548 1360 3605 DICO
1384 3547 1604 3607 laetabor
1635 3558 1682 3601 et
1718 3547 1990 3611 exsultabo
2036 3566 2055 3603 :
2082 3559 2137 3603 et

559 3635 743 3691 hocin
773 3646 849 3704 te,
898 3654 1004 3693 non
1042 3639 1094 3693 in
1127 3640 1378 3695 terrenis.
1409 3639 1477 3693 Et
1501 3654 1610 3694 non
1632 3638 1805 3694 solum
1838 3639 2137 3694 conﬁtebor

561 3730 864 3787 intentione
894 3750 907 3787 :
940 3742 996 3789 et
1018 3735 1253 3790 narrabo
1278 3733 1398 3791 aliis
1419 3748 1548 3789 ore:
1572 3739 1667 3789 sed
1683 3731 1940 3804 psallam,
1972 3733 2023 3787 id
2055 3741 2140 3787 est

560 3827 701 3883 bene
725 3830 1014 3899 operabor,
1042 3832 1149 3903 23
1180 3833 1377 3889 nomini
1406 3842 1527 3899 tuo,
1558 3832 1610 3887 id
1652 3839 1736 3887 est
1783 3831 1849 3887 ad
1876 3833 2138 3887 honorem

562 3921 803 3979 nominis
834 3924 946 3989 tui,
996 3932 1055 3979 ut
1090 3937 1145 3979 tu
1179 3926 1304 3981 inde
1346 3924 1587 3980 lauderis
1626 3942 1639 3980 :
1675 3940 1785 3981 non
1815 3933 1876 3980 ut
1915 3939 2016 3995 ego
2049 3940 2140 3979 su-

562 4013 828 4083 perbiam,
866 4014 1211 4083 oAltissime,
1259 4017 1313 4072 id
1347 4027 1432 4075 est
1461 4018 1681 4089 dignum
1723 4025 1807 4072 est
1837 4025 1896 4072 ut
1943 4016 2140 4073 nomini

562 4115 654 4157 tuo
674 4106 900 4175 psallam
933 4123 1055 4163 cum
1083 4110 1161 4164 sis
1180 4108 1511 4165 Altissimus.
1531 4109 1627 4164 Vel
1643 4109 1897 4164 altissime
1923 4109 2143 4179 ponitur

565 4195 972 4264 adverbialiter,
1002 4199 1058 4255 id
1099 4208 1186 4256 est
1210 4200 1472 4256 ahissima
1525 4209 1580 4256 et
1610 4209 1754 4255 recta
1799 4199 2094 4255 intentione
2123 4237 2139 4263 ,

564 4287 709 4359 quod
743 4298 828 4347 est
855 4306 920 4346 ac
949 4293 993 4347 si
1017 4292 1224 4349 diceret
1257 4312 1269 4347 :
1308 4292 1565 4349 Laudabo
1597 4303 1649 4349 te
1670 4291 1955 4347 allectione
1981 4332 1995 4356 ,
2026 4308 2139 4356 ore,

2223 1821 2432 1883 litehor,
2466 1820 2703 1879 narrabo
2731 1826 2785 1874 et
2836 1817 3100 1887 psallam.
3146 1817 3402 1887 quoniam
3445 1815 3601 1884 fecisti
3636 1815 3756 1885 Μία

2223 1913 2356 1968 cium
2385 1925 2503 1975 esse
2527 1926 2731 1975 meum,
2774 1909 2826 1963 id
2865 1918 2950 1963 est
2992 1907 3123 1962 mihi
3149 1906 3307 1963 utile.
3330 1904 3401 1959 Et
3436 1921 3632 1959 causam
3656 1920 3766 1958 esse.

2221 2018 2390 2056 meam
2412 2041 2427 2067 ,
2479 2002 2532 2057 id
2561 2008 2643 2056 est
2674 1999 2805 2055 mihi
2837 1998 3047 2053 utilem.
3095 1996 3193 2052 Vel
3219 1998 3321 2052 ita.
3353 1996 3603 2062 Quoniam
3629 1996 3753 2063 judi-

2223 2092 2361 2150 cium
2389 2108 2565 2151 meum
2584 2100 2629 2144 et
2657 2104 2873 2143 causam
2900 2104 3069 2147 meam
3094 2086 3270 2157 fecisti
3298 2126 3315 2152 ,
3350 2084 3402 2139 id
3431 2093 3511 2145 est
3537 2084 3627 2138 hoc
3645 2083 3767 2152 quod.

2217 2182 2495 2251 judicatus
2520 2181 2575 2235 in
2604 2195 2822 2235 causam
2844 2179 3043 2235 ductus
3071 2193 3189 2235 sum
3212 2218 3227 2242 ,
3252 2176 3468 2239 fecisti,
3504 2175 3553 2229 id
3576 2183 3646 2229 est
3672 2174 3767 2227 dis»

2226 2271 2454 2343 posuisti
2481 2286 2495 2324 :
2524 2285 2628 2324 non
2661 2268 2859 2331 fuitrex,
2886 2268 3212 2333 temeritate,
3248 2275 3319 2327 ut
3348 2266 3560 2336 quidam
3589 2271 3756 2334 putant.

2225 2365 2496 2427 Judicium
2535 2364 2666 2418 dicit
2692 2362 2835 2432 quod
2872 2361 2966 2416 Dei
3014 2360 3229 2416 occulto
3270 2358 3477 2428 judicio
3505 2357 3760 2413 tribulatio-

2227 2459 2387 2515 nihus
2418 2454 2608 2510 allecta
2649 2464 2752 2509 est.
2816 2453 3050 2508 Causam
3080 2467 3247 2517 vero,
3290 2453 3435 2520 quod
3467 2463 3583 2506 cum
3626 2448 3760 2501 hanc.

2230 2547 2352 2603 ticis
2380 2547 2465 2601 vel
2517 2544 2825 2607 infidelibus
2866 2545 2930 2598 de
2971 2544 3082 2605 Deo
3112 2541 3449 2613 disputavit,
3493 2548 3547 2595 et
3584 2554 3665 2594 eos
3692 2539 3760 2592 deo

2230 2639 2362 2694 vicit
2392 2653 2554 2707 :gqua:
2583 2637 2764 2697 omnia
2798 2635 2865 2697 ad
2899 2634 3069 2704 ipsius
3098 2634 3398 2697 utilitatem
3426 2644 3626 2686 cessere
3652 2629 3771 2687 sicut.

2230 2728 2525 2800 Apostolus
2553 2726 2631 2783 ait
2671 2743 2686 2782 :
2719 2724 2967 2780 (Scimus
2989 2724 3249 2793 quoniam
3276 2719 3609 2791 diligentibus
3629 2717 3760 2771 Deum

2232 2821 2411 2875 omnia
2432 2826 2793 2890 cooperantur
2821 2817 2874 2870 in
2902 2813 3434 2884 honunr(Rom.vm,
3462 2810 3596 2877 ‘28).»
3617 2807 3671 2861 Et
3685 2809 3763 2860 hoc

2227 2911 2489 2982 judicium
2519 2920 2574 2965 et
2598 2924 2820 2965 causam
2848 2907 2969 2962 ideo
3006 2905 3224 2969 fecisti,
3282 2905 3408 2973 quia
3451 2900 3619 2956 sedisti
3643 2914 3763 2963 super

2233 3002 2480 3057 thronum
2533 3000 2622 3071 qui
2673 3000 2889 3070 judicas
2938 2997 3247 3067 iustitiam,‘
3285 2995 3339 3051 id
3387 3006 3470 3055 est
3527 2994 3618 3047 hoc
3653 2989 3763 3060 quod

2229 3092 2433 3161 justum
2463 3102 2567 3147 est.
2605 3090 2720 3145 Nou
2765 3092 2929 3145 modo,
2956 3089 3151 3158 incipis
3193 3087 3439 3153 sedere,
3477 3086 3564 3142 sed
3593 3095 3773 3150 semper.

2236 3182 2421 3243 Sedisti
2446 3191 2501 3236 et
2532 3180 2741 3235 sedcbiu
2762 3220 2778 3246 ,
2827 3179 2878 3233 id
2910 3188 2995 3233 est
3020 3177 3147 3248 quia
3181 3186 3236 3230 tu
3264 3176 3428 3249 iudex
3452 3190 3507 3230 es
3533 3173 3764 3229 omnium.

2236 3284 2420 3327 etnon
2467 3271 2734 3341 iniustus,
2785 3268 2880 3323 sed
2900 3266 3153 3336 judicans
3179 3267 3351 3341 juste.
3381 3265 3445 3319 Et
3475 3278 3588 3319 cum
3623 3257 3777 3315 debuit,

2237 3366 2419 3421 dicere
2448 3361 2687 3432 judicem
2715 3376 2836 3417 esse
2861 3401 2875 3426 ,
2909 3360 3062 3431 ponit
3101 3359 3517 3428 descriptionem
3561 3369 3648 3424 pro
3694 3352 3765 3403 de-

2238 3456 2463 3526 scripto,
2479 3452 2888 3509 scilicetsedere
2909 3467 3071 3521 super
3097 3452 3377 3505 thronum.
3401 3447 3634 3502 Judicum
3655 3441 3767 3497 enim

2240 3558 2326 3604 est
2356 3563 2519 3619 super
2559 3546 2809 3601 thronum
2838 3543 3046 3600 sedere.
3091 3543 3350 3598 Thronus
3378 3555 3504 3599 vero
3526 3533 3769 3609 judiciaria

2241 3643 2398 3697 sedes
2426 3640 2643 3694 dicitur.

2323 3731 2462 3798 Quia
2488 3745 2619 3784 vero
2648 3728 2896 3799 superius
2922 3727 3135 3786 dixerat
3163 3743 3177 3780 :
3205 3723 3504 3794 ϐοηθειεὸον
3530 3723 3579 3775 in
3607 3732 3774 3772 conter-

2244 3824 2397 3878 tcndo
2454 3822 2721 3879 inimicum
2785 3838 2957 3876 meum
2994 3834 3014 3873 .'
3049 3826 3232 3890 posset
3294 3816 3465 3891 quaeri
3505 3826 3657 3884 quare
3700 3820 3783 3879 pro

2242 3913 2444 3968 inimici
2475 3912 2828 3967 conversione
2855 3908 3419 3977 conﬁtereturJUnde
3444 3919 3647 3963 causam
3675 3900 3774 3955 sub-

2242 4006 2322 4060 dit
2356 4006 2435 4060 sic
2472 4026 2484 4059 :
2520 4005 2688 4075 Digne
2721 4005 3021 4067 conﬁtebor
3050 4019 3149 4073 pro
3177 4002 3532 4058 conversione
3572 3996 3775 4050 inimico-

2246 4112 2365 4151 rum
2394 4115 2406 4149 :
2442 4112 2564 4153 nam
2598 4112 2693 4166 per
2725 4111 2810 4149 me
2842 4112 2946 4150 non
2987 4105 3177 4165 potero
3202 4109 3297 4149 eos
3325 4098 3629 4149 convertere
3658 4103 3668 4139 :
3702 4083 3773 4136 sed

2248 4199 2303 4242 tu
2340 4188 2621 4253 increpain
2658 4185 2919 4241 interiore
2968 4184 3349 4253 increpatione
3382 4223 3397 4251 ,
3444 4182 3496 4236 id
3528 4187 3604 4233 est
3630 4177 3773 4228 inerr-

2244 4280 2398 4349 pabis
2430 4288 2572 4335 metu
2595 4278 2786 4347 judicii
2811 4286 2999 4348 gentes
3024 4317 3040 4343 ,
3080 4276 3134 4333 id
3164 4283 3248 4330 est
3275 4275 3526 4329 inimicos
3549 4266 3776 4340 gentiliter

564 4391 621 4437 et
646 4397 843 4454 opere,
872 4400 973 4455 pro
998 4387 1228 4443 occultis
1244 4385 1465 4456 judiciis
1506 4387 1632 4442 tuis.
1674 4387 1740 4440 Et
1765 4385 1987 4455 exponit
2027 4400 2133 4456 ipsa

2247 4374 2493 4428 viventes
2517 4391 2529 4425 :
2557 4382 2604 4426 et
2627 4370 2814 4441 periit,
2846 4368 2901 4428 id
2920 4378 3003 4423 est
3029 4368 3227 4439 peribit
3253 4368 3447 4436 impius
3469 4365 3531 4419 de
3552 4360 3778 4429 impietate

563 4471 763 4542 judicia
789 4475 868 4530 sic
896 4493 910 4530 :
938 4478 1243 4548 conﬁtebor,
1269 4478 1540 4544 Narrabo,
1569 4477 1827 4532 Psallam.

639 4564 709 4619 In
740 4564 1095 4641 Conqcrtendo
1129 4566 1409 4625 inimicum
1431 4586 1602 4626 meum
1634 4581 1951 4635 retrorsum,
1981 4569 2033 4625 id
2064 4578 2149 4624 est

570 4653 627 4710 in
654 4657 1090 4714 consideratione
1119 4661 1494 4718 conversionis
1524 4700 1540 4726 ,
1590 4660 1643 4713 id
1672 4669 1758 4715 est
1787 4660 1842 4715 iu
1874 4660 1979 4714 hoc
2004 4659 2148 4730 quod

571 4746 858 4803 considero
901 4749 1179 4806 inimicum
1225 4768 1406 4808 meum
1465 4752 1889 4809 convertendum
1945 4759 2149 4804 retror-

573 4853 731 4904 sum,
762 4838 814 4893 id
840 4847 925 4895 est
963 4841 1353 4898 devincendum
1404 4859 1502 4913 per
1536 4843 1896 4898 constantiam
1926 4855 2102 4895 meam
2134 4880 2150 4907 ,

576 4930 718 5000 quod
741 4946 829 4986 me
853 4947 959 4987 non
988 4933 1187 5003 poterit
1212 4949 1242 4988 a
1266 4935 1407 4988 hono
1428 4934 1701 5003 proposito
1725 4948 1846 4987 meo
1869 4946 2149 4986 revocare:

576 5032 634 5078 et
677 5022 809 5079 dicit
840 5038 939 5094 per
982 5024 1391 5080 similitudinem
1441 5026 1683 5081 converti
1715 5024 2013 5094 .inimicum
2072 5039 2156 5077 re.

577 5125 838 5174 trorsum.
879 5117 1154 5172 Victorum
1194 5120 1337 5175 enim
1367 5126 1424 5172 et
1459 5117 1777 5188 fugientium
1808 5132 1929 5170 esse
1979 5115 2156 5179 solet,

579 5218 881 5265 retrorsum
926 5208 1194 5264 converti.
1244 5209 1309 5263 Et
1349 5207 1589 5263 ostendit
1623 5206 1894 5273 quomodo
1929 5220 2157 5259 convcr-

580 5311 763 5356 tentur
807 5321 822 5360 :
883 5301 1295 5373 inﬁrmabnutur
1335 5299 1581 5365 scilicet,
1638 5298 1690 5352 id
1742 5306 1824 5352 est
1868 5297 2064 5351 intirmi
2107 5305 2162 5350 et

583 5396 911 5465 impotentes
953 5395 1297 5450 invenientur
1339 5393 1405 5445 ad
1454 5406 1539 5445 me
1598 5389 1944 5444 vincendum.
1987 5387 2053 5441 Et
2103 5387 2155 5441 iu

588 5488 771 5545 futuro
796 5491 1035 5559 peribunt
1068 5508 1100 5544 a
1138 5490 1273 5559 facie
1315 5499 1407 5542 tua
1432 5528 1447 5552 ,
1493 5486 1545 5541 id
1581 5495 1664 5539 est
1691 5501 1719 5538 a
1753 5484 2043 5554 praesentia
2073 5492 2163 5536 tua

588 5581 927 5646 reccdendo,
982 5582 1124 5637 sicut
1156 5582 1208 5637 in
1257 5577 1547 5649 Evangelia
1589 5576 1786 5646 legitur
1825 5592 1838 5629 :
1878 5576 2066 5629 «Ibunt
2111 5575 2162 5628 hi

588 5673 641 5725 in
670 5673 987 5742 supplicium
1018 5671 1498 5745 mternumUllattlt.
1528 5686 1664 5736 xxv,
1697 5668 1843 5740 26.);
1889 5668 1983 5723 Vel
2017 5667 2142 5718 iulir

2248 4481 2377 4531 sua,
2430 4466 2483 4519 id
2514 4474 2598 4519 est
2629 4460 2867 4519 cessabit
2905 4474 3024 4519 esse
3067 4459 3285 4529 impius.
3334 4457 3403 4512 Et
3431 4457 3551 4526 quia
3579 4451 3743 4522 peritu
3766 4484 3783 4505 ,η

2250 4573 2436 4613 nomen
2461 4571 2640 4611 eorum
2671 4552 2851 4607 delesti
2874 4592 2890 4618 ,
2942 4551 2995 4606 id
3040 4558 3122 4606 est
3159 4549 3367 4605 delebis
3407 4560 3587 4603 eorum
3613 4552 3772 4596 nomen

2250 4652 2394 4723 quod
2418 4662 2500 4707 est
2530 4648 2729 4719 impius
2755 4663 2770 4700 :
2800 4646 2946 4715 quod
2973 4659 3249 4715 nunquam
3279 4641 3580 4711 eosimpios
3608 4640 3780 4725 reputa-

2252 4722 2366 4810 bis,
2397 4755 2572 4812 ncque
2624 4738 2855 4808 amplius
2884 4752 2979 4791 eos
3026 4737 3155 4790 inde
3184 4734 3406 4805 puuies,
3434 4736 3649 4786 testante
3672 4722 3783 4775 Scri-

2255 4846 2459 4909 ptura:
2501 4853 2520 4887 ι
2559 4834 2615 4889 Si
2649 4833 2905 4887 averterit
2951 4847 3008 4884 se
3053 4831 3249 4899 impius
3274 4830 3342 4886 ab
3369 4825 3779 4909 impietatesuai.

2256 4906 2497 4985 omnium
2532 4925 2878 4995 iniquitatum
2911 4920 3028 4989 ejus
3080 4937 3184 4974 non
3238 4919 3559 4975 recordabar
3605 4906 3781 4995 (Ειείίίξ

2257 5035 2412 5082 XVIII,
2443 5016 2557 5086 2-2).
2583 5034 2601 5067 ι
2623 4994 2751 5069 Dico
2774 5012 2917 5085 quod
2943 5012 3168 5068 delehis.
3193 5011 3260 5073 Et
3285 5010 3462 5065 hocin
3481 5014 3721 5061 a'tcrttum,
3746 4994 3783 5045 id

2260 5120 2344 5166 est
2371 5109 2514 5179 quod
2562 5121 2841 5176 nunquam
2890 5102 3129 5174 quandiu
3164 5103 3267 5158 hoc
3289 5100 3542 5156 saeculum
3582 5089 3783 5147 durabit.

2263 5201 2537 5272 reputabis
2565 5214 2658 5254 eos
2688 5198 2886 5266 impios
2932 5211 3075 5251 esse.
3129 5194 3195 5248 Et
3236 5210 3342 5249 non
3372 5192 3540 5247 solum
3578 5188 3627 5242 in
3664 5190 3787 5237 arter-

2265 5311 2393 5353 uum
2428 5312 2440 5347 :
2477 5293 2570 5347 sed
2610 5304 2781 5360 usque
2809 5290 2865 5344 in
2887 5288 3140 5343 saxulum
3167 5286 3348 5343 sa‘culi
3381 5284 3536 5352 hujus
3574 5278 3788 5334 subsecu‘

2266 5390 2527 5450 tivum,et
2551 5385 2603 5438 in
2628 5385 2731 5439 hoc
2752 5381 2948 5438 saeculo
2984 5391 3038 5434 et
3062 5381 3112 5435 in
3140 5380 3319 5434 futuro
3340 5376 3561 5433 delehis.
3600 5372 3651 5426 lu
3672 5374 3789 5421 teter-

2268 5494 2397 5534 num
2442 5477 2623 5547 ponit,
2685 5489 2790 5529 non
2843 5487 2939 5542 pro
2987 5471 3134 5526 omni
3178 5480 3464 5547 tempore,
3515 5465 3644 5519 sicut
3679 5465 3789 5547 53‘1"?

2268 5570 2513 5644 ponitur;
2562 5567 2654 5620 sed
2709 5580 2805 5634 pro
2858 5564 3003 5618 omni
3037 5540 3214 5630 spati'o
3272 5560 3430 5629 hujus
3475 5551 3641 5611 surculi
3682 5546 3789 5644 sic"!

2274 5636 2396 5718 alibi
2476 5660 2583 5731 24
2618 5678 2634 5711 ‹
2687 5658 2942 5712 Dominus
2985 5655 3229 5725 regnabit
3255 5654 3307 5708 in
3330 5662 3578 5709 a'teruum
3606 5651 3650 5698 et
3683 5636 3789 5692 υιιη
