3864 6320
96 308 175 373 σδει
474 294 485 301 ‘
999 263 1360 354 expostrto
1395 294 1460 350 1N
1491 292 1654 350 PSAL

1761 292 1828 349 tS.
1858 323 1930 338 -—
1961 294 2155 352 PSAL.
2184 295 2273 352 IX.
3202 298 3308 359 670

95 418 253 483 (Exod.
273 430 353 481 xv,
386 412 499 485 18).
536 430 557 465 ι
591 412 720 467 Dico
745 410 885 480 quod
907 410 1099 481 peribit
1131 410 1325 479 impius
1350 418 1398 463 et
1441 409 1520 464 sic
1539 409 1626 463 de-
1656 412 1702 471 Α
1729 408 1971 464 dicitur:
2007 430 2023 462 ι
2045 410 2238 465 Ροιιιηι
2277 408 2432 466 dabit
2473 412 2628 468 nobis
2666 412 2721 467 in
2761 413 3019 486 laerymis
3054 414 3107 469 in
3155 429 3310 471 men-

93 514 314 593 porrum,
366 504 415 559 id
446 513 533 557 est
587 502 899 558 cessabunt.
957 499 1022 553 In
1080 500 1236 568 ﬁnem
1301 499 1626 559 Cessationis
1728 519 1857 558 sura
1904 502 2290 571 (Psal.t.xx1x,
2325 505 2401 576 6).
2433 524 2452 558 ι

94 589 310 672 quantum
358 592 562 648 cessari
620 600 839 661 potest,
894 589 947 644 id
996 599 1081 644 est
1136 605 1201 644 ex
1256 598 1366 644 toto
1413 589 1627 658 [mntem
1801 593 1934 648 Cum
1966 609 2095 648 vero
2157 595 2289 648 dicit
2333 605 2382 649 et
2433 604 2686 664 sperent,
2735 602 2867 659 ete.,
2925 598 3311 665 apostropham

90 686 286 749 inimici,
314 684 363 738 id
397 692 482 736 est
515 680 891 736 tribulationes
938 687 993 734 et
1032 687 1299 733 tormenta
1330 694 1450 749 qua:
1487 677 1626 732 sole-
1730 682 1861 743 facit
1891 685 1956 737 ad
1982 684 2147 743 Deum
2177 700 2339 740 orans
2360 700 2458 756 pro
2487 686 2787 740 minoribus
2822 686 2901 740 sic
2929 704 2941 739 :
2969 687 3118 751 Dico,
3148 686 3310 755 Deus,

92 784 196 836 bant
221 774 409 831 inferre
442 773 595 826 mihi.
645 773 747 827 Per
791 770 1025 826 frameas
1067 771 1443 826 tribulationes
1489 786 1629 823 mar-
1729 775 1854 844 quia
1881 776 2149 845 judicabis
2184 779 2369 831 orbem
2414 787 2471 832 et
2500 776 2727 847 populos
2777 794 2791 829 :
2845 785 2901 830 et
2926 776 3104 831 factus
3133 792 3193 831 es
3223 794 3313 832 re-

93 871 192 943 trrii
216 870 562 924 denotantur:
598 865 723 937 quia
750 864 969 919 frameis
991 864 1146 918 multi
1171 863 1624 918 contribulantur.
1730 866 1936 938 fugium
1967 909 1983 933 ,
2019 876 2075 923 et
2105 876 2163 921 ut
2208 868 2261 922 in
2301 868 2485 922 futuro
2507 867 2853 937 judicentur,
2887 867 2954 920 ad
2993 866 3313 921 misericor-

91 963 143 1016 Et
166 958 480 1020 destruxisti,
520 956 573 1011 id
604 964 687 1010 est
716 956 965 1012 destrues
994 957 1229 1010 civitates
1250 996 1264 1021 ,
1303 956 1353 1009 id
1386 963 1468 1009 est
1500 970 1632 1009 con-
1730 957 1873 1011 diam
1902 968 2122 1026 sperent
2151 959 2204 1014 in
2237 967 2290 1013 te
2323 975 2429 1013 non
2463 959 2514 1013 in
2552 959 2820 1013 terrenis:
2848 968 2898 1013 et
2935 957 3008 1011 ita
3036 957 3179 1025 quod
3206 971 3313 1009 non

90 1052 371 1122 spirationes
394 1064 618 1106 eorum:
649 1059 707 1103 ut
731 1049 872 1107 ultra
903 1064 1007 1103 non
1036 1050 1348 1119 conspirent
1371 1049 1629 1103 adversus
1733 1047 1992 1103 deﬁciant
2020 1064 2206 1104 omnes
2237 1051 2325 1121 qui
2357 1060 2608 1104 noverunt
2642 1066 2828 1104 nomen
2858 1058 3009 1104 tuum
3040 1063 3059 1101 :
3086 1056 3138 1103 te
3163 1046 3317 1100 scili-

91 1160 173 1199 me.
230 1141 511 1196 Civitatem
567 1155 698 1195 vero
751 1141 935 1196 dicere
987 1141 1222 1196 solemus
1255 1139 1629 1195 collectionem
1731 1147 1818 1195 cet
1865 1155 1985 1196 esse
2037 1142 2310 1196 dominum
2356 1142 2601 1196 omnium
2651 1158 2666 1197 :
2714 1150 2769 1196 et
2815 1149 3089 1211 potentem
3134 1140 3318 1209 justos

90 1235 286 1303 aliquam
323 1232 565 1285 virorum
588 1271 603 1295 ,
659 1240 717 1285 ut
756 1247 864 1286 uno
904 1229 1029 1300 jure
1061 1247 1119 1287 se
1150 1233 1385 1288 habeant
1410 1234 1629 1305 eonSpi-
1730 1230 1941 1285 salvare
1970 1240 2024 1285 et
2050 1232 2243 1302 impios
2266 1232 2512 1303 perdere.
2544 1231 2638 1287 Vel
2700 1247 2896 1286 nomen
2928 1242 3078 1286 tuum
3102 1271 3115 1295 ,
3148 1231 3199 1285 id
3229 1239 3317 1286 est

91 1329 287 1383 rantium
322 1343 334 1377 :
372 1325 493 1379 ideo
521 1325 663 1394 quod
700 1340 887 1380 eorum
943 1326 1320 1381 multitudines
1371 1328 1631 1383 adversus
1732 1329 1785 1375 le
1814 1329 2076 1376 alternum
2104 1336 2225 1377 esse
2260 1341 2272 1375 :
2308 1331 2365 1379 ut
2396 1338 2492 1393 per
2523 1331 2574 1377 te
2601 1322 2734 1377 flant
2764 1321 2955 1377 interni
2986 1338 3000 1375 :
3034 1330 3091 1376 et
3119 1322 3317 1392 repetit

90 1418 345 1475 Eccleiiam
404 1416 458 1470 in
512 1431 678 1470 unum
742 1416 1117 1487 conspirantes
1151 1456 1166 1483 ,
1248 1416 1497 1473 civitates
1545 1417 1632 1473 di-
1732 1423 1956 1463 causam
2002 1408 2125 1465 aliis
2193 1411 2375 1466 verbis
2427 1427 2525 1482 pro
2600 1427 2707 1481 qua
2761 1420 2882 1467 oret
2928 1426 3023 1466 eos
3071 1426 3313 1482 sperare.

90 1518 270 1567 cuntur.
1731 1499 1964 1571 Ideoque
1985 1501 2190 1557 scilicet
2211 1513 2411 1571 sperent
2447 1519 2465 1558 :
2494 1503 2620 1573 quia
2648 1520 2751 1557 non
2784 1502 3108 1575 dereliquisti
3138 1518 3317 1573 neque

143 1603 256 1657 cum
304 1617 435 1656 vero
486 1601 660 1667 dicit,
719 1602 871 1671 periit
923 1602 1176 1656 memoria
1217 1640 1232 1666 ,
1304 1609 1442 1665 ειοη
1502 1600 1633 1656 facit
1734 1592 2079 1662 derelinques
2101 1603 2393 1664 querentes
2442 1603 2512 1661 te,
2545 1609 2651 1649 non
2683 1595 3082 1651 mundanazin
3105 1594 3318 1665 adjutos

90 1692 441 1763 apostropham
474 1693 541 1751 ad
583 1692 860 1747 auditores
906 1710 919 1748 :
962 1692 1088 1762 quia
1138 1701 1319 1762 posset
1344 1691 1514 1761 qumri
1562 1707 1629 1746 an
1737 1686 1923 1742 Deus:
1956 1688 2120 1754 Quasi
2170 1688 2418 1743 diceret:
2450 1686 2585 1741 Nam
2637 1686 2895 1742 Dominus
2923 1686 3171 1741 omnium
3206 1700 3309 1740 es:

91 1792 205 1837 esset
230 1782 500 1852 periturus
547 1783 743 1852 impius
766 1824 780 1848 ,
820 1784 960 1838 sicut
989 1782 1222 1837 dixerat.
1261 1782 1328 1836 Et
1356 1784 1434 1836 sic
1458 1782 1630 1836 conti-
1666 1766 1708 1819 Β
1737 1778 1978 1847 nihilque
2004 1778 2259 1848 injustum
2290 1777 2468 1834 facere
2513 1786 2665 1848 potes
2698 1796 2712 1833 :
2741 1786 2796 1832 et
2841 1778 2944 1832 hoc
2974 1774 3106 1830 illud
3159 1776 3305 1830 idem

90 1887 271 1932 nuatur:
299 1876 415 1931 Dixi
449 1877 591 1946 quod
624 1876 915 1947 increpabis
943 1886 1116 1946 gentes
1135 1886 1181 1930 et
1210 1876 1393 1944 peribit
1418 1877 1633 1946 impius:
1735 1876 1823 1922 εει
1850 1868 1993 1937 quod
2020 1868 2270 1938 superius
2300 1868 2435 1923 di\it
2463 1887 2476 1921 ε
2509 1868 2686 1923 factus
2711 1883 2769 1923 es
2799 1867 3066 1938 refugium
3096 1866 3317 1935 pauperi

90 1977 132 2019 et
169 1980 337 2020 verum
389 1965 532 2019 dico.
587 1963 720 2018 Nam
756 1980 887 2021 vere
939 1967 1091 2035 periit
1151 1968 1405 2019 memoria
1455 1982 1634 2019 eorum

90 2055 400 2109 inimicorum
444 2071 564 2108 cum
605 2054 822 2120 sonitu,
875 2054 927 2109 id
978 2064 1062 2108 est
1112 2055 1313 2124 peribit
1376 2054 1635 2111 memoria

91 2146 284 2200 nominis
313 2162 511 2202 eorum
540 2188 555 2212 ,
610 2147 662 2202 id
713 2156 831 2214 est,
886 2162 1160 2217 nunquam
1209 2146 1439 2217 amplius
1488 2147 1635 2216 impii

91 2238 321 2292 dicentur.
352 2239 419 2292 Et
448 2255 568 2291 eum
600 2239 773 2292 sonitu
806 2239 1036 2308 peribit,
1079 2240 1129 2294 id
1172 2248 1255 2294 est
1290 2256 1412 2294 cum
1444 2254 1638 2310 magno

92 2344 276 2383 rumore
304 2344 318 2383 :
343 2330 473 2399 quia
502 2330 732 2393 multum
762 2331 1167 2400 divulgabitur:
1201 2347 1306 2386 non
1340 2332 1443 2386 erit
1471 2331 1634 2387 clam.

94 2420 142 2471 Et
161 2428 264 2489 post
292 2418 550 2474 Dominus
590 2420 644 2477 in
674 2430 944 2484 internum,
974 2421 1025 2483 id
1065 2431 1151 2478 est
1186 2436 1402 2493 semper
1432 2433 1637 2491 manet,

94 2509 222 2563 idest
243 2510 583 2578 permanebit
625 2512 677 2565 in
705 2512 787 2566 eis
815 2512 955 2571 sicut
980 2511 1121 2566 idem
1169 2512 1301 2567 dicit
1329 2530 1342 2566 :
1375 2513 1485 2566 «Ad
1517 2529 1638 2569 eum

94 2602 332 2655 \cniemtts
403 2609 463 2654 et
548 2602 884 2659 mansionem
962 2603 1101 2673 apud
1172 2619 1296 2657 eum
1374 2602 1638 2659 faciemus

94 2694 242 2755 (Joan.
267 2710 354 2747 xxv
380 2735 396 2758 ,
428 2693 549 2763 25).
587 2713 606 2746 ι
637 2694 701 2749 Ει
732 2695 844 2762 ipse
866 2696 955 2764 qui
994 2696 1045 2748 in
1070 2695 1151 2749 eis
1176 2694 1511 2765 permanebit
1546 2695 1635 2764 ju-

93 2785 251 2839 dicabit
276 2825 291 2851 ,
323 2785 374 2840 id
403 2795 491 2841 est
519 2786 889 2845 remunerabit
938 2787 992 2845 in
1042 2787 1224 2843 futuro
1250 2828 1266 2854 ,
1319 2790 1374 2842 in
1402 2787 1643 2852 wquitate

97 2879 237 2931 orbem
262 2888 412 2932 terra:
440 2918 456 2942 ,
498 2878 548 2932 id
587 2888 671 2931 est
705 2878 823 2931 illos
859 2878 948 2948 qui
995 2878 1159 2932 futuri
1194 2887 1319 2934 sunt
1350 2895 1416 2934 ex
1450 2889 1594 2934 terra
1626 2896 1641 2934 :

94 2971 162 3038 qui
190 2970 348 3040 prius,
379 2970 594 3026 scilicet
622 2979 763 3025 terra
794 2979 950 3025 erant
990 2971 1137 3031 orbis
1175 2971 1317 3042 ejus,
1345 2972 1397 3027 id
1439 2982 1521 3028 est
1551 2987 1645 3026 co~

95 3079 200 3129 rona
228 3062 339 3132 ejus
370 3063 425 3117 in
461 3063 696 3118 circuitu
736 3062 873 3131 ejus.
930 3060 1129 3118 Orbem
1172 3078 1305 3119 vero
1356 3064 1506 3134 ponit
1548 3079 1645 3134 pro

94 3169 259 3209 corona
291 3173 305 3209 :
347 3155 477 3226 quia
520 3156 786 3211 rotundus
817 3165 918 3212 est.
958 3155 1026 3209 Et
1058 3155 1313 3226 populos,
1355 3156 1407 3211 id
1447 3164 1531 3211 est
1568 3156 1648 3210 in-

98 3246 248 3302 fideles
277 3248 553 3314 judicabit
578 3289 591 3314 ,
635 3249 686 3302 id
714 3257 799 3303 est
836 3248 1208 3303 remunerabit
1236 3248 1289 3303 in
1314 3246 1523 3317 justitia
1549 3288 1563 3313 ,
1596 3245 1647 3303 id

96 3338 306 3406 95tjuste
346 3341 633 3397 damnabit
661 3358 673 3392 :
699 3348 755 3394 et
797 3339 842 3398 si
886 3339 1085 3408 impius
1109 3339 1356 3394 videatur
1406 3354 1508 3392 non
1534 3336 1651 3407 jus-

96 3446 203 3491 tum.
231 3437 356 3491 Dico
389 3436 538 3506 quod
573 3433 835 3503 judicabit
865 3436 1052 3490 orbem
1077 3442 1240 3490 term
1263 3452 1276 3487 :
1303 3443 1356 3487 et
1377 3432 1602 3505 populos
1633 3445 1648 3485 :

94 3538 138 3581 et
160 3532 362 3583 merito.
392 3528 534 3582 Nam
568 3529 675 3598 ipse
705 3528 911 3597 paravit
947 3528 1199 3583 thronum
1244 3543 1397 3581 suum
1422 3567 1437 3590 ,
1477 3526 1529 3581 id
1569 3532 1653 3580 est

91 3622 321 3690 judicium
352 3639 514 3679 suum
550 3640 564 3676 :
610 3624 663 3676 iu
700 3623 907 3691 judicio
955 3622 1150 3676 mortis
1176 3636 1273 3692 pro
1314 3619 1492 3674 Patris
1521 3618 1654 3673 obe-

94 3714 268 3771 dientia
307 3716 671 3785 ‘constitutus
705 3753 719 3780 ,
777 3713 830 3768 id
877 3721 957 3768 est
996 3713 1202 3782 judicio
1258 3710 1448 3765 mortis
1510 3709 1652 3780 quod

95 3816 261 3874 sponte
332 3804 507 3863 subiit
592 3820 606 3857 :
706 3802 872 3857 totius
953 3803 1138 3856 mundi
1199 3800 1458 3867 judicium
1550 3799 1652 3855 sibi

95 3896 385 3963 aquisivit,
415 3892 679 3963 Apostolo
713 3901 992 3953 testante:
1030 3891 1311 3947 «Christus
1350 3890 1528 3944 factus
1573 3897 1657 3945 est

94 3986 324 4047 obediens
362 3986 520 4045 Patri
549 3999 721 4055 usque
766 3985 832 4039 ad
863 3993 1095 4040 mortem
1139 4001 1154 4038 :
1195 3990 1416 4052 propter
1436 3982 1577 4051 quod
1604 3989 1658 4039 ει

95 4074 215 4130 Deus
240 4077 503 4135 exaltavit
537 4076 685 4132 illum
726 4076 948 4147 (Philip.
979 4075 1144 4148 [1,9).
1179 4096 1198 4129 ο
1266 4074 1499 4145 Populos
1528 4074 1660 4131 dicit

94 4170 273 4239 malos,
303 4170 436 4240 quia
489 4169 645 4223 multi
690 4178 853 4223 erunt
906 4168 971 4221 ad
999 4169 1459 4238 comparationem
1490 4168 1659 4221 bono—

97 4276 196 4312 rum
221 4262 415 4330 ,juxta
446 4260 597 4314 illud.
640 4278 657 4310 ι
695 4259 843 4313 Multi
874 4260 1080 4323 vocati,
1120 4258 1275 4326 pauci
1323 4273 1451 4311 vero
1501 4256 1657 4313 electi

95 4350 289 4415 (liatth.
322 4368 397 4404 xx
424 4391 441 4416 ,
474 4350 586 4421 2‘2).
617 4370 636 4402 ι
666 4351 795 4406 Dico
822 4350 965 4421 quod
996 4350 1049 4404 in
1075 4348 1255 4402 futuro
1275 4348 1558 4417 judicabit.
1598 4347 1663 4401 Et

1737 1961 1952 2032 adjutor
1977 1961 2029 2014 in
2056 1960 2420 2015 tribulatione.
2441 1960 2568 2016 Post
2590 1960 2918 2025 orationem,
2933 1958 3316 2028 apostropham

1737 2059 1871 2114 facit
1896 2060 1963 2114 ad
2004 2058 2273 2125 minores,
2304 2059 2532 2114 hortans
2561 2067 2616 2112 ut
2656 2058 2798 2112 sicut
2829 2056 2943 2125 ipsa
2985 2054 3202 2119 laudat,
3247 2054 3319 2107 ita

1743 2160 1799 2207 et
1840 2150 1938 2221 ipsi
1969 2149 2192 2204 faciant.
2222 2150 2450 2218 Quando
2495 2150 2709 2219 quidem
2737 2147 3035 2216 judicabit,
3080 2154 3135 2201 et
3163 2145 3318 2202 refu-

1740 2240 1888 2311 gium
1929 2248 1984 2294 et
2016 2239 2231 2308 adjutor
2259 2248 2343 2295 est
2374 2258 2388 2293 :
2421 2254 2515 2293 vos
2543 2239 2781 2293 minores
2805 2237 3013 2306 psallite
3048 2236 3276 2290 Domino
3302 2272 3319 2300 ,

1739 2331 1793 2386 id
1820 2339 1902 2385 est
1931 2331 2067 2385 bene
2095 2330 2393 2401 operamini
2412 2329 2518 2400 25
2547 2330 2611 2383 ad
2636 2329 2895 2385 honorem
2922 2328 3061 2397 ejus,
3103 2335 3157 2381 et
3178 2340 3317 2395 prmo

1743 2421 1915 2477 tendit
1942 2437 2047 2491 qua
2073 2422 2329 2487 utilitate,
2347 2422 2445 2477 sic:
2481 2422 2583 2488 Qui
2611 2422 2809 2475 habitat
2836 2422 2889 2473 in
2906 2419 3056 2484 Sion,
3074 2418 3215 2487 quod
3239 2425 3325 2472 est

1746 2529 1809 2570 ac
1832 2514 1877 2569 si
1907 2514 2055 2570 dicat
2084 2533 2097 2569 :
2128 2515 2229 2581 Qui
2255 2515 2307 2568 in
2332 2514 2586 2569 omnibus
2607 2513 2698 2581 qui
2733 2512 2861 2567 Sion
2891 2520 3051 2576 sunt,
3092 2508 3324 2573 habitat,

1746 2615 1801 2660 et
1848 2605 1903 2660 in
1951 2605 2103 2661 vobis
2134 2605 2399 2660 habitabit
2423 2605 2467 2660 si
2508 2603 2637 2659 Sion
2668 2602 2913 2668 fueritis,
2944 2603 2995 2657 id
3023 2610 3108 2656 est
3131 2615 3327 2670 specu-

1744 2696 1946 2753 latores
1972 2698 2162 2768 patriae
2200 2697 2467 2762 cmlestis,
2485 2704 2538 2751 et
2563 2712 2669 2751 nou
2694 2696 2866 2750 solum
2899 2694 3140 2764 psallatis
3163 2733 3181 2759 ,
3230 2691 3327 2747 sed

1743 2790 1881 2844 inter
1905 2800 2080 2860 gentes
2106 2830 2121 2856 ,
2166 2790 2220 2844 id
2261 2790 2541 2860 gentiliter
2582 2789 2828 2845 viventes
2857 2789 2909 2843 in
2923 2788 3187 2844 :edeules.
3218 2787 3329 2841 An-

1748 2883 1989 2936 nuntiate
2034 2882 2114 2937 eis
2170 2882 2345 2935 studia
2389 2881 2542 2950 ejus,
2609 2880 2661 2934 id
2688 2888 2772 2934 est
2825 2878 3140 2933 affectiones
3194 2890 3329 2931 cirs-

1748 2976 1927 3032 ritatis
1969 2974 2116 3043 ejus,
2192 2982 2394 3045 quanta
2457 2972 2664 3028 scilicet
2710 2969 2994 3026 affectione
3047 2983 3147 3024 nos
3178 2968 3332 3022 rede-

1748 3068 1878 3132 mit,
1922 3076 2235 3139 quantoque
2277 3066 2328 3121 in
2380 3064 2562 3119 futuro
2615 3065 2786 3118 bonos
2834 3060 3204 3116 remunerabit
3234 3100 3248 3124 ,
3277 3069 3332 3114 et

1750 3160 1886 3214 bene
1912 3160 2064 3229 ponit
2089 3159 2289 3213 studia.
2324 3155 2440 3229 Non
2485 3156 2629 3211 enim
2668 3153 2898 3210 redemit
2936 3165 3112 3221 neque
3151 3165 3333 3205 remu-

1750 3251 1966 3306 nerabit
2004 3250 2323 3315 temerarie,
2370 3248 2463 3303 sed
2509 3262 2705 3315 magno
2743 3244 2920 3299 studio
2946 3251 3110 3312 atque
3139 3248 3324 3311 poten-

1754 3342 1961 3395 tissima
1996 3341 2228 3394 ratione.
2266 3340 2329 3393 Et
2369 3340 2511 3393 bono
2547 3345 2730 3391 vestro
2765 3333 3008 3404 psalletls
3040 3340 3095 3386 et
3118 3345 3331 3385 annun-

1755 3432 1990 3497 tiabitis;
2021 3431 2270 3502 quoniam
2302 3429 2605 3483 recordatus
2633 3437 2744 3491 est,
2770 3425 2822 3481 id
2845 3436 2927 3480 est
2957 3420 3336 3478 recbrdabitur

1755 3523 1808 3578 in
1859 3522 2041 3577 futuro
2094 3532 2152 3576 ut
2184 3528 2523 3584 remuneret,
2559 3516 2815 3573 clamoris
2863 3530 3162 3585 pauperum
3196 3521 3253 3567 et
3288 3510 3335 3566 si

1757 3615 1915 3670 modo
1950 3615 2197 3668 videatur
2222 3612 2421 3667 oblitus
2446 3625 2565 3666 esse
2591 3649 2606 3674 ,
2649 3607 2700 3662 id
2727 3614 2810 3661 cst
2839 3604 3213 3660 recordabitur
3255 3600 3314 3654 in

1758 3714 1925 3759 tensa:
1955 3702 2221 3758 orationis
2249 3715 2582 3771 pauperum;
2613 3706 2833 3769 propter
2863 3711 2986 3751 eum
3019 3694 3198 3757 factm,
3219 3704 3341 3760 quae

1756 3794 2002 3865 procedit
2029 3809 2094 3847 ex
2128 3800 2276 3845 recta
2324 3789 2608 3844 affectione
2637 3797 2693 3843 et
2728 3786 3069 3857 operatione.

1826 3887 1892 3941 Et
1935 3886 2061 3955 quia
2105 3885 2316 3938 dixerat
2357 3882 2659 3935 recordatus
2703 3890 2802 3945 est,
2863 3877 3136 3932 videretur
3182 3872 3341 3927 alicui

1758 3995 1864 4034 non
1900 3979 2037 4033 bene
2065 3975 2273 4030 nutanti
2301 3989 2422 4030 cum
2452 3973 2678 4028 oblitum
2721 3971 2906 4035 fuisse,
2948 3969 3067 4023 ideo
3095 3965 3343 4035 sequitur
3428 3952 3433 3959 ’

1760 4072 2027 4127 correctio
2070 4069 2150 4123 sic
2185 4087 2197 4122 :
2253 4068 2384 4122 Dico
2433 4067 2735 4121 recordatus
2775 4074 2870 4128 est,
2904 4079 3009 4115 non
3051 4070 3229 4114 tamen
3267 4068 3344 4110 est

1762 4163 1952 4219 oblitus
1984 4179 2219 4233 unquam
2252 4162 2531 4215 clamorem
2564 4174 2886 4228 pauperum;
2924 4154 3018 4210 sed
3052 4155 3169 4206 ideo
3207 4151 3343 4213 dixi,

1763 4260 1886 4328 quia
1920 4258 2135 4311 videtur
2165 4255 2510 4324 quibusdam.
2552 4252 2617 4306 Et
2643 4248 2786 4319 quod
2827 4243 3224 4306 recordabitur,
3256 4255 3347 4295 re-

1764 4349 2100 4402 munerando
2140 4352 2406 4400 monstrat
2446 4343 2511 4396 ab
2554 4339 2799 4409 opposito
2839 4351 2961 4390 cum
3003 4329 3339 4402 interponit:

94 4443 167 4495 hic
195 4444 411 4498 interim
445 4442 620 4498 factus
651 4452 764 4511 est,
793 4444 845 4497 id
876 4451 961 4499 εει
985 4440 1346 4497 fietDominus
1372 4438 1652 4507 refugium,
1694 4456 1738 4515 ι)
1768 4439 2047 4510 Requirens
2072 4436 2400 4506 sanguinem,
2435 4433 2485 4485 id
2509 4440 2593 4485 est
2622 4438 2848 4483 mortem
2874 4440 3059 4478 eorum
3084 4423 3149 4476 de
3183 4435 3347 4474 manu

94 4533 137 4587 id
164 4544 241 4588 cst
270 4534 579 4597 securitas,
610 4535 862 4604 pauperi,
912 4533 968 4589 id
1002 4539 1087 4586 est
1128 4530 1202 4583 illi
1229 4530 1319 4599 qui
1356 4537 1502 4583 tanta
1530 4530 1663 4581 sub-

93 4624 323 4692 iectionis
371 4623 682 4679 humilitate
730 4641 788 4679 se
817 4639 943 4694 erga
991 4638 1116 4679 eum
1146 4621 1407 4685 habebit,
1459 4630 1663 4690 quanta

93 4732 277 4788 pauper
311 4728 374 4773 ut
419 4718 622 4787 aliquid
655 4716 901 4788 acquirat
930 4729 1057 4784 erga
1112 4713 1355 4767 divitem.
1408 4711 1503 4765 Vel
1534 4727 1665 4779 pau-

94 4810 232 4875 peri,
271 4811 323 4863 id
353 4819 440 4864 est
469 4808 543 4864 illi
577 4808 666 4877 qui
697 4808 749 4863 in
780 4809 882 4861 hoc
911 4806 1111 4860 mundo
1145 4813 1367 4875 propter
1398 4817 1521 4857 eum
1547 4816 1667 4855 esse

94 4915 282 4971 panper
301 4903 552 4973 elegerit.
580 4902 646 4959 Et
671 4917 773 4954 non
802 4899 976 4961 solum
1009 4898 1305 4967 refugium,
1340 4897 1391 4951 id
1423 4904 1506 4951 est
1533 4911 1661 4950 con.

97 5002 286 5047 stantes
328 5004 385 5047 et
428 4993 727 5061 intrepidos
759 4990 963 5045 faciens
1009 4990 1183 5059 (multi
1225 5003 1461 5058 namque
1492 4987 1663 5041 lucre-

98 5085 175 5138 tici
221 5086 274 5140 in
321 5084 769 5139 tribulationibus
816 5082 1081 5141 inutiliter
1120 5083 1470 5136 inveniuntur
1503 5079 1673 5137 intre-

98 5176 238 5247 pidi),
266 5179 362 5232 sed
409 5177 573 5231 etiam
598 5175 884 5247 adjutorin
907 5175 1263 5237 tribulatione,
1297 5174 1348 5227 id
1397 5180 1480 5227 est
1507 5185 1673 5240 agens

98 5270 298 5326 occulto
320 5270 534 5341 judicio
563 5269 707 5339 quod
757 5270 873 5338 ipsa
907 5266 1183 5323 tribulatio
1215 5264 1434 5331 adjuvet
1465 5279 1563 5318 eos
1605 5263 1672 5316 ad

101 5372 441 5429 augmentum
483 5360 688 5426 meriti,
731 5359 1159 5427 sicutscriptum
1208 5367 1329 5409 est:
1371 5353 1530 5407 Fiant
1566 5353 1677 5406 cia-

103 5452 251 5507 riores
294 5470 392 5522 per
438 5450 686 5506 exercitia
734 5450 993 5504 laborum.
1029 5448 1084 5502 In
1137 5446 1486 5501 tribulatione
1556 5445 1676 5497 diro

105 5540 351 5611 disposita
391 5559 423 5594 a
462 5543 577 5596 Deo
609 5541 662 5594 in
692 5539 1218 5610 opportunitatibus,
1259 5538 1310 5592 id
1359 5545 1442 5591 est
1485 5551 1677 5589 secun-

106 5634 216 5686 dum
246 5634 396 5705 quod
434 5642 796 5703 opportunum
845 5641 957 5697 est,
989 5640 1049 5687 ut
1070 5633 1176 5702 pati
1206 5630 1412 5702 possint
1439 5645 1503 5681 ne
1542 5626 1674 5681 deti-

107 5725 235 5783 cianl
268 5727 313 5783 si
352 5727 498 5783 ultra
537 5726 752 5781 modum
795 5726 954 5781 fuerit
991 5744 1001 5778 :
1036 5726 1328 5781 secundum
1366 5720 1506 5791 quod
1553 5719 1675 5774 alibi

1772 4509 2055 4599 impiorum
2103 4535 2159 4580 ut
2207 4525 2422 4595 puniat,
2474 4522 2611 4576 sicut
2658 4518 2782 4571 alibi
2836 4517 3032 4570 dicitur
3080 4531 3092 4565 :
3149 4530 3166 4561 ι
3223 4509 3349 4565 Mihi

1771 4623 2083 4681 vindictam,
2132 4627 2184 4671 et
2234 4632 2334 4687 ego
2380 4614 2675 4669 retribuam
2712 4609 2891 4681 (Deut.
2938 4620 3111 4668 xxx”,
3159 4602 3271 4669 55),
3327 4618 3346 4653 ε

1771 4715 1912 4787 quod
1955 4722 2038 4767 est
2066 4728 2129 4766 ac
2161 4710 2206 4765 si
2234 4710 2438 4764 diceret
2474 4722 2488 4761 :
2533 4705 2666 4760 Cum
2706 4702 2897 4774 impios
2936 4711 3157 4771 propter
3180 4695 3356 4764 justo-

1773 4826 1889 4863 rum
1913 4804 2342 4877 persecutionem
2374 4802 2445 4857 sit
2466 4800 2848 4861 damnaturus,
2886 4808 3151 4865 pauperes
3174 4791 3360 4859 utique

1772 4915 1870 4971 pro
1917 4913 1973 4952 se
2024 4895 2292 4965 patientes
2342 4899 2425 4945 est
2488 4895 2952 4944 remuneraturus.
3006 4883 3072 4937 Et
3130 4879 3355 4950 apponit

1774 4969 1946 5057 ipsum
1997 4985 2288 5039 clamorem
2337 4993 2633 5051 pauperum
2687 4977 2765 5030 sic
2812 4976 2995 5029 dicens
3037 4990 3050 5025 :
3102 4969 3227 5024 Non
3283 4985 3337 5021 es

1775 5082 1961 5136 oblitus
2010 5079 2289 5132 clamorem
2337 5087 2650 5144 pauperum,
2678 5069 2769 5139 qui
2802 5067 2922 5122 talis
2958 5074 3061 5120 est.
3110 5062 3360 5115 Miserere

1776 5174 1895 5237 mei,
1941 5170 2179 5232 Domine,
2231 5168 2282 5222 id
2322 5176 2401 5221 εει
2451 5158 2877 5218 misericorditer
2915 5155 3045 5210 mihi
3089 5152 3361 5209 retrilme;

1777 5258 1914 5319 cum’
1944 5263 2020 5318 sis
2054 5261 2311 5315 Dominus
2338 5258 2391 5311 in
2436 5257 2618 5316 rebus.
2650 5262 2706 5307 et
2743 5246 2926 5304 omnia
2969 5245 3163 5316 possis.
3199 5241 3262 5295 Et
3296 5253 3364 5291 ne

1777 5355 1914 5408 desit
1940 5368 2101 5407 causa
2132 5347 2507 5403 retributionis
2541 5363 2553 5399 :
2599 5342 2746 5405 Vide,
2775 5339 2842 5394 ad
2881 5339 2984 5393 hoc
3010 5343 3067 5389 ut
3101 5334 3196 5388 tibi
3238 5331 3353 5399 pla-

1779 5455 1918 5508 ceat,
1947 5444 2322 5506 humilitatem,
2360 5440 2409 5493 id
2442 5448 2523 5491 est
2561 5434 2939 5502 dejectionem,
2971 5443 3137 5482 meum
3176 5424 3237 5476 tle
3262 5424 3361 5473 iui-

1781 5537 1926 5592 micis
1961 5536 2087 5588 meis
2134 5533 2355 5590 illatam,
2395 5527 2797 5583 tribulationem
2828 5519 3035 5574 scilicet
3066 5529 3223 5584 quam
3264 5528 3364 5581 pro

1784 5637 1833 5682 ιε
1864 5628 2058 5697 patior.
2108 5624 2239 5679 Dico
2274 5621 2515 5673 miserere
2559 5628 2636 5681 tu,
2669 5614 2760 5682 qui
2794 5622 2902 5666 tam
2935 5608 3134 5661 exultas
3174 5617 3251 5655 nte
3283 5602 3365 5652 di—

1785 5691 1987 5790 gnitate
2019 5717 2138 5771 vitae
2166 5731 2177 5782 ;
2216 5728 2299 5766 me
2326 5712 2445 5765 dico
2475 5714 2780 5775 exemptum
2805 5703 2866 5757 de
2896 5699 3056 5771 portis
3081 5692 3280 5771 mortis,
3316 5691 3366 5747 id
