3864 6320
546 288 649 346 871⁸

1092 286 1150 343 S.
1191 289 1543 351 BR‘UNONIS
1567 296 2723 369 CARTHUSIANORUM‘lNSTlTUTORlS
2761 312 2915 368 OPP.
2957 314 3134 371 PARS
3168 316 3209 372 l.‘

3671 336 3749 392 67?.

543 411 629 458 est
666 401 736 456 de
773 400 938 467 vitiis,
966 416 1095 473 qua:
1124 415 1252 462 sunt
1295 417 1463 477 portae
1498 426 1595 480 per
1628 428 1765 482 quas
1797 414 2031 472 intratur
2058 418 2123 473 ad
2156 424 2203 480 Α
2230 422 2470 479 futurum
2512 434 2618 493 est,
2654 437 3023 482 convertantur
3044 441 3337 500 peccatores
3364 452 3417 489 η.
3441 440 3690 513 infernum,
3712 465 3751 507 ει

544 500 795 549 mortem.
832 494 897 548 Et
921 494 990 549 ad
1022 496 1127 551 hoc
1148 497 1355 553 exultas
1386 511 1440 555 ut
1465 504 1772 557 annuntiem
1803 505 1925 561 altis
1950 523 2128 563 omnes

541 582 878 641 fundationes
928 596 1066 651 tuas,
1106 588 1158 643 id
1206 598 1291 646 est
1335 593 1549 648 occulta
1594 593 1797 662 judicia
1846 604 1936 651 tua
1984 601 2128 658 unde

539 675 748 731 laudari
780 677 967 733 debes.
1002 679 1111 749 Ego
1137 680 1261 737 dico
1282 685 1521 739 existens
1549 685 1603 740 in
1624 688 1787 755 portis
1812 689 1942 757 ﬁlice
1970 690 2124 748 Sion.

539 768 893 827 lntransi‘tive
917 773 1120 828 dictum
1142 783 1227 829 est
1258 794 1272 830 :
1300 775 1456 832 Filia:
1482 779 1635 834 Sion.

609 861 763 929 Quod
784 863 1062 919 estdicere
1091 883 1105 919 :
1134 866 1244 935 Ego
1266 869 1509 925 existens
1535 871 1586 925 in
1619 871 1928 939 virtutibus,
1964 875 2047 931 vel
2069 877 2123 933 in

537 954 824 1009 sententiis
868 958 1258 1025 apostolomm,
1298 979 1418 1032 quae
1476 975 1601 1020 sunt
1640 978 1810 1037 porta:
1855 985 1953 1040 per
1988 958 2123 1042 quas

538 1043 805 1110 Ecclesia,
830 1061 948 1114 qua:
980 1047 1072 1101 Dei
1099 1048 1204 1103 ﬁlia
1229 1064 1310 1105 est
1334 1057 1796 1124 etapostolorum.
1821 1060 2125 1132 ingreditur

537 1136 603 1186 ad
633 1134 823 1188 vitam.
852 1136 915 1190 Et
939 1152 1005 1191 ne
1039 1139 1430 1211 intelligeretur
1459 1146 1565 1200 tilia
1593 1147 1907 1219 Babylonis,
1940 1152 2123 1208 deter-

538 1224 708 1278 minat
736 1242 857 1280 cum
900 1229 1047 1284 addit
1087 1249 1100 1284 :
1149 1230 1296 1297 Sion,
1338 1238 1594 1305 quodest
1636 1241 1837 1307 dicere,
1883 1260 2001 1314 quze
2040 1255 2131 1301 est

536 1317 821 1385 speculans
850 1319 1048 1375 futtira.
1083 1323 1146 1376 Et
1174 1324 1275 1380 hoc
1312 1337 1484 1383 totum
1527 1345 1590 1385 ac
1622 1332 1665 1385 si
1710 1334 1914 1389 diceret
1946 1353 1959 1389 :
1996 1335 2121 1392 Scio

535 1408 677 1475 quod
708 1410 812 1463 mei
845 1410 1211 1479 misereberis,
1253 1432 1377 1472 cum
1415 1419 1529 1489 jam
1572 1437 1660 1479 me
1704 1424 1872 1481 facias
1915 1428 2121 1482 exalta-

535 1505 669 1550 tum.
702 1498 827 1551 Dico
858 1502 1103 1556 miserere
1132 1506 1255 1571 mei,
1289 1514 1343 1561 et
1377 1508 1456 1563 sic
1487 1510 1759 1566 exsultatio
1801 1515 1854 1569 in
1894 1515 2121 1571 salutari

532 1598 644 1656 tuo,
672 1589 828 1645 idest
853 1593 902 1645 in
933 1594 1263 1652 salutatione
1295 1607 1382 1653 tua
1410 1600 1539 1656 mibi
1565 1602 1713 1669 data,
1743 1605 1903 1662 idest
1932 1608 1985 1663 in
2017 1610 2120 1665 hoc

531 1682 675 1748 quod
723 1684 947 1739 reduces
980 1702 1066 1741 me
1113 1686 1165 1741 in
1198 1688 1687 1751 immortalitatem.
1734 1698 1964 1756 Ostenso
2006 1702 2118 1757 ela-

2232 518 2453 584 exponit
2493 531 2630 586 quos
2666 527 2822 573 vocet
2866 531 3161 588 peccatores
3206 524 3288 579 sic
3336 543 3349 579 :
3402 528 3753 604 Omnesgenm

2231 608 2437 663 scilicet
2478 626 2595 679 qua:
2646 609 3021 665 obliviscuntur
3061 612 3249 681 Deum,
3306 617 3357 671 id
3400 630 3483 673 est
3522 638 3629 691 qua:
3662 647 3752 687 cum

2229 700 2452 754 audiant
2482 700 2920 770 prtedicationem
2955 704 3088 774 ejus,
3135 707 3355 761 tradunt
3384 711 3647 782 oblivioni,
3683 738 3754 779 nec

2228 801 2312 847 est
2340 793 2420 847 eis
2446 807 2576 847 cura
2604 793 2914 859 obediendi,
2947 803 2999 850 et
3030 798 3171 865 quod
3202 809 3585 859 convertentur
3608 813 3755 877 probat

2228 883 2296 936 ab
2322 884 2597 953 opposito,
2630 900 2753 938 cum
2773 885 2943 940 dicit:
2977 886 3107 942 inde
3139 890 3253 944 scio
3293 893 3440 960 quod
3486 910 3755 956 converten-

2229 984 2333 1037 tur,
2380 975 2637 1045 quoniam
2666 993 2769 1031 non
2807 979 2905 1032 erit
2929 979 3115 1033 obtivio
3155 987 3404 1051 pauperis
3447 988 3687 1046 tendentis
3718 998 3756 1048 in

2224 1068 2400 1133 ﬁnem,
2444 1069 2497 1123 id
2527 1078 2609 1123 est
2640 1070 2693 1123 in
2722 1073 3217 1138 perscverationem
3257 1076 3524 1132 bonorum
3560 1097 3755 1151 operum,

2228 1155 2277 1209 id
2315 1166 2398 1211 est
2430 1174 2534 1211 non
2565 1160 2761 1226 peribit
2790 1162 3047 1230 patientia
3082 1180 3401 1234 pauperum,
3433 1168 3484 1221 id
3524 1181 3600 1224 est
3626 1189 3756 1228 reatu.

2227 1249 2437 1304 neratio
2483 1251 2756 1318 patientia:
2792 1268 3092 1321 pauperum
3144 1258 3484 1312 tendentium
3524 1260 3575 1314 in
3619 1262 3756 1319 liuent.

2225 1338 2374 1405 Quod
2406 1350 2489 1395 est
2519 1342 2699 1398 dicere
2729 1362 2742 1396 :
2773 1343 2898 1397 lndc
2929 1347 3044 1399 scio
3074 1348 3213 1415 quod
3245 1348 3528 1405 damnabit
3552 1368 3759 1420 peccato-

2225 1449 2313 1487 res
2342 1452 2355 1487 :
2386 1436 2640 1513 quoniam
2670 1439 3038 1493 remnuerabit
3075 1454 3360 1508 pauperes,
3408 1443 3460 1496 id
3498 1455 3575 1497 est
3605 1446 3755 1515 justas,

2224 1525 2307 1577 vel
2356 1540 2458 1579 non
2505 1526 2609 1580 erit
2648 1526 2849 1581 oblivio
2880 1530 3135 1598 pauperis
3171 1530 3221 1583 in
3268 1532 3375 1585 [ine
3412 1534 3616 1598 mundi,
3651 1550 3693 1589 et
3725 1539 3759 1592 si

2224 1613 2383 1667 modo
2412 1614 2659 1669 videatur
2678 1630 2799 1670 esse
2828 1632 3012 1671 eorum
3045 1618 3264 1673 oblivio.
3304 1620 3401 1675 Vel
3449 1623 3529 1677 sic
3565 1642 3577 1676 :
3610 1624 3657 1677 Si
3682 1642 3761 1681 non

2225 1701 2500 1759 invenitur
2547 1716 2836 1776 paupertas
2887 1707 3175 1763 oblivionis
3224 1725 3254 1763 a
3315 1712 3581 1782 principio
3629 1731 3761 1785 usque

533 1785 686 1827 more
718 1788 1038 1845 pauperum,
1064 1781 1358 1837 revertitur
1386 1785 1452 1839 ad
1482 1787 1757 1856 negotium
1790 1790 1933 1858 quod
1977 1791 2123 1845 incc-
2158 1781 2200 1833 Β
2227 1790 2277 1844 in
2310 1791 2493 1855 ﬁnem.
2517 1809 2621 1848 non
2650 1795 2954 1851 invenietur
2983 1796 3159 1867 aliqua
3191 1800 3393 1854 oblivio
3424 1805 3680 1872 pauperis.

533 1873 725 1932 perat:
756 1867 837 1920 sic
859 1869 1066 1925 dicens.
1092 1871 1285 1940 In/ixte
1317 1887 1461 1942 sunt,
1494 1886 1600 1933 etc.
1623 1896 1637 1946 ;
1664 1881 1807 1949 quod
1839 1883 1919 1936 sic
1944 1885 2120 1937 conti-

533 1963 751 2011 nnatur.
783 1957 904 2013 Dixi
932 1962 1199 2030 superius,
1234 1979 1267 2018 ο
1296 1966 1539 2024 minores
1570 1987 1584 2023 :
1630 1970 1850 2026 Psaltite
1894 1972 2121 2029 Domino

531 2049 622 2116 qui
643 2048 845 2105 habitat
875 2053 929 2107 in
950 2051 1101 2122 Sion,
1131 2056 1251 2112 ideo
1274 2061 1524 2128 quoniam
1548 2065 1851 2120 recordatus
1883 2077 1990 2132 est;
2017 2086 2123 2123 non

529 2146 608 2190 est
635 2137 824 2193 obiitus
846 2141 1125 2199 clamorem
1152 2164 1476 2218 pauperum;
1506 2160 1559 2207 et
1588 2170 1693 2209 non
1722 2155 1826 2211 hoc
1852 2157 1967 2213 solo
1990 2173 2125 2215 con-

534 2228 673 2283 tuitu
700 2230 962 2300 psallatis,
996 2238 1089 2291 sed
1119 2239 1284 2293 etiam
1317 2240 1532 2296 laudate
1561 2243 1887 2313 intentione,
1918 2258 1972 2303 et
1999 2264 2120 2305 ver-

526 2319 631 2383 bis.
661 2330 716 2375 et
741 2326 1062 2393 operatione
1103 2330 1205 2385 hoc
1231 2332 1499 2397 contuitu,
1543 2336 1668 2405 quia
1700 2348 1896 2407 gentes,
1938 2341 2001 2396 id
2038 2350 2123 2397 est

528 2415 801 2480 gentiliter
826 2418 1103 2481 viventes;
1130 2433 1250 2477 sunt
1285 2424 1463 2493 infixtc
1497 2428 1551 2479 in
1580 2428 1817 2495 interitu,
1847 2448 1999 2501 quem
2040 2433 2121 2503 fe-

528 2513 734 2568 cerunt,
762 2506 812 2559 id
840 2518 923 2560 est
955 2508 1100 2564 intus
1135 2511 1185 2564 in
1217 2514 1397 2567 anima
1429 2525 1554 2569 sunt
1583 2518 1724 2582 lixze,
1753 2519 1803 2574 id
1832 2531 1919 2575 est
1948 2521 2120 2577 firmi-

532 2598 613 2645 ’er
655 2594 773 2650 sita:
820 2598 875 2650 in
916 2600 1151 2667 interitu,
1192 2602 1243 2657 id
1286 2614 1369 2659 est
1412 2606 1464 2660 in
1496 2612 1858 2666 excmcatione
1898 2617 2115 2683 mentis,

524 2700 681 2755 ptem
704 2687 937 2757 fecerunt
962 2692 1086 2759 sibi,
1117 2711 1222 2750 non
1252 2698 1410 2763 Deus,
1436 2700 1489 2754 id
1521 2710 1603 2756 est
1630 2705 1720 2772 qui
1752 2705 2008 2763 interitus
2038 2709 2119 2763 eis

524 2778 755 2847 contigit
791 2796 888 2850 pro
925 2785 1133 2841 meritis
1173 2788 1285 2843 suis
1327 2790 1511 2859 malis,
1551 2808 1659 2847 non
1688 2795 1847 2866 culpa
1890 2798 2007 2853 Dei.
2038 2799 2118 2855 Ac

525 2864 573 2919 si
629 2865 836 2924 diceret
889 2887 902 2924 :
954 2870 1072 2927 Non
1133 2876 1474 2935 solummodo
1526 2897 1625 2951 pro
1674 2864 2117 2945 remuneratione

522 2955 816 3027 iustorum,
847 2965 940 3018 se.l
974 2967 1139 3022 etiam
1177 2984 1300 3025 eum
1347 2972 1564 3031 laudate
1607 2993 1706 3046 pro
1749 2982 2117 3038 excaecatione

525 3054 824 3123 malorum;
859 3062 1001 3129 quod
1032 3066 1134 3120 etsi
1166 3068 1237 3121 sit
1264 3072 1477 3127 occulto
1502 3072 1710 3141 judicio
1746 3076 1975 3145 factum,
2004 3095 2112 3135 non

525 3154 705 3202 tamen
740 3150 962 3207 dubium
1004 3167 1089 3211 est
1116 3172 1237 3215 esse
1264 3159 1495 3228 justum.

594 3243 660 3297 Et
692 3250 916 3317 exponit
942 3255 1215 3321 quomodo
1256 3257 1309 3313 in
1356 3260 1577 3317 interitu
1624 3264 1803 3323 inﬁxa:
1845 3268 1953 3324 sint
1989 3271 2114 3326 sic:

522 3334 715 3393 Merito
744 3341 796 3394 in
828 3345 1067 3401 interitu.
1107 3348 1240 3405 Nam
1270 3369 1357 3418 pes
1401 3372 1583 3411 eorum
1618 3362 2017 3431 comprehensus
2039 3375 2116 3419 est

518 3427 576 3480 in
612 3428 798 3501 laqueo
822 3435 919 3489 isto
946 3455 1097 3509 quem
1127 3442 1531 3513 abscondet-unt,
1567 3449 1617 3503 id
1645 3459 1729 3506 est
1756 3453 1971 3510 occulte
1994 3454 2116 3511 aliis

522 3534 875 3589 paraverunt.
923 3528 1024 3596 Qui
1076 3547 1207 3589 vero
1259 3537 1390 3591 dicit
1444 3544 1845 3609 comprehensus
1894 3556 1971 3600 est
2025 3564 2113 3616 pes

517 3630 722 3677 eorum,
751 3634 780 3672 a
808 3621 1158 3681 similitudine
1191 3629 1322 3685 dicit
1345 3630 1580 3688 hominis
1624 3635 1679 3690 in
1706 3637 2026 3695 abscondito
2055 3650 2115 3695 ut

519 3706 757 3778 aliquem
803 3714 983 3783 capiat
1029 3716 1280 3788 laqueum
1324 3726 1591 3793 pauentis.
1638 3727 1696 3782 ln
1740 3745 1846 3797 quo
1883 3731 2115 3801 ipsemet

521 3796 870 3869 illaqueatur.
900 3804 1063 3872 Quasi
1098 3810 1302 3867 diceret
1336 3833 1348 3868 :
1384 3814 1578 3871 Merito
1608 3796 1954 3887 interierunt,
1985 3825 2111 3894 quia

520 3889 778 3961 laqueum
805 3897 1140 3968 deeeptionis
1170 3905 1291 3959 aliis
1322 3906 1518 3977 injuste
1544 3924 1899 3980 paraverunt,
1929 3924 1985 3970 et
2005 3889 2114 3973 iste

519 3980 747 4053 laqueus
782 3986 892 4058 26
922 4005 1083 4046 causa
1122 3993 1222 4049 l'uit
1250 4012 1422 4067 quare
1463 3998 1515 4054 in
1547 3998 1828 4058 interitum
1860 4007 2117 4075 perveni-

520 4086 666 4142 rent,
707 4079 759 4134 id
795 4091 879 4136 est
919 4082 971 4138 in
1005 4087 1185 4143 cordis
1230 4091 1671 4149 excmcationem.
1723 4095 1791 4150 Et
1829 4097 1931 4153 boc
1968 4103 2113 4171 quod

518 4168 594 4224 ita
619 4186 714 4226 eos
737 4172 946 4239 judicat
976 4177 1138 4242 Deus,
1163 4195 1268 4234 non
1301 4195 1634 4253 cognoscunt
1668 4186 1765 4256 ipsi
1803 4190 1987 4256 modo;
2020 4194 2114 4247 sed

517 4263 741 4318 tandem
762 4265 825 4319 in
856 4266 1062 4333 futuro,
1089 4285 1209 4324 cum
1231 4270 1377 4339 juste
1404 4274 1596 4343 perdet
1621 4291 1733 4331 eos.
1761 4277 2115 4350 Cognoscetur

516 4350 776 4410 Dominus
817 4357 1027 4427 judicia
1080 4360 1297 4429 faciens,
1347 4364 1399 4420 id
1445 4375 1529 4421 est
1572 4380 1930 4441 cognoscetur
1986 4375 2109 4444 quia

2142 3128 2187 3189 C

2295 1882 2428 1938 Cum
2458 1895 2637 1941 autem
2668 1888 2797 1942 dielt
2826 1906 2838 1941 :
2876 1888 3134 1959 Exsurge,
3167 1891 3413 1956 Domine,
3456 1911 3556 1947 non
3592 1898 3761 1964 confar-

2224 1984 2363 2029 tetur
2390 1992 2406 2029 :
2438 1975 2744 2033 Prawidens
2783 1978 2977 2048 spiritu
3027 1982 3345 2051 prophetico
3380 1983 3761 2048 tribulatimtem,

2224 2076 2428 2135 quanta
2461 2083 2738 2137 nunquam
2770 2070 2872 2122 fuit
2909 2072 2963 2124 in
2995 2080 3239 2142 tempore
3276 2072 3613 2139 Antichristi,
3650 2077 3761 2130 tutn-

2225 2170 2369 2221 ram,
2404 2166 2525 2212 orat
2550 2174 2648 2228 pro
2696 2162 3128 2228 perseveraturis
3158 2163 3211 2216 in
3248 2163 3595 2220 tribulatione
3623 2166 3692 2221 illa
3714 2185 3764 2222 ne

2222 2246 2499 2314 deliciant,
2523 2250 2701 2306 ethoc
2726 2266 2829 2307 non
2856 2253 3119 2323 superiori
3146 2252 3364 2320 litterae,
3398 2258 3494 2310 sed
3526 2261 3765 2315 sententizc

2222 2338 2303 2394 sic
2345 2342 2712 2396 continuatur.
2766 2344 2883 2398 Dixi
2932 2347 3183 2415 superius
3230 2349 3375 2418 quod
3425 2350 3575 2419 impii
3615 2367 3765 2421 perse-

2222 2442 2462 2504 quuntur
2500 2435 2589 2490 hic
2613 2437 2809 2507 justas,
2859 2447 2913 2492 et
2944 2437 3154 2508 laqueis
3188 2440 3582 2497 blanditiarum
3622 2455 3667 2500 et
3692 2446 3765 2499 hu-

2221 2525 2521 2581 miliatione
2555 2528 2984 2594 tribulationum,
3021 2542 3075 2586 et
3105 2547 3212 2587 non
3239 2533 3413 2589 solum
3449 2535 3501 2590 in
3538 2537 3634 2591 boc
3662 2546 3762 2590 tem-

2223 2631 2351 2685 pore
2391 2616 2494 2672 erit
2526 2618 2689 2681 istud,
2722 2621 2815 2674 sed
2844 2624 3005 2675 etiam
3037 2623 3256 2690 quidam
3294 2636 3483 2694 surget
3524 2627 3574 2679 in
3614 2627 3764 2681 diebus

2222 2707 2552 2772 novissimis,
2581 2709 2946 2766 Antichristus
2977 2713 3185 2768 scilicet
3215 2716 3307 2785 qui
3333 2732 3391 2771 se
3423 2718 3588 2770 Deum
3615 2716 3763 2781 faciet,

2220 2809 2275 2856 et
2322 2803 2482 2857 homo
2528 2804 2848 2874 simpliciter
2890 2807 2995 2859 erit
3041 2806 3254 2862 diabolo
3302 2810 3521 2880 plenus,
3560 2812 3642 2881 qui
3684 2812 3768 2866 tuis

2221 2897 2420 2951 multas
2456 2897 2651 2953 inferet
2683 2898 3080 2954 tribulationes.
3121 2900 3206 2964 Et,
3240 2915 3273 2954 0
3307 2902 3557 2968 Domine,
3585 2919 3767 2973 exsurge

2221 2989 2273 3043 in
2320 2990 2579 3045 auxilium
2624 2991 2750 3053 tuis,
2793 3007 2858 3045 ne
2900 2991 3241 3049 contionetur
3284 2996 3453 3051 homo
3490 2995 3575 3049 ille
3635 3011 3767 3065 super

2222 3090 2361 3146 tuos,
2398 3083 2449 3136 id
2468 3092 2551 3137 est
2576 3100 2641 3138 ne
2666 3082 3029 3139 Antichristus
3054 3085 3140 3154 qui
3169 3085 3496 3155 simpliciter
3517 3087 3617 3141 erit
3637 3087 3767 3141 homo

2219 3182 2273 3226 et
2313 3188 2416 3227 non
2452 3175 2612 3237 Dens,
2668 3174 2822 3228 fortis
2856 3175 3160 3228 inveniatur
3186 3176 3251 3229 ad
3288 3175 3391 3230 hoc
3423 3184 3480 3228 ut
3520 3176 3765 3230 convincat

2221 3271 2362 3326 tuos,
2390 3272 2444 3317 et
2469 3265 2717 3334 quamvis
2758 3265 2931 3319 dicam
2962 3282 3064 3318 non
3110 3266 3433 3335 confortetur
3468 3283 3624 3337 super
3652 3277 3764 3330 tuos,

2221 3361 2402 3406 tamen
2429 3356 2670 3408 concedo
2698 3356 2839 3424 quod
2864 3364 3058 3424 gentes,
3098 3353 3150 3407 id
3180 3363 3261 3409 est
3308 3355 3588 3426 gentiliter
3614 3356 3745 3411 vives

2220 3453 2319 3505 tes,
2345 3445 2659 3514 judicentur
2702 3448 2757 3501 in
2794 3456 3069 3509 conspectu
3110 3457 3219 3511 tuo,
3260 3447 3313 3503 id
3349 3460 3433 3504 est
3459 3464 3761 3505 excrecentu.

2218 3535 2531 3591 seductione
2564 3537 2769 3607 ipsius:
2806 3547 3011 3593 etcum
3048 3539 3151 3592 boc
3192 3554 3299 3593 non
3352 3549 3614 3609 appareat
3642 3541 3765 3595 illis;

2218 3625 2319 3679 hoc
2343 3626 2445 3680 erit
2474 3637 2684 3682 certum
2714 3629 2765 3683 in
2800 3639 3093 3699 conspectu
3122 3640 3233 3685 tuo.
3271 3631 3367 3686 Vel
3386 3632 3701 3702 judicentur,
3725 3633 3764 3688 id

2216 3727 2299 3773 est
2341 3728 2682 3775 excmcentur
2713 3722 2768 3775 in
2818 3732 3096 3791 conspectu
3142 3732 3253 3789 tuo,
3301 3725 3356 3779 id
3395 3724 3571 3806 est.in
3615 3725 3768 3780 anima

2216 3824 2378 3877 quam
2411 3818 2464 3863 tu
2492 3810 2636 3865 solus
2662 3812 2952 3881 conspicis.
2980 3812 3146 3879 Quasi
3172 3815 3337 3869 dicat.
3364 3814 3623 3881 Quamvis
3641 3828 3765 3871 orem

2218 3915 2285 3953 ne
2314 3899 2653 3956 confortetur
2691 3917 2855 3972 super
2875 3903 3077 3974 justos,
3113 3905 3355 3959 concedo
3390 3914 3573 3961 tamen
3608 3924 3621 3960 :
3653 3905 3767 3974 quod

2216 3992 2520 4046 excmcandi
2560 3991 2628 4046 ab
2663 4008 2728 4048 eo
2766 4008 2864 4063 per
2896 3992 3100 4061 justum
3125 3993 3395 4064 judicium
3433 4005 3583 4049 tuum
3615 4012 3762 4049 exczc-

2216 4091 2429 4146 ceatur,
2462 4091 2516 4137 et
2543 4083 2765 4151 exponit
2795 4084 3031 4153 qualiter
3070 4084 3324 4139 concedit
3369 4094 3429 4138 ut
3469 4084 3766 4153 iudicentur.

2216 4173 2465 4229 Concedo
2506 4176 2648 4245 quod
2683 4176 3012 4245 judicentur,
3046 4176 3095 4230 id
3130 4186 3214 4231 est
3241 4178 3519 4241 constitue,
3563 4178 3767 4234 Domine,

2216 4266 2305 4334 qui
2336 4275 2527 4334 potens
2556 4282 2637 4329 es,
2662 4266 3011 4336 legislatorem
3034 4284 3190 4337 super
3214 4285 3327 4333 eos,
3355 4268 3406 4323 id
3433 4278 3516 4324 est
3546 4271 3668 4339 quia
3689 4265 3769 4334 legi

2217 4358 2463 4412 veritatis
2498 4368 2601 4413 tua:
2638 4359 2932 4413 noluerunt
2970 4359 3216 4424 obedire,
3248 4375 3349 4429 pro
3394 4361 3554 4415 malis
3595 4359 3770 4414 meritis

520 4445 783 4504 Dominus
816 4450 867 4504 in
900 4452 1004 4508 hoc
1035 4455 1237 4509 mundo
1269 4455 1398 4512 facit
1428 4459 1495 4515 de
1523 4461 1705 4533 impiis
1733 4464 2112 4535 θορυιιηηηη,
2145 4480 2187 4535 D
2209 4464 2403 4514 eorum
2441 4451 2695 4503 constitue
2723 4467 2879 4520 super
2903 4468 3010 4513 eos,
3046 4450 3098 4504 id
3128 4459 3213 4506 est
3243 4452 3503 4521 permitte
3533 4449 3769 4505 dominari

518 4541 741 4597 dicium.
777 4545 844 4600 Et
882 4548 1102 4616 exponit
1132 4551 1275 4619 quod
1301 4550 1566 4619 judicium
1602 4557 1699 4611 sic.
1734 4557 1790 4611 In
1824 4558 1927 4613 hoc
1957 4559 2107 4614 scili-

509 4642 603 4688 cet
629 4643 713 4689 est
751 4633 1245 4709 faciensjudicium
1293 4646 1436 4713 quod
1472 4657 1711 4714 peccator
1752 4659 1829 4703 est
1873 4667 2109 4721 compre-

512 4728 730 4791 hensus,
771 4727 823 4805 id
865 4737 949 4783 est
988 4730 1270 4800 deceptus,
1321 4743 1377 4789 et
1415 4748 1719 4794 exciecatus
1769 4741 1824 4793 in
1866 4743 2107 4811 operibus

513 4834 769 4872 manuum
816 4836 1055 4885 suarum,
1105 4822 1267 4880 idest
1311 4842 1409 4896 per
1439 4844 1636 4898 pravas
1668 4831 1912 4885 actiones
1956 4849 2109 4901 suas,

511 4910 645 4981 quia
677 4910 765 4965 hic
791 4911 1045 4968 omnibus
1074 4915 1251 4971 modis
1281 4918 1395 4988 agit
1423 4929 1478 4972 ut
1503 4916 1683 4996 justus
1714 4937 1743 4974 a
1775 4921 1859 4975 via
1894 4921 1985 4975 Dei
2019 4935 2110 4975 re-

517 5003 720 5057 trahat.
770 5002 1012 5059 Actiones
1049 5016 1229 5062 autem
1278 5009 1410 5065 dicit
1455 5027 1617 5082 opera
1656 5028 1938 5075 maaumn,
1983 5013 2110 5079 quia

516 5096 773 5151 manibus
797 5111 1110 5167 operamur.
1143 5099 1274 5154 Illud
1305 5117 1433 5157 vero
1475 5104 1619 5172 quod
1664 5104 1931 5173 sequitur.
1971 5103 2111 5158 Con-

513 5202 803 5257 vertuntur,
827 5201 958 5258 etc.,
986 5209 1091 5248 non
1120 5203 1205 5249 est
1236 5196 1577 5264 imprecatio,
1609 5194 1701 5249 sed
1726 5194 1892 5248 divini
1921 5194 2108 5261 iudicii

511 5284 798 5338 concessio
838 5284 904 5338 de
952 5284 1055 5340 hoc
1085 5286 1228 5354 quod
1263 5285 1498 5356 Spiritus
1528 5286 1770 5357 agilitate
1806 5285 1953 5339 videt
1988 5299 2111 5339 esse

512 5372 783 5442 futurum,
812 5383 879 5430 ut
912 5375 1156 5431 inveniat
1185 5376 1312 5432 illud
1337 5375 1543 5445 justum
1578 5393 1721 5441 esse,
1752 5384 1805 5434 et
1837 5378 1915 5433 sic
1940 5376 2112 5432 conti-

511 5474 756 5520 nuatur:
811 5465 942 5521 Dico
990 5468 1132 5536 quod
1176 5476 1365 5537 gentes
1419 5468 1473 5523 in
1526 5469 1747 5523 interitu
1796 5468 1885 5524 hic
1934 5467 2113 5523 inﬁxae

508 5566 659 5621 sunt,
690 5559 743 5613 in
772 5558 953 5614 futuro
984 5574 1116 5615 vero
1146 5570 1533 5617 convertentur
1560 5571 1881 5630 peccatores
1921 5564 1976 5615 in
2024 5562 2110 5615 in-

510 5648 744 5715 fernum.
785 5649 836 5702 id
872 5658 979 5713 est,
1019 5652 1087 5705 ab
1133 5652 1237 5707 boc
1257 5651 1462 5722 judicio
1489 5652 1871 5710 exerceationis
1896 5652 2113 5706 venient

529 5737 583 5792 in
609 5736 872 5807 judicium
915 5739 1139 5797 inferna:
1174 5742 1559 5813 damnationis,
1590 5752 1643 5801 ct
1672 5743 2110 5815 quandoquidem

2215 4557 2378 4611 super
2404 4558 2497 4597 eos
2532 4544 2930 4598 Antichristum
2961 4544 3049 4612 qui
3086 4544 3157 4598 sit
3183 4544 3263 4599 eis
3304 4544 3445 4598 lator
3484 4546 3615 4613 tegis
3650 4558 3751 4597 men

2212 4632 2353 4688 dacii
2384 4642 2438 4687 et
2471 4644 2704 4688 excaecet
2731 4650 2843 4689 eos.
2892 4634 2958 4688 Et
2992 4635 3208 4689 tandem
3252 4635 3305 4688 in
3338 4635 3426 4689 die
3446 4634 3655 4703 iudicii,
3674 4649 3754 4703 gen

2214 4733 2310 4790 tes,
2339 4724 2390 4779 id
2424 4733 2508 4779 est
2538 4725 2845 4780 obeditores
2874 4725 2989 4793 ejus
3016 4725 3296 4795 gentiliter
3320 4727 3597 4788 viventes,
3631 4726 3771 4779 sciant

2212 4817 2461 4886 quoniam
2494 4818 2728 4871 homines
2754 4827 2893 4879 sunt,
2931 4818 2981 4871 id
3009 4828 3091 4871 est
3124 4810 3484 4888 cognoscant,
3514 4834 3633 4872 cum
3654 4816 3774 4887 juste

2214 4910 2635 4975 damnabuntur,
2658 4912 2914 4982 quoniam
2942 4911 3259 4979 simpliciter
3278 4912 3532 4967 homines
3555 4921 3673 4965 sunt
3692 4924 3775 4962 non

2214 5004 2444 5059 deiﬁcati
2508 5020 2606 5074 per
2657 5005 3095 5069 Auticbristum,
3156 5005 3295 5058 sicut
3348 5005 3449 5073 ipsi
3523 5004 3772 5074 putabant.

2283 5095 2416 5151 Cum
2443 5107 2623 5151 autem
2671 5096 2821 5151 addit
2866 5115 2879 5150 :
2936 5094 3005 5149 Ut
3047 5096 3174 5166 quid
3218 5094 3467 5159 Domine,
3506 5106 3634 5160 etc.,
3672 5091 3775 5145 facit

2215 5186 2574 5255 qumstionem
2608 5202 2768 5255 quam
2806 5186 3214 5255 aliquis'iacere
3238 5193 3446 5255 posset,
3485 5193 3562 5251 et,
3602 5193 3656 5237 ut
3684 5182 3774 5251 ipse

2214 5276 2417 5339 solvat;
2469 5262 2651 5333 et'sic
2698 5278 3072 5332 continuatur.
3115 5275 3275 5332 Oravi
3323 5290 3396 5330 ne
3444 5274 3772 5335 confortetur,

2214 5384 2338 5425 cum
2369 5370 2538 5424 sciam
2578 5370 2723 5438 quod
2754 5368 2985 5422 multant
3026 5382 3121 5422 eos
3152 5374 3539 5436 persequetur.
3580 5365 3644 5419 Et
3674 5376 3773 5416 cum

2214 5460 2528 5532 permiseris
2555 5460 2830 5529 persequi,
2854 5474 2888 5514 ο
2912 5457 3157 5520 Domine,
3187 5466 3243 5509 ut
3266 5457 3395 5526 quid
3429 5452 3713 5509 recessisti?
3736 5450 3776 5503 id

2216 5563 2301 5611 est
2330 5553 2601 5610 videberis
2628 5555 2884 5609 recedere
2915 5553 3073 5623 longe
3102 5567 3133 5605 a
3166 5551 3308 5604 tuis?
3338 5551 3448 5620 27
3489 5550 3558 5604 Et
3584 5544 3777 5617 expauit

2216 5646 2512 5720 quomodo.
2544 5645 2601 5700 ld
2628 5654 2713 5701 est
2738 5655 2793 5699 ut
2830 5645 2957 5715 quid
2995 5643 3217 5713 despicis
3255 5656 3273 5694 :
3314 5643 3369 5695 id
3408 5650 3497 5696 est
3540 5636 3778 5695 videberis

2218 5738 2499 5811 despicere
2530 5746 2649 5794 tuos
2679 5736 2950 5793 inauditos
2987 5753 3000 5789 :
3052 5735 3105 5790 in
3138 5732 3496 5790 tribulatione
3523 5726 3774 5788 inferenda
