3864 6320
82 383 158 442 €73

80 502 131 556 ab
166 482 492 550 Antichristo.
545 483 610 538 In
652 482 1146 554 opportunitatibus,
1198 482 1250 535 id
1297 489 1381 536 est
1412 496 1465 535 tn
1497 497 1603 551 qua
1634 487 1680 542 Α

81 583 372 643 tribulatione
397 584 760 647 opportunum
787 572 890 627 erit
912 580 967 624 ut
989 570 1069 625 eis
1094 570 1406 626 auxilieris‘!
1437 570 1601 626 Facta

77 676 344 751 quastione,
376 669 619 739 sequitur
645 666 843 721 solutio
883 666 962 720 sic
991 679 1005 717 :
1039 664 1163 718 ldeo
1199 664 1407 719 scilicet
1449 664 1601 720 vide-

78 768 190 825 beris
229 760 512 829 despicere,
553 764 614 810 ut
648 755 932 826 permittas
976 754 1028 808 in
1068 768 1164 808 eos
1204 754 1601 809 Antichristum

76 854 312 928 superbire
356 868 369 904 :
426 849 554 920 quia
608 847 734 900 dum
786 845 1035 917 superbit,
1088 846 1141 899 id
1190 858 1273 900 est
1326 846 1603 915 superbiet

78 952 252 1022 impius,
282 946 332 999 id
352 952 433 999 est
456 940 825 997 Antichristns
856 957 868 993 :
901 939 1335 993 antonomastice
1361 940 1597 1008 impius:

76 1039 327 1099 incenditur
368 1050 586 1105 pauper,
614 1032 668 1087 id
690 1041 772 1087 est
801 1029 1125 1101 purgabitur
1153 1045 1181 1082 a
1214 1029 1450 1085 residuis
1482 1044 1603 1083 sor—

75 1126 196 1192 dibus
223 1145 308 1202 per
334 1126 580 1183 incendia
613 1123 1018 1179 tribulationum
1059 1139 1072 1174 :
1121 1121 1263 1175 sicut
1292 1136 1483 1174 aurum
1518 1121 1603 1175 in.

74 1223 303 1283 cendenda
336 1227 595 1291 purgatur
632 1234 645 1271 :
683 1231 888 1287 pauper
931 1225 1154 1286 propter
1192 1214 1383 1280 Deum,
1428 1215 1481 1269 id
1519 1223 1602 1271 est

76 1316 226 1371 ﬁdelis.
255 1311 400 1379 Quod
431 1318 513 1364 est
544 1307 723 1362 dicere
753 1322 767 1358 :
802 1305 926 1360 Ideo
966 1306 1253 1376 permittes
1292 1305 1597 1373 superbire,

75 1421 117 1463 ut
141 1408 201 1461 tui
228 1420 314 1475 per
352 1402 467 1472 cjus
493 1399 900 1455 tribulationem
934 1398 1236 1468 probentur
1275 1411 1290 1450 :
1332 1405 1389 1450 et
1424 1398 1601 1450 adlmc

74 1503 151 1555 alia
176 1500 231 1552 de
256 1511 432 1559 causa,
467 1495 569 1548 hac
597 1491 808 1548 scilicet
836 1510 848 1545 :
885 1492 1010 1543 dum
1043 1490 1276 1559 superbit
1313 1503 1332 1541 :
1372 1488 1600 1558 compli-

74 1608 142 1648 tes
163 1589 261 1659 ejus
293 1587 378 1657 qui
412 1602 539 1640 cum
578 1600 645 1640 eo
675 1583 1018 1655 superbiuttt,
1065 1582 1598 1651 comprehenduntur,

74 1685 112 1739 id
138 1693 206 1737 est
239 1676 780 1748 comprehenduntur,
814 1675 865 1729 id
896 1683 979 1729 est
1011 1672 1352 1743 decipientur
1390 1690 1404 1727 :
1460 1675 1600 1728 sicut

74 1791 172 1830 aves
195 1787 300 1843 qua:
329 1775 379 1825 in
416 1770 615 1840 laqueo
661 1767 1201 1838 comprehenduntur
1230 1784 1244 1820 :
1278 1766 1333 1820 in
1367 1767 1597 1821 consiliis

70 1866 215 1936 quibus
238 1863 477 1933 cogitant,
512 1871 633 1916 tuos
660 1859 1155 1930 comprehendere;
1202 1858 1354 1926 quasi
1392 1857 1533 1912 dicat
1581 1876 1595 1913 :
1631 1848 1674 1903 Β

76 1955 161 2010 Non
196 1954 350 2009 solum
398 1952 489 2007 ille
526 1952 896 2015 damnabitur,
941 1950 1035 2005 sed
1078 1958 1133 2003 et
1172 1950 1289 2019 ejus
1329 1947 1594 2017 fautores,

71 2050 167 2121 quia
190 2045 308 2100 alios
330 2042 646 2099 interﬁcere
673 2051 730 2097 et
756 2042 811 2096 in
841 2041 1022 2095 anima
1050 2048 1106 2095 et
1137 2041 1188 2093 in
1225 2054 1456 2109 corpore
1481 2056 1597 2096 me-

70 2142 347 2203 ditabuntur,
384 2151 485 2207 pro
517 2137 717 2193 talibus
745 2135 984 2192 consiliis
1008 2132 1406 2202 interﬁcientur,
1434 2134 1487 2189 id
1513 2142 1599 2189 est

68 2236 202 2305 imagis
224 2231 657 2287 excatcabuntur.
699 2230 765 2285 Et
793 2229 941 2285 addit
978 2244 1197 2283 causam
1228 2242 1333 2297 qua
1366 2229 1479 2298 ipse
1506 2244 1599 2285 su—

70 2318 271 2398 piarbiet:
303 2325 415 2380 Sic.
447 2325 582 2379 Dico
613 2325 756 2394 quod
794 2324 990 2393 impius
1040 2323 1316 2393 superbiat
1355 2337 1369 2377 :
1408 2332 1458 2379 ει
1493 2325 1598 2379 hoc

66 2419 160 2473 ideo
188 2419 293 2486 quia
336 2419 448 2485 ipse
488 2426 733 2486 peccator
766 2414 1198 2469 antonomastice
1229 2412 1498 2478 laudatur,
1544 2414 1598 2469 id

66 2518 130 2563 est
145 2507 420 2561 laudabitur
446 2522 476 2559 a
501 2504 859 2574 complicibus
890 2504 1002 2559 suis
1031 2505 1084 2558 in
1107 2503 1381 2557 desideriis
1406 2505 1598 2558 animte

70 2618 150 2655 tute
171 2599 448 2669 completis,
480 2598 537 2653 id
562 2608 645 2653 est
678 2597 796 2652 ideo
823 2594 1117 2667 superbiet,
1150 2596 1277 2667 quia
1300 2595 1599 2653 laudabunt

68 2707 158 2745 eum
191 2690 249 2744 de
283 2688 646 2758 completioue
683 2687 1076 2742 desideriorum
1126 2684 1245 2755 ejus
1284 2688 1338 2741 in
1377 2683 1600 2741 tribula-

70 2783 179 2835 tione
207 2779 428 2833 ﬁdelium
467 2795 488 2834 :
528 2780 671 2833 sicut
698 2776 824 2831 alibi
861 2777 1102 2832 dicitur:
1140 2795 1160 2827 τ
1204 2776 1425 2848 Lingua
1465 2776 1599 2831 adu-

71 2872 240 2924 lantiutn
276 2871 499 2941 alligant
525 2869 738 2924 animas
766 2868 819 2922 in
847 2867 1101 2939 peccatis.
1132 2887 1153 2920 ι
1188 2869 1255 2922 Ει
1285 2884 1391 2924 ιιοιι
1424 2868 1595 2922 solum

70 2962 317 3018 laudabitur
347 2979 362 3017 :
404 2962 503 3018 sed
536 2962 652 3031 ipse
686 2961 894 3030 iniquus
921 2960 1355 3016 antonomastice
1390 2960 1598 3014 benedi-

66 3052 183 3110 citur,
220 3049 264 3103 id
288 3058 370 3104 est
402 3049 787 3111 benedicetur,
814 3045 867 3100 id
894 3056 976 3100 est
999 3046 1314 3100 adorabitur
1340 3046 1407 3099 ab
1438 3045 1538 3100 eis.

120 3143 168 3198 Et
204 3144 315 3214 quia
355 3142 638 3214 superbiet
680 3151 936 3213 peccator
978 3140 1457 3211 (antonomasticc)
1506 3156 1595 3193 ex-

66 3238 292 3306 acerbavit,
320 3239 369 3293 id
400 3245 486 3293 est
514 3234 871 3291 exacerbabit
914 3233 1196 3289 Dominum
1229 3244 1495 3305 peccator,
1543 3235 1594 3288 id

66 3329 244 3397 estquia
271 3328 497 3383 dicendo
536 3342 597 3381 se
628 3328 798 3381 Deum
834 3326 1235 3397 blasphemabit
1280 3326 1474 3391 Deum,
1516 3326 1596 3379 sic

64 3432 113 3470 es
145 3418 263 3474 dulei
311 3419 500 3473 reddet
528 3417 633 3472 sibi
663 3416 941 3472 acerbum.
969 3418 1034 3472 Et
1060 3418 1182 3472 ideo
1204 3417 1463 3472 Dominus
1492 3433 1595 3471 non

65 3520 211 3577 queret
250 3526 381 3577 eum,
424 3510 479 3565 id
529 3517 615 3565 est
655 3525 760 3565 non
808 3508 971 3564 faciet
1010 3510 1254 3565 converti
1297 3511 1593 3565 secundum

66 3602 399 3657 multitudinem
444 3604 543 3658 ira
579 3618 711 3666 sua},
746 3602 800 3657 id
844 3611 929 3657 est
966 3602 1221 3656 vindicta;
1258 3616 1391 3657 suae.
1427 3602 1590 3669 Quasi

65 3690 172 3746 dicat
194 3712 205 3746 :
231 3694 358 3760 Quia
390 3695 625 3748 multmn
656 3694 791 3748 iram
820 3693 938 3763 ejus
965 3693 1289 3763 promeruit,
1323 3710 1427 3748 non
1449 3710 1594 3764 qut:-

64 3794 116 3835 ret
149 3800 253 3839 eum
294 3786 454 3840 Deus.
502 3784 657 3851 Quod
695 3784 829 3839 dicit
867 3794 1060 3853 qureret
1096 3796 1116 3835 :
1163 3801 1192 3837 ει
1236 3783 1594 3838 similitudine
1638 3852 1641 3855 _

61 3873 157 3927 dicit
192 3878 435 3945 pastoris,
479 3878 574 3946 qui
614 3884 890 3931 errantem
931 3890 1089 3929 ovem
1128 3875 1299 3930 donec
1342 3875 1408 3929 ad
1452 3875 1594 3931 ovile

62 3965 254 4033 reducat,
286 3969 504 4038 quaerit.
548 3967 617 4021 Et
659 3968 778 4021 ideo
820 3967 999 4020 adhuc
1050 3981 1154 4019 non
1197 3974 1425 4035 quaeret,
1465 3965 1589 4034 quia

60 4069 214 4112 nonest
252 4059 386 4114 Deus
427 4060 483 4114 in
515 4070 794 4129 conspectu
830 4057 965 4127 ejus,
998 4056 1047 4110 id
1076 4066 1161 4111 est
1200 4057 1253 4110 iu
1282 4057 1592 4112 considera-

60 4154 169 4206 tione
192 4156 374 4210 ntentis
403 4155 548 4226 ejus,
582 4156 634 4210 id
661 4164 876 4209 estnon
914 4154 1227 4209 considerat
1261 4170 1384 4208 eum
1423 4155 1589 4208 mise-

59 4245 272 4300 ricordem
295 4258 351 4302 ut
383 4248 671 4319 pceniteat.
695 4247 762 4300 Et
793 4246 915 4300 ideo
944 4246 1123 4299 adhuc
1150 4246 1273 4315 quia
1305 4246 1400 4299 vita
1425 4244 1590 4309 illius,

59 4333 96 4387 id
116 4346 184 4391 est
203 4341 542 4409 operationes
574 4338 691 4406 ejus
727 4338 794 4391 ad
836 4345 1069 4391 mortem
1113 4338 1402 4408 inquinata:
1446 4346 1590 4399 sunt,

60 4426 95 4479 id
112 4440 178 4482 est
202 4446 228 4484 a
248 4432 394 4487 vitiis
425 4432 719 4487 sordidata:
754 4440 943 4495 erunt;
976 4438 1031 4486 et
1067 4430 1171 4484 hoc
1196 4428 1253 4482 in
1287 4427 1430 4481 omni
1459 4437 1591 4481 tem-

57 4536 148 4586 pore
162 4525 268 4577 uitta
295 4523 436 4593 ejus.
470 4524 540 4578 Et
572 4523 695 4579 ideo
714 4524 893 4579 adhuc
923 4539 1030 4578 non
1053 4536 1271 4591 quaeres
1297 4535 1442 4585 eum,
1478 4517 1588 4573 Do-
1617 4546 1669 4605 ι)

58 4611 183 4678 mine,
209 4616 326 4684 quia
353 4615 696 4684 auferuntur,
725 4614 779 4669 id
804 4623 891 4669 est
914 4612 1232 4669 auferentur
1248 4610 1460 4682 judicia
1498 4620 1591 4663 tua

56 4719 78 4752 α
113 4704 225 4772 {acie
259 4706 396 4777 ejus,
438 4707 492 4763 id
519 4716 604 4762 est
625 4722 655 4761 a
687 4707 1000 4777 cognitione
1034 4705 1173 4777 ejus.
1205 4704 1357 4760 Adeo
1385 4702 1594 4758 scilicet

57 4796 297 4850 etczecabit
320 4811 447 4852 eum
485 4797 699 4852 vanitas
733 4812 852 4862 sua,
894 4798 1039 4867 quod
1071 4810 1179 4850 non
1216 4802 1508 4865 cognoscet
1542 4802 1593 4848 te

56 4879 93 4933 iu
124 4882 282 4940 futuro
315 4887 469 4957 justo
512 4884 717 4954 judicio
750 4887 943 4943 .malos
986 4893 1481 4942 remuneraturum.
1525 4883 1593 4938 Et

56 4970 144 5025 ideo
168 4975 282 5043 quia
311 4975 640 5032 auferuntur
653 4976 861 5047 judicia
890 4985 982 5031 tua
1006 4991 1035 5030 a
1064 4975 1205 5031 facie
1228 4974 1371 5043 ejus,
1397 4982 1454 5029 et
1482 4987 1589 5027 non

54 5065 218 5128 putabit
238 5082 292 5121 se
311 5068 708 5136 damnandum,
735 5069 969 5124 omnium
993 5068 1329 5121 inimicorum
1350 5082 1589 5132 suorum,

56 5151 91 5203 id
107 5165 174 5208 est
191 5157 394 5213 illorum
423 5159 516 5229 qui
538 5158 828 5214 noluerunt
847 5159 897 5214 ei
926 5157 1171 5222 obedire,
1191 5155 1547 5209 dominabitur
1569 5168 1589 5209 .°

56 5256 132 5297 non
159 5246 203 5300 in
239 5248 442 5314 anima,
475 5251 572 5305 sed
602 5251 654 5305 in
682 5265 909 5320 corpore
938 5246 1346 5303 tormentando.
1376 5245 1441 5299 Et
1462 5260 1591 5300 Vere

55 5333 404 5407 dominabitur;
440 5341 589 5396 Dixit
622 5343 756 5395 enim
787 5342 840 5395 in
868 5340 1022 5395 corde
1044 5356 1162 5404 suo,
1196 5339 1249 5393 id
1280 5347 1362 5392 εει
1385 5338 1591 5406 cogita-

54 5420 112 5476 bit
140 5427 229 5483 hoc
260 5431 312 5484 in
354 5432 525 5486 corde
568 5447 668 5487 suo
699 5449 711 5485 :
749 5431 973 5501 Oportet
1011 5446 1095 5485 me
1133 5428 1420 5484 dominari.
1455 5426 1589 5482 Nam

52 5516 135 5569 sine
158 5524 305 5585 malo,
355 5524 409 5576 id
458 5531 545 5578 εει
592 5522 706 5578 sine
739 5521 1083 5577 tribulatione
1114 5520 1384 5588 jnstorum
1422 5535 1436 5573 :
1485 5537 1588 5574 non

52 5611 247 5665 movebar
273 5632 305 5668 a
343 5617 681 5685 generatione
726 5616 849 5681 hac,
893 5630 1014 5686 qua:
1054 5630 1139 5670 me
1163 5612 1277 5685 jam
1309 5612 1440 5667 colit
1480 5628 1495 5667 :
1534 5615 1587 5668 in

53 5705 386 5762 generationem
431 5704 576 5759 illam
609 5720 726 5774 qua:
764 5721 851 5761 me
889 5707 1064 5761 adhuc
1100 5721 1206 5760 non
1242 5704 1391 5760 colit.
1434 5702 1589 5770 Quod

52 5792 292 5853 estdicere
334 5814 355 5853 :
401 5795 521 5854 Nisi
563 5797 695 5854 mihi
730 5797 1432 5881 resistentestribulavero,
1476 5811 1587 5853 non

977 366 1337 425 EXPOSITIO
1366 366 1433 422 IN
1473 367 1812 426 PSALMOS.
1844 399 1914 410 —
1950 366 2145 424 PSAL.
2183 368 2271 424 IX.

3182 379 3290 437 37b

1707 483 2016 538 extenditur
2041 483 2341 537 dominium
2369 498 2548 539 meum
2575 498 2604 539 a
2629 491 3080 558 cognoscentibus
3102 494 3154 551 in
3179 512 3288 555 non

1704 585 2110 646 cognoscentes.
2144 576 2238 631 Vel
2263 575 2444 643 aliter,
2476 578 2614 633 dixit
2636 580 2689 634 in
2715 583 2880 637 corde
2901 598 3000 639 suo
3032 605 3046 640 :
3077 587 3289 648 Secure

1703 683 1924 738 possum
1957 668 2246 725 dominari.
2279 668 2413 724 Nam
2445 686 2549 726 non
2574 673 2815 727 movebar
2850 691 3077 746 unquam
3119 698 3152 735 a
3196 685 3292 737 do-

1703 760 1866 814 minio
1887 776 2021 822 meo,
2052 759 2105 814 id
2128 770 2339 816 estnon
2370 761 2716 831 inquietabor
2744 765 2814 820 ab
2840 766 3043 837 aliquo,
3069 773 3163 826 sed
3192 789 3291 831 ero

1702 848 1822 904 sine
1851 849 2015 914 malo,
2046 864 2076 902 a
2103 852 2454 920 generatione
2474 852 2575 909 hac
2600 870 2770 925 usque
2795 856 2849 910 in
2879 862 3290 927 generationem

1703 941 1942 995 futuram
1965 942 2255 1009 tendendo,
2283 942 2335 997 id
2358 953 2441 998 est
2470 960 2684 1015 semper
2711 964 2723 1000 :
2760 948 2862 1003 hoc
2888 949 3099 1006 dicetiu
3125 957 3294 1009 corde

1703 1042 1801 1083 suo
1846 1026 1959 1093 ille,
2008 1043 2066 1082 os
2115 1029 2268 1099 cujus
2316 1028 2685 1086 maledictione
2714 1032 2925 1102 plenum
2972 1045 3069 1103 est,
3123 1038 3178 1093 id
3209 1050 3297 1096 est

1702 1117 1827 1184 erit,
1859 1120 2238 1187 amaritudine,
2272 1120 2323 1176 id
2353 1129 2438 1177 est
2471 1122 2814 1193 blasphemia
2845 1125 2901 1180 in
2930 1125 3124 1195 Deum,
3158 1145 3285 1186 cum

1703 1223 1763 1263 se
1796 1208 1970 1263 solum
2016 1209 2164 1264 dicat
2214 1209 2406 1266 Deum.
2451 1210 2520 1266 Et
2570 1212 2693 1268 dolo
2730 1215 2784 1270 in
2823 1226 3066 1285 sanctos,
3110 1220 3164 1275 id
3208 1231 3296 1278 est

1700 1299 1984 1355 blanditiis
2022 1301 2220 1371 quibus
2246 1318 2343 1358 eos
2363 1304 2635 1360 devocare
2669 1308 2873 1375 cupiet.
2902 1308 2971 1363 Et
2991 1310 3087 1364 sub
3107 1311 3293 1383 lingua

1699 1390 1836 1460 ejus,
1885 1393 1936 1447 id
1972 1405 2055 1449 est
2092 1394 2146 1448 in
2177 1396 2340 1451 corde
2375 1404 2460 1451 est
2494 1396 2646 1452 labor
2672 1408 2721 1453 et
2759 1400 2932 1467 dolor,
2979 1401 3033 1455 id
3071 1412 3156 1459 est
3185 1406 3295 1460 erit

1699 1484 1958 1555 cogitatio
1978 1487 2250 1555 quomodo
2273 1486 2437 1542 faciat
2465 1503 2560 1545 eos
2584 1489 2832 1545 laborare
2857 1499 2915 1547 et
2943 1492 3148 1548 dolere.
3176 1494 3291 1550 Sub

1700 1571 1881 1642 lingua
1916 1573 2118 1628 dicitur
2155 1575 2413 1644 cogitatio
2458 1578 2662 1642 cordis,
2702 1594 2801 1649 per
2842 1580 3291 1651 similitudinem;
3366 1614 3369 1615 ν

1698 1666 1843 1721 sicut
1870 1681 1936 1721 ea
1970 1682 2092 1736 quae
2134 1667 2189 1723 in
2233 1683 2360 1722 arca
2399 1679 2550 1735 sunt,
2590 1671 2847 1725 dicuntur
2883 1674 2991 1745 28
3028 1689 3149 1731 εεεε
3192 1675 3296 1731 sub

1698 1756 1858 1814 clavi.
1887 1758 2093 1830 Lingua
2120 1759 2269 1816 enim
2305 1760 2475 1819 clavis
2506 1772 2591 1817 est
2621 1774 2960 1821 secretorum
2987 1770 3190 1829 cordis.
3214 1770 3284 1826 Et

1700 1850 1803 1905 boc
1845 1857 2016 1903 totum
2060 1861 2141 1905 est
2180 1867 2253 1905 ac.
2280 1852 2323 1907 si
2356 1852 2563 1908 diceret
2600 1871 2614 1908 :
2653 1854 2877 1911 Multum
2914 1868 3120 1915 temere
3147 1860 3296 1919 dicet

1700 1942 1756 1998 in
1785 1951 1948 1998 corde
1981 1959 2082 1999 suo
2109 1960 2123 1996 :
2155 1943 2273 2000 Non
2312 1946 2573 2000 movebor
2602 1964 2615 2000 :
2656 1962 2780 2002 cum
2808 1964 2871 2004 os
2903 1947 3021 2017 ejus
3050 1952 3120 2006 sit
3145 1951 3293 2008 futu-

1699 2047 1819 2087 rum
1849 2033 2068 2103 plenum
2107 2035 2475 2091 amaritudine
2510 2046 2567 2092 et
2593 2039 2735 2104 dolo,
2766 2049 2821 2096 ct
2851 2041 2970 2096 ideo
2999 2043 3192 2113 dignus
3221 2046 3293 2099 sit

1698 2125 1914 2184 futurus
1938 2143 2122 2199 pmna.
2155 2129 2288 2186 Dico
2322 2130 2449 2198 quia
2486 2147 2548 2186 os
2587 2131 2703 2199 ejus
2730 2134 2945 2202 plenum
2986 2139 3092 2189 erit
3119 2137 3242 2191 dolo
3274 2156 3286 2189 :

1700 2227 1756 2274 et
1785 2220 1888 2275 hoc
1918 2236 2025 2275 non
2057 2220 2292 2277 borarie.
2335 2220 2521 2291 Neque
2559 2223 2736 2279 solum
2767 2225 2873 2280 erit
2913 2227 3109 2296 plenus
3139 2228 3287 2293 dolo,

1700 2311 1794 2367 sed
1837 2312 1952 2383 ipse
1994 2313 2158 2379 sedet,
2198 2314 2250 2368 id
2297 2324 2382 2369 est
2430 2317 2664 2380 sedebit,
2717 2334 2824 2373 non
2867 2321 3056 2389 stabit,
3106 2322 3162 2378 id
3206 2333 3293 2381 est

1699 2406 1928 2461 multum
1961 2406 2264 2462 morabitur
2291 2409 2346 2462 in
2379 2408 2586 2463 insidiis
2616 2409 3027 2481 blanditiarum,
3055 2431 3174 2470 cum
3207 2416 3293 2472 die
3346 2408 3347 2411 “

1699 2497 1888 2551 uitibus
1931 2497 1986 2552 in
2036 2497 2279 2564 occultis,
2312 2498 2366 2554 id
2408 2508 2493 2554 est
2536 2514 2659 2554 cum
2697 2500 3000 2559 fautoribus
3028 2505 3162 2571 suis,
3195 2507 3291 2576 qui

1699 2588 1843 2642 sicut
1896 2588 2010 2658 ipse
2062 2599 2222 2644 erunt
2272 2590 2469 2646 divites
2525 2609 2538 2645 :
2586 2593 2816 2649 multum
2857 2595 3199 2653 abundantes
3230 2599 3288 2654 in

1703 2679 1848 2734 vitiis
1873 2696 1992 2749 quae
2016 2691 2140 2736 sunt
2169 2682 2424 2738 omnibus
2441 2683 2675 2739 occulta.
2709 2685 2775 2738 Et
2801 2685 2870 2741 ad
2900 2687 3003 2741 hoc
3029 2689 3202 2753 sedet,
3234 2690 3289 2744 id

1698 2781 1786 2827 est
1829 2772 2060 2837 sedebit,
2114 2784 2170 2828 ut
2219 2775 2505 2843 interﬁciat
2544 2779 2893 2832 innocentem.
2944 2778 3022 2833 Ita
3059 2781 3282 2846 scilicet,

1699 2862 1839 2916 oculi
1865 2862 1979 2932 ejus
2009 2864 2311 2930 respiciunt,
2345 2866 2396 2919 id
2424 2874 2506 2920 est
2520 2868 2845 2937 (aspicient.
2879 2868 2947 2922 In
2979 2887 3289 2942 pauperem,

1700 2954 1751 3007 id
1791 2965 1874 3009 est
1916 2954 2081 3026 ﬁnget
2121 2972 2179 3010 se
2223 2957 2469 3013 misereri
2506 2958 2605 3027 ipsi
2650 2959 2956 3029 pollicendo
2998 2964 3185 3027 multa,
3231 2975 3287 3019 ut

1698 3059 1822 3099 eum
1852 3046 2094 3100 seducat.
2129 3045 2283 3113 Quod
2314 3062 2443 3101 vero
2474 3047 2627 3112 dicit,
2665 3048 2819 3104 Oculi
2847 3050 2962 3119 eius
2993 3054 3048 3107 in
3082 3070 3287 3123 paupe-

1700 3152 1806 3190 rem
1852 3137 2158 3207 respiciunt,
2204 3152 2304 3207 per
2348 3138 2757 3195 similitudinem
2804 3140 2956 3195 dicit.
3000 3142 3098 3197 Cui
3140 3144 3287 3198 enim

1698 3228 1896 3298 aliquis
1948 3229 2260 3295 miseretur,
2315 3245 2439 3285 eum
2490 3232 2665 3287 oculis
2714 3231 2949 3302 benigne
3002 3236 3222 3306 respicit
3269 3253 3288 3290 :

1700 3317 1829 3374 Dico
1857 3321 1984 3388 quia
2017 3320 2156 3374 oculi
2184 3320 2304 3389 ejus
2334 3322 2652 3392 respicient.
2683 3324 2752 3378 Et
2785 3326 2868 3381 sic
2897 3325 3203 3393 insidiatur,
3234 3329 3288 3383 id

1696 3420 1778 3467 est
1823 3412 2185 3477 insidiabitur,
2233 3415 2287 3468 in
2326 3416 2660 3482 abscondito,
2692 3417 2746 3472 io
2775 3427 2861 3474 est
2902 3420 3289 3477 abscondendo

1696 3502 1979 3571 perﬁdiam
2040 3520 2235 3568 suam,
2297 3515 2353 3561 et
2410 3506 2666 3578 ﬁngendo
2718 3524 2777 3565 se
2836 3511 3272 3568 misericordem.

1698 3594 1866 3659 Quasi
1898 3595 1977 3649 leo
2013 3598 2069 3649 in
2095 3596 2343 3666 spelunca
2384 3616 2484 3653 sua
2518 3599 2695 3656 latens
2735 3600 3085 3658 insidiabitur
3112 3604 3233 3660 dico
3266 3623 3282 3660 :
3370 3612 3377 3621 ‘

1695 3688 1763 3741 ad
1792 3687 1893 3742 hoc
1921 3699 1975 3741 ut
2006 3691 2178 3759 rapiat
2199 3708 2481 3761 pauperem
2512 3694 2579 3747 ad
2598 3695 3050 3758 _conl‘ormitalem
3081 3698 3185 3753 sui.
3222 3699 3287 3754 Et

1693 3779 1820 3848 quia
1860 3794 2053 3848 rapere
2089 3798 2196 3836 non
2236 3782 2373 3837 solet
2411 3783 2540 3848 dici,
2585 3786 2688 3841 nisi
2736 3789 2955 3859 quando
2990 3790 3194 3861 aliquid
3235 3789 3286 3846 νί

1693 3872 1909 3942 capitur
1944 3882 1999 3928 et
2036 3872 2265 3937 insidiis,
2305 3874 2454 3928 addit
2488 3892 2500 3927 :
2560 3875 2761 3946 Rapere
2808 3895 3089 3950 pauperem
3133 3881 3279 3945 dico.

1693 3965 1821 4019 dum
1846 3964 2062 4019 attrahit
2086 3982 2204 4020 eum
2231 3966 2525 4023 blanditiis.
2552 3970 2703 4035 Quod
2730 3981 2815 4026 est
2836 3972 3016 4028 dicere
3047 3974 3279 4030 :Merito

1694 4057 1815 4112 dico
1839 4070 2049 4126 rapere,
2081 4071 2203 4109 cum
2228 4057 2295 4110 ad
2326 4057 2430 4111 hoc
2455 4058 2595 4113 idem
2626 4060 2875 4116 intendat
2904 4062 3189 4121 blanditias
3216 4068 3283 4120 ad

1692 4150 1836 4219 quod
1868 4149 2178 4204 intenderet
2217 4165 2314 4219 per
2339 4152 2449 4206 vim
2492 4153 2558 4206 ad
2600 4168 2723 4208 eum
2770 4166 3016 4211 sanctum
3047 4159 3147 4214 sibi
3196 4160 3281 4214 in-
3342 4156 3345 4161 ’

1692 4242 2112 4311 corporandum.
2163 4241 2232 4295 Et
2278 4242 2322 4296 si
2373 4242 2646 4300 blanditiis
2692 4247 2911 4301 trahere
2957 4249 3280 4318 nequiverit,

1700 4332 2018 4399 Iturniliabit,
2063 4333 2114 4387 id
2148 4343 2234 4387 est
2263 4334 2479 4403 dejicict
2510 4345 2564 4389 et
2600 4336 2802 4406 allliget
2830 4353 2954 4393 eum
3000 4340 3053 4393 in
3096 4342 3285 4412 laqueo

1691 4444 1808 4492 suo,
1839 4428 1893 4484 id
1921 4436 2008 4484 est
2045 4427 2100 4481 in
2128 4428 2479 4483 tribulatione
2505 4445 2628 4499 qua:
2659 4431 2760 4499 ipsi
2790 4433 2897 4487 erit
2925 4432 3173 4503 laqueus,
3225 4435 3282 4490 id

1693 4527 1778 4574 est
1825 4518 2138 4588 illaqueatio
2186 4519 2591 4573 excarcatiouis.
2652 4520 2779 4576 Ideo
2824 4522 2970 4577 enim
3030 4526 3203 4595 magis
3252 4541 3284 4579 a

1692 4608 1925 4664 Domino
1950 4609 2213 4664 excmeari
2246 4609 2615 4678 permittatur.
2660 4611 2810 4678 Dico,
2841 4613 3172 4671 bumiliabit.

1762 4695 1830 4753 Et
1853 4714 1972 4753 cum
1993 4698 2298 4752 dominatus
2314 4698 2473 4767 fuerit
2501 4715 2782 4769 pauperem
2802 4700 3107 4774 allligendo,
3124 4706 3283 4760 incli-

1693 4792 1838 4848 nabit
1864 4808 1941 4857 se,
1969 4792 2022 4847 id
2050 4801 2138 4849 est
2159 4791 2377 4860 dejiciet
2404 4792 2459 4847 in
2490 4804 2720 4849 mortem
2748 4804 3029 4850 aeternam.
3058 4797 3125 4851 Et
3154 4801 3283 4868 quia

1692 4886 1920 4942 obscure
1940 4885 2152 4942 dixerat
2175 4884 2482 4951 Inclinabit,
2507 4886 2730 4956 exponit
2754 4888 2855 4943 sic.
2884 4887 3174 4946 lnclinabit
3197 4908 3278 4947 se.

1692 4978 1759 5033 Et
1795 4984 1937 5047 post,
1983 4977 2124 5032 idem
2164 4976 2313 5030 cadet
2345 4991 2444 5047 per
2470 4977 2573 5033 hoc
2617 4978 2671 5033 in
2712 4989 2964 5035 mortem.
2994 4982 3060 5036 Et
3095 4985 3282 5039 subdit

1691 5069 1829 5125 duas
1852 5083 2048 5124 causas
2076 5083 2248 5138 quare
2274 5068 2645 5123 dominabitur
2674 5071 2774 5125 sic.
2813 5070 2944 5126 Vere
2971 5074 3279 5129 dominatus

1692 5159 1871 5229 fuerit.
1914 5158 2061 5213 Dixit
2096 5158 2264 5222 enim,
2314 5158 2366 5212 id
2404 5167 2489 5213 est
2528 5161 2788 5230 cogitabit
2823 5162 2875 5215 in
2920 5164 3085 5217 corde
3129 5177 3278 5219 suo:

1692 5249 1896 5305 Secure
1923 5250 2075 5305 valeo
2096 5248 2385 5303 dominari.
2411 5247 2546 5303 Nam
2575 5249 2713 5304 Deus
2734 5250 2923 5304 oblitus
2944 5261 3019 5306 est
3043 5266 3231 5307 eorum
3261 5272 3274 5305 :

1692 5357 1965 5412 nunquam
1992 5342 2071 5395 eis
2091 5340 2462 5395 auxiliabitur.
2492 5340 2558 5394 Et
2587 5341 2711 5395 ideo
2737 5342 2934 5405 adhuc,
2969 5342 3098 5411 quia
3127 5359 3277 5397 auer-

1690 5432 1777 5497 tit,
1805 5432 1857 5486 id
1886 5438 1970 5486 est
1994 5440 2206 5485 avertet
2262 5430 2474 5500 faciem,
2514 5430 2565 5483 id
2596 5442 2680 5484 est
2702 5430 3089 5499 cogitationem
3121 5449 3275 5487 suam

1690 5524 1745 5579 in
1772 5522 1931 5591 linem
1958 5521 2280 5587 aversionis,
2312 5522 2366 5575 id
2396 5530 2479 5576 est
2508 5529 2770 5590 quantum
2802 5529 2980 5589 potest
3005 5534 3276 5592 avertere,

1690 5629 1758 5670 ne
1785 5614 1962 5669 videat
1992 5612 2425 5683 persecutionem
2453 5626 2614 5681 quam
2631 5611 2712 5665 eis
2738 5609 2933 5677 inl'ero,
2967 5621 3025 5667 ut
3055 5614 3276 5671 ulcisca-

1692 5717 1798 5762 tur.
1840 5707 2001 5773 Quasi
2046 5706 2194 5761 dicat
2241 5724 2254 5760 :
2298 5705 2501 5760 Secure
2538 5701 2808 5757 dominari
2837 5716 3059 5770 possum
3106 5706 3279 5775 :quia

1689 5800 1833 5858 Deus
1881 5816 1989 5857 non
2038 5798 2314 5870 adjuvabit
2359 5811 2475 5878 eos,
2528 5811 2725 5871 neque.
2757 5808 2844 5851 me
2892 5793 3021 5854 ideo
3069 5798 3279 5868 puniet.
