3860 6326
592 356 695 414 675

1164 354 1220 410 S.
1263 339 1608 410 BRUNONIS
1638 344 2279 409 CARTllUSIANORUM
2311 344 2793 404 INSTITUTORIS
2824 345 2976 403 OPP.
3008 345 3185 403 PARS
3214 336 3255 402 l:

3693 357 3773 415 676

589 471 725 529 Cum
757 478 890 527 Vero
918 468 1050 526 dicit
1081 485 1094 523 :
1137 469 1400 540 Exsurge,
1440 471 1661 523 Domine
1693 469 1853 531 Dens,
1886 470 2013 525 etc...
2051 461 2171 517 red3
2203 466 2249 523 Α
2277 459 2342 516 lis
2368 479 2381 515 :
2422 472 2684 531 quantum
2705 461 2772 515 ad
2800 474 2859 516 se
2886 464 2980 531 qui
3005 459 3205 515 nullam
3233 454 3477 517 virtutem
3505 464 3704 523 habebit.
3728 471 3775 526 ει

587 565 670 619 dit
697 562 907 634 singula
929 561 1157 632 singulis
1185 578 1198 615 :
1232 561 1330 615 sic.
1362 559 1730 615 Antichristus
1763 558 1926 623 dicet,
1958 556 2174 613 Oblitus

589 663 678 715 est
718 654 885 718 Deus,
932 660 987 708 et
1019 652 1217 707 avertit
1261 650 1456 706 faciem
1496 667 1511 705 :
1552 651 1644 704 sed
1678 658 1755 715 tu,
1789 649 2032 712 Domine,
2080 647 2173 717 qui

590 755 786 817 potens
814 760 896 800 es.
933 744 1003 799 Et
1039 751 1121 806 tu,
1161 742 1323 807 Deus,
1361 742 1451 812 qui
1487 742 1664 811 justus
1701 756 1781 803 es,
1824 754 2078 809 exsurge,
2121 738 2175 792 id

593 846 679 893 est
707 846 900 907 potens
922 849 1145 907 appare,
1182 833 1274 903 qui
1310 833 1579 901 impotens
1605 830 1825 885 videris.
1864 830 1930 883 Et
1956 828 2178 899 exponit

594 929 660 983 ad
708 928 850 997 quod
885 934 1189 995 exsurgat:
1233 932 1423 980 contra
1473 924 1575 977 hoc
1623 922 1833 977 scilicet
1875 921 2018 991 quod
2063 920 2177 990 ipse

593 1021 738 1074 dicet
768 1038 781 1073 :
813 1020 1012 1075 avertit
1044 1018 1235 1072 faciem
1275 1034 1289 1070 :
1334 1030 1565 1086 exsurge
1608 1016 1782 1069 adhuc
1824 1023 1882 1068 ut
1918 1013 2178 1067 exaltetur

593 1128 782 1166 manus
822 1121 913 1164 tua
946 1125 1108 1181 super
1141 1121 1284 1174 eum,
1319 1107 1372 1163 id
1412 1116 1497 1162 est
1538 1122 1733 1176 magna
1766 1114 2024 1176 appareat
2060 1105 2179 1158 vin~

594 1208 738 1261 dicta
767 1215 879 1269 tua,
910 1203 1187 1260 damnatio
1214 1202 1331 1269 ejus
1358 1201 1584 1256 scilicet.
1613 1199 1766 1267 Quod
1796 1199 1947 1263 dicit,
1977 1198 2175 1252 exalte-

595 1305 705 1358 tur,
750 1311 779 1348 a
816 1294 1168 1349 similitudine
1207 1292 1349 1347 illius
1378 1292 1579 1346 dictum
1613 1299 1715 1352 est,
1748 1288 1840 1357 qui
1872 1302 2062 1341 manus
2085 1301 2179 1340 exn

596 1386 732 1441 altat
778 1396 836 1440 ut
879 1387 1233 1440 vehementer
1280 1384 1515 1453 aliquem
1558 1382 1737 1436 feriat.
1777 1381 1855 1435 Ac
1890 1381 1934 1434 si
1980 1380 2124 1434 dicat
2160 1396 2173 1432 :

596 1478 761 1533 Valde
791 1493 913 1533 eum
944 1477 1166 1533 damna.
1198 1477 1263 1531 Et
1290 1477 1393 1531 hoc
1421 1492 1524 1529 non
1572 1485 1655 1529 est
1701 1474 2040 1544 imprecatio,
2081 1472 2177 1528 sed

592 1574 893 1627 concessio.
946 1572 1013 1625 Et
1052 1578 1241 1625 contra
1283 1569 1386 1623 hoc
1413 1568 1559 1637 quod
1592 1569 1705 1637 ipse
1743 1567 1887 1620 dicet
1922 1584 1935 1619 :
1972 1564 2177 1617 Oblitus

591 1676 668 1719 est
692 1665 849 1718 Deus.
885 1663 1125 1733 Exsurge
1159 1663 1211 1716 in
1249 1662 1507 1715 auxilium
1542 1676 1602 1714 ne
1628 1658 1953 1713 obliviscaris
1982 1672 2179 1727 paupe-

595 1773 733 1822 rum,
757 1756 810 1809 id
834 1766 917 1809 est
936 1754 1171 1808 fidelium
1200 1763 1438 1808 tuorum.
1464 1752 1532 1805 Et
1552 1752 1594 1806 si
1624 1752 1769 1805 visus
1793 1749 1960 1805 fueris
1977 1749 2178 1803 oblitus

2275 566 2498 607 necesse
2519 552 2625 607 erit
2647 561 2706 606 ut
2728 552 2839 607 cito
2865 561 3116 607 conteras
3141 570 3154 607 :
3182 551 3316 607 Nam
3333 564 3576 625 queretur
3590 571 3616 610 a
3636 561 3777 617 multis

2273 652 2543 710 peccatum
2576 641 2743 707 illius,
2773 650 2820 696 et
2855 658 2960 696 non
2988 642 3297 709 invenietur,
3333 644 3385 698 id
3423 655 3497 700 est
3527 646 3631 701 ideo
3663 651 3779 707 valde

2275 734 2507 805 decipiet
2534 734 2658 804 quia
2690 734 2864 790 bonus
2884 735 3157 791 videbitur
3184 753 3199 790 :
3241 746 3293 791 et
3326 737 3471 791 multi
3506 752 3708 809 quaerent
3732 760 3779 797 au

2276 824 2419 879 forte
2454 826 2662 895 possint
2700 826 2750 880 in
2783 841 2849 880 εο
2881 825 3128 881 invenire
3158 839 3464 897 peccatum;
3492 842 3539 885 et
3564 849 3668 889 cum
3702 853 3781 892 non

2277 922 2528 984 poterunt
2559 915 2826 981 invenire,
2863 917 3219 986 adquiescent
3257 920 3331 975 ei.
3366 920 3583 995 Ideoque
3615 943 3785 985 necesse

2278 1015 2362 1059 est
2384 1015 2443 1059 ut
2468 1007 2577 1062 cito
2601 1018 2857 1062 conteras
2885 1024 2953 1062 ne
2982 1024 3173 1065 omnes
3207 1010 3458 1082 decipiat.

2349 1098 2481 1154 Cum
2509 1114 2640 1155 vero
2677 1100 2843 1155 dicit:
2876 1099 3134 1157 Dominus
3161 1104 3417 1172 regnabit,
3446 1115 3565 1171 etc.,
3592 1120 3784 1179 apostro-

2277 1190 2384 1260 pha
2425 1198 2509 1245 est
2545 1191 2612 1246 ad
2640 1190 2825 1247 ﬁdeles
2875 1208 2945 1248 ne
2998 1192 3221 1248 timeant
3258 1211 3421 1249 :nam
3459 1209 3570 1267 post
3613 1212 3786 1258 mortem

2279 1297 2593 1353 corporum,
2638 1283 2887 1352 regnabit
2918 1284 2971 1337 in
3015 1284 3095 1337 eis
3132 1284 3391 1341 Dominus
3416 1288 3466 1340 in
3495 1293 3789 1347 aternumft

2282 1375 2387 1429 hoc
2412 1375 2491 1429 sic
2526 1375 2897 1429 continuatur.
2921 1375 3036 1448 Ego
3063 1376 3171 1431 dixi
3200 1376 3433 1434 Contere
3461 1397 3473 1432 :
3503 1390 3553 1435 ct
3578 1397 3683 1437 vere
3704 1400 3789 1437 mn-

2283 1474 2507 1521 teretur.
2539 1466 2800 1522 Dominus
2831 1475 3009 1521 autem
3040 1468 3291 1538 regnabit
3310 1468 3363 1523 in
3391 1469 3556 1535 vobis,
3581 1486 3611 1526 o
3635 1473 3789 1540 ﬁdeles,

2282 1559 2334 1615 id
2364 1568 2467 1625 est,
2499 1575 2725 1631 regnum
2768 1576 2924 1615 suum
2956 1561 3118 1617 faciet
3147 1577 3269 1627 vos,
3301 1571 3356 1616 et
3386 1563 3484 1617 hoc
3512 1563 3561 1618 in
3592 1575 3790 1620 aeternum

2281 1651 2419 1707 solet
2441 1651 2565 1720 poni
2598 1666 2697 1721 pro
2718 1652 2893 1721 spatio
2919 1654 3063 1722 quod
3089 1662 3174 1708 est
3199 1668 3372 1723 usque
3393 1654 3443 1708 in
3468 1655 3610 1709 linem
3636 1660 3791 1721 mundi,

2283 1740 2609 1795 determinat
2646 1742 2745 1796 sic.
2780 1740 2913 1797 Dico
2958 1742 3011 1797 in
3062 1751 3351 1799 aeternum.
3390 1744 3456 1799 Et
3482 1745 3592 1815 (pro
3619 1749 3791 1815 scilicet)

593 1850 764 1905 fuisse
810 1849 935 1903 dum
984 1848 1480 1914 tormentabuntur,
1511 1862 1580 1902 ne
1618 1844 1957 1901 obliviscaris
1998 1854 2178 1899 tamen

2288 1832 2334 1889 in
2364 1838 2612 1887 oraculum
2649 1834 2849 1898 sa‘culi,
2901 1835 3061 1905 hujus
3090 1838 3490 1893 subsecutivum
3518 1840 3566 1895 id
3596 1851 3665 1896 est
3697 1856 3795 1896 sem-

596 1941 651 1994 in
678 1951 991 2010 perpetuum
1027 1957 1039 1992 :
1064 1938 1228 2006 Quasi
1256 1938 1460 1993 diceret
1490 1955 1504 1992 :
1537 1938 1695 2008 Eripe
1715 1952 1808 1993 eos
1831 1937 2177 2007 quandoque.

669 2032 805 2084 Dum
839 2030 969 2084 dicit
997 2047 1009 2083 :
1045 2026 1267 2099 Propter
1295 2029 1441 2099 quid,
1466 2037 1554 2085 etc
1582 2070 1597 2094 ,
1631 2030 1879 2100 increpat
1901 2029 2180 2084 Antichris

596 2130 763 2187 stum,
795 2120 923 2190 quia
946 2121 1227 2192 promittet
1250 2121 1417 2176 Deum
1440 2136 1499 2177 se
1528 2137 1634 2177 non
1659 2131 2135 2179 remuneraturum
2163 2139 2178 2176 :

597 2228 720 2266 cum
750 2212 801 2267 in
830 2214 933 2268 hoc
965 2214 1199 2283 injustus
1234 2222 1381 2269 esset
1410 2213 1457 2267 si
1493 2228 1602 2267 non
1630 2222 2008 2268 remuneraret
2032 2229 2181 2269 eum.

596 2303 668 2357 Et
695 2304 797 2358 hoc
826 2303 907 2358 sic
942 2304 1095 2358 dicit.
1135 2302 1253 2373 Ipse
1291 2303 1438 2358 dicet
1487 2318 1501 2356 :
1563 2302 1701 2357 Deus
1750 2305 1936 2358 avertit
1994 2305 2185 2373 faciem

595 2410 771 2457 suam,
824 2394 878 2448 id
917 2402 1001 2448 est
1030 2409 1135 2449 non
1165 2394 1475 2449 ulciscetur.
1508 2393 1740 2463 Propter
1764 2394 1893 2465 quid
1933 2396 2186 2464 rationis,

597 2482 856 2546 irritavit,
921 2481 972 2536 id
1021 2490 1108 2537 est
1156 2482 1391 2536 irritabit
1446 2482 1668 2551 impius,
1731 2486 2183 2551 antonomastice,

602 2573 792 2637 Deum,
834 2572 886 2626 id
934 2581 1016 2627 cst
1061 2571 1485 2641 blasphemando
1521 2572 1778 2638 irritabit,
1826 2574 2016 2629 dicens
2061 2590 2186 2630 eum

602 2662 861 2731 injustam
896 2670 951 2717 et
982 2678 1087 2718 non
1127 2672 1623 2718 remuneraturum.
1658 2664 1724 2719 Et
1764 2681 1891 2721 vere
1929 2666 2184 2722 irritabit.

598 2754 743 2811 Dixit
770 2755 938 2821 enim,
972 2755 1025 2810 id
1053 2764 1138 2810 est
1165 2755 1311 2810 dicet
1345 2756 1401 2811 in
1438 2758 1601 2812 corde
1625 2772 1723 2812 suo
1755 2774 1769 2812 :
1803 2757 1947 2812 Deus
1978 2776 2081 2814 non
2108 2777 2187 2815 re-

591 2848 761 2914 quiret
810 2860 841 2900 a
878 2860 965 2900 me
989 2845 1250 2902 ultionem
1281 2862 1518 2913 :aecure
1549 2863 1770 2918 possum
1801 2851 2095 2905 dominari.
2122 2853 2189 2907 Et

601 2934 707 2988 hoc
736 2942 821 2989 est
845 2949 909 2989 ac
931 2935 977 2990 si
1005 2935 1213 2992 diceret
1252 2954 1265 2991 :
1304 2936 1534 3007 Propter
1566 2954 1729 3009 quam
1767 2940 2032 2997 rationem
2064 2942 2189 2997 irria-

603 3028 740 3085 tabit
777 3028 1133 3100 blusphemiis
1158 3032 1272 3088 suis
1314 3034 1511 3105 impius
1554 3034 1642 3090 ille
1672 3036 1860 3101 Deum,
1906 3037 2093 3092 dicens
2135 3038 2189 3092 in

599 3118 767 3173 corde
800 3134 900 3177 suo
947 3138 959 3174 :
1008 3120 1125 3176 Non
1159 3123 1415 3192 requiret.
1462 3124 1676 3180 Nullam
1712 3127 1979 3183 rationem
2027 3130 2191 3185 habe-

601 3209 700 3268 bit.
749 3210 880 3267 lnde
927 3212 1136 3268 scilicet
1176 3186 1307 3269 facit
1351 3216 1736 3287 apostropham
1781 3219 1847 3273 ad
1879 3219 1990 3289 29
2020 3219 2188 3275 Deum
2217 3186 2259 3246 ϐ

601 3303 934 3359 annuntians
964 3304 1287 3361 Antichristi
1316 3316 1699 3379 sectarumque
1724 3308 1842 3377 ejus
1881 3309 2192 3367 damnatio-

602 3409 753 3458 nem,
792 3403 852 3449 ut
883 3395 1157 3451 deterreat
1224 3399 1500 3453 auditores
1539 3415 1567 3453 a
1608 3400 1993 3459 conformitate
2047 3404 2187 3475 ejus,

604 3486 685 3540 sic
720 3485 906 3541 dicens
941 3504 955 3539 :
993 3486 1038 3542 Ο
1070 3487 1211 3542 Deus
1241 3488 1354 3557 ipse
1383 3498 1439 3543 et
1476 3490 1565 3559 qui
1600 3489 1717 3558 ejus
1754 3502 1916 3548 erunt
1943 3493 2127 3550 dicent
2170 3513 2185 3552 :

496 3594 509 3603 ·
604 3573 748 3629 Deus
770 3590 874 3630 non
903 3577 1145 3646 requiret
1178 3596 1191 3631 :
1223 3580 1320 3634 sed
1345 3587 1398 3633 tu
1424 3580 1536 3651 jam
1565 3581 1725 3647 vides,
1752 3583 1808 3638 in
1837 3584 2191 3656 dispositione

605 3675 722 3731 tua,
748 3677 803 3721 ut
833 3670 1015 3724 tradas
1043 3686 1131 3725 eos
1174 3670 1227 3725 in
1273 3671 1480 3739 futuro,
1522 3674 1578 3729 in
1604 3692 1813 3743 manus,
1843 3677 1899 3733 id
1932 3688 2018 3735 est
2066 3681 2191 3736 vin-

602 3758 781 3814 dictas
808 3770 951 3827 tuas,
998 3761 1054 3817 in
1096 3772 1329 3818 mortem
1368 3764 1581 3821 scilicet
1626 3778 1910 3824 aeternam.
1948 3772 2019 3826 Et
2059 3787 2191 3830 vere

601 3850 741 3913 scio,
775 3851 900 3920 quia
929 3852 1081 3909 vides
1114 3870 1129 3907 :
1167 3852 1431 3919 Quoniam
1458 3866 1515 3910 tu
1546 3857 1641 3927 qui
1678 3863 1865 3916 omnia
1895 3864 2187 3936 conspicis,

603 3942 907 3997 consideras
928 3943 1159 3999 laborem
1181 3956 1229 4000 et
1257 3946 1491 4002 dolorem
1514 3965 1679 4020 quem
1706 3951 1908 4009 facient
1941 3954 2189 4012 fidelibus

605 4033 745 4100 luis;
793 4035 936 4104 quod
981 4044 1065 4091 est
1107 4037 1292 4093 dicere
1336 4052 1352 4092 :
1397 4039 1532 4094 Cum
1568 4039 1751 4109 justus
1785 4044 1954 4113 judex
1980 4046 2056 4101 sis
2088 4065 2102 4102 :
2136 4060 2191 4104 et

603 4124 790 4181 videas
817 4125 1060 4182 laborem
1096 4137 1153 4183 et
1186 4128 1429 4185 dolorem
1472 4147 1633 4201 quem
1672 4134 1870 4205 injuste
1916 4140 2021 4193 tuis
2055 4139 2193 4196 infe-

604 4228 757 4284 runt,
788 4234 895 4275 non
920 4220 1126 4291 poteris
1153 4236 1259 4276 non
1290 4221 1499 4279 ulcisci.
1527 4224 1597 4278 Et
1623 4225 1737 4295 ipse
1765 4227 1909 4283 dicet
1933 4247 1949 4285 :
1978 4228 2192 4288 Oblitus

602 4318 688 4365 est
719 4310 891 4376 Deus;
916 4318 972 4365 et
998 4311 1328 4379 econtrario,
1354 4323 1411 4367 tu
1435 4315 1540 4369 eris
1569 4316 1808 4386 adjutor,
1837 4318 1890 4375 id
1910 4330 1996 4375 est
2018 4337 2194 4376 remu-

602 4410 842 4467 neratur,
869 4403 1125 4473 orphano,
1152 4404 1207 4460 id
1232 4414 1315 4460 est
1335 4405 1481 4462 fideli
1503 4422 1602 4477 pro
1630 4418 1680 4463 te
1700 4410 1916 4467 assidue
1939 4414 2188 4482 patienti,

603 4493 755 4560 cujus
778 4506 936 4564 pater
958 4495 1206 4555 diabolus
1228 4510 1492 4569 quantum
1515 4503 1584 4557 ad
1615 4516 1739 4557 eum
1764 4519 2011 4563 mortuus
2038 4509 2145 4564 erit
2173 4522 2188 4564 :
2226 4533 2270 4587 ι)

603 4595 661 4641 ει
690 4587 980 4647 inﬁdelitas
1006 4606 1126 4660 qua:
1155 4592 1322 4649 fuerit
1350 4604 1528 4651 mater
1564 4597 1702 4667 ejus.
1741 4598 1810 4653 Et
1842 4601 2038 4656 merito
2078 4602 2189 4659 eris

604 4676 655 4730 ei
687 4676 923 4745 adjutor.
952 4680 1084 4736 Nam
1127 4684 1221 4737 tibi
1248 4686 1529 4741 derelictus
1553 4699 1650 4753 est,
1677 4689 1730 4744 id
1754 4700 1838 4746 est
1863 4695 2190 4751 commissus

604 4765 711 4819 erit
759 4782 789 4821 a
838 4768 948 4823 Deo
984 4780 1138 4839 patre
1172 4790 1372 4844 pauper
1406 4776 1515 4833 ille.
1563 4778 1851 4849 Orphanus
1890 4791 1945 4837 et
1984 4798 2191 4854 pauper

607 4855 697 4910 hic
734 4872 833 4926 pro
873 4859 1065 4915 eodem
1111 4865 1470 4935 accipiuntur.
1511 4868 1608 4924 Vel
1638 4871 1929 4930 derelictus
1964 4886 2046 4931 est
2092 4877 2189 4932 tibi

605 4962 832 5017 pauper,
864 4950 914 5004 id
941 4960 1024 5006 est
1048 4952 1274 5023 ipsemet
1302 4973 1506 5029 pauper
1529 4960 1869 5034 derelinquet
1894 4981 1953 5021 se
1985 4967 2101 5032 tibi,
2138 4968 2191 5023 id

605 5048 690 5094 est
715 5041 1093 5098 committetse
1118 5046 1320 5101 auxilio
1345 5058 1435 5104 tuo
1463 5049 1539 5105 nil
1578 5051 1631 5106 in
1662 5068 1721 5109 se
1753 5055 2048 5112 conlidens.
2079 5058 2192 5114 Hoc

605 5145 737 5186 vero
781 5133 925 5201 quod
966 5131 1120 5199 dicit,
1142 5145 1371 5203 comere,
1403 5149 1459 5194 et
1494 5149 1640 5208 eam,
1682 5146 1963 5200 concessio
1998 5156 2082 5202 est
2125 5163 2191 5203 ex

606 5222 922 5294 prophetica
966 5226 1307 5296 providentia
1337 5229 1418 5286 sic
1459 5230 1625 5286 facta.
1658 5234 1778 5290 Dixi
1817 5256 1831 5292 :
1878 5238 2006 5306 quia
2039 5240 2192 5297 vides

606 5326 668 5373 ut
690 5319 873 5375 tradas
903 5320 957 5374 in
984 5336 1177 5376 manus
1210 5329 1330 5375 tuas
1354 5324 1406 5378 in
1440 5323 1642 5380 futuro.
1676 5327 1743 5381 Et
1779 5344 1884 5384 non
1928 5330 2102 5387 solum
2137 5333 2192 5388 in

605 5406 793 5464 futuro
833 5410 1060 5465 damnes
1092 5428 1106 5466 :
1136 5411 1234 5467 sed
1279 5412 1366 5468 hic
1395 5414 1460 5470 ad
1485 5430 1726 5485 praesens
1755 5431 1983 5486 contere,
2024 5422 2076 5476 id
2108 5433 2193 5481 est

607 5513 677 5554 ex
712 5507 827 5554 toto
864 5501 1087 5557 destrue
1124 5504 1396 5560 brachium
1441 5510 1729 5576 peccatoris
1771 5520 1818 5565 et
1849 5512 2087 5583 maligni,
2137 5516 2190 5571 id

608 5599 693 5646 est
727 5593 1022 5661 potentiam
1064 5597 1183 5667 ejus
1223 5615 1343 5669 quae
1370 5601 1684 5658 extenditur
1718 5613 1774 5658 et
1820 5604 1980 5660 fortis
2010 5615 2094 5664 est
2134 5616 2194 5664 ut

609 5682 913 5740 brachium.
943 5685 1071 5754 Ejus
1093 5689 1214 5745 dico
1248 5710 1260 5745 :
1291 5695 1384 5761 qui
1414 5704 1667 5764 peccator
1692 5696 1800 5751 erit
1829 5708 2092 5766 quantum
2122 5701 2191 5754 ad

611 5772 732 5829 illos
752 5789 888 5845 quos
921 5779 1062 5835 male
1106 5781 1382 5849 tractabit.
1418 5783 1483 5841 Et
1513 5786 1798 5857 malignus,
1829 5788 1883 5845 id
1915 5798 2000 5847 est
2030 5790 2219 5873 steri-~

2228 5857 2269 5879 Δ

2280 1938 2398 1993 per.
2430 1923 2625 1979 Postea
2675 1924 2806 1980 facit
2853 1928 3242 1997 apostropham
3302 1930 3369 1983 ad
3417 1928 3613 1999 impios,
3645 1940 3692 1985 ut
3720 1942 3794 1985 ter-

2282 2015 2452 2071 rendo
2481 2016 2705 2072 devocet
2735 2032 2831 2072 eos
2877 2018 2946 2074 ab
2972 2019 3255 2088 impietate
3301 2035 3397 2074 sua
3430 2038 3443 2074 :
3475 2022 3568 2076 sic.
3598 2020 3648 2076 in
3682 2023 3795 2077 bonis

2283 2107 2535 2179 regnabit
2579 2108 2870 2177 Dominus;
2927 2126 3025 2167 vos
3075 2127 3206 2167 vero
3237 2122 3447 2181 gentes,
3479 2113 3529 2169 id
3573 2124 3645 2170 est
3691 2115 3796 2184 impii

2283 2199 2561 2272 gentiliter
2591 2201 2856 2269 viventes,
2908 2204 3142 2273 peribilia
3189 2206 3259 2263 de
3307 2216 3450 2263 terra
3503 2207 3647 2271 illius,
3675 2207 3716 2260 id
3741 2217 3798 2259 est

2286 2292 2353 2349 de
2377 2293 2652 2348 consortio
2679 2304 2834 2350 terrae
2855 2294 2998 2350 illius
3028 2300 3286 2368 separati,
3314 2300 3369 2355 id
3403 2300 3564 2356 estde
3586 2299 3798 2357 consortio

2285 2394 2622 2451 sanctorum,
2670 2402 2807 2456 quos
2854 2387 2973 2457 ipso
3023 2389 3228 2444 excolit
3280 2392 3420 2446 sicut
3449 2391 3629 2461 aliquis
3651 2400 3798 2445 terram

2286 2492 2460 2533 suam.
2493 2476 2651 2532 Juxta
2694 2478 3084 2549 Evangelium:
3125 2499 3144 2532 ι
3182 2479 3474 2553 Separabit
3503 2496 3620 2537 oves
3642 2482 3696 2535 ab
3720 2480 3799 2535 hm-

2288 2571 2373 2625 dis
2403 2568 2618 2641 (Matth.
2664 2586 2793 2637 xxv,
2837 2571 2966 2642 32):
3007 2591 3025 2624 ι
3061 2573 3213 2639 Dico,
3245 2576 3373 2645 quia
3404 2590 3494 2630 vos
3520 2583 3682 2645 gentes
3716 2588 3802 2642 pcr-

2290 2661 2457 2717 ibitis.
2491 2662 2558 2717 Et
2605 2662 2710 2717 hoc
2752 2672 2903 2733 patet
2955 2679 3022 2719 ex
3055 2668 3329 2736 opposito.
3381 2665 3511 2722 Nam
3554 2666 3801 2721 desiderium

2289 2773 2579 2828 pauperum
2629 2772 2849 2813 suorum
2901 2761 3169 2813 exaudivit
3203 2760 3484 2826 Dominus,
3520 2760 3567 2815 id
3592 2768 3663 2815 est
3684 2774 3802 2813 exau-

2291 2848 2421 2910 diet,
2459 2848 2509 2902 id
2534 2856 2617 2903 est
2647 2847 2899 2903 ostendet
2926 2862 2985 2902 se
3024 2850 3375 2905 exaudivisse
3404 2866 3522 2905 cum
3559 2864 3803 2903 renuntien-

2292 2938 2389 2994 bit.
2420 2939 2487 2993 Et
2527 2940 2749 3009 exponit
2796 2940 2938 3010 quod
2969 2940 3305 2996 desiderium
3338 2960 3352 2996 :
3384 2942 3578 2997 faciens
3615 2950 3803 3010 apostro-

2291 3028 2453 3099 pham
2502 3044 2569 3083 ex
2612 3029 2774 3084 nimia
2829 3029 3132 3096 affectione,
3184 3032 3399 3087 scilicet
3436 3032 3803 3102 praeparationem

2292 3123 2466 3176 cordis
2490 3138 2692 3190 eorum,
2724 3122 2775 3177 id
2805 3132 2887 3179 est
2928 3124 3258 3180 desiderium
3288 3125 3433 3196 quod
3468 3141 3569 3179 non
3594 3122 3806 3179 habebunt

2292 3229 2323 3268 a
2361 3229 2439 3279 se,
2472 3216 2565 3270 sed
2593 3224 2648 3269 tu
2675 3216 3006 3286 praeparabis
3037 3218 3093 3270 in
3126 3218 3386 3273 cordibus
3412 3233 3607 3273 eorum.
3628 3214 3805 3274 Audiui,

2292 3307 2345 3363 id
2373 3316 2456 3362 est
2482 3308 2664 3362 audiet
2690 3309 2836 3362 auris
2876 3316 2988 3371 tua,
3022 3308 3075 3362 id
3117 3317 3200 3363 est
3229 3310 3472 3378 potentia
3497 3304 3807 3363 misericordia

2293 3409 2421 3466 tute,
2452 3416 2573 3471 qua:
2620 3400 2813 3455 merito
2857 3400 3010 3456 auris
3057 3401 3277 3457 dicitur.
3328 3401 3636 3456 Sicutenim
3661 3396 3807 3464 aliquis

2291 3506 2389 3562 per
2414 3508 2623 3557 aurem,
2675 3493 2748 3547 ita
2789 3492 2932 3548 Deus
2967 3492 3118 3547 audit
3146 3508 3244 3563 per
3274 3492 3646 3548 misericordia:
3668 3497 3809 3560 poten-

2293 3585 2445 3640 tiam.
2478 3584 2545 3640 Et
2568 3586 2671 3640 hoc
2708 3593 2789 3640 est
2814 3600 2876 3641 ac
2908 3586 2953 3639 si
2982 3584 3189 3640 diceret
3218 3604 3234 3640 :
3266 3585 3401 3640 inde
3428 3584 3640 3654 potestis
3663 3581 3804 3635 videre

2290 3675 2436 3746 quod
2470 3676 2739 3746 peribitis,
2768 3691 2803 3731 o
2828 3685 3042 3741 gentes,
3065 3677 3191 3747 quia
3223 3677 3363 3748 justi
3389 3676 3725 3733 salvabuntur.
3744 3669 3810 3722 γει

2292 3769 2452 3824 aliter
2495 3769 2863 3824 continuatur.
2899 3769 3067 3838 ;Dixit
3099 3786 3112 3822 :
3141 3770 3269 3838 quia
3323 3769 3575 3823 Dominus
3621 3760 3812 3834 regnabit

2293 3858 2349 3915 in
2382 3860 2517 3924 suis,
2563 3868 2615 3915 et
2666 3874 2853 3913 vermn
2899 3868 3003 3925 est,
3031 3859 3156 3929 quia
3183 3859 3481 3923 exaudivit,
3512 3857 3562 3912 id
3595 3864 3667 3910 est
3690 3866 3815 3909 exauo

2293 3951 2405 4007 dict
2446 3951 2705 4005 Dominus
2734 3951 3063 4006 desiderium
3101 3966 3430 4022 pauperum,
3463 3951 3550 4021 qui
3599 3961 3702 4003 cum
3733 3958 3814 3997 ma-

2293 4058 2400 4115 gno
2428 4042 2697 4098 desiderio
2741 4057 2962 4113 regnum
2989 4042 3107 4113 ejus
3136 4052 3352 4113 petunt,
3387 4042 3526 4114 quod
3550 4036 3813 4097 desiderium

2294 4153 2399 4193 non
2428 4136 2704 4192 habebunt
2730 4152 2761 4189 a
2790 4151 2848 4191 se
2872 4151 2887 4190 :
2916 4139 3010 4191 sed
3034 4138 3479 4207 prwparationcm
3503 4134 3661 4190 cordis
3678 4141 3815 4183 eorum

2294 4228 2518 4292 audivit,
2553 4228 2603 4282 id
2636 4236 2722 4281 est
2761 4228 2943 4282 audiet
2983 4228 3128 4281 auris
3167 4237 3283 4291 tua,
3315 4228 3370 4282 id
3390 4237 3474 4282 est
3514 4224 3632 4280 illud
3656 4218 3820 4276 deside-

2296 4318 2436 4373 rium
2460 4317 2686 4373 audiens
2708 4316 2850 4387 quod
2871 4316 2927 4372 in
2950 4316 3032 4372 eis
3055 4318 3376 4387 praeparasti
3408 4332 3423 4370 :
3451 4325 3507 4371 et
3532 4316 3582 4369 in
3602 4315 3691 4368 hoc
3708 4323 3819 4364 como

2295 4408 2521 4464 mendat
2557 4407 2674 4478 ejus
2713 4407 3140 4463 miscricordiam
3175 4409 3344 4478 :quia
3391 4423 3496 4463 non
3539 4405 3693 4462 solum
3716 4401 3817 4455 bene

2296 4498 2665 4553 desiderantes
2686 4499 2856 4565 audit,
2887 4499 2981 4554 sed
3016 4499 3190 4555 etiam.
3206 4498 3348 4555 bene
3388 4501 3681 4556 desiderare
3703 4492 3816 4548 facit.

2293 4591 2364 4646 Et
2410 4591 2631 4661 exponit
2680 4591 2810 4646 illud
2842 4591 3173 4646 desiderium
3226 4592 3329 4647 sic.
3377 4594 3509 4648 Dico
3545 4584 3817 4647 desiderium

2293 4698 2592 4755 pauperum
2619 4684 2894 4749 exaudiet,
2920 4685 3124 4740 scilicet
3144 4686 3287 4756 quod
3311 4682 3821 4752 desiderantjudiczlle

2292 4777 2498 4848 pupillo
2544 4789 2600 4832 et
2654 4777 2866 4832 humili.
2912 4776 2976 4830 Et
3008 4778 3146 4833 bene
3173 4778 3347 4847 ponit.
3393 4778 3509 4832 Non
3537 4772 3820 4847 pupilluuict

2293 4870 2576 4933 humilem,
2616 4870 2709 4925 sed
2736 4869 2934 4940 pupillo
2962 4880 3009 4924 et
3042 4870 3251 4935 humili,
3281 4872 3334 4926 id
3362 4881 3449 4927 est
3476 4870 3751 4927 desiderant
3778 4868 3821 4913 ιιι

2295 4962 2401 5016 tale
2449 4961 2713 5031 judicium
2764 4961 2932 5017 facias
2976 4962 3120 5032 quod
3169 4964 3241 5017 sit
3276 4963 3409 5017 utile
3446 4960 3638 5034 pupillo
3662 4956 3751 5029 30
3782 4960 3821 5005 εί

2293 5053 2506 5117 humili,
2538 5053 2591 5109 id
2640 5062 2725 5108 est
2758 5052 2901 5109 fideli
2931 5070 2947 5108 :
2974 5054 3067 5123 qui
3103 5053 3337 5124 pupillus
3367 5065 3453 5109 est
3487 5062 3684 5109 mortuo
3704 5055 3821 5118 palrc

2294 5163 2394 5203 suo
2420 5147 2675 5202 diabolo:
2708 5157 2763 5201 et
2786 5148 3003 5203 humilis
3029 5156 3114 5203 est
3138 5164 3265 5219 erga
3294 5157 3363 5202 te.
3398 5147 3469 5202 Et
3492 5143 3693 5215 exponit
3713 5134 3821 5208 judi-

2293 5238 2437 5295 cium
2488 5240 2632 5309 qnod
2673 5238 3024 5295 desiderant:
3053 5240 3262 5296 scilicet
3304 5240 3449 5309 quod
3494 5239 3644 5292 homo
3682 5226 3821 5301 perdi-

2295 5331 2458 5385 tionis
2488 5333 2579 5401 qui
2622 5347 2728 5386 non
2763 5333 2871 5386 erit
2920 5332 3081 5399 Deus,
3128 5333 3181 5386 id
3222 5342 3307 5386 εει
3350 5329 3710 5385 antichristus,
3743 5331 3821 5369 ποτε

2294 5433 2520 5494 apponat
2550 5436 2668 5477 utra
2701 5424 3043 5492 magniﬁcare
3068 5440 3144 5487 se,
3175 5422 3553 5478 tormentando
3579 5431 3721 5486 super
3738 5422 3821 5464 tcr-

2295 5528 2411 5567 ram
2442 5513 2555 5577 Dei,
2591 5514 2642 5566 id
2667 5528 2830 5581 super
2855 5528 3081 5581 corpora
3103 5522 3417 5569 sanctorum
3440 5528 3563 5581 qum
3587 5513 3819 5563 suntterra

2294 5606 2410 5661 Dei.
2451 5606 2595 5661 Bene
2640 5608 2790 5675 ponit
2837 5616 3085 5676 apponat,
3125 5606 3179 5662 id
3208 5616 3291 5662 est
3339 5607 3427 5661 ille
3469 5604 3557 5675 qui
3591 5601 3671 5656 bic
3703 5605 3821 5659 super

2293 5705 2526 5761 terram,‘
2542 5697 2592 5751 id
2624 5704 2709 5751 est
2736 5712 2899 5767 super
2942 5711 3171 5767 corpora
3205 5706 3537 5758 sanctorum,
3570 5704 3666 5745 non
3697 5691 3821 5777 ευρςτ

2295 5791 2506 5847 animas
2535 5790 2853 5861 magniﬁcus
2879 5791 2933 5847 iu
2958 5789 3242 5849 tormentis
3276 5788 3435 5846 fuerit
3466 5802 3481 5855 ;
3512 5784 3629 5842 huic
3658 5788 3821 5844 magn!-
