3860 6326
128 360 202 415 6ῗῖ

1061 352 1425 412 EXPOSITIO
1463 353 1529 409 IN
1568 352 1910 412 PSALMOS.
1942 385 2013 395 —
2044 353 2239 410 PSAL.
2280 350 2350 409 Χ.

3245 357 3348 416 678

126 474 309 530 litantis:
352 489 455 527 non
496 480 747 544 apponat,
807 469 859 525 id
910 480 994 525 cst
1043 485 1151 524 non
1196 470 1452 542 adjungat
1501 470 1660 525 aliam
1692 474 1734 529 Α
1766 469 2031 525 misiteos
2058 469 2361 539 inadjutos?
2389 468 2535 523 lianc
2560 477 2913 539 quaestionem
2936 485 3003 527 ex
3024 472 3350 530 benevolen-

126 565 558 640 tuagniﬁcentiam,
590 574 646 618 ut
672 564 866 618 iterum
902 562 1213 617 dominetur
1245 564 1347 619 eis.

588 655 653 709 IN
705 653 1030 709 PSALMUM
1074 653 1140 708 Χ.

174 747 401 817 Sequitur
441 746 634 800 titulus
656 743 872 799 decimi.
904 742 973 796 In
997 742 1156 811 liuent
1186 740 1433 797 Psalmus
1465 736 1687 798 Darid.’

125 840 288 894 Titulus
331 839 434 893 iste
474 837 837 891 intentionem
866 835 1056 904 psalmi
1089 835 1395 903 specialiter
1426 851 1532 889 non
1567 836 1660 890 de-

124 934 273 999 signat.
325 929 593 985 Omnibus
632 927 777 982 enim
841 926 1064 996 psalmis
1103 927 1397 981 convenire
1452 935 1657 996 potest.

124 1023 196 1087 Qui
237 1021 306 1075 sic
355 1021 651 1090 exponitur
686 1036 702 1075 :
734 1018 981 1073 Psalmus
1023 1018 1126 1073 iste
1160 1017 1538 1072 attribuendus
1580 1025 1664 1071 est

125 1112 267 1175 David,
290 1113 337 1166 id
366 1121 449 1167 est
478 1111 738 1182 perfectae
770 1111 1026 1165 Ecclesia:
1056 1127 1070 1164 :
1112 1110 1354 1165 tendenti
1389 1111 1442 1165 in
1474 1110 1658 1176 ﬁnem,

124 1204 160 1256 id
181 1212 247 1255 est
270 1201 317 1255 iu
346 1202 841 1271 perseverationem
872 1201 1136 1254 bonorum
1178 1215 1420 1269 operum.
1472 1198 1565 1254 Vel
1606 1200 1659 1254 in

124 1293 262 1357 ﬁnem,
389 1302 472 1346 est
516 1293 573 1345 in
598 1291 892 1346 Christum.
924 1291 991 1345 Et
1020 1301 1104 1346 est
1131 1306 1232 1345 vox
1266 1292 1518 1361 perfectae
1552 1291 1659 1346 Ec-

125 1383 258 1437 clesia:
302 1383 639 1452 increpative
670 1381 939 1451 loquentis
978 1382 1045 1436 ad
1084 1382 1387 1445 htereticos,
1412 1382 1500 1452 qui
1539 1398 1658 1436 eam

126 1475 318 1544 decipere
334 1474 542 1528 volunt.
568 1474 919 1530 Ostendentis
941 1475 1172 1544 qualiter
1193 1476 1259 1528 ad
1283 1475 1657 1543 decipiendum

128 1572 251 1624 bonos
273 1570 607 1641 Scripturam
634 1586 845 1627 sacram
877 1581 1217 1642 pervertunt,
1249 1582 1310 1627 ut
1331 1575 1565 1630 minores
1591 1577 1660 1631 ab

126 1660 180 1714 eis
197 1675 360 1717 cavere
393 1662 611 1718 doceat.
642 1663 888 1719 Ostendit
915 1665 1100 1729 etiam,
1133 1666 1198 1720 ad
1226 1667 1658 1723 exhortationem

127 1751 351 1823 bonorum,
423 1754 575 1825 ipsos
635 1770 667 1809 a
730 1756 840 1811 Deo
889 1756 1162 1826 inadjutos
1214 1773 1321 1811 non
1375 1760 1652 1829 relinqui:

1767 562 1839 615 tia
1886 561 2042 625 facit,
2092 570 2154 615 ut
2192 562 2753 630 postmodnm'solvat.
2784 562 2977 629 Quaero
3006 565 3133 633 quid
3163 567 3293 621 fecit
3328 584 3344 622 :

1766 653 1909 722 quod
1936 654 2015 707 sic
2060 653 2309 707 solvitur.
2342 654 2462 721 Ipse
2507 652 2610 707 fuit
2654 663 2709 709 et
2749 664 2835 709 est
2865 655 2919 709 in
2947 657 3135 726 templo
3162 669 3344 714 sancto

1763 760 1880 808 suo,
1909 743 1961 798 id
1986 752 2070 798 est
2099 744 2150 798 in
2180 743 2429 799 ﬁdelibus
2454 744 2546 813 qui
2577 754 2706 799 sunt
2736 746 2994 817 templum
3018 747 3157 815 ejus,
3182 759 3243 804 ιιι
3270 753 3349 806 ait

1762 832 2053 903 Apostolus
2081 852 2096 888 :
2126 852 2144 886 ι
2176 834 2458 904 Templum
2497 834 2588 890 Dei
2640 846 2888 891 sanctum
2917 847 3018 902 est,
3047 840 3189 909 quod
3214 842 3345 895 estis

1762 936 1859 976 vos
1885 922 1932 993 (ι
1966 922 2091 977 Cor.
2129 924 2214 994 ιιι)
2253 942 2273 976 ι
2315 924 2384 978 Ει
2427 924 2567 979 sicut
2615 924 2892 991 Dominus,
2934 926 2989 982 id
3026 938 3129 994 est,
3162 929 3233 983 ita
3267 939 3351 986 est

1762 1011 1818 1067 in
1850 1014 1931 1069 eis
1956 1024 2015 1068 ut
2053 1015 2383 1082 dominetur,
2414 1024 2474 1070 ut
2507 1025 2658 1086 regat
2690 1033 2759 1072 ne
2797 1018 3154 1088 decipiantur,
3177 1021 3298 1077 dico
3329 1036 3345 1076 :

1762 1116 1845 1161 est
1877 1109 1930 1159 in
1961 1106 2178 1177 templo.
2207 1106 2275 1161 Et
2304 1108 2405 1163 hoc
2427 1124 2536 1162 non
2565 1109 2781 1165 horarie
2813 1127 2827 1162 :
2852 1110 2945 1165 sed
2969 1111 3115 1165 sedes
3136 1112 3270 1181 ejus,
3297 1112 3351 1167 id

1760 1202 1845 1248 est
1873 1194 1976 1263 31
2019 1195 2294 1262 diuturna,
2330 1202 2399 1266 ζει
2428 1206 2631 1253 aeterna
2667 1198 2933 1254 habitatio
2986 1199 3126 1267 ejus,
3177 1211 3261 1256 est
3288 1204 3344 1256 in

1761 1286 1907 1353 caelo,
1951 1288 2003 1342 id
2032 1298 2117 1343 est
2154 1290 2208 1343 in
2250 1290 2382 1360 ipsis
2414 1289 2677 1355 ﬁdelibus,
2716 1293 2806 1363 qui
2854 1310 2962 1350 non
3002 1298 3176 1352 solum
3213 1307 3349 1352 temo

1758 1378 1906 1447 plum
1946 1381 2041 1436 sed
2069 1382 2234 1437 etiam
2280 1382 2478 1437 ctelum
2512 1384 2722 1439 dicendi
2772 1394 2918 1452 sunt,
2950 1387 3004 1442 id
3040 1398 3119 1444 est
3159 1390 3210 1443 in
3240 1390 3351 1443 vir~

1762 1471 1964 1527 tutibus
2012 1474 2237 1540 excelsi,
2294 1483 2349 1529 et
2397 1475 2768 1545 compluentes
2806 1478 3043 1534 minores
3099 1481 3347 1536 doctrina

1760 1577 1877 1629 sua,
1909 1566 2050 1620 sicut
2083 1567 2280 1623 coelum
2334 1576 2536 1622 terram
2576 1570 2859 1639 compluit.
2903 1571 2966 1626 Et
3005 1574 3181 1628 adhuc
3216 1574 3349 1628 dicit

1759 1653 1887 1710 illttd
1912 1655 2054 1711 idem
2082 1657 2204 1712 aliis
2236 1659 2434 1723 verbis,
2482 1671 2547 1714 ut
2567 1660 2879 1731 interponat
2911 1678 3150 1729 causam,
3186 1665 3345 1719 dico:

1761 1746 1854 1802 Est
1884 1748 1936 1801 in
1959 1749 2109 1815 cwlo,
2161 1759 2218 1805 et
2255 1751 2393 1808 oculi
2430 1752 2567 1822 ejus,
2615 1753 2667 1807 id
2713 1762 2796 1808 est
2833 1755 3203 1812 misericordia
3248 1773 3347 1829 per

127 1855 264 1896 eorum
296 1858 416 1899 vero
447 1845 801 1901 insidiatores
822 1845 970 1915 justo
1006 1857 1062 1903 et
1087 1850 1300 1905 occulto
1330 1849 1423 1905 Dei
1448 1850 1648 1917 judicio

1758 1856 1918 1909 quam
1959 1857 2082 1896 eum
2122 1843 2291 1906 videt,
2330 1845 2612 1914 respiciunt
2655 1846 2709 1899 in
2752 1862 3052 1916 pauperem.
3084 1849 3238 1916 Quod
3266 1860 3351 1908 est

128 1934 350 1989 excaecari.
374 1935 440 1989 Et
461 1935 569 1991 hoc
592 1938 672 1992 sic
694 1937 847 1992 dicit.

173 2022 222 2077 In
245 2024 449 2079 Domino
471 2027 688 2096 con/ida
720 2044 740 2083 :
768 2029 1027 2101 quomodo
1061 2030 1233 2085 dicitis
1265 2032 1458 2087 anima:
1481 2051 1607 2090 mea:
1631 2051 1653 2092 :

132 2110 404 2186 Transmigra
426 2118 480 2170 in
506 2128 746 2173 montem
772 2120 906 2173 sicut
932 2137 1132 2189 passer.
1199 2121 1351 2189 Quod
1382 2124 1462 2178 sic
1484 2140 1653 2195 expo-

127 2207 242 2262 nitur.
264 2211 375 2275 Vos,
404 2212 673 2277 haeretici,
717 2216 907 2269 animae
932 2232 1080 2283 mete,
1129 2217 1184 2272 id
1213 2225 1298 2272 est
1325 2217 1488 2272 saluti
1542 2218 1657 2273 ani-

131 2312 198 2353 me
222 2316 333 2357 mea:
358 2317 555 2359 nocere
586 2304 853 2372 volentes,
898 2307 1183 2377 quomodo,
1220 2308 1273 2362 id
1310 2317 1396 2363 est
1424 2323 1530 2377 qua
1567 2324 1655 2363 ra-

131 2389 231 2447 tione
264 2396 423 2450 dicitis
450 2397 591 2451 mihi
618 2415 631 2453 :
663 2398 1021 2468 Transmigra,
1051 2399 1105 2454 id
1130 2409 1213 2455 est
1236 2400 1302 2455 de
1351 2400 1654 2458 humilitate

133 2486 347 2542 sententiae
371 2498 473 2543 tuae
503 2490 681 2560 migra
708 2491 764 2543 in
790 2500 1038 2556 montem,
1077 2491 1129 2545 id
1174 2501 1257 2546 est
1283 2491 1447 2546 altam
1482 2493 1655 2548 subti-

131 2572 274 2631 litatem
318 2582 601 2636 sententia:
662 2591 879 2637 nostrzc.
919 2581 1020 2651 Tu,
1080 2584 1220 2648 dico,
1274 2584 1364 2653 qui
1413 2599 1559 2639 nunc
1594 2598 1654 2639 es

131 2664 217 2718 sicut
241 2686 418 2737 passer,
440 2674 492 2728 id
524 2682 617 2728 est
648 2674 966 2730 inconstans
997 2684 1051 2730 et
1086 2675 1363 2745 trepidans
1392 2675 1459 2731 ad
1486 2691 1649 2744 argu-

132 2760 412 2817 mentationes
440 2775 687 2831 nostras,
714 2765 857 2821 sicut
882 2781 1071 2836 passer
1114 2768 1180 2822 ad
1212 2769 1447 2822 sonitum
1481 2771 1648 2839 trepi-

132 2846 292 2905 dusest.
320 2853 426 2921 Vel,
471 2858 615 2910 sicut
658 2873 859 2926 passer,
903 2858 957 2912 id
1004 2865 1089 2913 est
1139 2861 1460 2930 transmigra
1489 2869 1544 2913 ut
1575 2860 1651 2915 sis

132 2938 224 2994 sicut
254 2958 422 3013 passer
474 2949 578 3017 qui
637 2949 691 3003 in
734 2948 856 3004 altis
906 2949 1133 3004 habitat.
1191 2949 1470 3018 Quomodo
1519 2967 1648 3021 ergo

132 3029 256 3087 dicitis
274 3045 323 3089 ut
344 3040 729 3109 trausmigrem
772 3041 825 3094 in
860 3052 1099 3096 montem
1134 3058 1149 3095 :
1179 3057 1301 3097 cum
1344 3058 1446 3113 ego
1472 3044 1646 3097 conﬁ-

134 3122 213 3177 dam
241 3144 281 3181 tn
305 3129 538 3197 Domino,
569 3134 660 3203 qui
688 3148 843 3189 mons
870 3135 1059 3190 ﬁrmus
1084 3143 1187 3201 est,
1218 3144 1271 3191 et
1301 3152 1387 3191 me
1415 3137 1586 3207 decipi
1614 3153 1644 3192 a

134 3213 238 3270 vobis
271 3234 364 3273 non
412 3224 733 3292 permittet?
779 3223 933 3291 Quod
960 3233 1047 3279 est
1088 3225 1269 3281 dicere
1300 3240 1314 3279 :
1341 3225 1565 3281 Frustra
1593 3235 1648 3281 et

134 3304 211 3359 sine
227 3312 402 3367 ratione
421 3316 523 3369 hoc
545 3315 751 3371 dicitis.
777 3315 843 3369 Et
871 3316 997 3385 quia
1024 3326 1207 3387 posset
1232 3318 1401 3387 quaeri
1428 3333 1527 3372 cur
1547 3319 1650 3373 hoc

135 3395 249 3466 dicat,
289 3408 490 3474 exponit
533 3408 640 3462 sic.
668 3406 808 3462 Ecce
837 3409 1100 3463 disseram
1134 3424 1231 3464 cur
1256 3410 1358 3463 hoc
1392 3410 1645 3464 dixerim.

136 3484 327 3549 Quoniam
368 3509 665 3565 peccatores
717 3500 1195 3570 (autonomastice)
1224 3500 1463 3556 haeretici
1497 3502 1647 3556 scili-

132 3587 188 3629 cet
214 3580 529 3655 intenderunt,
581 3589 637 3643 id
685 3598 768 3644 est
808 3590 1076 3645 intonsum
1113 3601 1168 3646 ct
1194 3591 1334 3646 bene
1373 3591 1648 3646 subtiliter

133 3673 361 3736 expositum
404 3678 653 3734 fecerunt
698 3696 899 3744 arcum,
934 3681 988 3735 id
1019 3690 1102 3737 est
1129 3682 1371 3736 divinam
1407 3682 1648 3751 Scriptu-

134 3771 230 3815 nm.
256 3764 354 3821 Non
385 3772 585 3841 ubique
631 3771 725 3826 sed
770 3771 969 3827 alicubi
1004 3791 1017 3827 :
1046 3789 1167 3843 qua:
1213 3774 1311 3828 Dei
1361 3789 1519 3829 arcus
1542 3786 1645 3839 est,

133 3850 228 3905 sicut
253 3856 295 3911 in
335 3862 555 3929 septimo
595 3862 805 3931 psalmo
833 3862 1036 3918 dictum
1066 3875 1170 3918 est.
1212 3865 1280 3919 Et
1306 3866 1447 3921 sicut
1487 3883 1646 3936 para-

133 3954 258 3996 munt
277 3951 475 4017 sagittas
518 3968 671 4016 suas,
725 3952 779 4007 id
823 3962 906 4007 est
946 3954 1245 4009 sententias
1292 3970 1488 4024 pravas
1527 3971 1646 4023 quae

134 4025 389 4093 interﬁciunt
430 4049 490 4094 ut
534 4042 771 4113 sagittae,
807 4058 928 4113 qua:
964 4053 1091 4098 sunt
1124 4059 1335 4109 eorum,
1378 4045 1428 4099 id
1455 4056 1538 4099 est
1577 4047 1645 4100 ab

131 4120 184 4173 eis
206 4124 412 4195 inventaa,
446 4149 554 4189 non
580 4148 612 4187 a
642 4135 845 4205 Spiritu
894 4144 1082 4191 sancto
1113 4136 1251 4191 datae
1283 4151 1299 4190 :
1335 4137 1456 4191 dico
1483 4154 1645 4207 parit—

132 4223 280 4270 ttrttnt.
306 4219 366 4275 Et
400 4224 499 4279 hoc
549 4226 606 4278 in
649 4227 919 4294 pharetra,
969 4227 1022 4281 id
1060 4235 1143 4282 est
1188 4228 1240 4281 in
1276 4226 1414 4281 mala
1449 4242 1643 4283 concc-

136 4303 261 4369 Ptione
303 4328 409 4379 sua,
458 4333 579 4386 quae
625 4318 765 4373 sicut
811 4318 1063 4387 pharetra
1108 4319 1358 4388 sagittas,
1413 4321 1486 4374 ita
1528 4321 1643 4390 ipsa

134 4398 312 4456 continet
345 4410 653 4464 sententias.
690 4410 854 4476 Quasi
888 4410 1073 4465 dicat:
1104 4411 1228 4466 ldeo
1268 4413 1640 4476 intenderunt,

136 4481 168 4535 id
199 4501 262 4544 est
292 4494 414 4553 bene
454 4500 651 4555 alicubi
683 4510 1068 4570 exposuerunt,
1120 4511 1180 4555 ut
1232 4502 1311 4557 sic
1340 4504 1643 4557 sententias

136 4590 220 4635 suas
242 4583 443 4647 latenter
471 4595 854 4650 admiscerent.
888 4593 984 4649 Vel
1011 4611 1025 4650 :
1054 4593 1401 4649 Intenderunt
1437 4610 1640 4660 arcum,

136 4667 251 4728 idest
282 4695 367 4748 pro
410 4685 567 4739 modo
604 4701 702 4740 suo
743 4686 1109 4741 distorserunt
1134 4701 1200 4741 ex
1227 4693 1594 4756 exposuerunt
1625 4702 1640 4739 :

136 4771 172 4812 et
200 4768 260 4821 sic
298 4786 615 4841 paraverunt,
671 4777 721 4831 id
772 4786 855 4830 est
885 4776 1225 4846 protulerunt
1261 4778 1478 4845 sagittas
1518 4793 1642 4830 suas

136 4858 289 4935 iplatas
313 4861 359 4913 in
380 4864 638 4931 pharetra,
670 4865 724 4919 id
765 4874 848 4920 est
879 4867 930 4919 iu
960 4866 1101 4919 mala
1136 4867 1492 4935 conceptione
1522 4881 1640 4920 sua.

138 4932 245 4997 Etad
269 4947 355 5004 hoc
380 4964 698 5021 paraverunt
726 4965 782 5009 ut
808 4956 859 5009 in
888 4957 1121 5023 occulto,
1162 4956 1214 5011 id
1243 4932 1403 5011 estin
1425 4957 1638 5015 occulta

139 5030 379 5105 calliditate,
410 5047 715 5101 mentiendo
754 5047 961 5101 scilicet
994 5061 1086 5103 eas
1113 5048 1283 5103 bonas
1302 5062 1445 5110 esse,
1479 5049 1642 5118 sagit-

140 5126 225 5209 tent,
246 5125 290 5181 id
310 5140 384 5186 est
404 5134 453 5188 in
500 5136 602 5191 ﬁde
635 5137 986 5203 interﬁciant,
1016 5148 1180 5193 rectos
1207 5139 1379 5193 corde.
1411 5139 1477 5193 Et
1498 5139 1640 5209 quod

144 5206 210 5302 ipsi
232 5215 517 5282 intendendo
544 5244 731 5283 arcum
755 5230 976 5300 sagittas
999 5240 1211 5301 parant,
1244 5247 1351 5286 non
1377 5241 1461 5287 est
1482 5206 1640 5302 culpa

144 5302 259 5394 Ipsius
282 5325 438 5379 arcus,
486 5319 577 5373 sed
626 5319 861 5375 illorum.
898 5320 1158 5387 Quoniam
1202 5339 1321 5394 qua:
1354 5322 1639 5392 perfecisti,

149 5384 383 5483 b:cl’ipturas
402 5408 598 5465 scilicet
624 5412 860 5477 divinas,
888 5384 1021 5483 quas
1052 5423 1107 5468 ιιι
1139 5384 1409 5483 perfectas
1438 5413 1639 5480 fecisti,

148 5475 431 5575 eduxerunt
458 5511 714 5569 quantum
744 5504 811 5557 ad
840 5475 921 5567 se,
947 5520 1053 5559 non
1079 5515 1342 5575 quantum
1370 5505 1437 5559 ad
1473 5505 1639 5575 ipsas.

152 5566 269 5666 “ﬁt
302 5587 422 5641 male
449 5566 762 5664 exponendo
801 5607 1204 5666 pervenerunt.
1242 5595 1431 5650 Justus
1464 5607 1640 5649 autem

150 5664 365 5759 “dixit
390 5679 669 5741 Dominus?
698 5688 751 5742 id
798 5664 882 5743 est
921 5703 1045 5743 cum
1084 5689 1292 5759 justum
1324 5688 1394 5743 sit
1429 5697 1487 5742 ut
1529 5688 1642 5743 suis

158 5757 386 5839 autilietur,
409 5782 458 5827 et
480 5776 591 5847 ipse
611 5778 791 5851 justus
817 5781 904 5850 sit,
934 5782 1062 5851 quid
1087 5757 1225 5837 iecit
1257 5781 1323 5838 de
1347 5781 1492 5837 suis?
1513 5780 1641 5836 Per-

1643 5896 1669 5909 δη
1694 5905 1699 5911 ι

1757 1932 1939 1987 dicere
1972 1934 2145 2001 :ldeo
2182 1936 2309 2005 quia
2358 1936 2556 1991 cadum
2582 1947 2665 1992 est
2702 1953 2907 2008 panper
2945 1952 3169 2012 propter
3195 1961 3341 2011 eum,

1756 2034 1811 2078 et
1842 2025 1933 2079 tali
1972 2025 2274 2082 defectione
2305 2043 2365 2083 se
2395 2029 2601 2083 habens
2632 2045 2760 2101 erga
2792 2046 2937 2099 eum,
2963 2036 3106 2105 quali
3135 2052 3345 2109 pauper

1755 2128 1814 2169 se
1842 2115 2004 2170 habet
2031 2132 2159 2187 erga
2183 2118 2425 2173 divitem.
2467 2119 2708 2190 Respicit
2738 2122 2792 2176 in
2822 2137 2946 2178 eum
2979 2126 3151 2182 oculis
3182 2129 3346 2184 mise~

1754 2207 2027 2275 ricordize,
2072 2211 2124 2265 id
2157 2218 2240 2266 est
2274 2212 2702 2269 misericorditer
2742 2216 2964 2285 adjuvat
3011 2235 3155 2275 eum.
3198 2221 3337 2289 Quia

1758 2315 1885 2355 vero
1914 2316 2076 2372 supra
2106 2313 2363 2372 posuerat
2392 2323 2405 2358 :
2441 2304 2822 2363 Destruxerunt
2846 2327 2963 2381 (μίαν
2983 2321 3038 2365 ιιι
3059 2314 3343 2383 perfecisli,

1752 2399 1938 2459 posset
1965 2392 2135 2461 quaeri
2157 2409 2257 2449 cur
2285 2395 2427 2451 Deus
2455 2396 2685 2453 voluerit
2709 2397 3023 2469 Scripturas
3056 2402 3190 2458 adeo
3221 2420 3344 2460 esse

1752 2479 2032 2551 obscuras,
2063 2493 2124 2539 ut
2145 2486 2244 2557 {sic
2264 2488 2479 2542 valeant
2502 2490 2739 2557 perverti
2770 2509 2782 2544 :
2814 2491 3049 2562 huicque
3073 2495 3343 2550 satisfaeit

1754 2574 1827 2629 ita
1867 2578 2134 2645 petitioni.
2186 2578 2319 2634 Dico
2371 2598 2384 2634 :
2444 2580 2848 2651 Destruxerunt,
2898 2594 2952 2638 ct
3011 2587 3132 2642 ideo
3162 2588 3346 2643 taliter

1751 2668 2014 2724 obscuras
2052 2687 2173 2726 esse
2212 2671 2380 2727 voluit
2416 2683 2474 2726 ut
2504 2676 2713 2743 possint
2745 2676 2982 2743 perverti
3015 2695 3028 2731 :
3061 2679 3189 2748 quia
3222 2681 3340 2749 pal-

1748 2758 1920 2827 pebrw
1941 2760 2076 2829 ejus,
2094 2762 2144 2815 id
2172 2769 2254 2815 est
2283 2762 2602 2831 Scriptum,
2628 2766 2784 2820 dictae
2806 2767 3176 2837 palpebrameo
3200 2770 3342 2838 quod

1749 2850 1817 2903 ad
1860 2852 2078 2906 modum
2114 2852 2491 2923 palpebrarqu
2515 2855 2679 2910 hodo
2714 2857 3038 2913 clauduntur
3074 2868 3134 2914 ut
3170 2861 3343 2915 malos

1746 2949 2039 3003 exearccnt,
2099 2943 2259 2995 modo
2300 2943 2637 3011 aperiuntur,
2696 2954 2755 3001 ut
2802 2947 2972 3003 honos
3012 2948 3340 3015 illumintnt,

1746 3030 2093 3102 interrogant,
2124 3034 2175 3087 id
2204 3043 2288 3088 εει
2323 3034 2575 3104 probant,
2610 3037 2749 3093 ﬁlios
2779 3040 3079 3097 hominum.
3106 3043 3344 3099 Interro-

1751 3138 1879 3192 gare
1921 3126 2072 3194 ponit
2101 3142 2200 3195 pro
2234 3129 2482 3195 probare,
2513 3144 2580 3183 ex
2606 3133 2838 3199 quadam
2870 3133 3132 3189 allinitate
3163 3154 3176 3190 :
3211 3137 3340 3206 quia
3381 3162 3385 3166 ~

1673 3202 1713 3257 C
1747 3216 1998 3283 probatio
2027 3218 2507 3289 interrogationem
2543 3223 2695 3291 sequi
2725 3223 2880 3278 solet.
2929 3226 2991 3280 Et
3027 3228 3151 3297 quia
3182 3202 3341 3282 dixe-

1751 3316 1855 3373 rat,
1890 3308 2227 3381 lnterrogant
2254 3312 2392 3380 ﬁlios
2415 3313 2706 3380 hominum,
2744 3316 2984 3370 ostendit
3010 3332 3109 3387 per
3133 3330 3340 3389 partes,

1749 3400 1827 3456 sic
1863 3418 1877 3453 :
1912 3399 2051 3456 Vere
2098 3418 2195 3472 per
2228 3403 2515 3473 palpebras
2558 3405 2857 3478 interrogat
2905 3408 3165 3465 Dominus
3196 3409 3341 3465 ﬁlios

1749 3490 2048 3545 hominum.
2080 3491 2212 3545 Nam
2263 3492 2521 3571 Dominus
2566 3496 2877 3567 interrogat,
2924 3498 2977 3553 id
3013 3511 3097 3555 est
3126 3502 3342 3571 probat.

1738 3580 1946 3650 justum
1990 3591 2038 3635 et
2074 3570 2301 3651 impium
2328 3599 2422 3653 per
2452 3584 2756 3655 palpebras,
2804 3587 2855 3641 id
2886 3597 2972 3643 est
3019 3570 3341 3647 manifestos

1748 3671 1879 3727 facit
1898 3673 2019 3728 aliis
2048 3690 2061 3726 :
2090 3674 2232 3729 hunc
2275 3679 2599 3731 excmcando
2628 3678 2708 3734 sic
2735 3688 2792 3733 ut
2820 3679 2956 3736 alios
2985 3682 3052 3738 ad
3092 3700 3339 3739 errorem

1751 3765 1967 3819 trahere
1991 3765 2174 3834 cupiat
2208 3784 2222 3819 :
2255 3766 2403 3821 illum
2447 3768 2803 3825 illuminanda
2851 3772 2929 3827 sic
2956 3784 3014 3827 ut
3045 3775 3179 3831 alios
3213 3776 3337 3830 illn-

1749 3855 1959 3911 minare
2016 3868 2246 3929 satagat.
2296 3858 2447 3925 Dico,
2489 3860 2616 3929 quia
2672 3860 2867 3929 probat
2893 3862 3098 3933 justum
3146 3873 3201 3920 et
3238 3866 3341 3920 iut-

1749 3944 1919 4014 pium.
1946 3944 2035 4000 Ille
2058 3959 2231 4001 autem
2251 3949 2339 4018 qui
2366 3948 2535 4018 diligit
2562 3950 2911 4018 iniquitatem,
2937 3952 2989 4007 id
3014 3963 3098 4009 est
3119 3954 3338 4026 impius,

1748 4037 1858 4090 odit
1881 4038 2111 4093 animum
2144 4058 2317 4107 suam,
2361 4042 2413 4096 id
2442 4051 2525 4097 est
2554 4043 2781 4100 salutem
2813 4046 3009 4102 anima:
3038 4064 3169 4114 sua},
3199 4052 3341 4105 scili-

1746 4141 1833 4184 cet
1874 4145 2032 4186 sanas
2062 4134 2377 4189 sententias.
2426 4135 2492 4189 Et
2535 4135 2673 4192 bene
2710 4138 2861 4205 dicit,
2893 4140 3100 4210 Diligit,
3149 4142 3202 4196 id
3228 4153 3336 4209 est,

1746 4223 1836 4292 qui
1892 4226 2141 4294 quamvis
2190 4243 2296 4281 non
2350 4243 2567 4298 semper
2621 4240 2785 4300 queat
2828 4234 3063 4302 operari,
3124 4250 3338 4304 semper

1749 4323 1926 4367 tamen
1978 4315 2118 4369 male
2163 4317 2376 4385 operari
2422 4318 2617 4386 diligit.
2670 4319 2736 4373 Et
2774 4320 2878 4375 hoc
2924 4321 3046 4375 ideo
3073 4324 3244 4393 ponit,
3279 4336 3338 4379 ut

1747 4401 2110 4472 descriptione
2157 4409 2407 4460 ostendat
2459 4422 2618 4476 quem
2662 4408 2807 4463 dicat
2860 4410 3085 4479 impium
3124 4427 3138 4466 :
3182 4412 3334 4469 illum

1748 4493 1956 4549 scilicet
2008 4495 2101 4564 qui
2151 4497 2328 4566 diligit
2379 4498 2741 4567 iniquitatem.
2802 4499 2868 4553 Et
2906 4501 3027 4556 ideo
3065 4504 3243 4559 adhuc
3280 4518 3335 4558 ut

1746 4596 2144 4656 consequenter
2184 4588 2262 4643 sic
2297 4587 2457 4643 addat
2490 4606 2503 4643 :
2535 4604 2663 4659 ergo
2715 4591 2841 4660 quia
2884 4592 3054 4648 odivit
3097 4596 3333 4651 animant

1748 4693 1923 4742 suam,
1955 4693 2119 4734 sanas
2170 4678 2377 4734 scilicet
2425 4680 2741 4745 sententias,
2783 4683 2979 4738 merito
3024 4684 3155 4753 pluit
3192 4687 3335 4741 Dens

1746 4787 1903 4840 super
1947 4782 2243 4841 peccatores
2283 4772 2781 4844 (antonomastice),
2816 4776 2868 4830 id
2905 4787 2987 4831 est
3027 4792 3193 4849 super
3224 4779 3337 4834 ha:-

1746 4863 1966 4927 reticos,
1999 4862 2238 4931 laqueos,
2268 4863 2319 4917 id
2350 4870 2452 4931 est,
2482 4865 2674 4919 merito
2700 4864 2791 4919 dat
2821 4868 2901 4922 eis
2934 4867 3066 4923 tales
3098 4869 3331 4939 pluvias,

1747 4952 1799 5009 id
1824 4964 1906 5009 est
1942 4954 2253 5025 Scripturas
2300 4971 2420 5027 qua:
2455 4957 2562 5011 sint
2610 4956 2689 5013 eis
2729 4959 2928 5030 laquei,
2973 4962 3026 5017 id
3063 4972 3146 5017 est
3190 4965 3335 5018 deei-

1749 5047 1960 5114 pientes
2015 5056 2071 5101 et
2120 5060 2474 5103 excarcantes.
2547 5048 2843 5119 Scriptura:
2894 5068 3023 5107 vero
3080 5054 3333 5109 dicuntur

1745 5140 1942 5209 pluvia:
1964 5153 2060 5210 per
2084 5139 2490 5195 similitudinem
2519 5159 2531 5195 :
2559 5144 2682 5212 quia
2714 5145 2852 5199 sicut
2884 5145 3095 5214 pluviae,
3129 5162 3248 5200 eum
3276 5148 3330 5201 in

1746 5231 1943 5287 bonam
1977 5243 2175 5287 terram
2216 5234 2439 5300 cadunt,
2470 5234 2705 5289 fructum
2733 5238 2993 5306 optimum
3027 5249 3326 5307 generant;

1746 5340 1867 5380 cmn
1902 5341 2031 5381 vero
2062 5327 2113 5381 in
2160 5327 2381 5393 malam,
2430 5327 2656 5383 tribulos
2686 5338 2739 5383 et
2776 5332 2961 5399 spinas
2994 5341 3282 5400 procreant
3311 5350 3327 5387 :

1745 5417 1825 5471 sic
1854 5425 1908 5470 et
1947 5416 2243 5488 Scriptura:
2273 5420 2325 5474 in
2357 5418 2539 5484 bonis,
2583 5420 2838 5474 virtutum
2871 5420 3050 5474 lumen
3087 5439 3100 5475 :
3133 5422 3184 5476 in
3215 5440 3331 5478 ma-

1744 5508 1816 5563 lis
1843 5523 1971 5563 vero
2010 5509 2308 5565 czecitatem
2360 5520 2679 5581 operantur.
2721 5510 2789 5565 Et
2838 5526 2943 5566 non
2986 5511 3329 5569 solummodo

1742 5599 1894 5668 pluet
1935 5599 2178 5667 laqueos,
2216 5602 2308 5654 sed
2342 5601 2476 5670 ignis
2519 5609 2568 5653 et
2610 5597 2833 5668 sulphur
2863 5611 2910 5654 et
2948 5602 3163 5670 spiritus
3204 5621 3330 5672 pro-

1744 5691 1994 5745 cellarum
2026 5700 2110 5746 est
2146 5708 2268 5761 pars
2300 5691 2480 5744 calicis
2509 5706 2714 5755 eorum,
2748 5690 2799 5747 id
2838 5700 2924 5747 est
2952 5691 3333 5759 inebriatinuis’

1745 5797 1953 5853 eorum,
1980 5783 2031 5837 id
2077 5791 2159 5839 est
2191 5781 2481 5849 inebriahit
2519 5791 2572 5850 et
2600 5780 2825 5865 ἵει-,ιε’ῦῆ
2847 5797 2940 5853 eos
2976 5785 3117 5867 igne,
3150 5793 3203 5852 id
3246 5804 3332 5851 est
