3864 6320
522 372 627 426 679

1088 367 1145 423 S.
1175 368 1525 426 BRUNONIS
1547 363 2187 427 CARTllUSlANORL‘ll
2216 363 2700 426 INSTITUTORIS
2738 365 2887 424 OPP.
2933 365 3111 423 PARS
3146 366 3193 422 Ι.

3647 377 3723 436 680

518 483 689 538 nimio
729 481 925 535 ardore
971 480 1322 573 pervertendi
1350 479 1699 573 scripturas1
1830 483 2095 549 sulphure,
2128 488 2171 545 Α
2200 510 2285 557 εει
2331 502 2588 556 minora“
2645 515 2775 556 sum
2820 510 3090 572 appemus
3132 517 3459 560 memorum
3510 508 3724 573 bonorum

516 575 573 629 id
613 580 699 628 est
743 571 914 627 fetore
954 572 1358 642 depravationis
1393 572 1632 641 ipsarum
1669 570 2095 641 Scripturarum.

514 662 584 719 Et
606 664 795 732 spiritu
829 661 1197 731 procellarum,
1228 662 1278 715 id
1316 670 1398 714 cst
1435 661 1599 715 nitnia
1637 660 1954 728 garrulitate
1978 675 2105 729 quas

508 762 737 825 generat
767 752 1052 823 procellas,
1088 752 1139 806 id
1174 762 1257 807 est
1278 752 1718 820 perturbationes
1740 751 1792 804 in
1822 751 2093 807 Ecclesia:

510 848 657 903 sicut
683 847 918 917 spiritus,
970 846 1023 900 id
1051 853 1136 899 est
1181 855 1375 900 ventus
1405 846 1462 899 in
1501 845 1638 899 mari
1669 843 1934 914 procellas
1972 858 2099 913 pro-

513 948 694 1003 creat;
742 937 828 992 vel
860 937 997 1008 ignis
1046 943 1227 1006 potest
1272 936 1398 1005 poni
1442 950 1541 1006 pro
1577 936 1772 992 ardore
1820 935 2093 1002 avaritias;

510 1030 741 1100 sulphur
767 1045 897 1084 vero
920 1044 1018 1098 pro
1050 1026 1221 1082 fetore
1248 1043 1426 1096 prava:
1449 1028 1678 1083 actionis
1709 1042 1814 1097 qua
1848 1043 2097 1083 corrum-

512 1122 661 1191 pitur
696 1122 975 1191 proximus
1017 1138 1030 1174 :
1072 1128 1128 1174 et
1163 1119 1390 1188 spiritus
1429 1119 1816 1188 procellarum,
1856 1135 1955 1189 pro
2004 1119 2094 1174 illa

511 1228 716 1273 mterna
773 1218 1119 1273 damnatione
1160 1232 1279 1285 quae
1315 1218 1405 1272 lict
1441 1231 1537 1285 per
1565 1215 2093 1269 administrationem

511 1309 778 1363 malorum
803 1308 1089 1378 spirituum
1115 1325 1129 1361 :
1159 1306 1252 1377 qui
1282 1307 1518 1361 ministri
1544 1312 1673 1361 sunt
1709 1304 2093 1374 procellarum,

512 1398 566 1451 id
593 1407 675 1452 est
720 1398 1150 1452 tribulationum.
1184 1397 1348 1464 Quasi
1395 1397 1581 1451 dicat:
1615 1394 1729 1450 Non
1761 1395 1933 1451 solum
1959 1396 2096 1465 pluit

510 1486 735 1555 laqueos
766 1503 863 1556 pro
906 1486 1062 1542 malis
1100 1487 1308 1541 meritis
1332 1501 1546 1551 eorum,
1576 1486 1669 1541 sed
1694 1486 1859 1541 etiam
1899 1486 1986 1541 hic
2011 1500 2095 1541 re-

510 1577 621 1646 plet
666 1594 761 1632 eos
810 1578 932 1648 igne
970 1585 1026 1632 et
1078 1577 1363 1647 sulphure;
1410 1578 1464 1631 in
1510 1577 1693 1631 futuro
1741 1591 1870 1630 vero
1900 1576 2094 1646 spiritu

507 1669 867 1737 procellarum
901 1669 1212 1724 inebriabit.
1263 1669 1519 1738 Sequitur
1547 1686 1561 1722 :
1589 1668 1850 1733 Quoniam
1887 1668 2089 1738 justus,

504 1766 650 1823 etc.;
679 1759 821 1828 quod
862 1761 940 1813 sic
991 1759 1337 1813 continuatur
1368 1777 1382 1812 :
1409 1758 1526 1812 Dixi
1570 1761 1711 1828 quod
1757 1758 2009 1811 Dominus
2036 1759 2089 1813 in

504 1846 697 1916 templo
727 1861 746 1900 .'
778 1857 832 1903 et
868 1849 920 1901 in
948 1848 1074 1903 celo
1104 1847 1249 1903 sedes
1290 1849 1407 1918 ejus
1433 1863 1451 1900 :
1477 1858 1533 1904 et
1570 1848 1707 1903 oculi
1735 1849 1849 1917 ejus
1878 1851 1932 1903 in
1960 1867 2090 1918 puu-
2120 1828 2164 1886 Β

508 1955 685 2004 perem
721 1940 1022 2009 respiciunt.
1057 1940 1142 2008 Ει,
1167 1940 1382 1995 merito.
1426 1939 1685 2004 Quoniam
1707 1939 1887 2008 justus
1912 1939 2095 1993 Domi-

506 2047 607 2084 uus
637 2048 655 2088 :
684 2042 733 2085 et
765 2033 890 2087 ideo
915 2032 1160 2103 justitias
1184 2033 1389 2097 dilexit,
1430 2033 1483 2087 id
1516 2042 1621 2099 est,
1657 2048 1780 2088 cum
1822 2032 1891 2087 sit
1916 2032 2095 2103 justus

500 2124 689 2192 judex,
726 2140 829 2181 non
855 2133 1033 2195 potest
1062 2141 1167 2179 non
1195 2125 1423 2195 diligere
1446 2123 1709 2193 justitias,
1740 2124 1794 2180 id
1830 2134 1914 2180 cst
1941 2126 2096 2180 auxi-

506 2213 575 2267 lia
608 2229 849 2268 suorum.
880 2216 943 2269 Et
974 2216 1109 2269 bene
1137 2216 1287 2285 ponit
1314 2216 1517 2269 dilexit.
1546 2215 1680 2271 Cum
1709 2231 1920 2270 summa
1947 2212 2092 2270 enim

507 2303 799 2358 dilectione
830 2307 943 2359 suis
974 2305 1265 2359 auxiliatus
1293 2316 1376 2360 est
1405 2314 1461 2360 ct
1489 2320 1704 2376 semper
1725 2306 2093 2362 auxiliabitur.

505 2392 666 2463 Ergo,
695 2404 751 2449 ut
773 2396 903 2459 dixi,
927 2395 1059 2464 pluit
1079 2411 1239 2465 super
1259 2407 1567 2465 peccatores
1590 2395 1832 2465 laqueos.
1857 2395 2096 2450 Etineri-

506 2493 581 2549 to,
608 2488 861 2553 quoniam
883 2488 1061 2556 justus
1082 2499 1180 2544 est.
1209 2489 1276 2542 Et
1304 2488 1605 2544 ideovultus
1625 2490 1759 2558 ejus,
1791 2489 1843 2544 id
1868 2499 1953 2545 est
1980 2488 2096 2543 vul-

509 2581 738 2636 tuositas
750 2582 996 2636 vindictae
1009 2582 1145 2651 ejus,
1160 2583 1287 2636 uidit
1302 2584 1621 2652 (equitatem,
1637 2584 1688 2637 id
1711 2592 1794 2637 est
1807 2583 2093 2653 impiorum

501 2685 711 2739 :rquam
743 2673 1179 2727 excazcatiouem.
1214 2673 1292 2726 Ac
1327 2672 1369 2727 si
1414 2674 1594 2727 dicat:
1626 2673 1738 2728 Non
1777 2682 1953 2742 potest
1989 2690 2093 2728 non

501 2759 689 2831 pluere
709 2760 960 2831 laqueos;
991 2764 1131 2831 quod
1160 2778 1371 2831 :equum
1399 2764 1518 2834 est,]
1536 2766 1777 2833 cumipse
1798 2763 1977 2833 justus
1999 2764 2090 2819 sit.

919 2852 1026 2923 32
1066 2852 1132 2907 IN
1173 2853 1502 2915 astutum:
1549 2853 1640 2909 x1.

572 2938 783 2997 Titulus
828 2942 1121 2996 undecimi.
1154 2940 1221 2995 In
1248 2942 1405 3011 ﬁnem
1443 2960 1540 3012 pro
1582 2953 1786 3011 octava,
1833 2941 2085 2999 Psalmus

499 3032 671 3088 David
698 3049 718 3088 :
748 3035 889 3104 quod
914 3033 993 3089 sic
1019 3034 1308 3104 exponitur
1331 3052 1347 3089 :
1373 3034 1619 3090 Psalmus
1641 3037 1742 3091 iste
1774 3036 2086 3091 attribuen-

2199 609 2318 662 quae
2347 607 2471 645 vera
2508 600 2633 646 sunt
2678 600 2733 646 et
2776 604 2946 645 certa.
2976 590 3128 657 Quod
3160 603 3246 646 εει
3290 593 3469 650 dicere
3499 614 3512 651 :
3541 597 3632 667 Ipsi
3654 608 3724 673 qui

2198 684 2445 753 exemplo
2491 693 2704 752 patrum
2746 698 2968 738 suorum
2997 692 3200 739 :eterna
3232 683 3376 739 bona
3407 699 3636 759 expetere
3658 696 3728 751 de.

2196 774 2407 840 herent,
2443 776 2509 830 de
2535 775 2623 829 die
2650 774 2703 828 in
2733 776 2876 829 diem
2906 775 3088 830 minus
3109 783 3165 830 et
3200 777 3383 831 minus
3412 790 3664 850 expetunt,
3686 801 3727 843 et

2195 865 2443 935 exemplo
2477 880 2576 921 suo
2624 880 2712 920 me
2744 880 3000 921 revocare
3028 864 3245 932 volunt;
3282 867 3509 939 ideoque
3548 888 3727 934 necesse

2197 967 2281 1013 est
2309 968 2368 1013 ut
2408 959 2487 1014 sic
2527 973 2702 1014 orem.
2735 959 3019 1013 Diminutre
3047 970 3166 1014 sunt
3202 961 3443 1014 raritates
3469 978 3499 1013 α
3520 963 3630 1031 ﬁliis
3654 971 3727 1021 ho-

2195 1049 2415 1102 minum.
2460 1048 2526 1103 Et
2572 1064 2677 1102 non
2725 1048 2805 1103 eis
2842 1047 3039 1103 suﬂicit
3075 1048 3323 1103 minuere
3355 1050 3597 1106 veritates
3621 1054 3663 1108 in
3686 1073 3729 1112 se

2196 1146 2252 1193 et
2272 1152 2437 1193 vanos
2456 1153 2593 1204 esse,
2624 1138 2717 1193 sed
2745 1138 2910 1191 etiam
2934 1155 3071 1191 uana
3096 1137 3257 1191 locuti
3273 1150 3405 1208 sunt
3432 1144 3729 1215 unusquisque

2195 1230 2264 1283 ad
2288 1232 2587 1300 proximum
2615 1247 2793 1295 suum,
2845 1231 2896 1284 id
2942 1239 3025 1285 est
3054 1229 3221 1285 locuti
3252 1240 3380 1284 sunt
3407 1232 3472 1285 ad
3504 1235 3729 1302 proximos

2193 1337 2319 1376 suos
2342 1322 2430 1375 illa
2460 1339 2579 1392 quae
2607 1338 2742 1375 vana
2773 1331 2916 1385 sntit,
2952 1332 3008 1375 ut
3040 1322 3142 1376 sibi
3164 1322 3483 1379 conformes
3512 1325 3728 1393 facerent,

2192 1416 2420 1478 scilicet,
2455 1417 2704 1469 dixerunt
2754 1415 2869 1469 haec
2918 1426 3130 1470 terrena
3179 1431 3392 1471 summa
3438 1416 3566 1472 bona
3600 1434 3728 1477 esse:

2192 1522 2316 1575 quae
2350 1521 2489 1560 vana
2520 1515 2664 1561 sunt.
2693 1504 2831 1573 Quia
2857 1521 2988 1560 vero
3018 1505 3349 1576 generaliter
3378 1507 3582 1563 dixerat
3602 1526 3730 1563 unus-

2191 1598 2432 1668 quisque,
2477 1597 2715 1653 ostendit
2766 1597 2870 1651 hoc
2909 1611 3008 1667 per
3045 1606 3255 1667 partes,
3294 1597 3376 1653 sic
3406 1613 3422 1652 :
3454 1599 3577 1654 Dico
3602 1616 3732 1656 unus-

2192 1688 2422 1757 quisque
2466 1687 2629 1741 locuti
2657 1694 2782 1741 sunt
2812 1686 3105 1739 vanitatem
3132 1701 3147 1750 ;
3188 1693 3243 1740 et
3272 1700 3463 1740 verum
3489 1696 3568 1742 est
3594 1702 3606 1740 :
3633 1704 3730 1743 nam

2193 1778 2409 1848 quidam
2450 1781 2747 1834 existentes
2775 1777 2916 1831 labia
2959 1777 3144 1832 dolosa
3176 1777 3341 1832 locuti
3378 1788 3499 1832 sunt
3536 1779 3586 1834 in
3611 1784 3732 1837 corde

2193 1880 2241 1925 ct
2268 1870 2447 1935 corde,
2499 1869 2551 1925 id
2580 1879 2668 1924 est
2712 1870 2766 1923 in
2803 1868 3000 1939 duplici
3032 1868 3216 1924 corde.
3266 1868 3384 1923 Non
3413 1870 3549 1939 quod
3578 1870 3734 1942 duplex

2195 1979 2291 2019 cor
2325 1963 2562 2018 habeant
2600 1979 2613 2016 :
2654 1962 2746 2017 sed
2775 1962 2897 2031 quia
2930 1962 3076 2016 aliud
3116 1960 3319 2015 habent
3343 1962 3396 2015 in
3434 1963 3607 2029 corde,
3634 1965 3732 2019 dum

2194 2069 2322 2109 vere
2359 2053 2664 2123 intelligunt
2709 2054 2824 2107 hazc
2871 2052 3181 2121 przcsentia,
3216 2065 3434 2106 summa
3477 2052 3606 2106 bona
3650 2070 3731 2109 non

2193 2158 2342 2208 esse;
2376 2152 2433 2197 et
2469 2143 2612 2196 aliud
2642 2156 2738 2196 ore
2787 2141 3125 2196 mentiuntur
3154 2155 3214 2197 se
3244 2139 3450 2195 habere
3484 2140 3537 2195 in
3564 2143 3732 2197 corde:

2196 2237 2312 2293 hac
2344 2235 2551 2291 scilicet
2596 2249 2807 2290 summa
2843 2233 3003 2288 bona.
3048 2233 3115 2289 Et
3153 2233 3224 2289 ob
3250 2234 3355 2288 hoc
3385 2234 3629 2288 dicuntur
3657 2235 3735 2288 da-

2196 2329 2319 2399 plex
2370 2343 2466 2383 cor
2504 2328 2707 2382 habere
2735 2334 2788 2381 et
2825 2326 3018 2391 dolosi,
3047 2340 3171 2381 cum
3218 2324 3367 2380 aliud
3416 2326 3655 2396 cogitent,
3696 2334 3736 2381 et

2197 2421 2340 2476 aliud
2390 2419 2612 2491 ﬁngant.
2656 2419 2810 2487 Quod
2851 2427 3031 2474 autent
3078 2418 3229 2488 ponit
3256 2417 3399 2472 labia
3427 2418 3625 2484 dolosa,
3648 2435 3737 2475 em-

2196 2513 2411 2584 pbatice
2456 2512 2605 2567 dicit.
2656 2512 2829 2565 Aliam
2858 2525 2989 2565 vero
3018 2520 3231 2580 partem
3259 2508 3477 2565 illorum
3507 2512 3593 2580 qui
3618 2512 3736 2567 vanis

2182 2598 2462 2658 inhaerent
2490 2602 2648 2671 hujus
2696 2601 2879 2657 mundi
2913 2601 3093 2665 bonis,
3132 2609 3319 2670 utpote
3362 2600 3454 2669 qui
3506 2601 3613 2657 huic
3636 2617 3737 2657 vera

2195 2698 2333 2750 bona
2371 2694 2520 2749 falsis
2541 2694 2841 2749 rationibus
2874 2694 3122 2763 probant,
3152 2702 3207 2748 ει
3239 2693 3381 2748 sicut
3406 2693 3627 2762 probant
3649 2708 3739 2748 cre-

2195 2788 2347 2852 dunt,
2374 2787 2566 2851 innuit,
2593 2788 2679 2840 ubi
2712 2788 3103 2855 subsequenter
3124 2786 3277 2854 ponit
3307 2800 3322 2839 :
3356 2785 3463 2851 Qui
3485 2787 3736 2840 dixerunt:

2193 2879 2427 2948 linguam
2453 2889 2684 2932 nostram
2707 2878 3159 2947 magnificabimus
3181 2877 3311 2933 :sed
3342 2877 3622 2946 interponit
3643 2892 3738 2931 ora-

2196 2971 2395 3024 tionem
2409 2970 2487 3023 sic
2502 2984 2516 3023 :
2534 2969 2660 3024 Dico
2682 2969 2807 3038 quia
2833 2968 2974 3024 labia
2999 2966 3357 3024 dolosalocuti
3375 2978 3503 3024 sunt
3523 2984 3663 3023 vana.
3686 2968 3738 3023 Et

2193 3075 2261 3115 ne
2296 3060 2525 3129 amplius
2553 3059 2843 3129 loquantur
2865 3073 3025 3123 vana,
3049 3058 3324 3130 disperdat
3369 3059 3619 3125 Dominus
3644 3057 3737 3111 uni-

504 3123 604 3178 dus
644 3133 731 3228 εει
771 3124 961 3188 David,
1104 3135 1207 3227 est.
1243 3125 1547 3228 είζξιθίξιξοιξξ
1580 3126 1817 3228 ﬁdenti?“
1842 3143 1960 3228 (illi?
1986 3128 2091 3228 Ῑιξίι
2117 3166 2162 3228 C
2193 3167 2348 3206 versa
2377 3123 2494 3205 abia
2536 3123 2745 3217 dolosa,
2782 3160 2837 3206 et
2857 3150 3094 3222 linguam
3134 3123 3546 3222 'magniloquam
3586 3149 3735 3204 etiam.

501 3223 628 3269 ante
667 3216 957 3270 adventum
1002 3214 1201 3272 Christi
1236 3235 1248 3269 :
1286 3217 1452 3271 David
1492 3217 1613 3271 dico
1655 3218 1893 3273 tendenti
1932 3218 1986 3272 in
2016 3218 2081 3272 ll-

501 3321 648 3373 nem,
682 3308 736 3361 id
785 3316 869 3362 est
895 3308 949 3362 in
978 3307 1415 3363 conl'ormitatem
1447 3307 1588 3371 linis,
1620 3307 1819 3364 Christi
1850 3307 2079 3377 scilicet,

498 3395 593 3464 qui
619 3395 743 3450 finis
772 3396 872 3450 fuit
912 3396 1206 3467 prophetia:
1234 3406 1287 3451 ct
1308 3397 1459 3466 legis.
1489 3395 1585 3452 Vel
1619 3398 1671 3452 in
1701 3397 1884 3465 linem,
1916 3397 1969 3451 id
1997 3406 2083 3453 est

501 3485 988 3555 perseverantiam.
1034 3486 1198 3539 David
1234 3486 1356 3540 dico
1402 3487 1579 3556 agenti
1628 3502 1728 3556 pro
1773 3498 1987 3551 octava,
2027 3487 2082 3542 id

499 3584 586 3629 εει
612 3591 708 3644 pro
738 3575 1006 3629 desiderio
1040 3576 1238 3644 quietis
1263 3585 1483 3630 mtcrnm
1517 3591 1529 3629 :
1561 3577 1612 3630 in
1646 3587 1834 3632 octava
1883 3579 1971 3633 die
2006 3578 2084 3633 fu-

503 3675 660 3720 turae.
690 3664 988 3720 Introducit
1012 3666 1101 3722 b'c
1126 3667 1386 3736 propheta
1415 3666 1652 3721 ﬁdelium
1682 3668 2081 3735 collectionem,

500 3755 597 3824 qui
626 3765 751 3809 ante
789 3754 989 3810 Christi
1024 3755 1313 3811 adventura
1346 3755 1566 3811 fuerunt
1598 3768 1882 3813 :orantcm
1917 3759 2084 3815 Deum

503 3856 566 3899 ut
600 3846 780 3900 mittat
832 3861 994 3915 quem
1045 3846 1311 3901 missurus
1344 3855 1427 3902 est
1462 3865 1478 3901 :
1520 3863 1617 3918 per
1646 3864 1805 3918 quem
1842 3850 2087 3906 homines

503 3936 597 4006 qui
650 3952 747 4005 per
787 3937 919 3992 Adae
963 3947 1245 4008 peccatum
1275 3947 1331 3993 et
1380 3939 1647 3994 defectum
1697 3950 1955 3996 aeternam
2003 3957 2085 3996 re-

503 4027 687 4096 quiem
729 4028 1050 4093 amiserunt,
1096 4028 1470 4084 salvabuntur.
1503 4028 1636 4084 Orat
1666 4031 1830 4084 etiam
1864 4046 1931 4085 ne
1953 4048 2086 4085 con-

505 4116 774 4172 formetur
822 4118 1068 4197 exemplo
1127 4118 1413 4185 malorum,
1465 4120 1733 4176 vanitates
1775 4132 2089 4177 consectan-

503 4209 663 4263 tium.
687 4208 935 4266 Ostendit
960 4227 1175 4280 quoque
1199 4228 1303 4279 qua
1344 4211 1540 4267 fiducia
1567 4222 1701 4278 oret,
1728 4215 1831 4268 hac
1858 4215 2086 4281 scilicet,

502 4298 634 4366 quia
664 4298 805 4353 Deus
831 4298 992 4352 Pater
1025 4314 1120 4368 per
1149 4297 1414 4365 Spiritum
1443 4311 1689 4356 sanctum
1713 4302 1905 4357 Filium
1933 4320 2087 4358 suum

500 4390 619 4469 jam
638 4390 718 4469 eis
748 4390 1031 4469 promisit;
1073 4399 1129 4445 et
1169 4392 1365 4447 borum
1408 4394 1572 4448 verba
1633 4395 1755 4451 ideo
1797 4397 2091 4451 introducit

2182 3241 2300 3296 Non
2330 3250 2455 3297 erat
2480 3250 2540 3296 ut
2569 3242 2831 3297 habentes
2854 3240 2995 3296 labia
3019 3240 3199 3296 dolosa
3224 3252 3279 3297 et
3301 3241 3540 3311 linguam
3569 3239 3738 3308 magni-

2182 3328 2394 3401 loquam
2412 3331 2705 3400 disperdat,
2719 3331 2813 3387 sed
2836 3330 3168 3387 dolositatem
3183 3342 3236 3386 et
3260 3329 3739 3402 magniloquentiam

2184 3439 2370 3478 eorum
2403 3438 2470 3477 ne
2501 3424 2603 3479 sibi
2627 3432 2684 3478 et
2710 3424 2831 3479 aliis
2856 3432 3108 3478 noceant.
3139 3423 3209 3481 Et
3226 3424 3452 3491 exponit
3474 3438 3601 3493 quts
3623 3421 3740 3481 dicat

2184 3514 2385 3569 habere
2409 3514 2643 3584 linguam
2674 3513 3072 3584 magniloquam
3098 3514 3177 3568 sic
3211 3531 3225 3569 :
3263 3513 3531 3584 Linguam
3559 3513 3736 3581 magni-

2185 3604 2403 3673 loquam
2442 3604 2563 3658 dico
2597 3603 2809 3658 illorum
2856 3606 2946 3673 qui
2993 3604 3261 3669 dixerunt,
3308 3604 3363 3659 id
3408 3613 3514 3671 est,
3546 3604 3740 3659 interse

2185 3702 2492 3747 statuerunt
2543 3710 2555 3747 :
2605 3693 3070 3764 Hagniﬁcabimus
3099 3735 3113 3758 ,
3158 3696 3208 3748 id
3274 3702 3362 3749 est
3412 3709 3651 3765 magnam
3699 3702 3741 3746 et

2186 3780 2473 3853 gloriosam
2506 3781 2767 3836 faciemus
2814 3782 3047 3853 linguam
3079 3793 3337 3850 nostram,
3372 3784 3428 3838 id
3470 3794 3552 3839 est.
3578 3783 3739 3837 facun-

2187 3878 2329 3932 diam
2370 3887 2630 3933 nostram.
2665 3878 2733 3932 Et
2782 3879 2886 3933 hoc
2912 3878 3048 3934 bene
3090 3878 3272 3935 facere
3299 3895 3605 3949 possumus.
3630 3877 3738 3932 Nam

2186 3966 2328 4021 labia
2366 3978 2546 4022 nostra
2591 3984 2622 4020 a
2662 3968 2809 4021 uobis
2855 3979 3000 4033 sunt,
3053 3968 3104 4023 id
3137 3978 3239 4035 εει,
3287 3955 3541 4026 facundia
3585 3978 3739 4024 nostra

2187 4071 2252 4111 ex
2305 4066 2485 4111 nostra
2536 4066 2693 4126 prrle
2750 4065 2852 4123 est,
2909 4056 2961 4112 id
3012 4068 3096 4113 est
3147 4060 3305 4115 nobis
3351 4068 3411 4114 ut
3468 4060 3570 4115 illis
3614 4058 3741 4113 valde

2188 4156 2292 4201 est.
2348 4147 2461 4202 Non
2507 4156 2590 4202 εει
2633 4162 2797 4218 parva
2847 4164 2946 4205 nec
2975 4149 3100 4205 ullis
3147 4169 3161 4204 :
3206 4152 3299 4206 sed
3354 4150 3533 4222 ampla
3577 4160 3655 4208 est
3698 4160 3739 4205 et

2191 4237 2437 4307 insignis.
2486 4237 2719 4307 Ideoque
2772 4238 3000 4293 multum
3053 4256 3339 4310 possumus
3385 4258 3510 4298 eam
3558 4239 3739 4311 magni-

2192 4326 2357 4381 ficare
2422 4340 2477 4381 et
2527 4327 2805 4383 extollere.
2866 4329 2934 4383 Et
2988 4344 3110 4384 cum
3154 4330 3295 4386 labia
3352 4340 3542 4387 nostra
3602 4345 3738 4385 ano-

2191 4414 2275 4469 bis
2303 4414 2430 4475 sint.
2473 4414 2603 4480 Quis
2632 4427 2808 4471 noster
2843 4417 3100 4472 Dominus
3135 4429 3243 4483 est,
3286 4421 3341 4475 id
3372 4431 3483 4488 est,
3521 4420 3643 4489 Quis
3666 4421 3740 4472 do-

506 4484 797 4554 propheta.
862 4492 921 4536 ut
964 4497 1062 4537 nos
1106 4484 1342 4540 instruat
1384 4486 1758 4542 vehementem
1799 4504 1924 4560 erga
1959 4506 2080 4543 enni

2190 4506 2483 4559 minabitur
2509 4506 2615 4576 33
2653 4515 2709 4561 et
2736 4508 3047 4577 prmvalehit
3079 4509 3342 4565 facundia:
3376 4484 3609 4567 nostr}?
3631 4507 3738 4566 Nul-

508 4574 712 4627 habere
740 4586 1002 4638 amorem,
1028 4588 1155 4628 cum
1192 4582 1397 4630 tantam
1422 4577 1580 4633 nobis
1605 4577 1850 4648 proferat
1872 4579 2085 4635 illorum

504 4662 873 4719 aﬂ‘ectionem.
900 4661 965 4716 Et
990 4662 1091 4719 hoc
1118 4665 1195 4719 sic
1224 4666 1356 4721 dicit
1379 4683 1396 4721 :

576 4749 802 4809 Salvum
836 4768 916 4807 me
952 4753 1061 4824 fac,
1092 4755 1334 4822 Domine,
1367 4758 1421 4814 id
1461 4768 1562 4823 est,
1600 4760 1844 4827 Domine,
1874 4761 1964 4831 qui
1994 4778 2089 4833 po-

508 4854 630 4902 tens
677 4859 756 4909 es,
788 4858 874 4899 me
905 4861 1012 4901 non
1066 4860 1453 4919 repugnantem
1501 4863 1772 4924 praecepto
1805 4863 1898 4910 tuo
1948 4857 2089 4912 sicut

509 4938 708 5000 Adam,
741 4936 836 4991 sed
880 4938 1220 4995 obedientem
1252 4942 1459 4997 salvum
1487 4942 1593 5010 fac,
1620 4945 1673 4999 id
1696 4956 1796 5008 est,
1826 4946 2088 5003 mittendo

505 5040 670 5092 quem
706 5026 974 5083 missurus
1018 5044 1098 5094 es,
1145 5031 1290 5085 salva
1338 5047 1427 5087 me
1469 5049 1484 5087 :
1516 5034 1821 5091 reducendo
1845 5037 1912 5090 ad
1941 5045 2089 5092 octa-

509 5130 632 5169 vam
662 5117 805 5172 diem
833 5133 995 5189 quam
1033 5121 1213 5176 amisi.
1244 5122 1311 5176 Et
1341 5137 1566 5178 necesse
1594 5132 1678 5179 est
1701 5135 1757 5178 ut
1784 5124 1887 5180 hoc
1913 5140 2084 5193 orem,

504 5209 754 5275 quoniam
790 5221 1021 5277 sanctus,
1069 5212 1120 5266 id
1164 5222 1247 5268 est
1288 5214 1486 5280 Adam,
1542 5231 1701 5285 quem
1748 5225 1803 5269 tu
1842 5226 2086 5272 sanctum

507 5296 706 5363 fecisti,
735 5300 802 5355 ad
838 5302 1126 5373 imaginem
1162 5304 1372 5359 scilicet
1399 5315 1454 5359 et
1481 5305 1891 5362 similitudinem
1916 5316 2085 5374 tuam,

507 5394 708 5449 defecit
746 5396 797 5449 in
830 5406 1096 5467 praecepto
1126 5407 1217 5453 tuo
1249 5415 1262 5451 :
1300 5400 1525 5468 ideoque
1561 5416 1640 5466 se,
1664 5418 1958 5473 omnesque
1988 5420 2086 5461 nos

510 5486 901 5555 pessumdedit.
934 5487 999 5540 Et
1025 5486 1144 5540 ideo
1175 5489 1352 5544 adhuc
1384 5497 1663 5559 tantopere
1701 5508 1819 5555 oro,
1842 5494 2086 5565 quoniam

506 5593 546 5631 a
566 5576 692 5646 ﬁliis
713 5579 1000 5659 hominum,
1034 5578 1086 5633 id
1114 5589 1197 5634 est
1242 5596 1273 5635 a
1310 5579 1528 5649 Judazis,
1554 5584 1643 5653 qui
1677 5585 1770 5638 filii
1802 5587 2089 5655 propheta-

513 5683 635 5722 rum
689 5666 906 5722 fuerunt
950 5670 1288 5741 aliorumque
1328 5673 1586 5743 ﬁdelium,
1614 5677 1705 5747 qui
1743 5678 2009 5743 homines,
2034 5681 2083 5736 id

510 5767 597 5811 est
623 5758 912 5817 rationales
969 5760 1205 5831 fuerunt,
1258 5766 1530 5824 diminuta:
1578 5779 1699 5824 sunt
1732 5770 1992 5840 veritates,
2031 5773 2086 5831 id

2189 4593 2292 4648 lus.
2327 4592 2431 4648 Sed
2455 4594 2827 4666 magniloquos
2858 4596 2988 4651 dicit
3011 4597 3131 4651 illos
3155 4638 3171 4663 ,
3219 4600 3311 4669 qui
3344 4616 3471 4655 cum
3509 4602 3621 4656 bu
3646 4597 3738 4653 sala

2188 4686 2474 4755 przesentia
2501 4688 2762 4752 credant,
2792 4703 2898 4740 non
2930 4689 3091 4742 etiam
3121 4688 3299 4744 futura
3320 4730 3339 4757 ,
3379 4693 3444 4745 ad
3475 4693 3573 4747 hoc
3593 4689 3738 4745 omni.

2189 4776 2347 4830 modo
2368 4775 2617 4831 laborant
2639 4786 2700 4831 ut
2726 4778 2867 4832 beati
2889 4788 2942 4833 et
2976 4778 3190 4833 facundi
3223 4782 3308 4836 hic
3338 4792 3644 4851 appareant.
3688 4781 3738 4834 Et

2189 4867 2314 4936 quia
2375 4870 2624 4937 superius
2680 4880 2974 4923 oraverat:
3033 4870 3251 4928 Salvum
3300 4891 3381 4927 me
3426 4875 3543 4943 fac;
3589 4879 3740 4944 posset

2190 4959 2340 5027 queri
2367 4998 2384 5024 ,
2412 4973 2518 5027 qua
2552 4959 2745 5014 ﬁducia
2785 4971 2901 5015 oret
2928 4961 3057 5015 illud
3087 4964 3230 5031 quod
3270 4965 3435 5035 digne
3474 4982 3570 5035 per
3592 4964 3739 5018 Adam

2190 5048 2386 5101 amisit.
2416 5048 2482 5101 Et
2509 5048 2577 5102 ad
2602 5050 2703 5103 hoc
2735 5051 3025 5118 respondet
3046 5052 3125 5107 sic
3152 5069 3168 5107 :
3211 5052 3370 5108 Oravi
3399 5068 3421 5107 :
3451 5054 3654 5109 Salvum
3677 5066 3739 5103 me

2188 5138 2295 5207 fac.
2328 5138 2396 5193 Et
2423 5140 2522 5195 hoc
2555 5141 2695 5195 bona
2727 5140 2922 5196 ﬁducia
2951 5143 3083 5198 dixi.
3123 5144 3256 5199 Nam
3309 5146 3570 5201 Dominus
3612 5155 3741 5214 pater

2190 5230 2325 5284 dixit
2354 5232 2481 5285 mihi
2512 5248 2609 5302 per
2634 5232 2895 5302 Spiritum
2924 5244 3172 5290 sanctum
3200 5236 3436 5293 interius
3466 5238 3523 5291 in
3546 5244 3737 5292 mente:

2191 5320 2388 5386 Nunc,
2435 5324 2487 5377 id
2535 5333 2620 5379 est
2661 5328 2728 5380 ad
2770 5342 3004 5395 przesens
3064 5340 3186 5397 post
3245 5346 3475 5400 parvum
3524 5339 3738 5399 tempus,

2189 5428 2465 5483 exsurgam
2490 5414 2543 5467 in
2574 5416 2853 5469 auxilium.
2896 5418 2957 5472 Et
2997 5418 3103 5474 hoc
3142 5419 3343 5474 faciam
3372 5432 3579 5491 propter
3606 5420 3737 5472 πιὶιεο

2190 5505 2324 5557 riam
2361 5506 2572 5575 inopum
2601 5518 2648 5561 et
2678 5510 2922 5577 gemitum
2948 5528 3233 5579 pauperum
3262 5552 3276 5576 ,
3341 5515 3391 5567 id
3431 5526 3514 5568 εει
3552 5520 3742 5583 praptcr

2188 5593 2462 5648 miseriam
2499 5597 2867 5663 passibilitatis
2890 5609 2944 5653 et
2980 5602 3452 5670 corruptibilitatis
3503 5604 3554 5658 in
3600 5617 3739 5672 quam

2188 5684 2293 5739 mei
2326 5683 2512 5740 fideles
2541 5687 2873 5744 devenerunt
2902 5705 2999 5759 per
3024 5692 3219 5746 Adam.
3251 5693 3354 5762 Qui
3390 5704 3517 5751 sunt
3541 5696 3737 5765 inopeS.

2188 5773 2244 5830 id
2281 5782 2364 5834 est
2390 5776 2506 5831 sine
2526 5793 2626 5849 ope
2648 5820 2664 5848 ,
2700 5781 2870 5859 idest
2909 5783 3108 5841 nullius
3147 5797 3274 5843 sunt
3294 5803 3435 5860 ope,
3484 5790 3584 5848 nisi
3636 5801 3739 5844 mea
