  <div class='ocr_page' id='page_1' title='image "/cluster/home/n/w/nwhite01/storage/ocr_20150623/152/hvd.32044015473804/346.png"; bbox 0 0 3864 6320; ppageno 0'>
   <div class='ocr_carea' id='block_1_1' title="bbox 79 371 2296 432">
    <p class='ocr_par' dir='ltr' id='par_1_1' title="bbox 79 371 2296 432">
     <span class='ocr_line' id='line_1_1' title="bbox 79 371 2296 432; baseline 0.001 -3"><span class='ocrx_word' id='word_1_1' title='bbox 79 374 145 431; x_wconf 75' lang='lat'><strong>681</strong></span> <span class='ocrx_word' id='word_1_2' title='bbox 1003 371 1362 428; x_wconf 79' lang='lat' dir='ltr'><strong>EXPOSITIO</strong></span> <span class='ocrx_word' id='word_1_3' title='bbox 1394 373 1459 427; x_wconf 76' lang='lat' dir='ltr'><strong>IN</strong></span> <span class='ocrx_word' id='word_1_4' title='bbox 1500 372 1816 431; x_wconf 81' lang='lat' dir='ltr'><strong>PSALMOS</strong></span> <span class='ocrx_word' id='word_1_5' title='bbox 1848 404 1916 416; x_wconf 87' lang='lat'><strong>-—</strong></span> <span class='ocrx_word' id='word_1_6' title='bbox 1944 375 2138 432; x_wconf 77' lang='lat' dir='ltr'><strong>PSAL.</strong></span> <span class='ocrx_word' id='word_1_7' title='bbox 2185 377 2296 431; x_wconf 78' lang='lat' dir='ltr'><strong>XII.</strong></span> 
     </span>
    </p>
   </div>
   <div class='ocr_carea' id='block_1_2' title="bbox 3195 383 3303 442">
    <p class='ocr_par' dir='ltr' id='par_1_2' title="bbox 3195 383 3303 442">
     <span class='ocr_line' id='line_1_2' title="bbox 3195 383 3303 442; baseline 0.019 -2"><span class='ocrx_word' id='word_1_8' title='bbox 3195 383 3303 442; x_wconf 74' lang='lat'><strong>582</strong></span> 
     </span>
    </p>
   </div>
   <div class='ocr_carea' id='block_1_3' title="bbox 78 480 3305 558">
    <p class='ocr_par' dir='ltr' id='par_1_3' title="bbox 78 480 3305 558">
     <span class='ocr_line' id='line_1_3' title="bbox 78 480 3305 558; baseline 0.007 -21"><span class='ocrx_word' id='word_1_9' title='bbox 78 482 316 539; x_wconf 75' lang='lat' dir='ltr'><strong>liberandi.</strong></span> <span class='ocrx_word' id='word_1_10' title='bbox 353 480 420 537; x_wconf 85' lang='lat' dir='ltr'><strong>Et</strong></span> <span class='ocrx_word' id='word_1_11' title='bbox 443 496 714 551; x_wconf 82' lang='lat' dir='ltr'><strong>pauperes</strong></span> <span class='ocrx_word' id='word_1_12' title='bbox 742 490 867 539; x_wconf 91' lang='lat' dir='ltr'><strong>sunt</strong></span> <span class='ocrx_word' id='word_1_13' title='bbox 891 523 906 547; x_wconf 91' lang='lat'><strong>,</strong></span> <span class='ocrx_word' id='word_1_14' title='bbox 968 484 1019 536; x_wconf 90' lang='lat' dir='ltr'><strong>id</strong></span> <span class='ocrx_word' id='word_1_15' title='bbox 1071 494 1155 540; x_wconf 90' lang='lat' dir='ltr'><strong>est</strong></span> <span class='ocrx_word' id='word_1_16' title='bbox 1209 485 1438 541; x_wconf 89' lang='lat' dir='ltr'><strong>humiles</strong></span> <span class='ocrx_word' id='word_1_17' title='bbox 1484 502 1612 556; x_wconf 85' lang='lat' dir='ltr'><strong>erga</strong></span> <span class='ocrx_word' id='word_1_18' title='bbox 1642 486 1689 542; x_wconf 84' lang='lat' dir='ltr'><strong>A</strong></span> <span class='ocrx_word' id='word_1_19' title='bbox 1714 503 1962 558; x_wconf 80' lang='lat' dir='ltr'><strong>superius</strong></span> <span class='ocrx_word' id='word_1_20' title='bbox 1984 531 1998 552; x_wconf 91' lang='lat'><strong>,</strong></span> <span class='ocrx_word' id='word_1_21' title='bbox 2037 492 2312 546; x_wconf 83' lang='lat' dir='ltr'><strong>ambutant</strong></span> <span class='ocrx_word' id='word_1_22' title='bbox 2346 492 2399 545; x_wconf 87' lang='lat' dir='ltr'><strong>in</strong></span> <span class='ocrx_word' id='word_1_23' title='bbox 2431 493 2684 558; x_wconf 78' lang='lat' dir='ltr'><strong>circuitu,</strong></span> <span class='ocrx_word' id='word_1_24' title='bbox 2723 492 2774 550; x_wconf 87' lang='lat' dir='ltr'><strong>id</strong></span> <span class='ocrx_word' id='word_1_25' title='bbox 2805 502 2887 552; x_wconf 85' lang='lat' dir='ltr'><strong>est</strong></span> <span class='ocrx_word' id='word_1_26' title='bbox 2920 496 3122 557; x_wconf 76' lang='lat' dir='ltr'><strong>Similes</strong></span> <span class='ocrx_word' id='word_1_27' title='bbox 3176 512 3305 557; x_wconf 81' lang='lat' dir='ltr'><strong>sunt</strong></span> 
     </span>
    </p>
   </div>
   <div class='ocr_carea' id='block_1_4' title="bbox 78 573 1607 649">
    <p class='ocr_par' dir='ltr' id='par_1_4' title="bbox 78 573 1607 649">
     <span class='ocr_line' id='line_1_4' title="bbox 78 573 1607 649; baseline 0.003 -19"><span class='ocrx_word' id='word_1_28' title='bbox 78 591 166 634; x_wconf 86' lang='lat' dir='ltr'><strong>me.</strong></span> <span class='ocrx_word' id='word_1_29' title='bbox 194 573 320 629; x_wconf 89' lang='lat' dir='ltr'><strong>sicut</strong></span> <span class='ocrx_word' id='word_1_30' title='bbox 346 588 556 642; x_wconf 79' lang='lat' dir='ltr'><strong>pauper</strong></span> <span class='ocrx_word' id='word_1_31' title='bbox 580 589 706 643; x_wconf 85' lang='lat' dir='ltr'><strong>erga</strong></span> <span class='ocrx_word' id='word_1_32' title='bbox 737 574 980 629; x_wconf 86' lang='lat' dir='ltr'><strong>divitem.</strong></span> <span class='ocrx_word' id='word_1_33' title='bbox 1015 574 1082 628; x_wconf 89' lang='lat' dir='ltr'><strong>Et</strong></span> <span class='ocrx_word' id='word_1_34' title='bbox 1122 576 1242 632; x_wconf 88' lang='lat' dir='ltr'><strong>ideo</strong></span> <span class='ocrx_word' id='word_1_35' title='bbox 1282 591 1607 649; x_wconf 82' lang='lat' dir='ltr'><strong>exsurgam:</strong></span> 
     </span>
    </p>
   </div>
   <div class='ocr_carea' id='block_1_5' title="bbox 76 661 1611 737">
    <p class='ocr_par' dir='ltr' id='par_1_5' title="bbox 76 661 1611 737">
     <span class='ocr_line' id='line_1_5' title="bbox 76 661 1611 737; baseline 0.005 -18"><span class='ocrx_word' id='word_1_36' title='bbox 76 683 171 737; x_wconf 80' lang='lat' dir='ltr'><strong>quia</strong></span> <span class='ocrx_word' id='word_1_37' title='bbox 196 681 291 719; x_wconf 89' lang='lat' dir='ltr'><strong>non</strong></span> <span class='ocrx_word' id='word_1_38' title='bbox 319 676 583 719; x_wconf 87' lang='lat' dir='ltr'><strong>excusant</strong></span> <span class='ocrx_word' id='word_1_39' title='bbox 620 680 677 720; x_wconf 90' lang='lat' dir='ltr'><strong>se</strong></span> <span class='ocrx_word' id='word_1_40' title='bbox 706 661 770 720; x_wconf 86' lang='lat' dir='ltr'><strong>de</strong></span> <span class='ocrx_word' id='word_1_41' title='bbox 797 666 1010 721; x_wconf 81' lang='lat' dir='ltr'><strong>miseria</strong></span> <span class='ocrx_word' id='word_1_42' title='bbox 1042 682 1137 721; x_wconf 90' lang='lat' dir='ltr'><strong>sua</strong></span> <span class='ocrx_word' id='word_1_43' title='bbox 1170 678 1228 722; x_wconf 92' lang='lat' dir='ltr'><strong>nt</strong></span> <span class='ocrx_word' id='word_1_44' title='bbox 1262 670 1470 735; x_wconf 85' lang='lat' dir='ltr'><strong>Adam,</strong></span> <span class='ocrx_word' id='word_1_45' title='bbox 1515 673 1611 726; x_wconf 90' lang='lat' dir='ltr'><strong>sed</strong></span> 
     </span>
    </p>
   </div>
   <div class='ocr_carea' id='block_1_6' title="bbox 77 756 1611 828">
    <p class='ocr_par' dir='ltr' id='par_1_6' title="bbox 77 756 1611 828">
     <span class='ocr_line' id='line_1_6' title="bbox 77 756 1611 828; baseline 0.002 -16"><span class='ocrx_word' id='word_1_46' title='bbox 77 756 309 812; x_wconf 73' lang='lat' dir='ltr'><strong>humiliter</strong></span> <span class='ocrx_word' id='word_1_47' title='bbox 326 770 422 825; x_wconf 92' lang='lat' dir='ltr'><strong>pro</strong></span> <span class='ocrx_word' id='word_1_48' title='bbox 449 770 514 810; x_wconf 88' lang='lat' dir='ltr'><strong>ea</strong></span> <span class='ocrx_word' id='word_1_49' title='bbox 532 766 773 826; x_wconf 82' lang='lat' dir='ltr'><strong>gemunt.</strong></span> <span class='ocrx_word' id='word_1_50' title='bbox 803 756 865 810; x_wconf 82' lang='lat' dir='ltr'><strong>Et</strong></span> <span class='ocrx_word' id='word_1_51' title='bbox 882 759 1105 826; x_wconf 79' lang='lat' dir='ltr'><strong>exponit</strong></span> <span class='ocrx_word' id='word_1_52' title='bbox 1132 761 1401 828; x_wconf 87' lang='lat' dir='ltr'><strong>quomodo</strong></span> <span class='ocrx_word' id='word_1_53' title='bbox 1423 776 1611 815; x_wconf 84' lang='lat' dir='ltr'><strong>exsur-</strong></span> 
     </span>
    </p>
   </div>
   <div class='ocr_carea' id='block_1_7' title="bbox 76 850 1609 925">
    <p class='ocr_par' dir='ltr' id='par_1_7' title="bbox 76 850 1609 925">
     <span class='ocr_line' id='line_1_7' title="bbox 76 850 1609 925; baseline 0.005 -21"><span class='ocrx_word' id='word_1_54' title='bbox 76 860 156 922; x_wconf 74' lang='lat' dir='ltr'><strong>get.</strong></span> <span class='ocrx_word' id='word_1_55' title='bbox 185 851 300 904; x_wconf 84' lang='lat' dir='ltr'><strong>Dico</strong></span> <span class='ocrx_word' id='word_1_56' title='bbox 328 868 339 903; x_wconf 93' lang='lat'><strong>:</strong></span> <span class='ocrx_word' id='word_1_57' title='bbox 375 850 677 922; x_wconf 87' lang='lat' dir='ltr'><strong>Exsurgam</strong></span> <span class='ocrx_word' id='word_1_58' title='bbox 701 861 753 906; x_wconf 83' lang='lat' dir='ltr'><strong>et</strong></span> <span class='ocrx_word' id='word_1_59' title='bbox 780 853 909 907; x_wconf 91' lang='lat' dir='ltr'><strong>illud</strong></span> <span class='ocrx_word' id='word_1_60' title='bbox 931 867 1257 925; x_wconf 80' lang='lat' dir='ltr'><strong>exsurgere,</strong></span> <span class='ocrx_word' id='word_1_61' title='bbox 1295 857 1347 910; x_wconf 89' lang='lat' dir='ltr'><strong>id</strong></span> <span class='ocrx_word' id='word_1_62' title='bbox 1377 867 1460 911; x_wconf 82' lang='lat' dir='ltr'><strong>est</strong></span> <span class='ocrx_word' id='word_1_63' title='bbox 1484 858 1609 911; x_wconf 88' lang='lat' dir='ltr'><strong>illttd</strong></span> 
     </span>
    </p>
   </div>
   <div class='ocr_carea' id='block_1_8' title="bbox 75 942 1610 1013">
    <p class='ocr_par' dir='ltr' id='par_1_8' title="bbox 75 942 1610 1013">
     <span class='ocr_line' id='line_1_8' title="bbox 75 942 1610 1013; baseline 0.006 -16"><span class='ocrx_word' id='word_1_64' title='bbox 75 942 290 997; x_wconf 85' lang='lat' dir='ltr'><strong>auxilium</strong></span> <span class='ocrx_word' id='word_1_65' title='bbox 315 983 329 1005; x_wconf 88' lang='lat'><strong>,</strong></span> <span class='ocrx_word' id='word_1_66' title='bbox 355 959 547 1011; x_wconf 83' lang='lat' dir='ltr'><strong>ponam</strong></span> <span class='ocrx_word' id='word_1_67' title='bbox 578 946 632 998; x_wconf 86' lang='lat' dir='ltr'><strong>in</strong></span> <span class='ocrx_word' id='word_1_68' title='bbox 656 945 880 1000; x_wconf 84' lang='lat' dir='ltr'><strong>salutari</strong></span> <span class='ocrx_word' id='word_1_69' title='bbox 904 987 919 1013; x_wconf 91' lang='lat'><strong>,</strong></span> <span class='ocrx_word' id='word_1_70' title='bbox 953 948 1003 1001; x_wconf 91' lang='lat' dir='ltr'><strong>id</strong></span> <span class='ocrx_word' id='word_1_71' title='bbox 1030 959 1115 1002; x_wconf 90' lang='lat' dir='ltr'><strong>est</strong></span> <span class='ocrx_word' id='word_1_72' title='bbox 1144 950 1196 1004; x_wconf 94' lang='lat' dir='ltr'><strong>in</strong></span> <span class='ocrx_word' id='word_1_73' title='bbox 1228 949 1444 1006; x_wconf 80' lang='lat' dir='ltr'><strong>Christo</strong></span> <span class='ocrx_word' id='word_1_74' title='bbox 1474 952 1610 1006; x_wconf 86' lang='lat' dir='ltr'><strong>Filio</strong></span> 
     </span>
    </p>
   </div>
   <div class='ocr_carea' id='block_1_9' title="bbox 76 1035 1611 1111">
    <p class='ocr_par' dir='ltr' id='par_1_9' title="bbox 76 1035 1611 1111">
     <span class='ocr_line' id='line_1_9' title="bbox 76 1035 1611 1111; baseline 0.007 -22"><span class='ocrx_word' id='word_1_75' title='bbox 76 1052 187 1098; x_wconf 77' lang='lat' dir='ltr'><strong>uico,</strong></span> <span class='ocrx_word' id='word_1_76' title='bbox 218 1035 298 1103; x_wconf 86' lang='lat' dir='ltr'><strong>qui</strong></span> <span class='ocrx_word' id='word_1_77' title='bbox 328 1035 430 1089; x_wconf 91' lang='lat' dir='ltr'><strong>erit</strong></span> <span class='ocrx_word' id='word_1_78' title='bbox 458 1037 734 1103; x_wconf 86' lang='lat' dir='ltr'><strong>salutaris,</strong></span> <span class='ocrx_word' id='word_1_79' title='bbox 763 1038 817 1093; x_wconf 91' lang='lat' dir='ltr'><strong>id</strong></span> <span class='ocrx_word' id='word_1_80' title='bbox 845 1048 929 1093; x_wconf 91' lang='lat' dir='ltr'><strong>est</strong></span> <span class='ocrx_word' id='word_1_81' title='bbox 956 1040 1102 1096; x_wconf 87' lang='lat' dir='ltr'><strong>salus</strong></span> <span class='ocrx_word' id='word_1_82' title='bbox 1122 1058 1444 1111; x_wconf 79' lang='lat' dir='ltr'><strong>pauperum.</strong></span> <span class='ocrx_word' id='word_1_83' title='bbox 1471 1045 1611 1100; x_wconf 80' lang='lat' dir='ltr'><strong>sicut</strong></span> 
     </span>
    </p>
   </div>
   <div class='ocr_carea' id='block_1_10' title="bbox 74 1128 1609 1205">
    <p class='ocr_par' dir='ltr' id='par_1_10' title="bbox 74 1128 1609 1205">
     <span class='ocr_line' id='line_1_10' title="bbox 74 1128 1609 1205; baseline 0.006 -23"><span class='ocrx_word' id='word_1_84' title='bbox 74 1130 209 1183; x_wconf 82' lang='lat' dir='ltr'><strong>Isaias</strong></span> <span class='ocrx_word' id='word_1_85' title='bbox 236 1128 336 1182; x_wconf 86' lang='lat' dir='ltr'><strong>ait:</strong></span> <span class='ocrx_word' id='word_1_86' title='bbox 368 1147 387 1180; x_wconf 73' lang='grc' dir='ltr'>ί</span> <span class='ocrx_word' id='word_1_87' title='bbox 438 1128 559 1199; x_wconf 90' lang='lat' dir='ltr'><strong>Ipse</strong></span> <span class='ocrx_word' id='word_1_88' title='bbox 610 1130 818 1185; x_wconf 85' lang='lat' dir='ltr'><strong>salvum</strong></span> <span class='ocrx_word' id='word_1_89' title='bbox 854 1131 1017 1188; x_wconf 79' lang='lat' dir='ltr'><strong>faciet</strong></span> <span class='ocrx_word' id='word_1_90' title='bbox 1060 1136 1316 1205; x_wconf 88' lang='lat' dir='ltr'><strong>p0pulum</strong></span> <span class='ocrx_word' id='word_1_91' title='bbox 1369 1153 1525 1191; x_wconf 88' lang='lat' dir='ltr'><strong>suum</strong></span> <span class='ocrx_word' id='word_1_92' title='bbox 1578 1152 1609 1191; x_wconf 86' lang='lat' dir='ltr'><strong>a</strong></span> 
     </span>
    </p>
   </div>
   <div class='ocr_carea' id='block_1_11' title="bbox 71 1219 1610 1291">
    <p class='ocr_par' dir='ltr' id='par_1_11' title="bbox 71 1219 1610 1291">
     <span class='ocr_line' id='line_1_11' title="bbox 71 1219 1610 1291; baseline 0.005 -17"><span class='ocrx_word' id='word_1_93' title='bbox 71 1219 271 1291; x_wconf 82' lang='lat' dir='ltr'><strong>peccatis</strong></span> <span class='ocrx_word' id='word_1_94' title='bbox 287 1234 466 1273; x_wconf 90' lang='lat' dir='ltr'><strong>eorum</strong></span> <span class='ocrx_word' id='word_1_95' title='bbox 485 1219 701 1291; x_wconf 81' lang='lat' dir='ltr'><strong>(Matth.</strong></span> <span class='ocrx_word' id='word_1_96' title='bbox 723 1223 897 1291; x_wconf 76' lang='lat'><strong>1,21).</strong></span> <span class='ocrx_word' id='word_1_97' title='bbox 923 1244 942 1276; x_wconf 76' lang='grc' dir='ltr'><strong>ι</strong></span> <span class='ocrx_word' id='word_1_98' title='bbox 976 1223 1144 1281; x_wconf 88' lang='lat' dir='ltr'><strong>Dico:</strong></span> <span class='ocrx_word' id='word_1_99' title='bbox 1172 1224 1379 1280; x_wconf 88' lang='lat' dir='ltr'><strong>Ponam</strong></span> <span class='ocrx_word' id='word_1_100' title='bbox 1396 1228 1449 1281; x_wconf 89' lang='lat' dir='ltr'><strong>in</strong></span> <span class='ocrx_word' id='word_1_101' title='bbox 1472 1229 1610 1281; x_wconf 85' lang='lat' dir='ltr'><strong>salu-</strong></span> 
     </span>
    </p>
   </div>
   <div class='ocr_carea' id='block_1_12' title="bbox 71 1311 1610 1387">
    <p class='ocr_par' dir='ltr' id='par_1_12' title="bbox 71 1311 1610 1387">
     <span class='ocr_line' id='line_1_12' title="bbox 71 1311 1610 1387; baseline 0.003 -19"><span class='ocrx_word' id='word_1_102' title='bbox 71 1314 181 1368; x_wconf 78' lang='lat' dir='ltr'><strong>tari:</strong></span> <span class='ocrx_word' id='word_1_103' title='bbox 202 1323 249 1368; x_wconf 87' lang='lat' dir='ltr'><strong>et</strong></span> <span class='ocrx_word' id='word_1_104' title='bbox 266 1329 377 1368; x_wconf 86' lang='lat' dir='ltr'><strong>cum</strong></span> <span class='ocrx_word' id='word_1_105' title='bbox 390 1326 638 1381; x_wconf 86' lang='lat' dir='ltr'><strong>posuero,</strong></span> <span class='ocrx_word' id='word_1_106' title='bbox 656 1311 972 1379; x_wconf 73' lang='lat' dir='ltr'><strong>ﬁducialiter</strong></span> <span class='ocrx_word' id='word_1_107' title='bbox 983 1332 1134 1384; x_wconf 88' lang='lat' dir='ltr'><strong>agam</strong></span> <span class='ocrx_word' id='word_1_108' title='bbox 1159 1317 1211 1369; x_wconf 87' lang='lat' dir='ltr'><strong>in</strong></span> <span class='ocrx_word' id='word_1_109' title='bbox 1230 1332 1314 1379; x_wconf 83' lang='lat' dir='ltr'><strong>eo,</strong></span> <span class='ocrx_word' id='word_1_110' title='bbox 1343 1317 1395 1369; x_wconf 92' lang='lat' dir='ltr'><strong>id</strong></span> <span class='ocrx_word' id='word_1_111' title='bbox 1418 1326 1500 1370; x_wconf 81' lang='lat' dir='ltr'><strong>est</strong></span> <span class='ocrx_word' id='word_1_112' title='bbox 1515 1333 1610 1387; x_wconf 90' lang='lat' dir='ltr'><strong>per</strong></span> 
     </span>
    </p>
   </div>
   <div class='ocr_carea' id='block_1_13' title="bbox 70 1406 1607 1477">
    <p class='ocr_par' dir='ltr' id='par_1_13' title="bbox 70 1406 1607 1477">
     <span class='ocr_line' id='line_1_13' title="bbox 70 1406 1607 1477; baseline 0.001 -16"><span class='ocrx_word' id='word_1_113' title='bbox 70 1423 169 1462; x_wconf 87' lang='lat' dir='ltr'><strong>eum</strong></span> <span class='ocrx_word' id='word_1_114' title='bbox 198 1419 374 1460; x_wconf 87' lang='lat' dir='ltr'><strong>secure</strong></span> <span class='ocrx_word' id='word_1_115' title='bbox 404 1407 734 1459; x_wconf 87' lang='lat' dir='ltr'><strong>voluntatem</strong></span> <span class='ocrx_word' id='word_1_116' title='bbox 757 1420 933 1460; x_wconf 91' lang='lat' dir='ltr'><strong>meam</strong></span> <span class='ocrx_word' id='word_1_117' title='bbox 965 1409 1253 1477; x_wconf 88' lang='lat' dir='ltr'><strong>operabor.</strong></span> <span class='ocrx_word' id='word_1_118' title='bbox 1304 1406 1417 1462; x_wconf 87' lang='lat' dir='ltr'><strong>Non</strong></span> <span class='ocrx_word' id='word_1_119' title='bbox 1461 1409 1607 1463; x_wconf 88' lang='lat' dir='ltr'><strong>enim</strong></span> 
     </span>
    </p>
   </div>
   <div class='ocr_carea' id='block_1_14' title="bbox 70 1496 1611 1565">
    <p class='ocr_par' dir='ltr' id='par_1_14' title="bbox 70 1496 1611 1565">
     <span class='ocr_line' id='line_1_14' title="bbox 70 1496 1611 1565; baseline 0 -11"><span class='ocrx_word' id='word_1_120' title='bbox 70 1500 250 1554; x_wconf 77' lang='lat' dir='ltr'><strong>deﬁciet</strong></span> <span class='ocrx_word' id='word_1_121' title='bbox 271 1498 406 1553; x_wconf 90' lang='lat' dir='ltr'><strong>sicut</strong></span> <span class='ocrx_word' id='word_1_122' title='bbox 429 1498 603 1552; x_wconf 85' lang='lat' dir='ltr'><strong>Adam</strong></span> <span class='ocrx_word' id='word_1_123' title='bbox 628 1496 846 1552; x_wconf 84' lang='lat' dir='ltr'><strong>defecit.</strong></span> <span class='ocrx_word' id='word_1_124' title='bbox 872 1498 939 1553; x_wconf 88' lang='lat' dir='ltr'><strong>Et</strong></span> <span class='ocrx_word' id='word_1_125' title='bbox 954 1515 1060 1553; x_wconf 89' lang='lat' dir='ltr'><strong>non</strong></span> <span class='ocrx_word' id='word_1_126' title='bbox 1088 1500 1139 1552; x_wconf 91' lang='lat' dir='ltr'><strong>in</strong></span> <span class='ocrx_word' id='word_1_127' title='bbox 1157 1515 1221 1553; x_wconf 83' lang='lat' dir='ltr'><strong>eo</strong></span> <span class='ocrx_word' id='word_1_128' title='bbox 1250 1500 1386 1565; x_wconf 88' lang='lat' dir='ltr'><strong>solo,</strong></span> <span class='ocrx_word' id='word_1_129' title='bbox 1434 1501 1527 1556; x_wconf 91' lang='lat' dir='ltr'><strong>sed</strong></span> <span class='ocrx_word' id='word_1_130' title='bbox 1555 1509 1611 1555; x_wconf 90' lang='lat' dir='ltr'><strong>et</strong></span> 
     </span>
    </p>
   </div>
   <div class='ocr_carea' id='block_1_15' title="bbox 70 1589 1608 1663">
    <p class='ocr_par' dir='ltr' id='par_1_15' title="bbox 70 1589 1608 1663">
     <span class='ocr_line' id='line_1_15' title="bbox 70 1589 1608 1663; baseline 0 -16"><span class='ocrx_word' id='word_1_131' title='bbox 70 1596 108 1647; x_wconf 92' lang='lat' dir='ltr'><strong>in</strong></span> <span class='ocrx_word' id='word_1_132' title='bbox 124 1590 544 1661; x_wconf 67' lang='lat' dir='ltr'><strong>praedicatoribus</strong></span> <span class='ocrx_word' id='word_1_133' title='bbox 562 1589 680 1659; x_wconf 75' lang='lat' dir='ltr'><strong>ejus</strong></span> <span class='ocrx_word' id='word_1_134' title='bbox 699 1589 1019 1645; x_wconf 83' lang='lat' dir='ltr'><strong>ﬁducialitcr</strong></span> <span class='ocrx_word' id='word_1_135' title='bbox 1040 1606 1215 1661; x_wconf 78' lang='lat' dir='ltr'><strong>agam.</strong></span> <span class='ocrx_word' id='word_1_136' title='bbox 1248 1592 1377 1645; x_wconf 81' lang='lat' dir='ltr'><strong>Nam</strong></span> <span class='ocrx_word' id='word_1_137' title='bbox 1401 1592 1608 1663; x_wconf 77' lang='lat' dir='ltr'><strong>eloquia</strong></span> 
     </span>
    </p>
   </div>
   <div class='ocr_carea' id='block_1_16' title="bbox 71 1680 1605 1756">
    <p class='ocr_par' dir='ltr' id='par_1_16' title="bbox 71 1680 1605 1756">
     <span class='ocr_line' id='line_1_16' title="bbox 71 1680 1605 1756; baseline 0.003 -20"><span class='ocrx_word' id='word_1_138' title='bbox 71 1682 276 1744; x_wconf 80' lang='lat' dir='ltr'><strong>Domini,</strong></span> <span class='ocrx_word' id='word_1_139' title='bbox 302 1682 351 1735; x_wconf 88' lang='lat' dir='ltr'><strong>id</strong></span> <span class='ocrx_word' id='word_1_140' title='bbox 373 1688 459 1734; x_wconf 91' lang='lat' dir='ltr'><strong>est</strong></span> <span class='ocrx_word' id='word_1_141' title='bbox 488 1681 849 1750; x_wconf 83' lang='lat' dir='ltr'><strong>praedicantes</strong></span> <span class='ocrx_word' id='word_1_142' title='bbox 866 1680 1078 1752; x_wconf 84' lang='lat' dir='ltr'><strong>eloquia</strong></span> <span class='ocrx_word' id='word_1_143' title='bbox 1104 1683 1224 1739; x_wconf 83' lang='lat' dir='ltr'><strong>Filii</strong></span> <span class='ocrx_word' id='word_1_144' title='bbox 1254 1685 1356 1740; x_wconf 91' lang='lat' dir='ltr'><strong>mei</strong></span> <span class='ocrx_word' id='word_1_145' title='bbox 1381 1726 1396 1749; x_wconf 92' lang='lat'><strong>,</strong></span> <span class='ocrx_word' id='word_1_146' title='bbox 1445 1700 1605 1756; x_wconf 88' lang='lat' dir='ltr'><strong>quem</strong></span> 
     </span>
    </p>
   </div>
   <div class='ocr_carea' id='block_1_17' title="bbox 68 1774 1605 1846">
    <p class='ocr_par' dir='ltr' id='par_1_17' title="bbox 68 1774 1605 1846">
     <span class='ocr_line' id='line_1_17' title="bbox 68 1774 1605 1846; baseline 0.003 -18"><span class='ocrx_word' id='word_1_147' title='bbox 68 1792 142 1844; x_wconf 79' lang='lat' dir='ltr'><strong>ego</strong></span> <span class='ocrx_word' id='word_1_148' title='bbox 191 1774 458 1829; x_wconf 89' lang='lat' dir='ltr'><strong>Dominum</strong></span> <span class='ocrx_word' id='word_1_149' title='bbox 512 1774 565 1828; x_wconf 90' lang='lat' dir='ltr'><strong>iu</strong></span> <span class='ocrx_word' id='word_1_150' title='bbox 624 1776 785 1828; x_wconf 81' lang='lat' dir='ltr'><strong>rebus</strong></span> <span class='ocrx_word' id='word_1_151' title='bbox 822 1776 1183 1841; x_wconf 78' lang='lat' dir='ltr'><strong>constituam,</strong></span> <span class='ocrx_word' id='word_1_152' title='bbox 1238 1786 1364 1831; x_wconf 84' lang='lat' dir='ltr'><strong>sunt</strong></span> <span class='ocrx_word' id='word_1_153' title='bbox 1402 1778 1605 1846; x_wconf 85' lang='lat' dir='ltr'><strong>eloquia</strong></span> 
     </span>
    </p>
   </div>
   <div class='ocr_carea' id='block_1_18' title="bbox 66 1863 1611 1935">
    <p class='ocr_par' dir='ltr' id='par_1_18' title="bbox 66 1863 1611 1935">
     <span class='ocr_line' id='line_1_18' title="bbox 66 1863 1611 1935; baseline 0 -15"><span class='ocrx_word' id='word_1_154' title='bbox 66 1877 224 1931; x_wconf 79' lang='lat' dir='ltr'><strong>casta,</strong></span> <span class='ocrx_word' id='word_1_155' title='bbox 276 1864 325 1919; x_wconf 90' lang='lat' dir='ltr'><strong>id</strong></span> <span class='ocrx_word' id='word_1_156' title='bbox 370 1874 456 1919; x_wconf 91' lang='lat' dir='ltr'><strong>est</strong></span> <span class='ocrx_word' id='word_1_157' title='bbox 500 1863 646 1919; x_wconf 88' lang='lat' dir='ltr'><strong>nulla</strong></span> <span class='ocrx_word' id='word_1_158' title='bbox 696 1864 933 1920; x_wconf 80' lang='lat' dir='ltr'><strong>falsitate</strong></span> <span class='ocrx_word' id='word_1_159' title='bbox 992 1876 1248 1935; x_wconf 77' lang='lat' dir='ltr'><strong>corrupta</strong></span> <span class='ocrx_word' id='word_1_160' title='bbox 1293 1883 1306 1919; x_wconf 92' lang='lat'><strong>:</strong></span> <span class='ocrx_word' id='word_1_161' title='bbox 1384 1882 1415 1920; x_wconf 88' lang='lat' dir='ltr'><strong>a</strong></span> <span class='ocrx_word' id='word_1_162' title='bbox 1460 1868 1611 1921; x_wconf 89' lang='lat' dir='ltr'><strong>simi-</strong></span> 
     </span>
    </p>
   </div>
   <div class='ocr_carea' id='block_1_19' title="bbox 69 1956 1609 2027">
    <p class='ocr_par' dir='ltr' id='par_1_19' title="bbox 69 1956 1609 2027">
     <span class='ocr_line' id='line_1_19' title="bbox 69 1956 1609 2027; baseline 0 -14"><span class='ocrx_word' id='word_1_163' title='bbox 69 1959 255 2013; x_wconf 87' lang='lat' dir='ltr'><strong>litudine</strong></span> <span class='ocrx_word' id='word_1_164' title='bbox 300 1956 543 2027; x_wconf 76' lang='lat' dir='ltr'><strong>virginis,</strong></span> <span class='ocrx_word' id='word_1_165' title='bbox 586 1973 709 2027; x_wconf 75' lang='lat' dir='ltr'><strong>qua:</strong></span> <span class='ocrx_word' id='word_1_166' title='bbox 748 1958 945 2013; x_wconf 90' lang='lat' dir='ltr'><strong>dicitur</strong></span> <span class='ocrx_word' id='word_1_167' title='bbox 974 1967 1157 2021; x_wconf 86' lang='lat' dir='ltr'><strong>casta,</strong></span> <span class='ocrx_word' id='word_1_168' title='bbox 1197 1973 1318 2012; x_wconf 88' lang='lat' dir='ltr'><strong>cum</strong></span> <span class='ocrx_word' id='word_1_169' title='bbox 1369 1960 1609 2013; x_wconf 90' lang='lat' dir='ltr'><strong>nondum</strong></span> 
     </span>
    </p>
   </div>
   <div class='ocr_carea' id='block_1_20' title="bbox 68 2045 1613 2118">
    <p class='ocr_par' dir='ltr' id='par_1_20' title="bbox 68 2045 1613 2118">
     <span class='ocr_line' id='line_1_20' title="bbox 68 2045 1613 2118; baseline 0.002 -15"><span class='ocrx_word' id='word_1_170' title='bbox 68 2051 122 2103; x_wconf 78' lang='lat' dir='ltr'><strong>sit</strong></span> <span class='ocrx_word' id='word_1_171' title='bbox 148 2046 275 2102; x_wconf 86' lang='lat' dir='ltr'><strong>virili</strong></span> <span class='ocrx_word' id='word_1_172' title='bbox 320 2045 440 2101; x_wconf 83' lang='lat' dir='ltr'><strong>labe</strong></span> <span class='ocrx_word' id='word_1_173' title='bbox 487 2057 764 2118; x_wconf 85' lang='lat' dir='ltr'><strong>corrupta.</strong></span> <span class='ocrx_word' id='word_1_174' title='bbox 823 2048 893 2105; x_wconf 86' lang='lat' dir='ltr'><strong>Et</strong></span> <span class='ocrx_word' id='word_1_175' title='bbox 935 2057 1064 2104; x_wconf 81' lang='lat' dir='ltr'><strong>sunt</strong></span> <span class='ocrx_word' id='word_1_176' title='bbox 1093 2058 1401 2118; x_wconf 79' lang='lat' dir='ltr'><strong>argentum,</strong></span> <span class='ocrx_word' id='word_1_177' title='bbox 1443 2050 1495 2105; x_wconf 88' lang='lat' dir='ltr'><strong>id</strong></span> <span class='ocrx_word' id='word_1_178' title='bbox 1527 2058 1613 2106; x_wconf 91' lang='lat' dir='ltr'><strong>est</strong></span> 
     </span>
    </p>
   </div>
   <div class='ocr_carea' id='block_1_21' title="bbox 69 2140 1608 2212">
    <p class='ocr_par' dir='ltr' id='par_1_21' title="bbox 69 2140 1608 2212">
     <span class='ocr_line' id='line_1_21' title="bbox 69 2140 1608 2212; baseline 0.003 -19"><span class='ocrx_word' id='word_1_179' title='bbox 69 2142 266 2195; x_wconf 83' lang='lat' dir='ltr'><strong>nitentes</strong></span> <span class='ocrx_word' id='word_1_180' title='bbox 312 2140 364 2195; x_wconf 90' lang='lat' dir='ltr'><strong>in</strong></span> <span class='ocrx_word' id='word_1_181' title='bbox 420 2141 804 2211; x_wconf 68' lang='lat' dir='ltr'><strong>praedicatione</strong></span> <span class='ocrx_word' id='word_1_182' title='bbox 858 2141 997 2197; x_wconf 87' lang='lat' dir='ltr'><strong>sicut</strong></span> <span class='ocrx_word' id='word_1_183' title='bbox 1050 2151 1333 2212; x_wconf 81' lang='lat' dir='ltr'><strong>argentum</strong></span> <span class='ocrx_word' id='word_1_184' title='bbox 1379 2144 1608 2199; x_wconf 90' lang='lat' dir='ltr'><strong>nitidum</strong></span> 
     </span>
    </p>
   </div>
   <div class='ocr_carea' id='block_1_22' title="bbox 67 2231 1608 2303">
    <p class='ocr_par' dir='ltr' id='par_1_22' title="bbox 67 2231 1608 2303">
     <span class='ocr_line' id='line_1_22' title="bbox 67 2231 1608 2303; baseline 0.001 -13"><span class='ocrx_word' id='word_1_185' title='bbox 67 2244 149 2290; x_wconf 83' lang='lat' dir='ltr'><strong>est.</strong></span> <span class='ocrx_word' id='word_1_186' title='bbox 170 2231 260 2288; x_wconf 82' lang='lat' dir='ltr'><strong>Vel</strong></span> <span class='ocrx_word' id='word_1_187' title='bbox 280 2243 574 2303; x_wconf 80' lang='lat' dir='ltr'><strong>argentum,</strong></span> <span class='ocrx_word' id='word_1_188' title='bbox 599 2234 651 2289; x_wconf 89' lang='lat' dir='ltr'><strong>id</strong></span> <span class='ocrx_word' id='word_1_189' title='bbox 675 2243 759 2291; x_wconf 88' lang='lat' dir='ltr'><strong>est</strong></span> <span class='ocrx_word' id='word_1_190' title='bbox 785 2235 923 2291; x_wconf 83' lang='lat' dir='ltr'><strong>bene</strong></span> <span class='ocrx_word' id='word_1_191' title='bbox 946 2244 1266 2292; x_wconf 82' lang='lat' dir='ltr'><strong>resonantes</strong></span> <span class='ocrx_word' id='word_1_192' title='bbox 1293 2237 1344 2291; x_wconf 91' lang='lat' dir='ltr'><strong>in</strong></span> <span class='ocrx_word' id='word_1_193' title='bbox 1362 2237 1608 2291; x_wconf 77' lang='lat' dir='ltr'><strong>doctrina</strong></span> 
     </span>
    </p>
   </div>
   <div class='ocr_carea' id='block_1_23' title="bbox 67 2326 1609 2396">
    <p class='ocr_par' dir='ltr' id='par_1_23' title="bbox 67 2326 1609 2396">
     <span class='ocr_line' id='line_1_23' title="bbox 67 2326 1609 2396; baseline 0.001 -17"><span class='ocrx_word' id='word_1_194' title='bbox 67 2341 176 2389; x_wconf 85' lang='lat' dir='ltr'><strong>sua,</strong></span> <span class='ocrx_word' id='word_1_195' title='bbox 212 2326 342 2381; x_wconf 86' lang='lat' dir='ltr'><strong>sicut</strong></span> <span class='ocrx_word' id='word_1_196' title='bbox 379 2334 671 2396; x_wconf 90' lang='lat' dir='ltr'><strong>argentum</strong></span> <span class='ocrx_word' id='word_1_197' title='bbox 724 2339 836 2395; x_wconf 73' lang='lat' dir='ltr'><strong>pra:</strong></span> <span class='ocrx_word' id='word_1_198' title='bbox 892 2327 1104 2381; x_wconf 62' lang='lat' dir='ltr'><strong>caeteris</strong></span> <span class='ocrx_word' id='word_1_199' title='bbox 1152 2326 1385 2381; x_wconf 77' lang='lat' dir='ltr'><strong>metallis</strong></span> <span class='ocrx_word' id='word_1_200' title='bbox 1431 2328 1609 2381; x_wconf 87' lang='lat' dir='ltr'><strong>omni-</strong></span> 
     </span>
    </p>
   </div>
   <div class='ocr_carea' id='block_1_24' title="bbox 66 2416 1607 2489">
    <p class='ocr_par' dir='ltr' id='par_1_24' title="bbox 66 2416 1607 2489">
     <span class='ocr_line' id='line_1_24' title="bbox 66 2416 1607 2489; baseline 0.001 -16"><span class='ocrx_word' id='word_1_201' title='bbox 66 2420 145 2473; x_wconf 87' lang='lat' dir='ltr'><strong>bus</strong></span> <span class='ocrx_word' id='word_1_202' title='bbox 165 2418 297 2472; x_wconf 85' lang='lat' dir='ltr'><strong>clare</strong></span> <span class='ocrx_word' id='word_1_203' title='bbox 316 2424 555 2473; x_wconf 83' lang='lat' dir='ltr'><strong>resonat.</strong></span> <span class='ocrx_word' id='word_1_204' title='bbox 594 2416 881 2489; x_wconf 79' lang='lat' dir='ltr'><strong>Argentum</strong></span> <span class='ocrx_word' id='word_1_205' title='bbox 911 2418 1031 2473; x_wconf 84' lang='lat' dir='ltr'><strong>dico</strong></span> <span class='ocrx_word' id='word_1_206' title='bbox 1060 2418 1417 2473; x_wconf 68' lang='lat' dir='ltr'><strong>examinatum</strong></span> <span class='ocrx_word' id='word_1_207' title='bbox 1446 2420 1564 2489; x_wconf 85' lang='lat' dir='ltr'><strong>igne</strong></span> <span class='ocrx_word' id='word_1_208' title='bbox 1591 2459 1607 2485; x_wconf 92' lang='lat'><strong>,</strong></span> 
     </span>
    </p>
   </div>
   <div class='ocr_carea' id='block_1_25' title="bbox 66 2506 1610 2579">
    <p class='ocr_par' dir='ltr' id='par_1_25' title="bbox 66 2506 1610 2579">
     <span class='ocr_line' id='line_1_25' title="bbox 66 2506 1610 2579; baseline 0.003 -19"><span class='ocrx_word' id='word_1_209' title='bbox 66 2507 107 2560; x_wconf 84' lang='lat' dir='ltr'><strong>id</strong></span> <span class='ocrx_word' id='word_1_210' title='bbox 145 2508 523 2576; x_wconf 87' lang='lat' dir='ltr'><strong>cstprobatum</strong></span> <span class='ocrx_word' id='word_1_211' title='bbox 555 2516 747 2563; x_wconf 89' lang='lat' dir='ltr'><strong>sancto</strong></span> <span class='ocrx_word' id='word_1_212' title='bbox 796 2506 1037 2577; x_wconf 86' lang='lat' dir='ltr'><strong>Spiritu,</strong></span> <span class='ocrx_word' id='word_1_213' title='bbox 1100 2508 1190 2577; x_wconf 87' lang='lat' dir='ltr'><strong>qni</strong></span> <span class='ocrx_word' id='word_1_214' title='bbox 1240 2507 1365 2579; x_wconf 84' lang='lat' dir='ltr'><strong>jure</strong></span> <span class='ocrx_word' id='word_1_215' title='bbox 1412 2510 1610 2564; x_wconf 90' lang='lat' dir='ltr'><strong>dicitur</strong></span> 
     </span>
    </p>
   </div>
   <div class='ocr_carea' id='block_1_26' title="bbox 66 2597 1609 2669">
    <p class='ocr_par' dir='ltr' id='par_1_26' title="bbox 66 2597 1609 2669">
     <span class='ocr_line' id='line_1_26' title="bbox 66 2597 1609 2669; baseline 0.003 -18"><span class='ocrx_word' id='word_1_216' title='bbox 66 2598 209 2667; x_wconf 80' lang='lat' dir='ltr'><strong>ignis,</strong></span> <span class='ocrx_word' id='word_1_217' title='bbox 245 2599 468 2669; x_wconf 89' lang='lat' dir='ltr'><strong>eoquod</strong></span> <span class='ocrx_word' id='word_1_218' title='bbox 500 2606 718 2669; x_wconf 80' lang='lat' dir='ltr'><strong>pectora</strong></span> <span class='ocrx_word' id='word_1_219' title='bbox 758 2598 992 2653; x_wconf 85' lang='lat' dir='ltr'><strong>fidelium</strong></span> <span class='ocrx_word' id='word_1_220' title='bbox 1042 2597 1425 2654; x_wconf 83' lang='lat' dir='ltr'><strong>inflammando</strong></span> <span class='ocrx_word' id='word_1_221' title='bbox 1452 2640 1467 2665; x_wconf 92' lang='lat'><strong>,</strong></span> <span class='ocrx_word' id='word_1_222' title='bbox 1503 2598 1609 2656; x_wconf 87' lang='lat' dir='ltr'><strong>fide</strong></span> 
     </span>
    </p>
   </div>
   <div class='ocr_carea' id='block_1_27' title="bbox 63 2688 1604 2758">
    <p class='ocr_par' dir='ltr' id='par_1_27' title="bbox 63 2688 1604 2758">
     <span class='ocr_line' id='line_1_27' title="bbox 63 2688 1604 2758; baseline 0.003 -15"><span class='ocrx_word' id='word_1_223' title='bbox 63 2692 370 2745; x_wconf 80' lang='lat' dir='ltr'><strong>etcharitate</strong></span> <span class='ocrx_word' id='word_1_224' title='bbox 399 2691 648 2746; x_wconf 83' lang='lat' dir='ltr'><strong>ardentia</strong></span> <span class='ocrx_word' id='word_1_225' title='bbox 680 2688 809 2744; x_wconf 90' lang='lat' dir='ltr'><strong>facit</strong></span> <span class='ocrx_word' id='word_1_226' title='bbox 836 2706 851 2754; x_wconf 89' lang='lat'><strong>;</strong></span> <span class='ocrx_word' id='word_1_227' title='bbox 874 2689 1030 2758; x_wconf 83' lang='lat' dir='ltr'><strong>juxta</strong></span> <span class='ocrx_word' id='word_1_228' title='bbox 1064 2689 1191 2743; x_wconf 89' lang='lat' dir='ltr'><strong>illud</strong></span> <span class='ocrx_word' id='word_1_229' title='bbox 1221 2690 1559 2745; x_wconf 91' lang='lat' dir='ltr'><strong>Dominicum</strong></span> <span class='ocrx_word' id='word_1_230' title='bbox 1589 2710 1604 2747; x_wconf 91' lang='lat'><strong>:</strong></span> 
     </span>
    </p>
   </div>
   <div class='ocr_carea' id='block_1_28' title="bbox 69 2779 1609 2851">
    <p class='ocr_par' dir='ltr' id='par_1_28' title="bbox 69 2779 1609 2851">
     <span class='ocr_line' id='line_1_28' title="bbox 69 2779 1609 2851; baseline 0.003 -20"><span class='ocrx_word' id='word_1_231' title='bbox 69 2799 84 2831; x_wconf 85' lang='lat' dir='ltr'><strong>t</strong></span> <span class='ocrx_word' id='word_1_232' title='bbox 110 2780 270 2851; x_wconf 83' lang='lat' dir='ltr'><strong>Ignem</strong></span> <span class='ocrx_word' id='word_1_233' title='bbox 295 2780 412 2835; x_wconf 82' lang='lat' dir='ltr'><strong>veni</strong></span> <span class='ocrx_word' id='word_1_234' title='bbox 448 2781 665 2836; x_wconf 88' lang='lat' dir='ltr'><strong>mittere</strong></span> <span class='ocrx_word' id='word_1_235' title='bbox 693 2780 746 2835; x_wconf 91' lang='lat' dir='ltr'><strong>in</strong></span> <span class='ocrx_word' id='word_1_236' title='bbox 791 2789 991 2836; x_wconf 88' lang='lat' dir='ltr'><strong>terram</strong></span> <span class='ocrx_word' id='word_1_237' title='bbox 1013 2820 1028 2844; x_wconf 94' lang='lat'><strong>,</strong></span> <span class='ocrx_word' id='word_1_238' title='bbox 1067 2789 1122 2834; x_wconf 86' lang='lat' dir='ltr'><strong>et</strong></span> <span class='ocrx_word' id='word_1_239' title='bbox 1156 2780 1282 2848; x_wconf 89' lang='lat' dir='ltr'><strong>quid</strong></span> <span class='ocrx_word' id='word_1_240' title='bbox 1314 2779 1436 2835; x_wconf 90' lang='lat' dir='ltr'><strong>volo</strong></span> <span class='ocrx_word' id='word_1_241' title='bbox 1459 2779 1609 2835; x_wconf 86' lang='lat' dir='ltr'><strong>aliud</strong></span> 
     </span>
    </p>
   </div>
   <div class='ocr_carea' id='block_1_29' title="bbox 62 2869 1608 2941">
    <p class='ocr_par' dir='ltr' id='par_1_29' title="bbox 62 2869 1608 2941">
     <span class='ocr_line' id='line_1_29' title="bbox 62 2869 1608 2941; baseline 0 -18"><span class='ocrx_word' id='word_1_242' title='bbox 62 2872 143 2925; x_wconf 90' lang='lat' dir='ltr'><strong>nisi</strong></span> <span class='ocrx_word' id='word_1_243' title='bbox 177 2880 228 2925; x_wconf 91' lang='lat' dir='ltr'><strong>ut</strong></span> <span class='ocrx_word' id='word_1_244' title='bbox 262 2872 482 2926; x_wconf 83' lang='lat' dir='ltr'><strong>ardeat?</strong></span> <span class='ocrx_word' id='word_1_245' title='bbox 506 2870 659 2941; x_wconf 80' lang='lat' dir='ltr'><strong>(Luc.</strong></span> <span class='ocrx_word' id='word_1_246' title='bbox 689 2886 796 2935; x_wconf 81' lang='lat' dir='ltr'><strong>xu,</strong></span> <span class='ocrx_word' id='word_1_247' title='bbox 824 2870 940 2941; x_wconf 68' lang='lat' dir='ltr'><strong>t9.)</strong></span> <span class='ocrx_word' id='word_1_248' title='bbox 970 2888 987 2920; x_wconf 79' lang='grc' dir='ltr'><strong>ι</strong></span> <span class='ocrx_word' id='word_1_249' title='bbox 1024 2870 1090 2924; x_wconf 81' lang='lat' dir='ltr'><strong>Et</strong></span> <span class='ocrx_word' id='word_1_250' title='bbox 1112 2869 1332 2939; x_wconf 77' lang='lat' dir='ltr'><strong>exponit</strong></span> <span class='ocrx_word' id='word_1_251' title='bbox 1360 2869 1502 2925; x_wconf 90' lang='lat' dir='ltr'><strong>unde</strong></span> <span class='ocrx_word' id='word_1_252' title='bbox 1536 2869 1608 2924; x_wconf 85' lang='lat' dir='ltr'><strong>sit</strong></span> 
     </span>
    </p>
   </div>
   <div class='ocr_carea' id='block_1_30' title="bbox 61 2960 1609 3030">
    <p class='ocr_par' dir='ltr' id='par_1_30' title="bbox 61 2960 1609 3030">
     <span class='ocr_line' id='line_1_30' title="bbox 61 2960 1609 3030; baseline 0.002 -16"><span class='ocrx_word' id='word_1_253' title='bbox 61 2963 429 3027; x_wconf 77' lang='lat' dir='ltr'><strong>examinatum,</strong></span> <span class='ocrx_word' id='word_1_254' title='bbox 478 2964 601 3018; x_wconf 91' lang='lat' dir='ltr'><strong>sic:</strong></span> <span class='ocrx_word' id='word_1_255' title='bbox 638 2962 765 3018; x_wconf 88' lang='lat' dir='ltr'><strong>Dico</strong></span> <span class='ocrx_word' id='word_1_256' title='bbox 793 2960 1152 3016; x_wconf 75' lang='lat' dir='ltr'><strong>examinatum</strong></span> <span class='ocrx_word' id='word_1_257' title='bbox 1197 2960 1346 3030; x_wconf 83' lang='lat' dir='ltr'><strong>igne,</strong></span> <span class='ocrx_word' id='word_1_258' title='bbox 1402 2960 1609 3017; x_wconf 82' lang='lat' dir='ltr'><strong>scilicet</strong></span> 
     </span>
    </p>
   </div>
   <div class='ocr_carea' id='block_1_31' title="bbox 58 3053 1605 3123">
    <p class='ocr_par' dir='ltr' id='par_1_31' title="bbox 58 3053 1605 3123">
     <span class='ocr_line' id='line_1_31' title="bbox 58 3053 1605 3123; baseline 0.003 -20"><span class='ocrx_word' id='word_1_259' title='bbox 58 3053 295 3119; x_wconf 79' lang='lat' dir='ltr'><strong>probatum</strong></span> <span class='ocrx_word' id='word_1_260' title='bbox 330 3064 517 3118; x_wconf 76' lang='lat' dir='ltr'><strong>term,</strong></span> <span class='ocrx_word' id='word_1_261' title='bbox 574 3053 629 3108; x_wconf 89' lang='lat' dir='ltr'><strong>id</strong></span> <span class='ocrx_word' id='word_1_262' title='bbox 681 3062 768 3108; x_wconf 86' lang='lat' dir='ltr'><strong>est</strong></span> <span class='ocrx_word' id='word_1_263' title='bbox 808 3053 1093 3123; x_wconf 87' lang='lat' dir='ltr'><strong>probatum</strong></span> <span class='ocrx_word' id='word_1_264' title='bbox 1146 3060 1198 3107; x_wconf 90' lang='lat' dir='ltr'><strong>et</strong></span> <span class='ocrx_word' id='word_1_265' title='bbox 1240 3059 1527 3123; x_wconf 80' lang='lat' dir='ltr'><strong>purgatum</strong></span> <span class='ocrx_word' id='word_1_266' title='bbox 1574 3067 1605 3107; x_wconf 94' lang='lat' dir='ltr'><strong>a</strong></span> 
     </span>
    </p>
   </div>
   <div class='ocr_carea' id='block_1_32' title="bbox 61 3142 1675 3233">
    <p class='ocr_par' dir='ltr' id='par_1_32' title="bbox 61 3142 1675 3233">
     <span class='ocr_line' id='line_1_32' title="bbox 61 3142 1675 3233; baseline 0.002 -36"><span class='ocrx_word' id='word_1_267' title='bbox 61 3155 209 3209; x_wconf 83' lang='lat' dir='ltr'><strong>terra,</strong></span> <span class='ocrx_word' id='word_1_268' title='bbox 249 3145 298 3199; x_wconf 91' lang='lat' dir='ltr'><strong>id</strong></span> <span class='ocrx_word' id='word_1_269' title='bbox 344 3154 429 3201; x_wconf 87' lang='lat' dir='ltr'><strong>est</strong></span> <span class='ocrx_word' id='word_1_270' title='bbox 466 3146 536 3199; x_wconf 87' lang='lat' dir='ltr'><strong>ab</strong></span> <span class='ocrx_word' id='word_1_271' title='bbox 590 3144 738 3199; x_wconf 91' lang='lat' dir='ltr'><strong>omni</strong></span> <span class='ocrx_word' id='word_1_272' title='bbox 772 3155 986 3199; x_wconf 86' lang='lat' dir='ltr'><strong>terrena</strong></span> <span class='ocrx_word' id='word_1_273' title='bbox 1048 3142 1227 3198; x_wconf 87' lang='lat' dir='ltr'><strong>sorde.</strong></span> <span class='ocrx_word' id='word_1_274' title='bbox 1274 3142 1341 3197; x_wconf 81' lang='lat' dir='ltr'><strong>Et</strong></span> <span class='ocrx_word' id='word_1_275' title='bbox 1385 3144 1675 3233; x_wconf 72' lang='lat' dir='ltr'><strong>exponitc</strong></span> 
     </span>
    </p>
   </div>
   <div class='ocr_carea' id='block_1_33' title="bbox 58 3232 1604 3307">
    <p class='ocr_par' dir='ltr' id='par_1_33' title="bbox 58 3232 1604 3307">
     <span class='ocr_line' id='line_1_33' title="bbox 58 3232 1604 3307; baseline -0.001 -16"><span class='ocrx_word' id='word_1_276' title='bbox 58 3237 292 3303; x_wconf 87' lang='lat' dir='ltr'><strong>quomodo</strong></span> <span class='ocrx_word' id='word_1_277' title='bbox 317 3252 416 3307; x_wconf 88' lang='lat' dir='ltr'><strong>per</strong></span> <span class='ocrx_word' id='word_1_278' title='bbox 438 3236 625 3306; x_wconf 90' lang='lat' dir='ltr'><strong>ignem.</strong></span> <span class='ocrx_word' id='word_1_279' title='bbox 651 3236 724 3290; x_wconf 87' lang='lat' dir='ltr'><strong>sit</strong></span> <span class='ocrx_word' id='word_1_280' title='bbox 747 3236 1032 3306; x_wconf 88' lang='lat' dir='ltr'><strong>probatum</strong></span> <span class='ocrx_word' id='word_1_281' title='bbox 1048 3272 1063 3298; x_wconf 90' lang='lat'><strong>,</strong></span> <span class='ocrx_word' id='word_1_282' title='bbox 1089 3232 1299 3290; x_wconf 90' lang='lat' dir='ltr'><strong>scilicet</strong></span> <span class='ocrx_word' id='word_1_283' title='bbox 1318 3246 1604 3304; x_wconf 84' lang='lat' dir='ltr'><strong>purgatum</strong></span> 
     </span>
    </p>
   </div>
   <div class='ocr_carea' id='block_1_34' title="bbox 57 3324 1599 3396">
    <p class='ocr_par' dir='ltr' id='par_1_34' title="bbox 57 3324 1599 3396">
     <span class='ocr_line' id='line_1_34' title="bbox 57 3324 1599 3396; baseline 0.003 -19"><span class='ocrx_word' id='word_1_284' title='bbox 57 3328 354 3394; x_wconf 77' lang='lat' dir='ltr'><strong>septuplttm,</strong></span> <span class='ocrx_word' id='word_1_285' title='bbox 439 3326 604 3381; x_wconf 87' lang='lat' dir='ltr'><strong>idest</strong></span> <span class='ocrx_word' id='word_1_286' title='bbox 645 3340 742 3395; x_wconf 89' lang='lat' dir='ltr'><strong>per</strong></span> <span class='ocrx_word' id='word_1_287' title='bbox 784 3334 990 3395; x_wconf 87' lang='lat' dir='ltr'><strong>septem</strong></span> <span class='ocrx_word' id='word_1_288' title='bbox 1041 3324 1181 3379; x_wconf 91' lang='lat' dir='ltr'><strong>dona</strong></span> <span class='ocrx_word' id='word_1_289' title='bbox 1231 3324 1374 3379; x_wconf 89' lang='lat' dir='ltr'><strong>illius</strong></span> <span class='ocrx_word' id='word_1_290' title='bbox 1424 3326 1599 3396; x_wconf 82' lang='lat' dir='ltr'><strong>ignis:</strong></span> 
     </span>
    </p>
   </div>
   <div class='ocr_carea' id='block_1_35' title="bbox 55 3414 1605 3487">
    <p class='ocr_par' dir='ltr' id='par_1_35' title="bbox 55 3414 1605 3487">
     <span class='ocr_line' id='line_1_35' title="bbox 55 3414 1605 3487; baseline 0 -18"><span class='ocrx_word' id='word_1_291' title='bbox 55 3418 338 3486; x_wconf 87' lang='lat' dir='ltr'><strong>interposito</strong></span> <span class='ocrx_word' id='word_1_292' title='bbox 364 3420 465 3473; x_wconf 86' lang='lat' dir='ltr'><strong>hoc</strong></span> <span class='ocrx_word' id='word_1_293' title='bbox 488 3419 630 3487; x_wconf 88' lang='lat' dir='ltr'><strong>quod</strong></span> <span class='ocrx_word' id='word_1_294' title='bbox 661 3416 763 3487; x_wconf 91' lang='lat' dir='ltr'><strong>ipsi</strong></span> <span class='ocrx_word' id='word_1_295' title='bbox 810 3432 838 3470; x_wconf 89' lang='lat' dir='ltr'><strong>a</strong></span> <span class='ocrx_word' id='word_1_296' title='bbox 887 3414 1113 3470; x_wconf 89' lang='lat' dir='ltr'><strong>Domino</strong></span> <span class='ocrx_word' id='word_1_297' title='bbox 1142 3415 1450 3471; x_wconf 81' lang='lat' dir='ltr'><strong>specialiter</strong></span> <span class='ocrx_word' id='word_1_298' title='bbox 1471 3415 1605 3471; x_wconf 91' lang='lat' dir='ltr'><strong>dici-</strong></span> 
     </span>
    </p>
   </div>
   <div class='ocr_carea' id='block_1_36' title="bbox 56 3507 1602 3577">
    <p class='ocr_par' dir='ltr' id='par_1_36' title="bbox 56 3507 1602 3577">
     <span class='ocr_line' id='line_1_36' title="bbox 56 3507 1602 3577; baseline 0.001 -16"><span class='ocrx_word' id='word_1_299' title='bbox 56 3518 319 3574; x_wconf 80' lang='lat' dir='ltr'><strong>tur;etex</strong></span> <span class='ocrx_word' id='word_1_300' title='bbox 366 3511 536 3564; x_wconf 88' lang='lat' dir='ltr'><strong>nimia</strong></span> <span class='ocrx_word' id='word_1_301' title='bbox 574 3509 755 3564; x_wconf 62' lang='lat' dir='ltr'><strong>laetitia</strong></span> <span class='ocrx_word' id='word_1_302' title='bbox 804 3507 936 3562; x_wconf 86' lang='lat' dir='ltr'><strong>facit</strong></span> <span class='ocrx_word' id='word_1_303' title='bbox 989 3508 1067 3562; x_wconf 89' lang='lat' dir='ltr'><strong>sic</strong></span> <span class='ocrx_word' id='word_1_304' title='bbox 1121 3507 1504 3577; x_wconf 84' lang='lat' dir='ltr'><strong>apostropham</strong></span> <span class='ocrx_word' id='word_1_305' title='bbox 1535 3508 1602 3562; x_wconf 86' lang='lat' dir='ltr'><strong>ad</strong></span> 
     </span>
    </p>
   </div>
   <div class='ocr_carea' id='block_1_37' title="bbox 51 3598 1603 3672">
    <p class='ocr_par' dir='ltr' id='par_1_37' title="bbox 51 3598 1603 3672">
     <span class='ocr_line' id='line_1_37' title="bbox 51 3598 1603 3672; baseline 0.001 -20"><span class='ocrx_word' id='word_1_306' title='bbox 51 3615 170 3654; x_wconf 80' lang='lat' dir='ltr'><strong>eain.</strong></span> <span class='ocrx_word' id='word_1_307' title='bbox 217 3601 663 3672; x_wconf 83' lang='lat' dir='ltr'><strong>Quandoquidem</strong></span> <span class='ocrx_word' id='word_1_308' title='bbox 709 3600 810 3655; x_wconf 88' lang='lat' dir='ltr'><strong>hoc</strong></span> <span class='ocrx_word' id='word_1_309' title='bbox 858 3598 1199 3669; x_wconf 88' lang='lat' dir='ltr'><strong>promisisti,</strong></span> <span class='ocrx_word' id='word_1_310' title='bbox 1243 3611 1371 3653; x_wconf 89' lang='lat' dir='ltr'><strong>vere</strong></span> <span class='ocrx_word' id='word_1_311' title='bbox 1414 3612 1603 3654; x_wconf 86' lang='lat' dir='ltr'><strong>secura</strong></span> 
     </span>
    </p>
   </div>
   <div class='ocr_carea' id='block_1_38' title="bbox 50 3690 1603 3764">
    <p class='ocr_par' dir='ltr' id='par_1_38' title="bbox 50 3690 1603 3764">
     <span class='ocr_line' id='line_1_38' title="bbox 50 3690 1603 3764; baseline 0 -19"><span class='ocrx_word' id='word_1_312' title='bbox 50 3710 145 3748; x_wconf 81' lang='lat' dir='ltr'><strong>sum</strong></span> <span class='ocrx_word' id='word_1_313' title='bbox 173 3710 188 3749; x_wconf 92' lang='lat'><strong>:</strong></span> <span class='ocrx_word' id='word_1_314' title='bbox 219 3697 337 3764; x_wconf 83' lang='lat' dir='ltr'><strong>quia</strong></span> <span class='ocrx_word' id='word_1_315' title='bbox 385 3705 467 3760; x_wconf 85' lang='lat' dir='ltr'><strong>tu,</strong></span> <span class='ocrx_word' id='word_1_316' title='bbox 532 3692 775 3757; x_wconf 77' lang='lat' dir='ltr'><strong>Domine,</strong></span> <span class='ocrx_word' id='word_1_317' title='bbox 826 3690 1056 3746; x_wconf 72' lang='lat' dir='ltr'><strong>servabis</strong></span> <span class='ocrx_word' id='word_1_318' title='bbox 1118 3705 1252 3755; x_wconf 85' lang='lat' dir='ltr'><strong>nos,</strong></span> <span class='ocrx_word' id='word_1_319' title='bbox 1292 3699 1424 3753; x_wconf 90' lang='lat' dir='ltr'><strong>etc.,</strong></span> <span class='ocrx_word' id='word_1_320' title='bbox 1459 3690 1603 3759; x_wconf 89' lang='lat' dir='ltr'><strong>quod</strong></span> 
     </span>
    </p>
   </div>
   <div class='ocr_carea' id='block_1_39' title="bbox 48 3779 1604 3852">
    <p class='ocr_par' dir='ltr' id='par_1_39' title="bbox 48 3779 1604 3852">
     <span class='ocr_line' id='line_1_39' title="bbox 48 3779 1604 3852; baseline -0.001 -17"><span class='ocrx_word' id='word_1_321' title='bbox 48 3784 454 3852; x_wconf 84' lang='lat' dir='ltr'><strong>insequentibus</strong></span> <span class='ocrx_word' id='word_1_322' title='bbox 479 3789 799 3852; x_wconf 78' lang='lat' dir='ltr'><strong>exponetur.</strong></span> <span class='ocrx_word' id='word_1_323' title='bbox 841 3779 941 3835; x_wconf 89' lang='lat' dir='ltr'><strong>Ubi</strong></span> <span class='ocrx_word' id='word_1_324' title='bbox 973 3793 1104 3835; x_wconf 81' lang='lat' dir='ltr'><strong>vero</strong></span> <span class='ocrx_word' id='word_1_325' title='bbox 1127 3779 1326 3833; x_wconf 80' lang='lat' dir='ltr'><strong>dicitur</strong></span> <span class='ocrx_word' id='word_1_326' title='bbox 1353 3796 1367 3832; x_wconf 91' lang='lat'><strong>:</strong></span> <span class='ocrx_word' id='word_1_327' title='bbox 1399 3780 1604 3849; x_wconf 82' lang='lat' dir='ltr'><strong>eloquia</strong></span> 
     </span>
    </p>
   </div>
   <div class='ocr_carea' id='block_1_40' title="bbox 45 3871 1602 3946">
    <p class='ocr_par' dir='ltr' id='par_1_40' title="bbox 45 3871 1602 3946">
     <span class='ocr_line' id='line_1_40' title="bbox 45 3871 1602 3946; baseline -0.001 -19"><span class='ocrx_word' id='word_1_328' title='bbox 45 3874 270 3941; x_wconf 82' lang='lat' dir='ltr'><strong>Domini,</strong></span> <span class='ocrx_word' id='word_1_329' title='bbox 321 3887 456 3941; x_wconf 88' lang='lat' dir='ltr'><strong>etc.,</strong></span> <span class='ocrx_word' id='word_1_330' title='bbox 503 3882 734 3946; x_wconf 87' lang='lat' dir='ltr'><strong>possunt</strong></span> <span class='ocrx_word' id='word_1_331' title='bbox 780 3887 901 3929; x_wconf 84' lang='lat' dir='ltr'><strong>esse</strong></span> <span class='ocrx_word' id='word_1_332' title='bbox 949 3873 1110 3927; x_wconf 87' lang='lat' dir='ltr'><strong>verba</strong></span> <span class='ocrx_word' id='word_1_333' title='bbox 1158 3871 1397 3927; x_wconf 77' lang='lat' dir='ltr'><strong>fidelium</strong></span> <span class='ocrx_word' id='word_1_334' title='bbox 1436 3872 1602 3927; x_wconf 89' lang='lat' dir='ltr'><strong>colle-</strong></span> 
     </span>
    </p>
   </div>
   <div class='ocr_carea' id='block_1_41' title="bbox 43 3960 1603 4036">
    <p class='ocr_par' dir='ltr' id='par_1_41' title="bbox 43 3960 1603 4036">
     <span class='ocr_line' id='line_1_41' title="bbox 43 3960 1603 4036; baseline 0.001 -22"><span class='ocrx_word' id='word_1_335' title='bbox 43 3966 215 4020; x_wconf 84' lang='lat' dir='ltr'><strong>rtionis</strong></span> <span class='ocrx_word' id='word_1_336' title='bbox 237 3980 356 4035; x_wconf 71' lang='lat' dir='ltr'><strong>quae</strong></span> <span class='ocrx_word' id='word_1_337' title='bbox 381 3967 632 4036; x_wconf 84' lang='lat' dir='ltr'><strong>superius</strong></span> <span class='ocrx_word' id='word_1_338' title='bbox 656 3964 833 4020; x_wconf 90' lang='lat' dir='ltr'><strong>locuta</strong></span> <span class='ocrx_word' id='word_1_339' title='bbox 859 3972 943 4019; x_wconf 90' lang='lat' dir='ltr'><strong>est</strong></span> <span class='ocrx_word' id='word_1_340' title='bbox 967 3980 981 4028; x_wconf 91' lang='lat'><strong>;</strong></span> <span class='ocrx_word' id='word_1_341' title='bbox 1016 3965 1059 4018; x_wconf 89' lang='lat' dir='ltr'><strong>si</strong></span> <span class='ocrx_word' id='word_1_342' title='bbox 1089 3963 1168 4018; x_wconf 86' lang='lat' dir='ltr'><strong>sic</strong></span> <span class='ocrx_word' id='word_1_343' title='bbox 1187 3963 1398 4023; x_wconf 87' lang='lat' dir='ltr'><strong>dicatur</strong></span> <span class='ocrx_word' id='word_1_344' title='bbox 1422 3960 1603 4017; x_wconf 88' lang='lat' dir='ltr'><strong>Domi-</strong></span> 
     </span>
    </p>
   </div>
   <div class='ocr_carea' id='block_1_42' title="bbox 43 4042 1603 4123">
    <p class='ocr_par' dir='ltr' id='par_1_42' title="bbox 43 4042 1603 4123">
     <span class='ocr_line' id='line_1_42' title="bbox 43 4042 1603 4123; baseline 0 -16"><span class='ocrx_word' id='word_1_345' title='bbox 43 4071 128 4109; x_wconf 89' lang='lat' dir='ltr'><strong>uus</strong></span> <span class='ocrx_word' id='word_1_346' title='bbox 151 4058 319 4112; x_wconf 83' lang='lat' dir='ltr'><strong>dicit:</strong></span> <span class='ocrx_word' id='word_1_347' title='bbox 354 4057 561 4113; x_wconf 79' lang='lat' dir='ltr'><strong>Portam</strong></span> <span class='ocrx_word' id='word_1_348' title='bbox 595 4057 651 4110; x_wconf 88' lang='lat' dir='ltr'><strong>in</strong></span> <span class='ocrx_word' id='word_1_349' title='bbox 679 4042 924 4119; x_wconf 68' lang='lat' dir='ltr'><strong>saluiari,</strong></span> <span class='ocrx_word' id='word_1_350' title='bbox 970 4065 1076 4111; x_wconf 89' lang='lat' dir='ltr'><strong>etc.</strong></span> <span class='ocrx_word' id='word_1_351' title='bbox 1130 4054 1198 4108; x_wconf 87' lang='lat' dir='ltr'><strong>Et</strong></span> <span class='ocrx_word' id='word_1_352' title='bbox 1253 4054 1355 4107; x_wconf 82' lang='lat' dir='ltr'><strong>ista</strong></span> <span class='ocrx_word' id='word_1_353' title='bbox 1395 4052 1603 4123; x_wconf 84' lang='lat' dir='ltr'><strong>eloquia</strong></span> 
     </span>
    </p>
   </div>
   <div class='ocr_carea' id='block_1_43' title="bbox 41 4143 1604 4219">
    <p class='ocr_par' dir='ltr' id='par_1_43' title="bbox 41 4143 1604 4219">
     <span class='ocr_line' id='line_1_43' title="bbox 41 4143 1604 4219; baseline 0.001 -24"><span class='ocrx_word' id='word_1_354' title='bbox 41 4144 231 4201; x_wconf 77' lang='lat' dir='ltr'><strong>Domini</strong></span> <span class='ocrx_word' id='word_1_355' title='bbox 259 4158 376 4202; x_wconf 80' lang='lat' dir='ltr'><strong>sunt</strong></span> <span class='ocrx_word' id='word_1_356' title='bbox 397 4148 607 4219; x_wconf 82' lang='lat' dir='ltr'><strong>eloquia</strong></span> <span class='ocrx_word' id='word_1_357' title='bbox 644 4159 821 4213; x_wconf 84' lang='lat' dir='ltr'><strong>casta,</strong></span> <span class='ocrx_word' id='word_1_358' title='bbox 855 4148 906 4201; x_wconf 91' lang='lat' dir='ltr'><strong>id</strong></span> <span class='ocrx_word' id='word_1_359' title='bbox 937 4155 1015 4200; x_wconf 85' lang='lat' dir='ltr'><strong>est</strong></span> <span class='ocrx_word' id='word_1_360' title='bbox 1041 4143 1185 4200; x_wconf 88' lang='lat' dir='ltr'><strong>nulla</strong></span> <span class='ocrx_word' id='word_1_361' title='bbox 1216 4143 1455 4200; x_wconf 89' lang='lat' dir='ltr'><strong>falsitate</strong></span> <span class='ocrx_word' id='word_1_362' title='bbox 1483 4158 1604 4200; x_wconf 87' lang='lat' dir='ltr'><strong>cor-</strong></span> 
     </span>
    </p>
   </div>
   <div class='ocr_carea' id='block_1_44' title="bbox 39 4235 1604 4311">
    <p class='ocr_par' dir='ltr' id='par_1_44' title="bbox 39 4235 1604 4311">
     <span class='ocr_line' id='line_1_44' title="bbox 39 4235 1604 4311; baseline 0.003 -24"><span class='ocrx_word' id='word_1_363' title='bbox 39 4251 193 4306; x_wconf 79' lang='lat' dir='ltr'><strong>tupta.</strong></span> <span class='ocrx_word' id='word_1_364' title='bbox 223 4240 291 4293; x_wconf 76' lang='lat' dir='ltr'><strong>Et</strong></span> <span class='ocrx_word' id='word_1_365' title='bbox 313 4251 369 4293; x_wconf 90' lang='lat' dir='ltr'><strong>ut</strong></span> <span class='ocrx_word' id='word_1_366' title='bbox 413 4242 583 4311; x_wconf 83' lang='lat' dir='ltr'><strong>magis</strong></span> <span class='ocrx_word' id='word_1_367' title='bbox 612 4240 990 4303; x_wconf 88' lang='lat' dir='ltr'><strong>commendet,</strong></span> <span class='ocrx_word' id='word_1_368' title='bbox 1017 4236 1119 4291; x_wconf 88' lang='lat' dir='ltr'><strong>alia</strong></span> <span class='ocrx_word' id='word_1_369' title='bbox 1146 4235 1501 4292; x_wconf 84' lang='lat' dir='ltr'><strong>similitudine</strong></span> <span class='ocrx_word' id='word_1_370' title='bbox 1523 4237 1604 4291; x_wconf 85' lang='lat' dir='ltr'><strong>sic</strong></span> 
     </span>
    </p>
   </div>
   <div class='ocr_carea' id='block_1_45' title="bbox 37 4326 1602 4401">
    <p class='ocr_par' dir='ltr' id='par_1_45' title="bbox 37 4326 1602 4401">
     <span class='ocr_line' id='line_1_45' title="bbox 37 4326 1602 4401; baseline -0.001 -20"><span class='ocrx_word' id='word_1_371' title='bbox 37 4326 197 4385; x_wconf 84' lang='lat' dir='ltr'><strong>laudat</strong></span> <span class='ocrx_word' id='word_1_372' title='bbox 225 4347 240 4384; x_wconf 90' lang='lat'><strong>:</strong></span> <span class='ocrx_word' id='word_1_373' title='bbox 280 4332 346 4385; x_wconf 80' lang='lat' dir='ltr'><strong>Et</strong></span> <span class='ocrx_word' id='word_1_374' title='bbox 370 4341 499 4386; x_wconf 89' lang='lat' dir='ltr'><strong>sunt</strong></span> <span class='ocrx_word' id='word_1_375' title='bbox 519 4342 794 4401; x_wconf 83' lang='lat' dir='ltr'><strong>argentum</strong></span> <span class='ocrx_word' id='word_1_376' title='bbox 823 4332 941 4400; x_wconf 85' lang='lat' dir='ltr'><strong>igne</strong></span> <span class='ocrx_word' id='word_1_377' title='bbox 964 4369 979 4395; x_wconf 91' lang='lat'><strong>,</strong></span> <span class='ocrx_word' id='word_1_378' title='bbox 1010 4338 1149 4393; x_wconf 90' lang='lat' dir='ltr'><strong>etc.,</strong></span> <span class='ocrx_word' id='word_1_379' title='bbox 1205 4327 1255 4382; x_wconf 89' lang='lat' dir='ltr'><strong>id</strong></span> <span class='ocrx_word' id='word_1_380' title='bbox 1286 4336 1370 4383; x_wconf 89' lang='lat' dir='ltr'><strong>est</strong></span> <span class='ocrx_word' id='word_1_381' title='bbox 1408 4326 1602 4382; x_wconf 85' lang='lat' dir='ltr'><strong>similia</strong></span> 
     </span>
    </p>
   </div>
   <div class='ocr_carea' id='block_1_46' title="bbox 34 4420 1601 4493">
    <p class='ocr_par' dir='ltr' id='par_1_46' title="bbox 34 4420 1601 4493">
     <span class='ocr_line' id='line_1_46' title="bbox 34 4420 1601 4493; baseline 0.001 -20"><span class='ocrx_word' id='word_1_382' title='bbox 34 4431 237 4489; x_wconf 79' lang='lat' dir='ltr'><strong>argento</strong></span> <span class='ocrx_word' id='word_1_383' title='bbox 262 4423 386 4493; x_wconf 88' lang='lat' dir='ltr'><strong>igne</strong></span> <span class='ocrx_word' id='word_1_384' title='bbox 414 4425 724 4479; x_wconf 82' lang='lat' dir='ltr'><strong>examinato</strong></span> <span class='ocrx_word' id='word_1_385' title='bbox 745 4464 762 4484; x_wconf 89' lang='lat'><strong>,</strong></span> <span class='ocrx_word' id='word_1_386' title='bbox 794 4434 947 4478; x_wconf 77' lang='lat' dir='ltr'><strong>terra:</strong></span> <span class='ocrx_word' id='word_1_387' title='bbox 970 4463 986 4489; x_wconf 92' lang='lat'><strong>,</strong></span> <span class='ocrx_word' id='word_1_388' title='bbox 1018 4423 1069 4477; x_wconf 89' lang='lat' dir='ltr'><strong>id</strong></span> <span class='ocrx_word' id='word_1_389' title='bbox 1093 4430 1176 4477; x_wconf 90' lang='lat' dir='ltr'><strong>est</strong></span> <span class='ocrx_word' id='word_1_390' title='bbox 1214 4420 1283 4475; x_wconf 90' lang='lat' dir='ltr'><strong>ab</strong></span> <span class='ocrx_word' id='word_1_391' title='bbox 1310 4422 1457 4475; x_wconf 91' lang='lat' dir='ltr'><strong>omni</strong></span> <span class='ocrx_word' id='word_1_392' title='bbox 1492 4431 1601 4475; x_wconf 87' lang='lat' dir='ltr'><strong>ter-</strong></span> 
     </span>
    </p>
   </div>
   <div class='ocr_carea' id='block_1_47' title="bbox 1714 580 3299 663">
    <p class='ocr_par' dir='ltr' id='par_1_47' title="bbox 1714 580 3299 663">
     <span class='ocr_line' id='line_1_47' title="bbox 1714 580 3299 663; baseline 0.011 -30"><span class='ocrx_word' id='word_1_393' title='bbox 1714 580 2010 636; x_wconf 87' lang='lat' dir='ltr'><strong>ambulanti</strong></span> <span class='ocrx_word' id='word_1_394' title='bbox 2040 583 2094 636; x_wconf 89' lang='lat' dir='ltr'><strong>in</strong></span> <span class='ocrx_word' id='word_1_395' title='bbox 2126 583 2374 637; x_wconf 81' lang='lat' dir='ltr'><strong>circuitu.</strong></span> <span class='ocrx_word' id='word_1_396' title='bbox 2408 583 2540 638; x_wconf 85' lang='lat' dir='ltr'><strong>Nam</strong></span> <span class='ocrx_word' id='word_1_397' title='bbox 2572 585 2709 641; x_wconf 88' lang='lat' dir='ltr'><strong>sicut</strong></span> <span class='ocrx_word' id='word_1_398' title='bbox 2752 589 2841 643; x_wconf 91' lang='lat' dir='ltr'><strong>ille</strong></span> <span class='ocrx_word' id='word_1_399' title='bbox 2874 607 3146 661; x_wconf 90' lang='lat' dir='ltr'><strong>nunquam</strong></span> <span class='ocrx_word' id='word_1_400' title='bbox 3173 611 3299 663; x_wconf 55' lang='lat' dir='ltr'><strong>per-</strong></span> 
     </span>
    </p>
   </div>
   <div class='ocr_carea' id='block_1_48' title="bbox 1713 673 3304 752">
    <p class='ocr_par' dir='ltr' id='par_1_48' title="bbox 1713 673 3304 752">
     <span class='ocr_line' id='line_1_48' title="bbox 1713 673 3304 752; baseline 0.01 -27"><span class='ocrx_word' id='word_1_401' title='bbox 1713 673 1893 727; x_wconf 87' lang='lat' dir='ltr'><strong>veniet</strong></span> <span class='ocrx_word' id='word_1_402' title='bbox 1933 674 1998 728; x_wconf 87' lang='lat' dir='ltr'><strong>ad</strong></span> <span class='ocrx_word' id='word_1_403' title='bbox 2029 674 2189 729; x_wconf 81' lang='lat' dir='ltr'><strong>tinent</strong></span> <span class='ocrx_word' id='word_1_404' title='bbox 2221 717 2236 740; x_wconf 93' lang='lat'><strong>,</strong></span> <span class='ocrx_word' id='word_1_405' title='bbox 2292 677 2371 730; x_wconf 92' lang='lat' dir='ltr'><strong>sic</strong></span> <span class='ocrx_word' id='word_1_406' title='bbox 2420 686 2471 731; x_wconf 90' lang='lat' dir='ltr'><strong>et</strong></span> <span class='ocrx_word' id='word_1_407' title='bbox 2519 677 2593 731; x_wconf 92' lang='lat' dir='ltr'><strong>illi</strong></span> <span class='ocrx_word' id='word_1_408' title='bbox 2643 680 2770 733; x_wconf 83' lang='lat' dir='ltr'><strong>dum</strong></span> <span class='ocrx_word' id='word_1_409' title='bbox 2824 680 2874 734; x_wconf 93' lang='lat' dir='ltr'><strong>in</strong></span> <span class='ocrx_word' id='word_1_410' title='bbox 2916 686 3304 752; x_wconf 74' lang='lat' dir='ltr'><strong>temporalibus</strong></span> 
     </span>
    </p>
   </div>
   <div class='ocr_carea' id='block_1_49' title="bbox 1714 762 3304 843">
    <p class='ocr_par' dir='ltr' id='par_1_49' title="bbox 1714 762 3304 843">
     <span class='ocr_line' id='line_1_49' title="bbox 1714 762 3304 843; baseline 0.008 -27"><span class='ocrx_word' id='word_1_411' title='bbox 1714 762 2098 818; x_wconf 88' lang='lat' dir='ltr'><strong>beatitudinem</strong></span> <span class='ocrx_word' id='word_1_412' title='bbox 2148 776 2425 835; x_wconf 74' lang='lat' dir='ltr'><strong>qumrunt,</strong></span> <span class='ocrx_word' id='word_1_413' title='bbox 2482 783 2753 837; x_wconf 80' lang='lat' dir='ltr'><strong>nunquam</strong></span> <span class='ocrx_word' id='word_1_414' title='bbox 2791 771 2857 824; x_wconf 90' lang='lat' dir='ltr'><strong>ad</strong></span> <span class='ocrx_word' id='word_1_415' title='bbox 2914 772 3071 826; x_wconf 86' lang='lat' dir='ltr'><strong>finem</strong></span> <span class='ocrx_word' id='word_1_416' title='bbox 3109 790 3304 843; x_wconf 85' lang='lat' dir='ltr'><strong>perve-</strong></span> 
     </span>
    </p>
   </div>
   <div class='ocr_carea' id='block_1_50' title="bbox 1713 854 3306 939">
    <p class='ocr_par' dir='ltr' id='par_1_50' title="bbox 1713 854 3306 939">
     <span class='ocr_line' id='line_1_50' title="bbox 1713 854 3306 939; baseline 0.009 -32"><span class='ocrx_word' id='word_1_417' title='bbox 1713 854 1882 908; x_wconf 90' lang='lat' dir='ltr'><strong>nient.</strong></span> <span class='ocrx_word' id='word_1_418' title='bbox 1950 855 2016 909; x_wconf 85' lang='lat' dir='ltr'><strong>Et</strong></span> <span class='ocrx_word' id='word_1_419' title='bbox 2066 856 2168 912; x_wconf 93' lang='lat' dir='ltr'><strong>hoc</strong></span> <span class='ocrx_word' id='word_1_420' title='bbox 2225 858 2345 913; x_wconf 90' lang='lat' dir='ltr'><strong>ideo</strong></span> <span class='ocrx_word' id='word_1_421' title='bbox 2383 859 2570 927; x_wconf 70' lang='lat' dir='ltr'><strong>potiit,</strong></span> <span class='ocrx_word' id='word_1_422' title='bbox 2651 871 2709 914; x_wconf 90' lang='lat' dir='ltr'><strong>ut</strong></span> <span class='ocrx_word' id='word_1_423' title='bbox 2772 865 3023 918; x_wconf 70' lang='lat' dir='ltr'><strong>Ostendat</strong></span> <span class='ocrx_word' id='word_1_424' title='bbox 3068 879 3161 919; x_wconf 89' lang='lat' dir='ltr'><strong>eos</strong></span> <span class='ocrx_word' id='word_1_425' title='bbox 3196 867 3306 939; x_wconf 70' lang='grc'><strong>34</strong></span> 
     </span>
    </p>
   </div>
   <div class='ocr_carea' id='block_1_51' title="bbox 1712 945 3303 1029">
    <p class='ocr_par' dir='ltr' id='par_1_51' title="bbox 1712 945 3303 1029">
     <span class='ocr_line' id='line_1_51' title="bbox 1712 945 3303 1029; baseline 0.012 -34"><span class='ocrx_word' id='word_1_426' title='bbox 1712 945 1926 999; x_wconf 76' lang='lat' dir='ltr'><strong>occulto</strong></span> <span class='ocrx_word' id='word_1_427' title='bbox 1948 945 2039 1000; x_wconf 90' lang='lat' dir='ltr'><strong>Dei</strong></span> <span class='ocrx_word' id='word_1_428' title='bbox 2059 946 2294 1013; x_wconf 85' lang='lat' dir='ltr'><strong>judicio,</strong></span> <span class='ocrx_word' id='word_1_429' title='bbox 2323 960 2376 1001; x_wconf 91' lang='lat' dir='ltr'><strong>ut</strong></span> <span class='ocrx_word' id='word_1_430' title='bbox 2405 951 2456 1003; x_wconf 90' lang='lat' dir='ltr'><strong>in</strong></span> <span class='ocrx_word' id='word_1_431' title='bbox 2482 950 2583 1005; x_wconf 89' lang='lat' dir='ltr'><strong>hoc</strong></span> <span class='ocrx_word' id='word_1_432' title='bbox 2602 949 2750 1019; x_wconf 82' lang='lat' dir='ltr'><strong>jusle</strong></span> <span class='ocrx_word' id='word_1_433' title='bbox 2773 966 2996 1029; x_wconf 83' lang='lat' dir='ltr'><strong>pereant</strong></span> <span class='ocrx_word' id='word_1_434' title='bbox 3019 957 3096 1011; x_wconf 90' lang='lat' dir='ltr'><strong>sic</strong></span> <span class='ocrx_word' id='word_1_435' title='bbox 3118 960 3303 1014; x_wconf 73' lang='lat' dir='ltr'><strong>ditari.</strong></span> 
     </span>
    </p>
   </div>
   <div class='ocr_carea' id='block_1_52' title="bbox 1713 1034 3306 1114">
    <p class='ocr_par' dir='ltr' id='par_1_52' title="bbox 1713 1034 3306 1114">
     <span class='ocr_line' id='line_1_52' title="bbox 1713 1034 3306 1114; baseline 0.01 -25"><span class='ocrx_word' id='word_1_436' title='bbox 1713 1034 1779 1089; x_wconf 90' lang='lat' dir='ltr'><strong>Et</strong></span> <span class='ocrx_word' id='word_1_437' title='bbox 1802 1037 1903 1091; x_wconf 91' lang='lat' dir='ltr'><strong>hoc</strong></span> <span class='ocrx_word' id='word_1_438' title='bbox 1929 1039 2005 1091; x_wconf 88' lang='lat' dir='ltr'><strong>sic</strong></span> <span class='ocrx_word' id='word_1_439' title='bbox 2033 1040 2220 1094; x_wconf 74' lang='lat' dir='ltr'><strong>addit:</strong></span> <span class='ocrx_word' id='word_1_440' title='bbox 2258 1042 2424 1097; x_wconf 78' lang='lat' dir='ltr'><strong>Dico:</strong></span> <span class='ocrx_word' id='word_1_441' title='bbox 2455 1042 2738 1099; x_wconf 82' lang='lat' dir='ltr'><strong>Ambulunt</strong></span> <span class='ocrx_word' id='word_1_442' title='bbox 2766 1047 2819 1100; x_wconf 88' lang='lat' dir='ltr'><strong>in</strong></span> <span class='ocrx_word' id='word_1_443' title='bbox 2852 1048 3079 1103; x_wconf 83' lang='lat' dir='ltr'><strong>circuitu</strong></span> <span class='ocrx_word' id='word_1_444' title='bbox 3098 1090 3113 1114; x_wconf 91' lang='lat'><strong>,</strong></span> <span class='ocrx_word' id='word_1_445' title='bbox 3148 1049 3199 1105; x_wconf 87' lang='lat' dir='ltr'><strong>id</strong></span> <span class='ocrx_word' id='word_1_446' title='bbox 3222 1062 3306 1107; x_wconf 84' lang='lat' dir='ltr'><strong>est</strong></span> 
     </span>
    </p>
   </div>
   <div class='ocr_carea' id='block_1_53' title="bbox 1712 1124 3303 1200">
    <p class='ocr_par' dir='ltr' id='par_1_53' title="bbox 1712 1124 3303 1200">
     <span class='ocr_line' id='line_1_53' title="bbox 1712 1124 3303 1200; baseline 0.011 -23"><span class='ocrx_word' id='word_1_447' title='bbox 1712 1124 1766 1177; x_wconf 90' lang='lat' dir='ltr'><strong>in</strong></span> <span class='ocrx_word' id='word_1_448' title='bbox 1789 1127 2066 1197; x_wconf 84' lang='lat' dir='ltr'><strong>voluptate</strong></span> <span class='ocrx_word' id='word_1_449' title='bbox 2094 1132 2439 1199; x_wconf 60' lang='lat' dir='ltr'><strong>praesentium</strong></span> <span class='ocrx_word' id='word_1_450' title='bbox 2480 1132 2784 1200; x_wconf 89' lang='lat' dir='ltr'><strong>bonorum;</strong></span> <span class='ocrx_word' id='word_1_451' title='bbox 2817 1145 2871 1191; x_wconf 91' lang='lat' dir='ltr'><strong>et</strong></span> <span class='ocrx_word' id='word_1_452' title='bbox 2911 1138 2991 1193; x_wconf 89' lang='lat' dir='ltr'><strong>sic</strong></span> <span class='ocrx_word' id='word_1_453' title='bbox 3028 1156 3303 1195; x_wconf 72' lang='lat' dir='ltr'><strong>excmcan-</strong></span> 
     </span>
    </p>
   </div>
   <div class='ocr_carea' id='block_1_54' title="bbox 1714 1218 3303 1295">
    <p class='ocr_par' dir='ltr' id='par_1_54' title="bbox 1714 1218 3303 1295">
     <span class='ocr_line' id='line_1_54' title="bbox 1714 1218 3303 1295; baseline 0.012 -27"><span class='ocrx_word' id='word_1_454' title='bbox 1714 1223 1820 1269; x_wconf 92' lang='lat' dir='ltr'><strong>tur.</strong></span> <span class='ocrx_word' id='word_1_455' title='bbox 1852 1218 1920 1270; x_wconf 89' lang='lat' dir='ltr'><strong>Et</strong></span> <span class='ocrx_word' id='word_1_456' title='bbox 1951 1220 2052 1273; x_wconf 90' lang='lat' dir='ltr'><strong>hoc</strong></span> <span class='ocrx_word' id='word_1_457' title='bbox 2083 1236 2188 1275; x_wconf 93' lang='lat' dir='ltr'><strong>non</strong></span> <span class='ocrx_word' id='word_1_458' title='bbox 2234 1221 2291 1274; x_wconf 90' lang='lat' dir='ltr'><strong>tit</strong></span> <span class='ocrx_word' id='word_1_459' title='bbox 2336 1221 2536 1290; x_wconf 82' lang='lat' dir='ltr'><strong>injusto</strong></span> <span class='ocrx_word' id='word_1_460' title='bbox 2576 1222 2781 1292; x_wconf 80' lang='lat' dir='ltr'><strong>juditio</strong></span> <span class='ocrx_word' id='word_1_461' title='bbox 2810 1244 2823 1280; x_wconf 91' lang='lat'><strong>:</strong></span> <span class='ocrx_word' id='word_1_462' title='bbox 2874 1230 2965 1281; x_wconf 88' lang='lat' dir='ltr'><strong>sed</strong></span> <span class='ocrx_word' id='word_1_463' title='bbox 2996 1239 3050 1283; x_wconf 89' lang='grc' dir='ltr'><strong>ιιι</strong></span> <span class='ocrx_word' id='word_1_464' title='bbox 3078 1269 3093 1295; x_wconf 87' lang='grc'><em>,</em></span> <span class='ocrx_word' id='word_1_465' title='bbox 3124 1232 3265 1286; x_wconf 90' lang='lat' dir='ltr'><strong>Deus</strong></span> <span class='ocrx_word' id='word_1_466' title='bbox 3288 1273 3303 1295; x_wconf 91' lang='lat'><strong>,</strong></span> 
     </span>
    </p>
   </div>
   <div class='ocr_carea' id='block_1_55' title="bbox 1711 1308 3301 1380">
    <p class='ocr_par' dir='ltr' id='par_1_55' title="bbox 1711 1308 3301 1380">
     <span class='ocr_line' id='line_1_55' title="bbox 1711 1308 3301 1380; baseline 0.011 -22"><span class='ocrx_word' id='word_1_467' title='bbox 1711 1308 1993 1360; x_wconf 82' lang='lat' dir='ltr'><strong>secundum</strong></span> <span class='ocrx_word' id='word_1_468' title='bbox 2033 1309 2363 1366; x_wconf 80' lang='lat' dir='ltr'><strong>altitudinem</strong></span> <span class='ocrx_word' id='word_1_469' title='bbox 2395 1323 2574 1380; x_wconf 80' lang='lat' dir='ltr'><strong>tuam,</strong></span> <span class='ocrx_word' id='word_1_470' title='bbox 2613 1314 2666 1369; x_wconf 89' lang='lat' dir='ltr'><strong>id</strong></span> <span class='ocrx_word' id='word_1_471' title='bbox 2694 1326 2777 1370; x_wconf 77' lang='lat' dir='ltr'><strong>est</strong></span> <span class='ocrx_word' id='word_1_472' title='bbox 2805 1319 3099 1374; x_wconf 88' lang='lat' dir='ltr'><strong>secundum</strong></span> <span class='ocrx_word' id='word_1_473' title='bbox 3132 1321 3301 1377; x_wconf 85' lang='lat' dir='ltr'><strong>altum</strong></span> 
     </span>
    </p>
   </div>
   <div class='ocr_carea' id='block_1_56' title="bbox 1712 1395 3302 1480">
    <p class='ocr_par' dir='ltr' id='par_1_56' title="bbox 1712 1395 3302 1480">
     <span class='ocr_line' id='line_1_56' title="bbox 1712 1395 3302 1480; baseline 0.011 -32"><span class='ocrx_word' id='word_1_474' title='bbox 1712 1404 1767 1450; x_wconf 89' lang='lat' dir='ltr'><strong>et</strong></span> <span class='ocrx_word' id='word_1_475' title='bbox 1793 1395 2421 1467; x_wconf 87' lang='lat' dir='ltr'><strong>inscrutabilejudicium</strong></span> <span class='ocrx_word' id='word_1_476' title='bbox 2455 1415 2639 1472; x_wconf 89' lang='lat' dir='ltr'><strong>tuum,</strong></span> <span class='ocrx_word' id='word_1_477' title='bbox 2676 1408 3036 1477; x_wconf 83' lang='lat' dir='ltr'><strong>multiplicasti</strong></span> <span class='ocrx_word' id='word_1_478' title='bbox 3061 1427 3302 1480; x_wconf 71' lang='lat' dir='ltr'><strong>praesen-</strong></span> 
     </span>
    </p>
   </div>
   <div class='ocr_carea' id='block_1_57' title="bbox 1714 1488 3301 1572">
    <p class='ocr_par' dir='ltr' id='par_1_57' title="bbox 1714 1488 3301 1572">
     <span class='ocr_line' id='line_1_57' title="bbox 1714 1488 3301 1572; baseline 0.012 -31"><span class='ocrx_word' id='word_1_479' title='bbox 1714 1488 1858 1544; x_wconf 90' lang='lat' dir='ltr'><strong>tibus</strong></span> <span class='ocrx_word' id='word_1_480' title='bbox 1912 1491 2067 1546; x_wconf 90' lang='lat' dir='ltr'><strong>bonis</strong></span> <span class='ocrx_word' id='word_1_481' title='bbox 2109 1493 2250 1561; x_wconf 75' lang='lat' dir='ltr'><strong>ﬁlios</strong></span> <span class='ocrx_word' id='word_1_482' title='bbox 2307 1495 2610 1563; x_wconf 75' lang='lat' dir='ltr'><strong>hominum,</strong></span> <span class='ocrx_word' id='word_1_483' title='bbox 2658 1499 2711 1554; x_wconf 89' lang='lat' dir='ltr'><strong>id</strong></span> <span class='ocrx_word' id='word_1_484' title='bbox 2755 1508 2838 1555; x_wconf 91' lang='lat' dir='ltr'><strong>est</strong></span> <span class='ocrx_word' id='word_1_485' title='bbox 2876 1502 3301 1572; x_wconf 89' lang='lat' dir='ltr'><strong>prophetarum,</strong></span> 
     </span>
    </p>
   </div>
   <div class='ocr_carea' id='block_1_58' title="bbox 1711 1577 3301 1663">
    <p class='ocr_par' dir='ltr' id='par_1_58' title="bbox 1711 1577 3301 1663">
     <span class='ocr_line' id='line_1_58' title="bbox 1711 1577 3301 1663; baseline 0.014 -33"><span class='ocrx_word' id='word_1_486' title='bbox 1711 1577 2048 1651; x_wconf 85' lang='lat' dir='ltr'><strong>aliorumque</strong></span> <span class='ocrx_word' id='word_1_487' title='bbox 2072 1582 2308 1639; x_wconf 85' lang='lat' dir='ltr'><strong>fidelium</strong></span> <span class='ocrx_word' id='word_1_488' title='bbox 2336 1588 2425 1656; x_wconf 89' lang='lat' dir='ltr'><strong>qui</strong></span> <span class='ocrx_word' id='word_1_489' title='bbox 2462 1588 2858 1646; x_wconf 86' lang='lat' dir='ltr'><strong>rationabiliter</strong></span> <span class='ocrx_word' id='word_1_490' title='bbox 2890 1608 3053 1663; x_wconf 86' lang='lat' dir='ltr'><strong>agere</strong></span> <span class='ocrx_word' id='word_1_491' title='bbox 3081 1596 3301 1651; x_wconf 87' lang='lat' dir='ltr'><strong>debuis-</strong></span> 
     </span>
    </p>
   </div>
   <div class='ocr_carea' id='block_1_59' title="bbox 1711 1678 2654 1751">
    <p class='ocr_par' dir='ltr' id='par_1_59' title="bbox 1711 1678 2654 1751">
     <span class='ocr_line' id='line_1_59' title="bbox 1711 1678 2654 1751; baseline 0.006 -20"><span class='ocrx_word' id='word_1_492' title='bbox 1711 1684 1832 1731; x_wconf 84' lang='lat' dir='ltr'><strong>sent</strong></span> <span class='ocrx_word' id='word_1_493' title='bbox 1858 1716 1872 1741; x_wconf 89' lang='lat'><strong>,</strong></span> <span class='ocrx_word' id='word_1_494' title='bbox 1899 1686 1955 1733; x_wconf 90' lang='lat' dir='ltr'><strong>et</strong></span> <span class='ocrx_word' id='word_1_495' title='bbox 1980 1678 2378 1734; x_wconf 73' lang='lat' dir='ltr'><strong>rationabiliter</strong></span> <span class='ocrx_word' id='word_1_496' title='bbox 2405 1691 2654 1751; x_wconf 86' lang='lat' dir='ltr'><strong>egerunt.</strong></span> 
     </span>
    </p>
   </div>
   <div class='ocr_carea' id='block_1_60' title="bbox 2214 1769 2806 1830">
    <p class='ocr_par' dir='ltr' id='par_1_60' title="bbox 2214 1769 2806 1830">
     <span class='ocr_line' id='line_1_60' title="bbox 2214 1769 2806 1830; baseline 0.012 -7"><span class='ocrx_word' id='word_1_497' title='bbox 2214 1769 2280 1823; x_wconf 81' lang='lat' dir='ltr'><strong>IN</strong></span> <span class='ocrx_word' id='word_1_498' title='bbox 2320 1770 2544 1827; x_wconf 81' lang='lat' dir='ltr'><strong>PSALM</strong></span> <span class='ocrx_word' id='word_1_499' title='bbox 2559 1772 2650 1827; x_wconf 69' lang='grc' dir='ltr'><strong><em>ΕΜ</em></strong></span> <span class='ocrx_word' id='word_1_500' title='bbox 2690 1772 2806 1830; x_wconf 77' lang='lat' dir='ltr'><strong>XII.</strong></span> 
     </span>
    </p>
   </div>
   <div class='ocr_carea' id='block_1_61' title="bbox 1783 1859 3299 1936">
    <p class='ocr_par' dir='ltr' id='par_1_61' title="bbox 1783 1859 3299 1936">
     <span class='ocr_line' id='line_1_61' title="bbox 1783 1859 3299 1936; baseline 0.006 -23"><span class='ocrx_word' id='word_1_501' title='bbox 1783 1859 1995 1916; x_wconf 89' lang='lat' dir='ltr'><strong>Titulus</strong></span> <span class='ocrx_word' id='word_1_502' title='bbox 2040 1861 2341 1919; x_wconf 88' lang='lat' dir='ltr'><strong>duodecitni</strong></span> <span class='ocrx_word' id='word_1_503' title='bbox 2389 1882 2402 1918; x_wconf 92' lang='lat'><strong>:</strong></span> <span class='ocrx_word' id='word_1_504' title='bbox 2455 1863 2521 1919; x_wconf 86' lang='lat' dir='ltr'><strong>In</strong></span> <span class='ocrx_word' id='word_1_505' title='bbox 2571 1864 2731 1934; x_wconf 77' lang='lat' dir='ltr'><strong>ﬁnem</strong></span> <span class='ocrx_word' id='word_1_506' title='bbox 2794 1865 3027 1936; x_wconf 79' lang='lat' dir='ltr'><strong>psalmus</strong></span> <span class='ocrx_word' id='word_1_507' title='bbox 3088 1867 3299 1923; x_wconf 78' lang='lat' dir='ltr'><strong>David:</strong></span> 
     </span>
    </p>
   </div>
   <div class='ocr_carea' id='block_1_62' title="bbox 1711 1953 3304 2025">
    <p class='ocr_par' dir='ltr' id='par_1_62' title="bbox 1711 1953 3304 2025">
     <span class='ocr_line' id='line_1_62' title="bbox 1711 1953 3304 2025; baseline 0.008 -20"><span class='ocrx_word' id='word_1_508' title='bbox 1711 1953 1854 2021; x_wconf 91' lang='lat' dir='ltr'><strong>quod</strong></span> <span class='ocrx_word' id='word_1_509' title='bbox 1887 1953 1969 2007; x_wconf 92' lang='lat' dir='ltr'><strong>sic</strong></span> <span class='ocrx_word' id='word_1_510' title='bbox 2012 1954 2342 2023; x_wconf 78' lang='lat' dir='ltr'><strong>exponitur:</strong></span> <span class='ocrx_word' id='word_1_511' title='bbox 2376 1954 2625 2025; x_wconf 85' lang='lat' dir='ltr'><strong>psalmus</strong></span> <span class='ocrx_word' id='word_1_512' title='bbox 2670 1956 2775 2013; x_wconf 90' lang='lat' dir='ltr'><strong>iste</strong></span> <span class='ocrx_word' id='word_1_513' title='bbox 2818 1960 3196 2016; x_wconf 87' lang='lat' dir='ltr'><strong>attribuendus</strong></span> <span class='ocrx_word' id='word_1_514' title='bbox 3221 1972 3304 2017; x_wconf 85' lang='lat' dir='ltr'><strong>est</strong></span> 
     </span>
    </p>
   </div>
   <div class='ocr_carea' id='block_1_63' title="bbox 1711 2044 3301 2119">
    <p class='ocr_par' dir='ltr' id='par_1_63' title="bbox 1711 2044 3301 2119">
     <span class='ocr_line' id='line_1_63' title="bbox 1711 2044 3301 2119; baseline 0.006 -21"><span class='ocrx_word' id='word_1_515' title='bbox 1711 2044 1914 2111; x_wconf 86' lang='lat' dir='ltr'><strong>David,</strong></span> <span class='ocrx_word' id='word_1_516' title='bbox 1943 2046 1996 2100; x_wconf 91' lang='lat' dir='ltr'><strong>id</strong></span> <span class='ocrx_word' id='word_1_517' title='bbox 2020 2055 2105 2103; x_wconf 88' lang='lat' dir='ltr'><strong>est</strong></span> <span class='ocrx_word' id='word_1_518' title='bbox 2137 2046 2376 2103; x_wconf 88' lang='lat' dir='ltr'><strong>fidelium</strong></span> <span class='ocrx_word' id='word_1_519' title='bbox 2405 2048 2711 2105; x_wconf 90' lang='lat' dir='ltr'><strong>collectioni</strong></span> <span class='ocrx_word' id='word_1_520' title='bbox 2743 2052 2983 2107; x_wconf 89' lang='lat' dir='ltr'><strong>tendenti</strong></span> <span class='ocrx_word' id='word_1_521' title='bbox 3019 2055 3073 2107; x_wconf 90' lang='lat' dir='ltr'><strong>in</strong></span> <span class='ocrx_word' id='word_1_522' title='bbox 3100 2054 3260 2109; x_wconf 89' lang='lat' dir='ltr'><strong>finem</strong></span> <span class='ocrx_word' id='word_1_523' title='bbox 3284 2094 3301 2119; x_wconf 97' lang='lat'><strong>,</strong></span> 
     </span>
    </p>
   </div>
   <div class='ocr_carea' id='block_1_64' title="bbox 1712 2138 3302 2209">
    <p class='ocr_par' dir='ltr' id='par_1_64' title="bbox 1712 2138 3302 2209">
     <span class='ocr_line' id='line_1_64' title="bbox 1712 2138 3302 2209; baseline 0.004 -17"><span class='ocrx_word' id='word_1_524' title='bbox 1712 2138 1764 2192; x_wconf 89' lang='lat' dir='ltr'><strong>id</strong></span> <span class='ocrx_word' id='word_1_525' title='bbox 1794 2146 1878 2194; x_wconf 91' lang='lat' dir='ltr'><strong>est</strong></span> <span class='ocrx_word' id='word_1_526' title='bbox 1904 2138 1957 2192; x_wconf 90' lang='lat' dir='ltr'><strong>in</strong></span> <span class='ocrx_word' id='word_1_527' title='bbox 1979 2138 2289 2204; x_wconf 84' lang='lat' dir='ltr'><strong>Christum,</strong></span> <span class='ocrx_word' id='word_1_528' title='bbox 2320 2138 2401 2195; x_wconf 88' lang='lat' dir='ltr'><strong>vel</strong></span> <span class='ocrx_word' id='word_1_529' title='bbox 2437 2140 2487 2194; x_wconf 93' lang='lat' dir='ltr'><strong>in</strong></span> <span class='ocrx_word' id='word_1_530' title='bbox 2520 2142 3004 2209; x_wconf 86' lang='lat' dir='ltr'><strong>perseverantiam.</strong></span> <span class='ocrx_word' id='word_1_531' title='bbox 3031 2142 3098 2197; x_wconf 88' lang='lat' dir='ltr'><strong>Et</strong></span> <span class='ocrx_word' id='word_1_532' title='bbox 3127 2145 3302 2199; x_wconf 87' lang='lat' dir='ltr'><strong>intro-</strong></span> 
     </span>
    </p>
   </div>
   <div class='ocr_carea' id='block_1_65' title="bbox 1712 2229 3304 2304">
    <p class='ocr_par' dir='ltr' id='par_1_65' title="bbox 1712 2229 3304 2304">
     <span class='ocr_line' id='line_1_65' title="bbox 1712 2229 3304 2304; baseline 0.005 -22"><span class='ocrx_word' id='word_1_533' title='bbox 1712 2229 1928 2284; x_wconf 85' lang='lat' dir='ltr'><strong>ducitur</strong></span> <span class='ocrx_word' id='word_1_534' title='bbox 1975 2229 2163 2285; x_wconf 89' lang='lat' dir='ltr'><strong>eadem</strong></span> <span class='ocrx_word' id='word_1_535' title='bbox 2211 2229 2463 2285; x_wconf 86' lang='lat' dir='ltr'><strong>collectio</strong></span> <span class='ocrx_word' id='word_1_536' title='bbox 2508 2246 2626 2300; x_wconf 75' lang='lat' dir='ltr'><strong>quae</strong></span> <span class='ocrx_word' id='word_1_537' title='bbox 2677 2232 2729 2285; x_wconf 89' lang='lat' dir='ltr'><strong>in</strong></span> <span class='ocrx_word' id='word_1_538' title='bbox 2780 2233 3047 2302; x_wconf 90' lang='lat' dir='ltr'><strong>superiori</strong></span> <span class='ocrx_word' id='word_1_539' title='bbox 3093 2234 3304 2304; x_wconf 89' lang='lat' dir='ltr'><strong>psalmo</strong></span> 
     </span>
    </p>
   </div>
   <div class='ocr_carea' id='block_1_66' title="bbox 1710 2320 3302 2391">
    <p class='ocr_par' dir='ltr' id='par_1_66' title="bbox 1710 2320 3302 2391">
     <span class='ocr_line' id='line_1_66' title="bbox 1710 2320 3302 2391; baseline 0.003 -17"><span class='ocrx_word' id='word_1_540' title='bbox 1710 2320 1889 2375; x_wconf 88' lang='lat' dir='ltr'><strong>locuta</strong></span> <span class='ocrx_word' id='word_1_541' title='bbox 1916 2329 1999 2375; x_wconf 92' lang='lat' dir='ltr'><strong>est</strong></span> <span class='ocrx_word' id='word_1_542' title='bbox 2025 2338 2039 2375; x_wconf 94' lang='lat'><strong>:</strong></span> <span class='ocrx_word' id='word_1_543' title='bbox 2078 2320 2357 2391; x_wconf 87' lang='lat' dir='ltr'><strong>suspirans</strong></span> <span class='ocrx_word' id='word_1_544' title='bbox 2385 2336 2496 2391; x_wconf 73' lang='lat' dir='ltr'><strong>pra:</strong></span> <span class='ocrx_word' id='word_1_545' title='bbox 2521 2321 2687 2375; x_wconf 89' lang='lat' dir='ltr'><strong>nimio</strong></span> <span class='ocrx_word' id='word_1_546' title='bbox 2716 2324 2988 2379; x_wconf 90' lang='lat' dir='ltr'><strong>desiderio</strong></span> <span class='ocrx_word' id='word_1_547' title='bbox 3029 2326 3302 2380; x_wconf 78' lang='lat' dir='ltr'><strong>adventus</strong></span> 
     </span>
    </p>
   </div>
   <div class='ocr_carea' id='block_1_67' title="bbox 1711 2409 3304 2485">
    <p class='ocr_par' dir='ltr' id='par_1_67' title="bbox 1711 2409 3304 2485">
     <span class='ocr_line' id='line_1_67' title="bbox 1711 2409 3304 2485; baseline 0.003 -20"><span class='ocrx_word' id='word_1_548' title='bbox 1711 2409 1952 2475; x_wconf 84' lang='lat' dir='ltr'><strong>Christi,</strong></span> <span class='ocrx_word' id='word_1_549' title='bbox 1989 2420 2044 2465; x_wconf 92' lang='lat' dir='ltr'><strong>et</strong></span> <span class='ocrx_word' id='word_1_550' title='bbox 2081 2424 2246 2465; x_wconf 87' lang='lat' dir='ltr'><strong>orans</strong></span> <span class='ocrx_word' id='word_1_551' title='bbox 2278 2409 2446 2465; x_wconf 88' lang='lat' dir='ltr'><strong>Deum</strong></span> <span class='ocrx_word' id='word_1_552' title='bbox 2479 2419 2539 2464; x_wconf 92' lang='lat' dir='ltr'><strong>ut</strong></span> <span class='ocrx_word' id='word_1_553' title='bbox 2573 2412 2682 2465; x_wconf 88' lang='lat' dir='ltr'><strong>cito</strong></span> <span class='ocrx_word' id='word_1_554' title='bbox 2721 2411 2870 2466; x_wconf 90' lang='lat' dir='ltr'><strong>illum</strong></span> <span class='ocrx_word' id='word_1_555' title='bbox 2912 2414 3177 2469; x_wconf 89' lang='lat' dir='ltr'><strong>mittendo</strong></span> <span class='ocrx_word' id='word_1_556' title='bbox 3206 2429 3304 2485; x_wconf 80' lang='lat' dir='ltr'><strong>per</strong></span> 
     </span>
    </p>
   </div>
   <div class='ocr_carea' id='block_1_68' title="bbox 1710 2500 3305 2581">
    <p class='ocr_par' dir='ltr' id='par_1_68' title="bbox 1710 2500 3305 2581">
     <span class='ocr_line' id='line_1_68' title="bbox 1710 2500 3305 2581; baseline 0.003 -26"><span class='ocrx_word' id='word_1_557' title='bbox 1710 2515 1832 2556; x_wconf 91' lang='lat' dir='ltr'><strong>eum</strong></span> <span class='ocrx_word' id='word_1_558' title='bbox 1855 2517 2026 2567; x_wconf 76' lang='lat' dir='ltr'><strong>genus</strong></span> <span class='ocrx_word' id='word_1_559' title='bbox 2055 2502 2352 2556; x_wconf 87' lang='lat' dir='ltr'><strong>humanum</strong></span> <span class='ocrx_word' id='word_1_560' title='bbox 2380 2502 2652 2569; x_wconf 85' lang='lat' dir='ltr'><strong>respiciat.</strong></span> <span class='ocrx_word' id='word_1_561' title='bbox 2684 2500 2798 2557; x_wconf 78' lang='lat' dir='ltr'><strong>Non</strong></span> <span class='ocrx_word' id='word_1_562' title='bbox 2829 2503 2951 2558; x_wconf 91' lang='lat' dir='ltr'><strong>ideo</strong></span> <span class='ocrx_word' id='word_1_563' title='bbox 2976 2512 3305 2581; x_wconf 86' lang='lat' dir='ltr'><strong>tameuorat</strong></span> 
     </span>
    </p>
   </div>
   <div class='ocr_carea' id='block_1_69' title="bbox 1710 2593 3298 2663">
    <p class='ocr_par' dir='ltr' id='par_1_69' title="bbox 1710 2593 3298 2663">
     <span class='ocr_line' id='line_1_69' title="bbox 1710 2593 3298 2663; baseline 0.002 -16"><span class='ocrx_word' id='word_1_564' title='bbox 1710 2593 1818 2659; x_wconf 90' lang='lat' dir='ltr'><strong>sic,</strong></span> <span class='ocrx_word' id='word_1_565' title='bbox 1849 2593 1992 2662; x_wconf 88' lang='lat' dir='ltr'><strong>quod</strong></span> <span class='ocrx_word' id='word_1_566' title='bbox 2024 2600 2172 2648; x_wconf 90' lang='lat' dir='ltr'><strong>certa</strong></span> <span class='ocrx_word' id='word_1_567' title='bbox 2202 2608 2307 2647; x_wconf 91' lang='lat' dir='ltr'><strong>nou</strong></span> <span class='ocrx_word' id='word_1_568' title='bbox 2334 2594 2406 2647; x_wconf 91' lang='lat' dir='ltr'><strong>sit</strong></span> <span class='ocrx_word' id='word_1_569' title='bbox 2437 2606 2496 2647; x_wconf 88' lang='lat' dir='ltr'><strong>se</strong></span> <span class='ocrx_word' id='word_1_570' title='bbox 2539 2607 2819 2662; x_wconf 90' lang='lat' dir='ltr'><strong>nunquam</strong></span> <span class='ocrx_word' id='word_1_571' title='bbox 2866 2607 2989 2650; x_wconf 90' lang='lat' dir='ltr'><strong>eum</strong></span> <span class='ocrx_word' id='word_1_572' title='bbox 3019 2595 3256 2650; x_wconf 79' lang='lat' dir='ltr'><strong>visuram</strong></span> <span class='ocrx_word' id='word_1_573' title='bbox 3282 2638 3298 2663; x_wconf 92' lang='lat'><strong>,</strong></span> 
     </span>
    </p>
   </div>
   <div class='ocr_carea' id='block_1_70' title="bbox 1709 2680 3300 2757">
    <p class='ocr_par' dir='ltr' id='par_1_70' title="bbox 1709 2680 3300 2757">
     <span class='ocr_line' id='line_1_70' title="bbox 1709 2680 3300 2757; baseline 0.003 -19"><span class='ocrx_word' id='word_1_574' title='bbox 1709 2682 1805 2738; x_wconf 89' lang='lat' dir='ltr'><strong>sed</strong></span> <span class='ocrx_word' id='word_1_575' title='bbox 1834 2682 1961 2753; x_wconf 88' lang='lat' dir='ltr'><strong>quia</strong></span> <span class='ocrx_word' id='word_1_576' title='bbox 1997 2682 2099 2738; x_wconf 88' lang='lat' dir='ltr'><strong>hoc</strong></span> <span class='ocrx_word' id='word_1_577' title='bbox 2144 2681 2258 2751; x_wconf 86' lang='lat' dir='ltr'><strong>jam</strong></span> <span class='ocrx_word' id='word_1_578' title='bbox 2306 2698 2335 2735; x_wconf 91' lang='lat' dir='ltr'><strong>a</strong></span> <span class='ocrx_word' id='word_1_579' title='bbox 2386 2680 2592 2753; x_wconf 87' lang='lat' dir='ltr'><strong>Spiritu</strong></span> <span class='ocrx_word' id='word_1_580' title='bbox 2628 2692 2816 2739; x_wconf 86' lang='lat' dir='ltr'><strong>sancto</strong></span> <span class='ocrx_word' id='word_1_581' title='bbox 2841 2694 3134 2755; x_wconf 86' lang='lat' dir='ltr'><strong>conceptt:</strong></span> <span class='ocrx_word' id='word_1_582' title='bbox 3172 2688 3300 2757; x_wconf 87' lang='lat' dir='ltr'><strong>quia</strong></span> 
     </span>
    </p>
   </div>
   <div class='ocr_carea' id='block_1_71' title="bbox 1710 2773 3296 2843">
    <p class='ocr_par' dir='ltr' id='par_1_71' title="bbox 1710 2773 3296 2843">
     <span class='ocr_line' id='line_1_71' title="bbox 1710 2773 3296 2843; baseline 0.006 -17"><span class='ocrx_word' id='word_1_583' title='bbox 1710 2773 1958 2828; x_wconf 89' lang='lat' dir='ltr'><strong>mittetur</strong></span> <span class='ocrx_word' id='word_1_584' title='bbox 2015 2773 2158 2828; x_wconf 90' lang='lat' dir='ltr'><strong>sicut</strong></span> <span class='ocrx_word' id='word_1_585' title='bbox 2205 2774 2259 2827; x_wconf 91' lang='lat' dir='ltr'><strong>in</strong></span> <span class='ocrx_word' id='word_1_586' title='bbox 2312 2774 2577 2842; x_wconf 83' lang='lat' dir='ltr'><strong>superiori</strong></span> <span class='ocrx_word' id='word_1_587' title='bbox 2633 2778 2840 2843; x_wconf 89' lang='lat' dir='ltr'><strong>psalmo</strong></span> <span class='ocrx_word' id='word_1_588' title='bbox 2867 2786 3146 2831; x_wconf 89' lang='lat' dir='ltr'><strong>ostensum</strong></span> <span class='ocrx_word' id='word_1_589' title='bbox 3171 2786 3296 2836; x_wconf 87' lang='lat' dir='ltr'><strong>est:</strong></span> 
     </span>
    </p>
   </div>
   <div class='ocr_carea' id='block_1_72' title="bbox 1710 2864 3303 2937">
    <p class='ocr_par' dir='ltr' id='par_1_72' title="bbox 1710 2864 3303 2937">
     <span class='ocr_line' id='line_1_72' title="bbox 1710 2864 3303 2937; baseline 0.006 -17"><span class='ocrx_word' id='word_1_590' title='bbox 1710 2880 1832 2937; x_wconf 87' lang='lat' dir='ltr'><strong>cum</strong></span> <span class='ocrx_word' id='word_1_591' title='bbox 1857 2864 2092 2936; x_wconf 89' lang='lat' dir='ltr'><strong>cupienti</strong></span> <span class='ocrx_word' id='word_1_592' title='bbox 2119 2866 2302 2921; x_wconf 90' lang='lat' dir='ltr'><strong>animo</strong></span> <span class='ocrx_word' id='word_1_593' title='bbox 2330 2866 2383 2920; x_wconf 92' lang='lat' dir='ltr'><strong>in</strong></span> <span class='ocrx_word' id='word_1_594' title='bbox 2413 2866 2517 2921; x_wconf 93' lang='lat' dir='ltr'><strong>hoc</strong></span> <span class='ocrx_word' id='word_1_595' title='bbox 2541 2868 2673 2922; x_wconf 88' lang='lat' dir='ltr'><strong>satis</strong></span> <span class='ocrx_word' id='word_1_596' title='bbox 2713 2867 3038 2923; x_wconf 89' lang='lat' dir='ltr'><strong>festinetur:</strong></span> <span class='ocrx_word' id='word_1_597' title='bbox 3080 2880 3202 2926; x_wconf 87' lang='lat' dir='ltr'><strong>orat</strong></span> <span class='ocrx_word' id='word_1_598' title='bbox 3242 2884 3303 2929; x_wconf 91' lang='lat' dir='ltr'><strong>ut</strong></span> 
     </span>
    </p>
   </div>
   <div class='ocr_carea' id='block_1_73' title="bbox 1710 2958 3300 3032">
    <p class='ocr_par' dir='ltr' id='par_1_73' title="bbox 1710 2958 3300 3032">
     <span class='ocr_line' id='line_1_73' title="bbox 1710 2958 3300 3032; baseline 0.004 -19"><span class='ocrx_word' id='word_1_599' title='bbox 1710 2958 1764 3013; x_wconf 89' lang='lat' dir='ltr'><strong>in</strong></span> <span class='ocrx_word' id='word_1_600' title='bbox 1795 2970 2037 3030; x_wconf 85' lang='lat' dir='ltr'><strong>tempore</strong></span> <span class='ocrx_word' id='word_1_601' title='bbox 2081 2974 2181 3015; x_wconf 91' lang='lat' dir='ltr'><strong>suo</strong></span> <span class='ocrx_word' id='word_1_602' title='bbox 2234 2961 2444 3026; x_wconf 89' lang='lat' dir='ltr'><strong>veniat,</strong></span> <span class='ocrx_word' id='word_1_603' title='bbox 2506 2968 2564 3014; x_wconf 93' lang='lat' dir='ltr'><strong>ut</strong></span> <span class='ocrx_word' id='word_1_604' title='bbox 2616 2976 2737 3015; x_wconf 89' lang='lat' dir='ltr'><strong>eum</strong></span> <span class='ocrx_word' id='word_1_605' title='bbox 2794 2963 3069 3032; x_wconf 86' lang='lat' dir='ltr'><strong>corporeis</strong></span> <span class='ocrx_word' id='word_1_606' title='bbox 3125 2965 3300 3020; x_wconf 78' lang='lat' dir='ltr'><strong>ocnl&#39;s</strong></span> 
     </span>
    </p>
   </div>
   <div class='ocr_carea' id='block_1_74' title="bbox 1709 3051 3298 3124">
    <p class='ocr_par' dir='ltr' id='par_1_74' title="bbox 1709 3051 3298 3124">
     <span class='ocr_line' id='line_1_74' title="bbox 1709 3051 3298 3124; baseline 0.006 -20"><span class='ocrx_word' id='word_1_607' title='bbox 1709 3051 1893 3107; x_wconf 89' lang='lat' dir='ltr'><strong>videre</strong></span> <span class='ocrx_word' id='word_1_608' title='bbox 1912 3051 2083 3122; x_wconf 87' lang='lat' dir='ltr'><strong>possit</strong></span> <span class='ocrx_word' id='word_1_609' title='bbox 2106 3069 2122 3119; x_wconf 87' lang='lat'><strong>;</strong></span> <span class='ocrx_word' id='word_1_610' title='bbox 2154 3052 2298 3108; x_wconf 86' lang='lat' dir='ltr'><strong>sicut</strong></span> <span class='ocrx_word' id='word_1_611' title='bbox 2326 3062 2379 3108; x_wconf 92' lang='lat' dir='ltr'><strong>et</strong></span> <span class='ocrx_word' id='word_1_612' title='bbox 2409 3052 2626 3124; x_wconf 79' lang='lat' dir='ltr'><strong>Moysen</strong></span> <span class='ocrx_word' id='word_1_613' title='bbox 2656 3051 2887 3124; x_wconf 84' lang='lat' dir='ltr'><strong>legimus</strong></span> <span class='ocrx_word' id='word_1_614' title='bbox 2912 3070 3100 3112; x_wconf 85' lang='lat' dir='ltr'><strong>orasse</strong></span> <span class='ocrx_word' id='word_1_615' title='bbox 3127 3057 3298 3121; x_wconf 88' lang='lat' dir='ltr'><strong>Deum</strong></span> 
     </span>
    </p>
   </div>
   <div class='ocr_carea' id='block_1_75' title="bbox 1710 3141 3296 3217">
    <p class='ocr_par' dir='ltr' id='par_1_75' title="bbox 1710 3141 3296 3217">
     <span class='ocr_line' id='line_1_75' title="bbox 1710 3141 3296 3217; baseline 0.006 -20"><span class='ocrx_word' id='word_1_616' title='bbox 1710 3141 1993 3199; x_wconf 79' lang='lat' dir='ltr'><strong>atI‘et-tione</strong></span> <span class='ocrx_word' id='word_1_617' title='bbox 2021 3142 2210 3210; x_wconf 84' lang='lat' dir='ltr'><strong>nimia,</strong></span> <span class='ocrx_word' id='word_1_618' title='bbox 2257 3143 2401 3215; x_wconf 87' lang='lat' dir='ltr'><strong>quod</strong></span> <span class='ocrx_word' id='word_1_619' title='bbox 2432 3144 2748 3215; x_wconf 90' lang='lat' dir='ltr'><strong>contingere</strong></span> <span class='ocrx_word' id='word_1_620' title='bbox 2774 3161 2879 3201; x_wconf 91' lang='lat' dir='ltr'><strong>non</strong></span> <span class='ocrx_word' id='word_1_621' title='bbox 2908 3156 3144 3217; x_wconf 86' lang='lat' dir='ltr'><strong>poterat,</strong></span> <span class='ocrx_word' id='word_1_622' title='bbox 3173 3165 3296 3206; x_wconf 92' lang='lat' dir='ltr'><strong>cum</strong></span> 
     </span>
    </p>
   </div>
   <div class='ocr_carea' id='block_1_76' title="bbox 1706 3235 3296 3298">
    <p class='ocr_par' dir='ltr' id='par_1_76' title="bbox 1706 3235 3296 3298">
     <span class='ocr_line' id='line_1_76' title="bbox 1706 3235 3296 3298; baseline 0.005 -8"><span class='ocrx_word' id='word_1_623' title='bbox 1706 3236 1880 3292; x_wconf 82' lang='lat' dir='ltr'><strong>dixit:</strong></span> <span class='ocrx_word' id='word_1_624' title='bbox 1919 3253 1937 3287; x_wconf 80' lang='grc' dir='ltr'><strong>ι</strong></span> <span class='ocrx_word' id='word_1_625' title='bbox 1969 3235 2207 3293; x_wconf 87' lang='lat' dir='ltr'><strong>Ostende</strong></span> <span class='ocrx_word' id='word_1_626' title='bbox 2249 3237 2377 3291; x_wconf 87' lang='lat' dir='ltr'><strong>mihi</strong></span> <span class='ocrx_word' id='word_1_627' title='bbox 2417 3236 2609 3291; x_wconf 86' lang='lat' dir='ltr'><strong>faciem</strong></span> <span class='ocrx_word' id='word_1_628' title='bbox 2655 3246 2801 3291; x_wconf 88' lang='lat' dir='ltr'><strong>tuam</strong></span> <span class='ocrx_word' id='word_1_629' title='bbox 2844 3249 2898 3292; x_wconf 90' lang='lat' dir='ltr'><strong>et</strong></span> <span class='ocrx_word' id='word_1_630' title='bbox 2943 3239 3296 3298; x_wconf 46' lang='lat' dir='ltr'><strong>suIIititmihi</strong></span> 
     </span>
    </p>
   </div>
   <div class='ocr_carea' id='block_1_77' title="bbox 1707 3318 3296 3398">
    <p class='ocr_par' dir='ltr' id='par_1_77' title="bbox 1707 3318 3296 3398">
     <span class='ocr_line' id='line_1_77' title="bbox 1707 3318 3296 3398; baseline 0.007 -22"><span class='ocrx_word' id='word_1_631' title='bbox 1707 3323 1907 3396; x_wconf 73' lang='lat' dir='ltr'><strong>(Exod.</strong></span> <span class='ocrx_word' id='word_1_632' title='bbox 1927 3340 2127 3390; x_wconf 63' lang='grc' dir='ltr'>χχχιιι,</span> <span class='ocrx_word' id='word_1_633' title='bbox 2156 3326 2295 3397; x_wconf 75' lang='grc'><strong>18).»</strong></span> <span class='ocrx_word' id='word_1_634' title='bbox 2324 3318 2456 3382; x_wconf 88' lang='lat' dir='ltr'><strong>Orat</strong></span> <span class='ocrx_word' id='word_1_635' title='bbox 2475 3328 2638 3382; x_wconf 90' lang='lat' dir='ltr'><strong>etiam</strong></span> <span class='ocrx_word' id='word_1_636' title='bbox 2670 3327 2721 3382; x_wconf 92' lang='lat' dir='ltr'><strong>in</strong></span> <span class='ocrx_word' id='word_1_637' title='bbox 2748 3328 2850 3383; x_wconf 88' lang='lat' dir='ltr'><strong>hoc</strong></span> <span class='ocrx_word' id='word_1_638' title='bbox 2871 3334 3078 3398; x_wconf 86' lang='lat' dir='ltr'><strong>psalmo</strong></span> <span class='ocrx_word' id='word_1_639' title='bbox 3107 3335 3296 3387; x_wconf 89' lang='lat' dir='ltr'><strong>eadem</strong></span> 
     </span>
    </p>
   </div>
   <div class='ocr_carea' id='block_1_78' title="bbox 1706 3417 3298 3497">
    <p class='ocr_par' dir='ltr' id='par_1_78' title="bbox 1706 3417 3298 3497">
     <span class='ocr_line' id='line_1_78' title="bbox 1706 3417 3298 3497; baseline 0.005 -23"><span class='ocrx_word' id='word_1_640' title='bbox 1706 3417 1955 3474; x_wconf 89' lang='lat' dir='ltr'><strong>collectio</strong></span> <span class='ocrx_word' id='word_1_641' title='bbox 1976 3460 1990 3484; x_wconf 89' lang='lat'><strong>,</strong></span> <span class='ocrx_word' id='word_1_642' title='bbox 2022 3427 2080 3473; x_wconf 91' lang='grc' dir='ltr'><strong>ιιι</strong></span> <span class='ocrx_word' id='word_1_643' title='bbox 2105 3433 2135 3472; x_wconf 89' lang='lat' dir='ltr'><strong>a</strong></span> <span class='ocrx_word' id='word_1_644' title='bbox 2162 3427 2335 3475; x_wconf 92' lang='lat' dir='ltr'><strong>morte</strong></span> <span class='ocrx_word' id='word_1_645' title='bbox 2358 3431 2708 3491; x_wconf 88' lang='lat' dir='ltr'><strong>peccatorum</strong></span> <span class='ocrx_word' id='word_1_646' title='bbox 2739 3424 3101 3480; x_wconf 89' lang='lat' dir='ltr'><strong>criminalium</strong></span> <span class='ocrx_word' id='word_1_647' title='bbox 3126 3426 3298 3497; x_wconf 88' lang='lat' dir='ltr'><strong>ipsam</strong></span> 
     </span>
    </p>
   </div>
   <div class='ocr_carea' id='block_1_79' title="bbox 1705 3508 3300 3580">
    <p class='ocr_par' dir='ltr' id='par_1_79' title="bbox 1705 3508 3300 3580">
     <span class='ocr_line' id='line_1_79' title="bbox 1705 3508 3300 3580; baseline 0.008 -19"><span class='ocrx_word' id='word_1_648' title='bbox 1705 3508 1928 3574; x_wconf 88' lang='lat' dir='ltr'><strong>liberet,</strong></span> <span class='ocrx_word' id='word_1_649' title='bbox 1965 3519 2025 3563; x_wconf 90' lang='lat' dir='ltr'><strong>ut</strong></span> <span class='ocrx_word' id='word_1_650' title='bbox 2055 3509 2108 3564; x_wconf 92' lang='lat' dir='ltr'><strong>in</strong></span> <span class='ocrx_word' id='word_1_651' title='bbox 2144 3509 2377 3565; x_wconf 90' lang='lat' dir='ltr'><strong>adventu</strong></span> <span class='ocrx_word' id='word_1_652' title='bbox 2409 3510 2526 3580; x_wconf 76' lang='lat' dir='ltr'><strong>ejus</strong></span> <span class='ocrx_word' id='word_1_653' title='bbox 2556 3512 2832 3569; x_wconf 82' lang='lat' dir='ltr'><strong>exsultare</strong></span> <span class='ocrx_word' id='word_1_654' title='bbox 2874 3515 3072 3570; x_wconf 86' lang='lat' dir='ltr'><strong>valeat.</strong></span> <span class='ocrx_word' id='word_1_655' title='bbox 3112 3517 3179 3571; x_wconf 82' lang='lat' dir='ltr'><strong>Et</strong></span> <span class='ocrx_word' id='word_1_656' title='bbox 3210 3518 3300 3574; x_wconf 91' lang='lat' dir='ltr'><strong>hic</strong></span> 
     </span>
    </p>
   </div>
   <div class='ocr_carea' id='block_1_80' title="bbox 1707 3600 3302 3676">
    <p class='ocr_par' dir='ltr' id='par_1_80' title="bbox 1707 3600 3302 3676">
     <span class='ocr_line' id='line_1_80' title="bbox 1707 3600 3302 3676; baseline 0.007 -23"><span class='ocrx_word' id='word_1_657' title='bbox 1707 3600 1773 3654; x_wconf 85' lang='lat' dir='ltr'><strong>ad</strong></span> <span class='ocrx_word' id='word_1_658' title='bbox 1805 3600 2224 3676; x_wconf 71' lang='lat' dir='ltr'><strong>bocintrodutjt</strong></span> <span class='ocrx_word' id='word_1_659' title='bbox 2252 3600 2526 3672; x_wconf 79' lang='lat' dir='ltr'><strong>PrOpheta</strong></span> <span class='ocrx_word' id='word_1_660' title='bbox 2556 3643 2571 3666; x_wconf 94' lang='lat'><strong>,</strong></span> <span class='ocrx_word' id='word_1_661' title='bbox 2627 3612 2687 3657; x_wconf 90' lang='lat' dir='ltr'><strong>ut</strong></span> <span class='ocrx_word' id='word_1_662' title='bbox 2716 3618 2816 3658; x_wconf 92' lang='lat' dir='ltr'><strong>nos</strong></span> <span class='ocrx_word' id='word_1_663' title='bbox 2856 3605 2922 3658; x_wconf 89' lang='lat' dir='ltr'><strong>ad</strong></span> <span class='ocrx_word' id='word_1_664' title='bbox 2958 3606 3128 3676; x_wconf 83' lang='lat' dir='ltr'><strong>ipsius</strong></span> <span class='ocrx_word' id='word_1_665' title='bbox 3166 3609 3302 3665; x_wconf 83' lang='lat' dir='ltr'><strong>ditc-</strong></span> 
     </span>
    </p>
   </div>
   <div class='ocr_carea' id='block_1_81' title="bbox 1706 3667 3296 3757">
    <p class='ocr_par' dir='ltr' id='par_1_81' title="bbox 1706 3667 3296 3757">
     <span class='ocr_line' id='line_1_81' title="bbox 1706 3667 3296 3757; baseline 0.006 -19"><span class='ocrx_word' id='word_1_666' title='bbox 1706 3687 1939 3740; x_wconf 89' lang='lat' dir='ltr'><strong>ctionetn</strong></span> <span class='ocrx_word' id='word_1_667' title='bbox 1973 3667 2221 3757; x_wconf 73' lang='lat' dir='ltr'><strong>exemplo</strong></span> <span class='ocrx_word' id='word_1_668' title='bbox 2250 3667 2443 3742; x_wconf 78' lang='lat' dir='ltr'><strong>horum</strong></span> <span class='ocrx_word' id='word_1_669' title='bbox 2490 3687 2748 3742; x_wconf 88' lang='lat' dir='ltr'><strong>instruat.</strong></span> <span class='ocrx_word' id='word_1_670' title='bbox 2786 3688 2851 3743; x_wconf 87' lang='lat' dir='ltr'><strong>Et</strong></span> <span class='ocrx_word' id='word_1_671' title='bbox 2885 3667 2993 3745; x_wconf 72' lang='lat' dir='ltr'><strong>hoc</strong></span> <span class='ocrx_word' id='word_1_672' title='bbox 3015 3692 3096 3747; x_wconf 88' lang='lat' dir='ltr'><strong>sic</strong></span> <span class='ocrx_word' id='word_1_673' title='bbox 3123 3692 3296 3749; x_wconf 91' lang='lat' dir='ltr'><strong>dicit:</strong></span> 
     </span>
    </p>
   </div>
   <div class='ocr_carea' id='block_1_82' title="bbox 1780 3774 3302 3849">
    <p class='ocr_par' dir='ltr' id='par_1_82' title="bbox 1780 3774 3302 3849">
     <span class='ocr_line' id='line_1_82' title="bbox 1780 3774 3302 3849; baseline 0.007 -22"><span class='ocrx_word' id='word_1_674' title='bbox 1780 3774 2054 3847; x_wconf 82' lang='lat' dir='ltr'><strong>L&#39;squequo</strong></span> <span class='ocrx_word' id='word_1_675' title='bbox 2080 3816 2094 3841; x_wconf 89' lang='lat'><strong>,</strong></span> <span class='ocrx_word' id='word_1_676' title='bbox 2128 3776 2365 3840; x_wconf 88' lang='lat' dir='ltr'><strong>Domine,</strong></span> <span class='ocrx_word' id='word_1_677' title='bbox 2398 3778 2482 3831; x_wconf 91' lang='lat' dir='ltr'><strong>cui</strong></span> <span class='ocrx_word' id='word_1_678' title='bbox 2517 3791 2603 3831; x_wconf 91' lang='lat' dir='ltr'><strong>me</strong></span> <span class='ocrx_word' id='word_1_679' title='bbox 2646 3791 2863 3833; x_wconf 87' lang='lat' dir='ltr'><strong>servum</strong></span> <span class='ocrx_word' id='word_1_680' title='bbox 2914 3778 3012 3834; x_wconf 91' lang='lat' dir='ltr'><strong>feci</strong></span> <span class='ocrx_word' id='word_1_681' title='bbox 3040 3819 3058 3849; x_wconf 89' lang='lat'><strong>,</strong></span> <span class='ocrx_word' id='word_1_682' title='bbox 3118 3781 3302 3837; x_wconf 75' lang='lat' dir='ltr'><strong>obliti-</strong></span> 
     </span>
    </p>
   </div>
   <div class='ocr_carea' id='block_1_83' title="bbox 1706 3867 3298 3936">
    <p class='ocr_par' dir='ltr' id='par_1_83' title="bbox 1706 3867 3298 3936">
     <span class='ocr_line' id='line_1_83' title="bbox 1706 3867 3298 3936; baseline 0.006 -19"><span class='ocrx_word' id='word_1_683' title='bbox 1706 3871 1863 3921; x_wconf 64' lang='grc' dir='ltr'><strong>ποετις</strong></span> <span class='ocrx_word' id='word_1_684' title='bbox 1886 3885 1984 3933; x_wconf 86' lang='lat' dir='ltr'><strong>me,</strong></span> <span class='ocrx_word' id='word_1_685' title='bbox 2013 3868 2066 3923; x_wconf 90' lang='lat' dir='ltr'><strong>id</strong></span> <span class='ocrx_word' id='word_1_686' title='bbox 2089 3876 2171 3923; x_wconf 91' lang='lat' dir='ltr'><strong>est</strong></span> <span class='ocrx_word' id='word_1_687' title='bbox 2193 3867 2463 3924; x_wconf 89' lang='lat' dir='ltr'><strong>videberis</strong></span> <span class='ocrx_word' id='word_1_688' title='bbox 2489 3869 2770 3936; x_wconf 90' lang='lat' dir='ltr'><strong>oblivisci,</strong></span> <span class='ocrx_word' id='word_1_689' title='bbox 2806 3886 2911 3925; x_wconf 89' lang='lat' dir='ltr'><strong>non</strong></span> <span class='ocrx_word' id='word_1_690' title='bbox 2939 3876 3298 3929; x_wconf 87' lang='lat' dir='ltr'><strong>restaurando</strong></span> 
     </span>
    </p>
   </div>
   <div class='ocr_carea' id='block_1_84' title="bbox 1706 3960 3297 4036">
    <p class='ocr_par' dir='ltr' id='par_1_84' title="bbox 1706 3960 3297 4036">
     <span class='ocr_line' id='line_1_84' title="bbox 1706 3960 3297 4036; baseline 0.004 -23"><span class='ocrx_word' id='word_1_691' title='bbox 1706 3961 1850 4029; x_wconf 85' lang='lat' dir='ltr'><strong>quod</strong></span> <span class='ocrx_word' id='word_1_692' title='bbox 1900 3976 1996 4031; x_wconf 90' lang='lat' dir='ltr'><strong>per</strong></span> <span class='ocrx_word' id='word_1_693' title='bbox 2021 3961 2195 4035; x_wconf 80' lang='lat' dir='ltr'><strong>Adam</strong></span> <span class='ocrx_word' id='word_1_694' title='bbox 2225 3960 2518 4015; x_wconf 82' lang='lat' dir='ltr'><strong>commisi?</strong></span> <span class='ocrx_word' id='word_1_695' title='bbox 2557 3960 2752 4016; x_wconf 87' lang='lat' dir='ltr'><strong>Postea</strong></span> <span class='ocrx_word' id='word_1_696' title='bbox 2792 3965 3026 4034; x_wconf 77' lang='lat' dir='ltr'><strong>ipsatnet</strong></span> <span class='ocrx_word' id='word_1_697' title='bbox 3070 3980 3297 4036; x_wconf 88' lang='lat' dir='ltr'><strong>respon-</strong></span> 
     </span>
    </p>
   </div>
   <div class='ocr_carea' id='block_1_85' title="bbox 1708 4052 3295 4124">
    <p class='ocr_par' dir='ltr' id='par_1_85' title="bbox 1708 4052 3295 4124">
     <span class='ocr_line' id='line_1_85' title="bbox 1708 4052 3295 4124; baseline 0.004 -18"><span class='ocrx_word' id='word_1_698' title='bbox 1708 4052 1828 4116; x_wconf 87' lang='lat' dir='ltr'><strong>det,</strong></span> <span class='ocrx_word' id='word_1_699' title='bbox 1862 4064 1916 4105; x_wconf 91' lang='lat' dir='ltr'><strong>ut</strong></span> <span class='ocrx_word' id='word_1_700' title='bbox 1944 4054 2122 4107; x_wconf 89' lang='lat' dir='ltr'><strong>minus</strong></span> <span class='ocrx_word' id='word_1_701' title='bbox 2153 4053 2427 4124; x_wconf 86' lang='lat' dir='ltr'><strong>perfectos</strong></span> <span class='ocrx_word' id='word_1_702' title='bbox 2457 4053 2671 4119; x_wconf 89' lang='lat' dir='ltr'><strong>doceat,</strong></span> <span class='ocrx_word' id='word_1_703' title='bbox 2702 4056 2939 4123; x_wconf 86' lang='lat' dir='ltr'><strong>quandiu</strong></span> <span class='ocrx_word' id='word_1_704' title='bbox 2966 4056 3167 4111; x_wconf 87' lang='lat' dir='ltr'><strong>oblivio</strong></span> <span class='ocrx_word' id='word_1_705' title='bbox 3192 4057 3295 4112; x_wconf 83' lang='lat' dir='ltr'><strong>ista</strong></span> 
     </span>
    </p>
   </div>
   <div class='ocr_carea' id='block_1_86' title="bbox 1707 4142 3295 4213">
    <p class='ocr_par' dir='ltr' id='par_1_86' title="bbox 1707 4142 3295 4213">
     <span class='ocr_line' id='line_1_86' title="bbox 1707 4142 3295 4213; baseline 0.003 -18"><span class='ocrx_word' id='word_1_706' title='bbox 1707 4143 1773 4196; x_wconf 88' lang='lat' dir='ltr'><strong>sit</strong></span> <span class='ocrx_word' id='word_1_707' title='bbox 1798 4143 2055 4196; x_wconf 83' lang='lat' dir='ltr'><strong>duratura</strong></span> <span class='ocrx_word' id='word_1_708' title='bbox 2086 4159 2097 4196; x_wconf 93' lang='lat'><strong>:</strong></span> <span class='ocrx_word' id='word_1_709' title='bbox 2138 4142 2241 4197; x_wconf 90' lang='lat' dir='ltr'><strong>hoc</strong></span> <span class='ocrx_word' id='word_1_710' title='bbox 2268 4142 2439 4197; x_wconf 88' lang='lat' dir='ltr'><strong>facies</strong></span> <span class='ocrx_word' id='word_1_711' title='bbox 2470 4150 2523 4196; x_wconf 91' lang='lat' dir='ltr'><strong>tu</strong></span> <span class='ocrx_word' id='word_1_712' title='bbox 2550 4158 2712 4213; x_wconf 82' lang='lat' dir='ltr'><strong>usque</strong></span> <span class='ocrx_word' id='word_1_713' title='bbox 2743 4144 2795 4197; x_wconf 89' lang='lat' dir='ltr'><strong>in</strong></span> <span class='ocrx_word' id='word_1_714' title='bbox 2817 4144 3006 4211; x_wconf 74' lang='lat' dir='ltr'><strong>ﬁnem,</strong></span> <span class='ocrx_word' id='word_1_715' title='bbox 3044 4146 3096 4200; x_wconf 88' lang='lat' dir='ltr'><strong>id</strong></span> <span class='ocrx_word' id='word_1_716' title='bbox 3125 4154 3210 4199; x_wconf 84' lang='lat' dir='ltr'><strong>est</strong></span> <span class='ocrx_word' id='word_1_717' title='bbox 3241 4147 3295 4200; x_wconf 91' lang='lat' dir='ltr'><strong>in</strong></span> 
     </span>
    </p>
   </div>
   <div class='ocr_carea' id='block_1_87' title="bbox 1706 4235 3379 4307">
    <p class='ocr_par' dir='ltr' id='par_1_87' title="bbox 1706 4235 3379 4307">
     <span class='ocr_line' id='line_1_87' title="bbox 1706 4235 3379 4307; baseline 0.001 -17"><span class='ocrx_word' id='word_1_718' title='bbox 1706 4235 2013 4299; x_wconf 89' lang='lat' dir='ltr'><strong>Christum,</strong></span> <span class='ocrx_word' id='word_1_719' title='bbox 2046 4237 2135 4306; x_wconf 89' lang='lat' dir='ltr'><strong>qui</strong></span> <span class='ocrx_word' id='word_1_720' title='bbox 2174 4244 2434 4291; x_wconf 90' lang='lat' dir='ltr'><strong>venturus</strong></span> <span class='ocrx_word' id='word_1_721' title='bbox 2459 4244 2543 4290; x_wconf 90' lang='lat' dir='ltr'><strong>est</strong></span> <span class='ocrx_word' id='word_1_722' title='bbox 2583 4235 2704 4289; x_wconf 90' lang='lat' dir='ltr'><strong>linis</strong></span> <span class='ocrx_word' id='word_1_723' title='bbox 2729 4236 3028 4306; x_wconf 77' lang='lat' dir='ltr'><strong>prophetia:</strong></span> <span class='ocrx_word' id='word_1_724' title='bbox 3055 4245 3110 4291; x_wconf 91' lang='lat' dir='ltr'><strong>et</strong></span> <span class='ocrx_word' id='word_1_725' title='bbox 3139 4236 3293 4307; x_wconf 82' lang='lat' dir='ltr'><strong>legis.</strong></span> <span class='ocrx_word' id='word_1_726' title='bbox 3376 4236 3379 4239; x_wconf 37' lang='grc' dir='ltr'><strong><em>λ</em></strong></span> 
     </span>
    </p>
   </div>
   <div class='ocr_carea' id='block_1_88' title="bbox 1710 4323 3291 4396">
    <p class='ocr_par' dir='ltr' id='par_1_88' title="bbox 1710 4323 3291 4396">
     <span class='ocr_line' id='line_1_88' title="bbox 1710 4323 3291 4396; baseline 0.003 -19"><span class='ocrx_word' id='word_1_727' title='bbox 1710 4323 1801 4379; x_wconf 80' lang='lat' dir='ltr'><strong>Vel</strong></span> <span class='ocrx_word' id='word_1_728' title='bbox 1850 4343 2010 4395; x_wconf 84' lang='lat' dir='ltr'><strong>usque</strong></span> <span class='ocrx_word' id='word_1_729' title='bbox 2069 4328 2124 4378; x_wconf 86' lang='lat' dir='ltr'><strong>in</strong></span> <span class='ocrx_word' id='word_1_730' title='bbox 2178 4326 2338 4393; x_wconf 85' lang='lat' dir='ltr'><strong>finem</strong></span> <span class='ocrx_word' id='word_1_731' title='bbox 2403 4334 2704 4396; x_wconf 88' lang='lat' dir='ltr'><strong>temporum</strong></span> <span class='ocrx_word' id='word_1_732' title='bbox 2763 4326 2997 4381; x_wconf 70' lang='lat' dir='ltr'><strong>miseria:</strong></span> <span class='ocrx_word' id='word_1_733' title='bbox 3049 4336 3291 4391; x_wconf 59' lang='lat' dir='ltr'><strong>nostrae,</strong></span> 
     </span>
    </p>
   </div>
   <div class='ocr_carea' id='block_1_89' title="bbox 1707 4416 3296 4486">
    <p class='ocr_par' dir='ltr' id='par_1_89' title="bbox 1707 4416 3296 4486">
     <span class='ocr_line' id='line_1_89' title="bbox 1707 4416 3296 4486; baseline 0.004 -19"><span class='ocrx_word' id='word_1_734' title='bbox 1707 4416 1921 4485; x_wconf 89' lang='lat' dir='ltr'><strong>quando</strong></span> <span class='ocrx_word' id='word_1_735' title='bbox 1963 4417 2173 4471; x_wconf 86' lang='lat' dir='ltr'><strong>scilicet</strong></span> <span class='ocrx_word' id='word_1_736' title='bbox 2205 4427 2416 4486; x_wconf 88' lang='lat' dir='ltr'><strong>tempus</strong></span> <span class='ocrx_word' id='word_1_737' title='bbox 2444 4417 2799 4485; x_wconf 88' lang='lat' dir='ltr'><strong>plenitudinis</strong></span> <span class='ocrx_word' id='word_1_738' title='bbox 2822 4419 3022 4472; x_wconf 79' lang='lat' dir='ltr'><strong>veniet.</strong></span> <span class='ocrx_word' id='word_1_739' title='bbox 3072 4416 3169 4473; x_wconf 77' lang='lat' dir='ltr'><strong>Vel</strong></span> <span class='ocrx_word' id='word_1_740' title='bbox 3214 4420 3296 4473; x_wconf 89' lang='lat' dir='ltr'><strong>sic</strong></span> 
     </span>
    </p>
   </div>
   <div class='ocr_carea' id='block_1_90' title="bbox 35 4506 3292 4586">
    <p class='ocr_par' dir='ltr' id='par_1_90' title="bbox 35 4506 3292 4586">
     <span class='ocr_line' id='line_1_90' title="bbox 35 4506 3292 4586; baseline -0.001 -20"><span class='ocrx_word' id='word_1_741' title='bbox 35 4530 140 4569; x_wconf 87' lang='lat' dir='ltr'><strong>reua</strong></span> <span class='ocrx_word' id='word_1_742' title='bbox 168 4520 332 4572; x_wconf 88' lang='lat' dir='ltr'><strong>sorde</strong></span> <span class='ocrx_word' id='word_1_743' title='bbox 353 4518 579 4586; x_wconf 82' lang='lat' dir='ltr'><strong>probatu</strong></span> <span class='ocrx_word' id='word_1_744' title='bbox 605 4525 657 4571; x_wconf 91' lang='lat' dir='ltr'><strong>ct</strong></span> <span class='ocrx_word' id='word_1_745' title='bbox 679 4523 905 4586; x_wconf 68' lang='lat' dir='ltr'><strong>purgato</strong></span> <span class='ocrx_word' id='word_1_746' title='bbox 927 4516 978 4570; x_wconf 93' lang='lat' dir='ltr'><strong>in</strong></span> <span class='ocrx_word' id='word_1_747' title='bbox 1008 4515 1226 4570; x_wconf 89' lang='lat' dir='ltr'><strong>fornace</strong></span> <span class='ocrx_word' id='word_1_748' title='bbox 1249 4553 1264 4577; x_wconf 91' lang='lat'><strong>,</strong></span> <span class='ocrx_word' id='word_1_749' title='bbox 1284 4514 1600 4582; x_wconf 84' lang='lat' dir='ltr'><strong>septuplum,</strong></span> <span class='ocrx_word' id='word_1_750' title='bbox 1631 4514 1681 4574; x_wconf 84' lang='grc' dir='ltr'><strong>Ι)</strong></span> <span class='ocrx_word' id='word_1_751' title='bbox 1709 4518 1883 4578; x_wconf 82' lang='lat' dir='ltr'><strong>potest</strong></span> <span class='ocrx_word' id='word_1_752' title='bbox 1914 4508 2052 4575; x_wconf 85' lang='lat' dir='ltr'><strong>legi,</strong></span> <span class='ocrx_word' id='word_1_753' title='bbox 2085 4506 2227 4577; x_wconf 90' lang='lat' dir='ltr'><strong>quod</strong></span> <span class='ocrx_word' id='word_1_754' title='bbox 2262 4522 2366 4561; x_wconf 90' lang='lat' dir='ltr'><strong>non</strong></span> <span class='ocrx_word' id='word_1_755' title='bbox 2401 4507 2471 4561; x_wconf 91' lang='lat' dir='ltr'><strong>sit</strong></span> <span class='ocrx_word' id='word_1_756' title='bbox 2502 4506 2779 4575; x_wconf 90' lang='lat' dir='ltr'><strong>responsio</strong></span> <span class='ocrx_word' id='word_1_757' title='bbox 2799 4547 2813 4572; x_wconf 91' lang='lat'><strong>,</strong></span> <span class='ocrx_word' id='word_1_758' title='bbox 2844 4508 2939 4562; x_wconf 90' lang='lat' dir='ltr'><strong>sed</strong></span> <span class='ocrx_word' id='word_1_759' title='bbox 2974 4509 3292 4578; x_wconf 86' lang='lat' dir='ltr'><strong>suspiratio.</strong></span> 
     </span>
    </p>
   </div>
   <div class='ocr_carea' id='block_1_91' title="bbox 32 4604 1604 4678">
    <p class='ocr_par' dir='ltr' id='par_1_91' title="bbox 32 4604 1604 4678">
     <span class='ocr_line' id='line_1_91' title="bbox 32 4604 1604 4678; baseline 0.002 -22"><span class='ocrx_word' id='word_1_760' title='bbox 32 4605 73 4656; x_wconf 87' lang='lat' dir='ltr'><strong>id</strong></span> <span class='ocrx_word' id='word_1_761' title='bbox 88 4617 164 4660; x_wconf 84' lang='lat' dir='ltr'><strong>est</strong></span> <span class='ocrx_word' id='word_1_762' title='bbox 187 4609 407 4678; x_wconf 52' lang='lat' dir='ltr'><strong>sapius.</strong></span> <span class='ocrx_word' id='word_1_763' title='bbox 425 4608 580 4674; x_wconf 86' lang='lat' dir='ltr'><strong>Quod</strong></span> <span class='ocrx_word' id='word_1_764' title='bbox 601 4617 685 4662; x_wconf 85' lang='lat' dir='ltr'><strong>est</strong></span> <span class='ocrx_word' id='word_1_765' title='bbox 703 4608 913 4662; x_wconf 86' lang='lat' dir='ltr'><strong>dicere:</strong></span> <span class='ocrx_word' id='word_1_766' title='bbox 945 4606 1096 4660; x_wconf 86' lang='lat' dir='ltr'><strong>Sicut</strong></span> <span class='ocrx_word' id='word_1_767' title='bbox 1113 4614 1396 4676; x_wconf 76' lang='lat' dir='ltr'><strong>argentum</strong></span> <span class='ocrx_word' id='word_1_768' title='bbox 1421 4604 1604 4674; x_wconf 87' lang='lat' dir='ltr'><strong>hujus-</strong></span> 
     </span>
    </p>
   </div>
   <div class='ocr_carea' id='block_1_92' title="bbox 32 4695 1627 4757">
    <p class='ocr_par' dir='ltr' id='par_1_92' title="bbox 32 4695 1627 4757">
     <span class='ocr_line' id='line_1_92' title="bbox 32 4695 1627 4757; baseline -0.003 -9"><span class='ocrx_word' id='word_1_769' title='bbox 32 4696 153 4750; x_wconf 85' lang='lat' dir='ltr'><strong>modi</strong></span> <span class='ocrx_word' id='word_1_770' title='bbox 185 4698 417 4752; x_wconf 88' lang='lat' dir='ltr'><strong>nitidmn</strong></span> <span class='ocrx_word' id='word_1_771' title='bbox 469 4707 585 4757; x_wconf 88' lang='lat' dir='ltr'><strong>est.</strong></span> <span class='ocrx_word' id='word_1_772' title='bbox 635 4704 691 4751; x_wconf 90' lang='lat' dir='ltr'><strong>et</strong></span> <span class='ocrx_word' id='word_1_773' title='bbox 713 4695 860 4752; x_wconf 87' lang='lat' dir='ltr'><strong>omni</strong></span> <span class='ocrx_word' id='word_1_774' title='bbox 902 4695 1064 4750; x_wconf 89' lang='lat' dir='ltr'><strong>sorde</strong></span> <span class='ocrx_word' id='word_1_775' title='bbox 1101 4707 1371 4749; x_wconf 87' lang='lat' dir='ltr'><strong>vacuum:</strong></span> <span class='ocrx_word' id='word_1_776' title='bbox 1424 4696 1504 4748; x_wconf 87' lang='lat' dir='ltr'><strong>sic</strong></span> <span class='ocrx_word' id='word_1_777' title='bbox 1551 4701 1627 4746; x_wconf 24' lang='lat' dir='ltr'><strong>et.</strong></span> 
     </span>
    </p>
   </div>
   <div class='ocr_carea' id='block_1_93' title="bbox 29 4786 1606 4862">
    <p class='ocr_par' dir='ltr' id='par_1_93' title="bbox 29 4786 1606 4862">
     <span class='ocr_line' id='line_1_93' title="bbox 29 4786 1606 4862; baseline -0.003 -18"><span class='ocrx_word' id='word_1_778' title='bbox 29 4803 127 4854; x_wconf 63' lang='lat' dir='ltr'><strong>etus</strong></span> <span class='ocrx_word' id='word_1_779' title='bbox 155 4792 373 4862; x_wconf 83' lang='lat' dir='ltr'><strong>eloquia</strong></span> <span class='ocrx_word' id='word_1_780' title='bbox 388 4793 566 4847; x_wconf 86' lang='lat' dir='ltr'><strong>nitida</strong></span> <span class='ocrx_word' id='word_1_781' title='bbox 593 4800 720 4847; x_wconf 88' lang='lat' dir='ltr'><strong>sunt</strong></span> <span class='ocrx_word' id='word_1_782' title='bbox 740 4799 795 4845; x_wconf 90' lang='lat' dir='ltr'><strong>et</strong></span> <span class='ocrx_word' id='word_1_783' title='bbox 815 4789 959 4845; x_wconf 91' lang='lat' dir='ltr'><strong>omni</strong></span> <span class='ocrx_word' id='word_1_784' title='bbox 987 4786 1238 4844; x_wconf 89' lang='lat' dir='ltr'><strong>falsitatis</strong></span> <span class='ocrx_word' id='word_1_785' title='bbox 1270 4787 1388 4842; x_wconf 90' lang='lat' dir='ltr'><strong>labe</strong></span> <span class='ocrx_word' id='word_1_786' title='bbox 1415 4800 1606 4842; x_wconf 78' lang='lat' dir='ltr'><strong>caren-</strong></span> 
     </span>
    </p>
   </div>
   <div class='ocr_carea' id='block_1_94' title="bbox 29 4883 1603 4956">
    <p class='ocr_par' dir='ltr' id='par_1_94' title="bbox 29 4883 1603 4956">
     <span class='ocr_line' id='line_1_94' title="bbox 29 4883 1603 4956; baseline 0.001 -22"><span class='ocrx_word' id='word_1_787' title='bbox 29 4884 107 4935; x_wconf 83' lang='lat' dir='ltr'><strong>tia.</strong></span> <span class='ocrx_word' id='word_1_788' title='bbox 137 4885 202 4939; x_wconf 81' lang='lat' dir='ltr'><strong>Et</strong></span> <span class='ocrx_word' id='word_1_789' title='bbox 222 4887 356 4956; x_wconf 85' lang='lat' dir='ltr'><strong>quia</strong></span> <span class='ocrx_word' id='word_1_790' title='bbox 385 4887 465 4941; x_wconf 89' lang='lat' dir='ltr'><strong>sic</strong></span> <span class='ocrx_word' id='word_1_791' title='bbox 495 4886 661 4940; x_wconf 90' lang='lat' dir='ltr'><strong>nitida</strong></span> <span class='ocrx_word' id='word_1_792' title='bbox 683 4893 809 4941; x_wconf 90' lang='lat' dir='ltr'><strong>sunt</strong></span> <span class='ocrx_word' id='word_1_793' title='bbox 842 4894 897 4940; x_wconf 91' lang='lat' dir='ltr'><strong>et</strong></span> <span class='ocrx_word' id='word_1_794' title='bbox 932 4898 1058 4939; x_wconf 88' lang='lat' dir='ltr'><strong>vera</strong></span> <span class='ocrx_word' id='word_1_795' title='bbox 1080 4924 1094 4948; x_wconf 95' lang='lat'><strong>,</strong></span> <span class='ocrx_word' id='word_1_796' title='bbox 1124 4884 1190 4939; x_wconf 90' lang='lat' dir='ltr'><strong>&#39;et</strong></span> <span class='ocrx_word' id='word_1_797' title='bbox 1221 4897 1318 4951; x_wconf 86' lang='lat' dir='ltr'><strong>per</strong></span> <span class='ocrx_word' id='word_1_798' title='bbox 1355 4896 1417 4935; x_wconf 92' lang='lat' dir='ltr'><strong>ea</strong></span> <span class='ocrx_word' id='word_1_799' title='bbox 1449 4883 1603 4936; x_wconf 84' lang='lat' dir='ltr'><strong>nobis</strong></span> 
     </span>
    </p>
   </div>
   <div class='ocr_carea' id='block_1_95' title="bbox 28 4972 1606 5044">
    <p class='ocr_par' dir='ltr' id='par_1_95' title="bbox 28 4972 1606 5044">
     <span class='ocr_line' id='line_1_95' title="bbox 28 4972 1606 5044; baseline -0.003 -15"><span class='ocrx_word' id='word_1_800' title='bbox 28 4972 467 5044; x_wconf 58' lang='lat' dir='ltr'><strong>haecpromittis:</strong></span> <span class='ocrx_word' id='word_1_801' title='bbox 504 4973 547 5028; x_wconf 90' lang='lat' dir='ltr'><strong><em>T</em></strong></span> <span class='ocrx_word' id='word_1_802' title='bbox 551 4992 620 5039; x_wconf 82' lang='grc' dir='ltr'>ιι,</span> <span class='ocrx_word' id='word_1_803' title='bbox 648 4974 894 5038; x_wconf 80' lang='lat' dir='ltr'><strong>Domine,</strong></span> <span class='ocrx_word' id='word_1_804' title='bbox 942 4976 1033 5043; x_wconf 88' lang='lat' dir='ltr'><strong>qui</strong></span> <span class='ocrx_word' id='word_1_805' title='bbox 1079 4987 1178 5044; x_wconf 91' lang='lat' dir='ltr'><strong>per</strong></span> <span class='ocrx_word' id='word_1_806' title='bbox 1223 4973 1401 5026; x_wconf 87' lang='lat' dir='ltr'><strong>omnia</strong></span> <span class='ocrx_word' id='word_1_807' title='bbox 1444 4986 1606 5025; x_wconf 88' lang='lat' dir='ltr'><strong>verus</strong></span> 
     </span>
    </p>
   </div>
   <div class='ocr_carea' id='block_1_96' title="bbox 27 5064 1606 5130">
    <p class='ocr_par' dir='ltr' id='par_1_96' title="bbox 27 5064 1606 5130">
     <span class='ocr_line' id='line_1_96' title="bbox 27 5064 1606 5130; baseline -0.003 -11"><span class='ocrx_word' id='word_1_808' title='bbox 27 5080 74 5119; x_wconf 80' lang='lat' dir='ltr'><strong>cs</strong></span> <span class='ocrx_word' id='word_1_809' title='bbox 95 5107 108 5130; x_wconf 95' lang='lat'><strong>,</strong></span> <span class='ocrx_word' id='word_1_810' title='bbox 144 5069 382 5122; x_wconf 76' lang='lat' dir='ltr'><strong>servabis</strong></span> <span class='ocrx_word' id='word_1_811' title='bbox 412 5083 536 5129; x_wconf 81' lang='lat' dir='ltr'><strong>nos,</strong></span> <span class='ocrx_word' id='word_1_812' title='bbox 570 5067 621 5121; x_wconf 77' lang='lat' dir='ltr'><strong>id</strong></span> <span class='ocrx_word' id='word_1_813' title='bbox 639 5074 722 5121; x_wconf 75' lang='lat' dir='ltr'><strong>cst</strong></span> <span class='ocrx_word' id='word_1_814' title='bbox 743 5065 975 5121; x_wconf 87' lang='lat' dir='ltr'><strong>salvabis</strong></span> <span class='ocrx_word' id='word_1_815' title='bbox 1001 5080 1098 5120; x_wconf 91' lang='lat' dir='ltr'><strong>nos</strong></span> <span class='ocrx_word' id='word_1_816' title='bbox 1124 5067 1174 5120; x_wconf 90' lang='lat' dir='ltr'><strong>in</strong></span> <span class='ocrx_word' id='word_1_817' title='bbox 1201 5064 1414 5128; x_wconf 89' lang='lat' dir='ltr'><strong>futuro,</strong></span> <span class='ocrx_word' id='word_1_818' title='bbox 1448 5064 1606 5117; x_wconf 87' lang='lat' dir='ltr'><strong>redu-</strong></span> 
     </span>
    </p>
   </div>
   <div class='ocr_carea' id='block_1_97' title="bbox 26 5154 1602 5227">
    <p class='ocr_par' dir='ltr' id='par_1_97' title="bbox 26 5154 1602 5227">
     <span class='ocr_line' id='line_1_97' title="bbox 26 5154 1602 5227; baseline -0.001 -17"><span class='ocrx_word' id='word_1_819' title='bbox 26 5172 134 5213; x_wconf 85' lang='lat' dir='ltr'><strong>cens</strong></span> <span class='ocrx_word' id='word_1_820' title='bbox 158 5163 208 5212; x_wconf 90' lang='lat' dir='ltr'><strong>in</strong></span> <span class='ocrx_word' id='word_1_821' title='bbox 242 5158 739 5227; x_wconf 84' lang='lat' dir='ltr'><strong>impassibilitatem</strong></span> <span class='ocrx_word' id='word_1_822' title='bbox 771 5173 867 5227; x_wconf 89' lang='lat' dir='ltr'><strong>per</strong></span> <span class='ocrx_word' id='word_1_823' title='bbox 893 5157 1256 5213; x_wconf 88' lang='lat' dir='ltr'><strong>obedientiam</strong></span> <span class='ocrx_word' id='word_1_824' title='bbox 1288 5157 1433 5211; x_wconf 90' lang='lat' dir='ltr'><strong>illius</strong></span> <span class='ocrx_word' id='word_1_825' title='bbox 1456 5154 1602 5210; x_wconf 86' lang='lat' dir='ltr'><strong>salu-</strong></span> 
     </span>
    </p>
   </div>
   <div class='ocr_carea' id='block_1_98' title="bbox 25 5250 1603 5321">
    <p class='ocr_par' dir='ltr' id='par_1_98' title="bbox 25 5250 1603 5321">
     <span class='ocr_line' id='line_1_98' title="bbox 25 5250 1603 5321; baseline -0.001 -15"><span class='ocrx_word' id='word_1_826' title='bbox 25 5254 159 5308; x_wconf 71' lang='lat' dir='ltr'><strong>taris.</strong></span> <span class='ocrx_word' id='word_1_827' title='bbox 193 5253 264 5307; x_wconf 86' lang='lat' dir='ltr'><strong>Et</strong></span> <span class='ocrx_word' id='word_1_828' title='bbox 304 5261 370 5307; x_wconf 87' lang='lat' dir='ltr'><strong>ut</strong></span> <span class='ocrx_word' id='word_1_829' title='bbox 406 5254 473 5306; x_wconf 88' lang='lat' dir='ltr'><strong>ad</strong></span> <span class='ocrx_word' id='word_1_830' title='bbox 526 5254 667 5307; x_wconf 86' lang='lat' dir='ltr'><strong>hanc</strong></span> <span class='ocrx_word' id='word_1_831' title='bbox 711 5250 1064 5307; x_wconf 84' lang='lat' dir='ltr'><strong>salvationem</strong></span> <span class='ocrx_word' id='word_1_832' title='bbox 1114 5254 1396 5320; x_wconf 87' lang='lat' dir='ltr'><strong>pervenire</strong></span> <span class='ocrx_word' id='word_1_833' title='bbox 1426 5251 1603 5321; x_wconf 85' lang='lat' dir='ltr'><strong>possi-</strong></span> 
     </span>
    </p>
   </div>
   <div class='ocr_carea' id='block_1_99' title="bbox 22 5346 1602 5418">
    <p class='ocr_par' dir='ltr' id='par_1_99' title="bbox 22 5346 1602 5418">
     <span class='ocr_line' id='line_1_99' title="bbox 22 5346 1602 5418; baseline -0.003 -14"><span class='ocrx_word' id='word_1_834' title='bbox 22 5366 154 5418; x_wconf 85' lang='lat' dir='ltr'><strong>mus,</strong></span> <span class='ocrx_word' id='word_1_835' title='bbox 196 5350 290 5403; x_wconf 89' lang='lat' dir='ltr'><strong>hic</strong></span> <span class='ocrx_word' id='word_1_836' title='bbox 352 5347 569 5401; x_wconf 86' lang='lat' dir='ltr'><strong>interim</strong></span> <span class='ocrx_word' id='word_1_837' title='bbox 617 5346 878 5399; x_wconf 82' lang='lat' dir='ltr'><strong>eustodies</strong></span> <span class='ocrx_word' id='word_1_838' title='bbox 926 5361 1018 5399; x_wconf 87' lang='lat' dir='ltr'><strong>nos</strong></span> <span class='ocrx_word' id='word_1_839' title='bbox 1056 5362 1088 5398; x_wconf 81' lang='grc' dir='ltr'><strong><em>η</em></strong></span> <span class='ocrx_word' id='word_1_840' title='bbox 1133 5347 1463 5413; x_wconf 83' lang='lat' dir='ltr'><strong>generatione</strong></span> <span class='ocrx_word' id='word_1_841' title='bbox 1501 5347 1602 5400; x_wconf 83' lang='lat' dir='ltr'><strong>hac</strong></span> 
     </span>
    </p>
   </div>
   <div class='ocr_carea' id='block_1_100' title="bbox 22 5435 1602 5510">
    <p class='ocr_par' dir='ltr' id='par_1_100' title="bbox 22 5435 1602 5510">
     <span class='ocr_line' id='line_1_100' title="bbox 22 5435 1602 5510; baseline -0.005 -13"><span class='ocrx_word' id='word_1_842' title='bbox 22 5446 318 5501; x_wconf 72' lang='lat' dir='ltr'><strong>dolomrtnn</strong></span> <span class='ocrx_word' id='word_1_843' title='bbox 375 5448 430 5499; x_wconf 88' lang='lat' dir='ltr'><strong>et</strong></span> <span class='ocrx_word' id='word_1_844' title='bbox 472 5436 971 5510; x_wconf 70' lang='lat' dir='ltr'><strong>magniloquentia,</strong></span> <span class='ocrx_word' id='word_1_845' title='bbox 1012 5451 1082 5489; x_wconf 83' lang='lat' dir='ltr'><strong>ne</strong></span> <span class='ocrx_word' id='word_1_846' title='bbox 1108 5436 1177 5490; x_wconf 88' lang='lat' dir='ltr'><strong>ab</strong></span> <span class='ocrx_word' id='word_1_847' title='bbox 1222 5435 1303 5489; x_wconf 90' lang='lat' dir='ltr'><strong>eis</strong></span> <span class='ocrx_word' id='word_1_848' title='bbox 1355 5436 1602 5505; x_wconf 89' lang='lat' dir='ltr'><strong>incorpo-</strong></span> 
     </span>
    </p>
   </div>
   <div class='ocr_carea' id='block_1_101' title="bbox 20 5526 1598 5601">
    <p class='ocr_par' dir='ltr' id='par_1_101' title="bbox 20 5526 1598 5601">
     <span class='ocr_line' id='line_1_101' title="bbox 20 5526 1598 5601; baseline -0.002 -17"><span class='ocrx_word' id='word_1_849' title='bbox 20 5550 202 5590; x_wconf 83' lang='lat' dir='ltr'><strong>remur.</strong></span> <span class='ocrx_word' id='word_1_850' title='bbox 253 5535 432 5590; x_wconf 88' lang='lat' dir='ltr'><strong>Dico:</strong></span> <span class='ocrx_word' id='word_1_851' title='bbox 462 5532 761 5597; x_wconf 76' lang='lat' dir='ltr'><strong>Custodies,</strong></span> <span class='ocrx_word' id='word_1_852' title='bbox 809 5535 1070 5587; x_wconf 87' lang='lat' dir='ltr'><strong>ducturus</strong></span> <span class='ocrx_word' id='word_1_853' title='bbox 1122 5535 1308 5601; x_wconf 74' lang='lat' dir='ltr'><strong>postea</strong></span> <span class='ocrx_word' id='word_1_854' title='bbox 1347 5526 1398 5580; x_wconf 92' lang='lat' dir='ltr'><strong>in</strong></span> <span class='ocrx_word' id='word_1_855' title='bbox 1436 5537 1598 5581; x_wconf 77' lang='lat' dir='ltr'><strong>aeter-</strong></span> 
     </span>
    </p>
   </div>
   <div class='ocr_carea' id='block_1_102' title="bbox 18 5617 1599 5696">
    <p class='ocr_par' dir='ltr' id='par_1_102' title="bbox 18 5617 1599 5696">
     <span class='ocr_line' id='line_1_102' title="bbox 18 5617 1599 5696; baseline -0.001 -19"><span class='ocrx_word' id='word_1_856' title='bbox 18 5640 145 5679; x_wconf 87' lang='lat' dir='ltr'><strong>num.</strong></span> <span class='ocrx_word' id='word_1_857' title='bbox 176 5628 347 5689; x_wconf 84' lang='lat' dir='ltr'><strong>Dico,</strong></span> <span class='ocrx_word' id='word_1_858' title='bbox 401 5627 523 5696; x_wconf 88' lang='lat' dir='ltr'><strong>quia</strong></span> <span class='ocrx_word' id='word_1_859' title='bbox 557 5640 655 5680; x_wconf 86' lang='lat' dir='ltr'><strong>nos</strong></span> <span class='ocrx_word' id='word_1_860' title='bbox 684 5625 955 5681; x_wconf 71' lang='lat' dir='ltr'><strong>custodiet;</strong></span> <span class='ocrx_word' id='word_1_861' title='bbox 977 5664 995 5690; x_wconf 90' lang='lat'><strong>,</strong></span> <span class='ocrx_word' id='word_1_862' title='bbox 1022 5640 1089 5678; x_wconf 82' lang='lat' dir='ltr'><strong>ne</strong></span> <span class='ocrx_word' id='word_1_863' title='bbox 1118 5624 1286 5678; x_wconf 89' lang='lat' dir='ltr'><strong>simus</strong></span> <span class='ocrx_word' id='word_1_864' title='bbox 1312 5617 1480 5677; x_wconf 63' lang='lat' dir='ltr'><strong>dolosi</strong></span> <span class='ocrx_word' id='word_1_865' title='bbox 1499 5659 1514 5689; x_wconf 92' lang='lat'><strong>,</strong></span> <span class='ocrx_word' id='word_1_866' title='bbox 1547 5620 1599 5675; x_wconf 91' lang='lat' dir='ltr'><strong>id</strong></span> 
     </span>
    </p>
   </div>
   <div class='ocr_carea' id='block_1_103' title="bbox 15 5711 1600 5789">
    <p class='ocr_par' dir='ltr' id='par_1_103' title="bbox 15 5711 1600 5789">
     <span class='ocr_line' id='line_1_103' title="bbox 15 5711 1600 5789; baseline -0.004 -18"><span class='ocrx_word' id='word_1_867' title='bbox 15 5720 489 5789; x_wconf 80' lang='lat' dir='ltr'><strong>estpromittentcs</strong></span> <span class='ocrx_word' id='word_1_868' title='bbox 507 5717 892 5772; x_wconf 86' lang='lat' dir='ltr'><strong>beatitudinem</strong></span> <span class='ocrx_word' id='word_1_869' title='bbox 922 5718 975 5772; x_wconf 90' lang='lat' dir='ltr'><strong>in</strong></span> <span class='ocrx_word' id='word_1_870' title='bbox 1001 5715 1406 5785; x_wconf 86' lang='lat' dir='ltr'><strong>temporalibus.</strong></span> <span class='ocrx_word' id='word_1_871' title='bbox 1435 5711 1600 5784; x_wconf 77' lang='lat' dir='ltr'><strong>[mpii</strong></span> 
     </span>
    </p>
   </div>
   <div class='ocr_carea' id='block_1_104' title="bbox 14 5806 1592 5879">
    <p class='ocr_par' dir='ltr' id='par_1_104' title="bbox 14 5806 1592 5879">
     <span class='ocr_line' id='line_1_104' title="bbox 14 5806 1592 5879; baseline 0 -18"><span class='ocrx_word' id='word_1_872' title='bbox 14 5822 207 5871; x_wconf 84' lang='lat' dir='ltr'><strong>autem,</strong></span> <span class='ocrx_word' id='word_1_873' title='bbox 271 5810 329 5865; x_wconf 89' lang='lat' dir='ltr'><strong>id</strong></span> <span class='ocrx_word' id='word_1_874' title='bbox 369 5819 456 5863; x_wconf 81' lang='lat' dir='ltr'><strong>est</strong></span> <span class='ocrx_word' id='word_1_875' title='bbox 497 5810 669 5865; x_wconf 85' lang='lat' dir='ltr'><strong>dolosi</strong></span> <span class='ocrx_word' id='word_1_876' title='bbox 699 5819 755 5864; x_wconf 90' lang='lat' dir='ltr'><strong>et</strong></span> <span class='ocrx_word' id='word_1_877' title='bbox 780 5808 1105 5879; x_wconf 81' lang='lat' dir='ltr'><strong>magniloqui</strong></span> <span class='ocrx_word' id='word_1_878' title='bbox 1131 5850 1150 5873; x_wconf 89' lang='lat'><strong>,</strong></span> <span class='ocrx_word' id='word_1_879' title='bbox 1196 5808 1261 5864; x_wconf 88' lang='lat' dir='ltr'><strong>de</strong></span> <span class='ocrx_word' id='word_1_880' title='bbox 1287 5806 1481 5878; x_wconf 87' lang='lat' dir='ltr'><strong>quibus</strong></span> <span class='ocrx_word' id='word_1_881' title='bbox 1508 5807 1592 5875; x_wconf 81' lang='lat' dir='ltr'><strong>egi</strong></span> 
     </span>
    </p>
   </div>
   <div class='ocr_carea' id='block_1_105' title="bbox 187 5902 713 5966">
    <p class='ocr_par' dir='ltr' id='par_1_105' title="bbox 187 5902 713 5966">
     <span class='ocr_line' id='line_1_105' title="bbox 187 5902 713 5966; baseline -0.006 0"><span class='ocrx_word' id='word_1_882' title='bbox 187 5910 439 5966; x_wconf 66' lang='lat' dir='ltr'><strong>Parnm</strong></span> <span class='ocrx_word' id='word_1_883' title='bbox 529 5902 713 5964; x_wconf 82' lang='lat' dir='ltr'><strong>CLII.</strong></span> 
     </span>
    </p>
   </div>
   <div class='ocr_carea' id='block_1_106' title="bbox 1711 4595 3293 4668">
    <p class='ocr_par' dir='ltr' id='par_1_106' title="bbox 1711 4595 3293 4668">
     <span class='ocr_line' id='line_1_106' title="bbox 1711 4595 3293 4668; baseline 0.002 -17"><span class='ocrx_word' id='word_1_884' title='bbox 1711 4597 2041 4652; x_wconf 84' lang='lat' dir='ltr'><strong>Oblivisceris</strong></span> <span class='ocrx_word' id='word_1_885' title='bbox 2086 4612 2165 4650; x_wconf 88' lang='lat' dir='ltr'><strong>me</strong></span> <span class='ocrx_word' id='word_1_886' title='bbox 2192 4598 2245 4651; x_wconf 87' lang='lat' dir='ltr'><strong>in</strong></span> <span class='ocrx_word' id='word_1_887' title='bbox 2272 4597 2430 4665; x_wconf 82' lang='lat' dir='ltr'><strong>[mem</strong></span> <span class='ocrx_word' id='word_1_888' title='bbox 2462 4596 2750 4651; x_wconf 83' lang='lat' dir='ltr'><strong>oblivionis</strong></span> <span class='ocrx_word' id='word_1_889' title='bbox 2774 4634 2792 4663; x_wconf 92' lang='lat'><strong>,</strong></span> <span class='ocrx_word' id='word_1_890' title='bbox 2832 4595 2882 4651; x_wconf 89' lang='lat' dir='ltr'><strong>id</strong></span> <span class='ocrx_word' id='word_1_891' title='bbox 2910 4606 2992 4654; x_wconf 88' lang='lat' dir='ltr'><strong>est</strong></span> <span class='ocrx_word' id='word_1_892' title='bbox 3032 4608 3293 4668; x_wconf 89' lang='lat' dir='ltr'><strong>quantum</strong></span> 
     </span>
    </p>
   </div>
   <div class='ocr_carea' id='block_1_107' title="bbox 1707 4685 3295 4762">
    <p class='ocr_par' dir='ltr' id='par_1_107' title="bbox 1707 4685 3295 4762">
     <span class='ocr_line' id='line_1_107' title="bbox 1707 4685 3295 4762; baseline 0.004 -24"><span class='ocrx_word' id='word_1_893' title='bbox 1707 4696 1885 4756; x_wconf 84' lang='lat' dir='ltr'><strong>potest</strong></span> <span class='ocrx_word' id='word_1_894' title='bbox 1912 4685 2110 4741; x_wconf 89' lang='lat' dir='ltr'><strong>oblivio</strong></span> <span class='ocrx_word' id='word_1_895' title='bbox 2134 4686 2247 4741; x_wconf 88' lang='lat' dir='ltr'><strong>fieri</strong></span> <span class='ocrx_word' id='word_1_896' title='bbox 2269 4726 2284 4752; x_wconf 94' lang='lat'><strong>,</strong></span> <span class='ocrx_word' id='word_1_897' title='bbox 2315 4686 2368 4741; x_wconf 92' lang='lat' dir='ltr'><strong>id</strong></span> <span class='ocrx_word' id='word_1_898' title='bbox 2407 4694 2489 4740; x_wconf 89' lang='lat' dir='ltr'><strong>est</strong></span> <span class='ocrx_word' id='word_1_899' title='bbox 2531 4687 2677 4740; x_wconf 91' lang='lat' dir='ltr'><strong>omni</strong></span> <span class='ocrx_word' id='word_1_900' title='bbox 2708 4695 2970 4757; x_wconf 89' lang='lat' dir='ltr'><strong>tempore.</strong></span> <span class='ocrx_word' id='word_1_901' title='bbox 3013 4686 3295 4762; x_wconf 75' lang='lat' dir='ltr'><strong>Usquequo</strong></span> 
     </span>
    </p>
   </div>
   <div class='ocr_carea' id='block_1_108' title="bbox 1708 4776 3293 4845">
    <p class='ocr_par' dir='ltr' id='par_1_108' title="bbox 1708 4776 3293 4845">
     <span class='ocr_line' id='line_1_108' title="bbox 1708 4776 3293 4845; baseline 0.003 -14"><span class='ocrx_word' id='word_1_902' title='bbox 1708 4788 1902 4832; x_wconf 82' lang='lat' dir='ltr'><strong>avertes</strong></span> <span class='ocrx_word' id='word_1_903' title='bbox 1933 4777 2286 4845; x_wconf 79' lang='lat' dir='ltr'><strong>faciemtuam</strong></span> <span class='ocrx_word' id='word_1_904' title='bbox 2316 4792 2346 4830; x_wconf 89' lang='lat' dir='ltr'><strong>a</strong></span> <span class='ocrx_word' id='word_1_905' title='bbox 2377 4788 2499 4841; x_wconf 89' lang='lat' dir='ltr'><strong>me,</strong></span> <span class='ocrx_word' id='word_1_906' title='bbox 2546 4776 2597 4830; x_wconf 92' lang='lat' dir='ltr'><strong>id</strong></span> <span class='ocrx_word' id='word_1_907' title='bbox 2639 4785 2723 4831; x_wconf 88' lang='lat' dir='ltr'><strong>est</strong></span> <span class='ocrx_word' id='word_1_908' title='bbox 2776 4776 2845 4831; x_wconf 90' lang='lat' dir='ltr'><strong>ab</strong></span> <span class='ocrx_word' id='word_1_909' title='bbox 2901 4778 3073 4833; x_wconf 90' lang='lat' dir='ltr'><strong>oculis</strong></span> <span class='ocrx_word' id='word_1_910' title='bbox 3119 4781 3293 4835; x_wconf 89' lang='lat' dir='ltr'><strong>meis:</strong></span> 
     </span>
    </p>
   </div>
   <div class='ocr_carea' id='block_1_109' title="bbox 1707 4866 3293 4938">
    <p class='ocr_par' dir='ltr' id='par_1_109' title="bbox 1707 4866 3293 4938">
     <span class='ocr_line' id='line_1_109' title="bbox 1707 4866 3293 4938; baseline 0.003 -17"><span class='ocrx_word' id='word_1_911' title='bbox 1707 4884 1866 4938; x_wconf 86' lang='lat' dir='ltr'><strong>quem</strong></span> <span class='ocrx_word' id='word_1_912' title='bbox 1900 4868 2113 4921; x_wconf 89' lang='lat' dir='ltr'><strong>mittere</strong></span> <span class='ocrx_word' id='word_1_913' title='bbox 2151 4866 2390 4921; x_wconf 88' lang='lat' dir='ltr'><strong>tardabis</strong></span> <span class='ocrx_word' id='word_1_914' title='bbox 2421 4886 2432 4920; x_wconf 92' lang='lat'><strong>:</strong></span> <span class='ocrx_word' id='word_1_915' title='bbox 2469 4876 2523 4921; x_wconf 91' lang='lat' dir='ltr'><strong>et</strong></span> <span class='ocrx_word' id='word_1_916' title='bbox 2549 4867 2626 4921; x_wconf 89' lang='lat' dir='ltr'><strong>sic</strong></span> <span class='ocrx_word' id='word_1_917' title='bbox 2657 4866 2938 4923; x_wconf 86' lang='lat' dir='ltr'><strong>auferetur</strong></span> <span class='ocrx_word' id='word_1_918' title='bbox 2966 4883 3034 4925; x_wconf 91' lang='lat' dir='ltr'><strong>ne</strong></span> <span class='ocrx_word' id='word_1_919' title='bbox 3054 4870 3293 4926; x_wconf 88' lang='lat' dir='ltr'><strong>videam.</strong></span> 
     </span>
    </p>
   </div>
   <div class='ocr_carea' id='block_1_110' title="bbox 1707 4958 3295 5029">
    <p class='ocr_par' dir='ltr' id='par_1_110' title="bbox 1707 4958 3295 5029">
     <span class='ocr_line' id='line_1_110' title="bbox 1707 4958 3295 5029; baseline 0.003 -17"><span class='ocrx_word' id='word_1_920' title='bbox 1707 4959 1772 5012; x_wconf 89' lang='lat' dir='ltr'><strong>Et</strong></span> <span class='ocrx_word' id='word_1_921' title='bbox 1801 4960 1902 5013; x_wconf 90' lang='lat' dir='ltr'><strong>hoc</strong></span> <span class='ocrx_word' id='word_1_922' title='bbox 1927 4973 2031 5011; x_wconf 90' lang='lat' dir='ltr'><strong>non</strong></span> <span class='ocrx_word' id='word_1_923' title='bbox 2057 4958 2207 5027; x_wconf 90' lang='lat' dir='ltr'><strong>ponit</strong></span> <span class='ocrx_word' id='word_1_924' title='bbox 2229 4960 2646 5028; x_wconf 88' lang='lat' dir='ltr'><strong>interrogando,</strong></span> <span class='ocrx_word' id='word_1_925' title='bbox 2674 4959 2771 5015; x_wconf 88' lang='lat' dir='ltr'><strong>sed</strong></span> <span class='ocrx_word' id='word_1_926' title='bbox 2791 4962 3074 5029; x_wconf 87' lang='lat' dir='ltr'><strong>gemendo.</strong></span> <span class='ocrx_word' id='word_1_927' title='bbox 3106 4961 3295 5017; x_wconf 87' lang='lat' dir='ltr'><strong>Facies</strong></span> 
     </span>
    </p>
   </div>
   <div class='ocr_carea' id='block_1_111' title="bbox 1707 5050 3293 5121">
    <p class='ocr_par' dir='ltr' id='par_1_111' title="bbox 1707 5050 3293 5121">
     <span class='ocr_line' id='line_1_111' title="bbox 1707 5050 3293 5121; baseline 0.003 -17"><span class='ocrx_word' id='word_1_928' title='bbox 1707 5052 1905 5104; x_wconf 90' lang='lat' dir='ltr'><strong>dicitur</strong></span> <span class='ocrx_word' id='word_1_929' title='bbox 1941 5050 2132 5115; x_wconf 90' lang='lat' dir='ltr'><strong>Filios,</strong></span> <span class='ocrx_word' id='word_1_930' title='bbox 2160 5064 2225 5105; x_wconf 91' lang='lat' dir='ltr'><strong>co</strong></span> <span class='ocrx_word' id='word_1_931' title='bbox 2256 5050 2397 5119; x_wconf 91' lang='lat' dir='ltr'><strong>quod</strong></span> <span class='ocrx_word' id='word_1_932' title='bbox 2428 5066 2525 5120; x_wconf 92' lang='lat' dir='ltr'><strong>per</strong></span> <span class='ocrx_word' id='word_1_933' title='bbox 2562 5050 2677 5121; x_wconf 81' lang='lat' dir='ltr'><strong>ejus</strong></span> <span class='ocrx_word' id='word_1_934' title='bbox 2703 5053 3069 5108; x_wconf 76' lang='lat' dir='ltr'><strong>vis&#39;bilitatem</strong></span> <span class='ocrx_word' id='word_1_935' title='bbox 3114 5053 3293 5109; x_wconf 89' lang='lat' dir='ltr'><strong>Patris</strong></span> 
     </span>
    </p>
   </div>
   <div class='ocr_carea' id='block_1_112' title="bbox 1708 5131 3290 5215">
    <p class='ocr_par' dir='ltr' id='par_1_112' title="bbox 1708 5131 3290 5215">
     <span class='ocr_line' id='line_1_112' title="bbox 1708 5131 3290 5215; baseline 0.001 -20"><span class='ocrx_word' id='word_1_936' title='bbox 1708 5140 2049 5196; x_wconf 83' lang='lat' dir='ltr'><strong>invisibilitas</strong></span> <span class='ocrx_word' id='word_1_937' title='bbox 2074 5143 2288 5213; x_wconf 84' lang='lat' dir='ltr'><strong>cognita</strong></span> <span class='ocrx_word' id='word_1_938' title='bbox 2321 5151 2442 5208; x_wconf 91' lang='lat' dir='ltr'><strong>cst;</strong></span> <span class='ocrx_word' id='word_1_939' title='bbox 2477 5131 2933 5213; x_wconf 88' lang='lat' dir='ltr'><strong>quemadmodum</strong></span> <span class='ocrx_word' id='word_1_940' title='bbox 2963 5158 3062 5215; x_wconf 87' lang='lat' dir='ltr'><strong>per</strong></span> <span class='ocrx_word' id='word_1_941' title='bbox 3096 5142 3290 5198; x_wconf 87' lang='lat' dir='ltr'><strong>faciem</strong></span> 
     </span>
    </p>
   </div>
   <div class='ocr_carea' id='block_1_113' title="bbox 1708 5238 3291 5308">
    <p class='ocr_par' dir='ltr' id='par_1_113' title="bbox 1708 5238 3291 5308">
     <span class='ocr_line' id='line_1_113' title="bbox 1708 5238 3291 5308; baseline 0.003 -19"><span class='ocrx_word' id='word_1_942' title='bbox 1708 5244 1851 5291; x_wconf 90' lang='lat' dir='ltr'><strong>totus</strong></span> <span class='ocrx_word' id='word_1_943' title='bbox 1881 5238 2042 5292; x_wconf 93' lang='lat' dir='ltr'><strong>homo</strong></span> <span class='ocrx_word' id='word_1_944' title='bbox 2072 5238 2456 5308; x_wconf 84' lang='lat' dir='ltr'><strong>cognoscitur;</strong></span> <span class='ocrx_word' id='word_1_945' title='bbox 2518 5247 2662 5293; x_wconf 76' lang='lat' dir='ltr'><strong>srcut</strong></span> <span class='ocrx_word' id='word_1_946' title='bbox 2708 5240 2849 5294; x_wconf 89' lang='lat' dir='ltr'><strong>idem</strong></span> <span class='ocrx_word' id='word_1_947' title='bbox 2902 5240 2953 5293; x_wconf 91' lang='lat' dir='ltr'><strong>in</strong></span> <span class='ocrx_word' id='word_1_948' title='bbox 2997 5239 3291 5307; x_wconf 81' lang='lat' dir='ltr'><strong>Evangelia</strong></span> 
     </span>
    </p>
   </div>
   <div class='ocr_carea' id='block_1_114' title="bbox 1705 5330 3286 5401">
    <p class='ocr_par' dir='ltr' id='par_1_114' title="bbox 1705 5330 3286 5401">
     <span class='ocr_line' id='line_1_114' title="bbox 1705 5330 3286 5401; baseline -0.001 -16"><span class='ocrx_word' id='word_1_949' title='bbox 1705 5332 1835 5386; x_wconf 89' lang='lat' dir='ltr'><strong>dicit</strong></span> <span class='ocrx_word' id='word_1_950' title='bbox 1867 5348 1881 5384; x_wconf 89' lang='lat'><strong>:</strong></span> <span class='ocrx_word' id='word_1_951' title='bbox 1937 5348 1955 5381; x_wconf 86' lang='grc' dir='ltr'><strong>ι</strong></span> <span class='ocrx_word' id='word_1_952' title='bbox 1985 5330 2252 5401; x_wconf 86' lang='lat' dir='ltr'><strong>Philippe,</strong></span> <span class='ocrx_word' id='word_1_953' title='bbox 2288 5331 2376 5400; x_wconf 91' lang='lat' dir='ltr'><strong>qui</strong></span> <span class='ocrx_word' id='word_1_954' title='bbox 2409 5332 2554 5387; x_wconf 84' lang='lat' dir='ltr'><strong>videt</strong></span> <span class='ocrx_word' id='word_1_955' title='bbox 2588 5347 2695 5396; x_wconf 90' lang='lat' dir='ltr'><strong>me,</strong></span> <span class='ocrx_word' id='word_1_956' title='bbox 2733 5331 2877 5385; x_wconf 89' lang='lat' dir='ltr'><strong>videt</strong></span> <span class='ocrx_word' id='word_1_957' title='bbox 2910 5341 2965 5387; x_wconf 94' lang='lat' dir='ltr'><strong>et</strong></span> <span class='ocrx_word' id='word_1_958' title='bbox 2987 5330 3224 5386; x_wconf 89' lang='lat' dir='ltr'><strong>Patrem.</strong></span> <span class='ocrx_word' id='word_1_959' title='bbox 3268 5352 3286 5383; x_wconf 79' lang='grc' dir='ltr'><strong>ι</strong></span> 
     </span>
    </p>
   </div>
   <div class='ocr_carea' id='block_1_115' title="bbox 1705 5424 3291 5494">
    <p class='ocr_par' dir='ltr' id='par_1_115' title="bbox 1705 5424 3291 5494">
     <span class='ocr_line' id='line_1_115' title="bbox 1705 5424 3291 5494; baseline -0.001 -15"><span class='ocrx_word' id='word_1_960' title='bbox 1705 5427 1885 5492; x_wconf 84' lang='lat' dir='ltr'><strong>(Joan.</strong></span> <span class='ocrx_word' id='word_1_961' title='bbox 1928 5440 2051 5488; x_wconf 81' lang='lat' dir='ltr'><strong>xrv,</strong></span> <span class='ocrx_word' id='word_1_962' title='bbox 2085 5425 2163 5493; x_wconf 89' lang='lat'><strong>9.)</strong></span> <span class='ocrx_word' id='word_1_963' title='bbox 2214 5425 2465 5490; x_wconf 74' lang='lat' dir='ltr'><strong>Quandiu</strong></span> <span class='ocrx_word' id='word_1_964' title='bbox 2511 5440 2704 5494; x_wconf 87' lang='lat' dir='ltr'><strong>ponam</strong></span> <span class='ocrx_word' id='word_1_965' title='bbox 2747 5424 2971 5476; x_wconf 85' lang='lat' dir='ltr'><strong>consilia</strong></span> <span class='ocrx_word' id='word_1_966' title='bbox 3017 5426 3071 5478; x_wconf 86' lang='lat' dir='ltr'><strong>in</strong></span> <span class='ocrx_word' id='word_1_967' title='bbox 3112 5427 3291 5479; x_wconf 83' lang='lat' dir='ltr'><strong>anima</strong></span> 
     </span>
    </p>
   </div>
   <div class='ocr_carea' id='block_1_116' title="bbox 1704 5514 3290 5586">
    <p class='ocr_par' dir='ltr' id='par_1_116' title="bbox 1704 5514 3290 5586">
     <span class='ocr_line' id='line_1_116' title="bbox 1704 5514 3290 5586; baseline 0.001 -17"><span class='ocrx_word' id='word_1_968' title='bbox 1704 5534 1816 5571; x_wconf 85' lang='lat' dir='ltr'><strong>mea</strong></span> <span class='ocrx_word' id='word_1_969' title='bbox 1837 5558 1852 5581; x_wconf 93' lang='lat'><strong>,</strong></span> <span class='ocrx_word' id='word_1_970' title='bbox 1885 5518 1935 5570; x_wconf 89' lang='lat' dir='ltr'><strong>id</strong></span> <span class='ocrx_word' id='word_1_971' title='bbox 1964 5524 2050 5571; x_wconf 87' lang='lat' dir='ltr'><strong>est</strong></span> <span class='ocrx_word' id='word_1_972' title='bbox 2077 5516 2314 5585; x_wconf 89' lang='lat' dir='ltr'><strong>quandiu</strong></span> <span class='ocrx_word' id='word_1_973' title='bbox 2343 5531 2441 5586; x_wconf 84' lang='lat' dir='ltr'><strong>ego</strong></span> <span class='ocrx_word' id='word_1_974' title='bbox 2480 5516 2721 5570; x_wconf 80' lang='lat' dir='ltr'><strong>existens</strong></span> <span class='ocrx_word' id='word_1_975' title='bbox 2768 5514 2821 5567; x_wconf 92' lang='lat' dir='ltr'><strong>in</strong></span> <span class='ocrx_word' id='word_1_976' title='bbox 2854 5514 2959 5568; x_wconf 86' lang='lat' dir='ltr'><strong>hac</strong></span> <span class='ocrx_word' id='word_1_977' title='bbox 2994 5515 3250 5571; x_wconf 89' lang='lat' dir='ltr'><strong>dilatione</strong></span> <span class='ocrx_word' id='word_1_978' title='bbox 3276 5555 3290 5579; x_wconf 90' lang='lat'><strong>,</strong></span> 
     </span>
    </p>
   </div>
   <div class='ocr_carea' id='block_1_117' title="bbox 1702 5605 3295 5675">
    <p class='ocr_par' dir='ltr' id='par_1_117' title="bbox 1702 5605 3295 5675">
     <span class='ocr_line' id='line_1_117' title="bbox 1702 5605 3295 5675; baseline 0.001 -14"><span class='ocrx_word' id='word_1_979' title='bbox 1702 5623 1797 5663; x_wconf 91' lang='lat' dir='ltr'><strong>cro</strong></span> <span class='ocrx_word' id='word_1_980' title='bbox 1824 5607 2013 5662; x_wconf 87' lang='lat' dir='ltr'><strong>similis</strong></span> <span class='ocrx_word' id='word_1_981' title='bbox 2055 5606 2258 5661; x_wconf 88' lang='lat' dir='ltr'><strong>homini</strong></span> <span class='ocrx_word' id='word_1_982' title='bbox 2306 5609 2481 5675; x_wconf 90' lang='lat' dir='ltr'><strong>posito</strong></span> <span class='ocrx_word' id='word_1_983' title='bbox 2531 5606 2582 5658; x_wconf 91' lang='lat' dir='ltr'><strong>in</strong></span> <span class='ocrx_word' id='word_1_984' title='bbox 2626 5605 2918 5675; x_wconf 86' lang='lat' dir='ltr'><strong>angustia;</strong></span> <span class='ocrx_word' id='word_1_985' title='bbox 2955 5607 3044 5675; x_wconf 90' lang='lat' dir='ltr'><strong>qui</strong></span> <span class='ocrx_word' id='word_1_986' title='bbox 3082 5607 3295 5662; x_wconf 82' lang='lat' dir='ltr'><strong>diversa</strong></span> 
     </span>
    </p>
   </div>
   <div class='ocr_carea' id='block_1_118' title="bbox 1702 5695 3298 5768">
    <p class='ocr_par' dir='ltr' id='par_1_118' title="bbox 1702 5695 3298 5768">
     <span class='ocr_line' id='line_1_118' title="bbox 1702 5695 3298 5768; baseline -0.005 -10"><span class='ocrx_word' id='word_1_987' title='bbox 1702 5702 1925 5761; x_wconf 89' lang='lat' dir='ltr'><strong>consilia</strong></span> <span class='ocrx_word' id='word_1_988' title='bbox 1970 5702 2025 5755; x_wconf 91' lang='lat' dir='ltr'><strong>in</strong></span> <span class='ocrx_word' id='word_1_989' title='bbox 2058 5700 2238 5756; x_wconf 89' lang='lat' dir='ltr'><strong>anima</strong></span> <span class='ocrx_word' id='word_1_990' title='bbox 2276 5700 2431 5768; x_wconf 89' lang='lat' dir='ltr'><strong>ponit</strong></span> <span class='ocrx_word' id='word_1_991' title='bbox 2460 5696 2690 5766; x_wconf 86' lang='lat' dir='ltr'><strong>qualiter</strong></span> <span class='ocrx_word' id='word_1_992' title='bbox 2732 5695 2969 5750; x_wconf 87' lang='lat' dir='ltr'><strong>evadere</strong></span> <span class='ocrx_word' id='word_1_993' title='bbox 3008 5698 3213 5766; x_wconf 91' lang='lat' dir='ltr'><strong>possit:</strong></span> <span class='ocrx_word' id='word_1_994' title='bbox 3244 5706 3298 5752; x_wconf 88' lang='lat' dir='ltr'><strong>et</strong></span> 
     </span>
    </p>
   </div>
   <div class='ocr_carea' id='block_1_119' title="bbox 1701 5789 3299 5871">
    <p class='ocr_par' dir='ltr' id='par_1_119' title="bbox 1701 5789 3299 5871">
     <span class='ocr_line' id='line_1_119' title="bbox 1701 5789 3299 5871; baseline -0.005 -18"><span class='ocrx_word' id='word_1_995' title='bbox 1701 5795 2156 5871; x_wconf 77' lang='lat' dir='ltr'><strong>quemadmodum</strong></span> <span class='ocrx_word' id='word_1_996' title='bbox 2185 5807 2382 5862; x_wconf 88' lang='lat' dir='ltr'><strong>ponam</strong></span> <span class='ocrx_word' id='word_1_997' title='bbox 2416 5807 2513 5860; x_wconf 88' lang='lat' dir='ltr'><strong>per</strong></span> <span class='ocrx_word' id='word_1_998' title='bbox 2536 5789 2678 5842; x_wconf 88' lang='lat' dir='ltr'><strong>diem</strong></span> <span class='ocrx_word' id='word_1_999' title='bbox 2724 5802 3201 5865; x_wconf 79' lang='lat' dir='ltr'><strong>unumquemque,</strong></span> <span class='ocrx_word' id='word_1_1000' title='bbox 3242 5790 3299 5869; x_wconf 82' lang='lat' dir='ltr'><strong>id</strong></span> 
     </span>
    </p>
   </div>
   <div class='ocr_carea' id='block_1_120' title="bbox 2904 5882 2987 5939">
    <p class='ocr_par' dir='ltr' id='par_1_120' title="bbox 2904 5882 2987 5939">
     <span class='ocr_line' id='line_1_120' title="bbox 2904 5882 2987 5939; baseline 0 0"><span class='ocrx_word' id='word_1_1001' title='bbox 2904 5882 2987 5939; x_wconf 74' lang='lat'><strong>22</strong></span> 
     </span>
    </p>
   </div>
  </div>
