3864 6320
458 436 463 473 ⁵
494 434 597 492 683

491 565 575 614 εει
612 550 856 621 quotidie
881 547 1113 602 dolorem
1155 544 1209 597 in
1237 541 1391 596 corde
1419 556 1561 602 meo,
1604 550 1765 606 quem
1810 533 1988 589 habeo
2016 529 2081 582 de

492 646 597 703 hac
619 638 919 698 dilatione?
948 636 1052 691 Per
1081 634 1183 689 hoc
1204 632 1345 703 quod
1371 630 1502 685 dicit
1528 647 1539 682 :
1571 627 1771 681 Ponam
1794 638 1889 693 per
1909 621 2070 678 dieni.

489 732 672 792 innuit
703 728 846 801 quod
879 743 985 783 non
1017 723 1183 781 semel
1207 721 1471 793 ponebat,
1504 716 1597 772 sed
1631 713 1874 784 quotidie
1905 709 2098 777 magis

486 832 546 880 et
583 799 777 891 magis.
813 816 1091 888 Usquequo
1114 810 1430 867 exaltabitur
1464 806 1705 859 inimicus
1731 816 1905 863 meus,
1940 799 2080 852 idem

492 914 738 971 diabolus
756 952 769 976 ,
804 925 960 979 super
986 922 1082 969 me,
1111 906 1161 960 id
1185 912 1270 959 est
1298 913 1577 969 usquean
1605 893 1857 966 gaudebit
1886 892 1951 947 de
1980 891 2083 943 hoc

494 1009 638 1079 quod
668 1022 766 1077 per
797 1003 995 1065 Adam,
1024 1014 1090 1054 eo
1114 997 1437 1067 decipiente,
1478 992 1668 1045 amisi:
1698 997 1752 1043 et
1779 986 1860 1040 sic
1884 982 2084 1039 exalta-

497 1102 638 1156 bitur
687 1113 844 1168 super
892 1110 1007 1157 me,
1058 1091 1110 1145 id
1161 1098 1247 1144 est
1305 1084 1577 1155 reputabit
1617 1096 1676 1136 se
1701 1079 1999 1138 victorem,
2030 1081 2087 1127 et

502 1207 591 1246 me
636 1205 734 1261 per
756 1167 931 1242 Adam
970 1189 1321 1254 prostratum.
1353 1174 1471 1229 Noli
1494 1180 1741 1227 avertere
1771 1169 1861 1224 diu
1891 1167 2084 1219 faciem

495 1297 649 1342 tuam
683 1301 697 1337 :
732 1280 824 1339 sed
856 1279 1051 1346 respice
1080 1290 1168 1328 me
1196 1286 1293 1327 oer
1323 1270 1492 1338 ipsam
1524 1266 1716 1320 faciem
1755 1272 1928 1323 tuam,
1963 1258 2089 1311 mit-

500 1377 659 1439 tendo
688 1391 827 1430 eam.
860 1371 928 1426 Et
956 1370 1093 1425 bene
1117 1366 1251 1422 dicit
1278 1383 1294 1420 :
1328 1363 1574 1432 Respice,
1628 1358 1678 1413 id
1714 1365 1798 1412 est
1823 1352 2039 1409 revisita
2070 1366 2083 1403 :

500 1471 592 1539 qui
621 1465 802 1523 vidisti
828 1479 928 1519 nos
954 1462 1186 1532 benigne
1215 1460 1267 1512 in
1288 1457 1459 1511 Adam
1487 1452 1705 1523 quando
1729 1445 2092 1519 impassibiles

500 1560 710 1623 fecisti,
766 1564 953 1627 postea
1003 1567 1131 1606 vero
1178 1550 1326 1604 visus
1373 1562 1432 1600 es
1472 1560 1567 1615 per
1594 1543 1764 1613 ipsius
1806 1546 2089 1609 peccatum

499 1649 698 1710 oblitus
723 1648 908 1702 fuisse.
936 1644 1001 1697 Et
1030 1643 1193 1697 missa
1220 1636 1464 1693 facieilla
1489 1653 1501 1689 :
1533 1632 1725 1688 exaudi
1753 1648 1833 1684 me
1855 1644 1949 1700 per
1972 1642 2091 1683 eam

500 1739 812 1801 reducendo
842 1738 908 1791 ad
932 1744 1130 1795 vuam,
1181 1744 1345 1801 quam
1396 1736 1456 1781 ut
1504 1725 1697 1780 reddas
1727 1721 1923 1791 srcpius
1969 1733 2088 1774 oro.

509 1834 733 1888 Domine
796 1828 886 1897 qui
923 1834 1113 1896 potens
1137 1837 1227 1884 es,
1260 1819 1402 1874 Deus
1430 1833 1575 1871 meus
1596 1856 1610 1878 ,
1652 1815 1736 1870 cui
1775 1828 1879 1867 non
1906 1811 2093 1865 aufero

507 1924 686 1978 locum
739 1914 1040 1972 divinitatis
1089 1913 1141 1966 in
1174 1926 1262 1965 me
1287 1949 1303 1974 ,

503 2011 717 2069 obedio.
752 2006 954 2063 Videtis
981 2004 1084 2058 hoc
1109 2016 1168 2056 se
1193 1998 1359 2054 nimio
1390 1995 1662 2051 desiderio
1691 2008 1877 2048 orasse
1899 2033 1913 2058 ,
1954 1989 2098 2061 quod

508 2102 847 2176 impossibile
876 2106 979 2162 est,
1010 2106 1133 2151 orat
1153 2094 1315 2150 etiam
1341 2090 1486 2161 quod
1517 2088 1833 2157 contingere
1874 2092 2051 2156 potest
2082 2123 2098 2149 ,

506 2174 624 2251 sic:
665 2187 1113 2260 Quandoquidem
1146 2192 1296 2240 certa
1349 2196 1470 2237 sum
1510 2178 1637 2250 quia
1688 2192 1794 2232 non
1839 2174 2099 2245 respicies

502 2286 607 2346 sic.
641 2292 701 2339 ut
726 2281 921 2336 faciem
959 2287 1106 2333 tuam
1130 2273 1302 2330 oculis
1320 2270 1599 2342 corporeis
1622 2268 1860 2331 videam,
1910 2265 2100 2320 saltem

509 2376 757 2431 illumina
773 2373 893 2428 luce
924 2367 1191 2440 spirituali
1216 2365 1392 2421 oculos
1416 2360 1701 2432 meos,35
1732 2360 1782 2414 id
1806 2366 1889 2414 est
1916 2356 2104 2411 oculos

499 2468 697 2525 cordis
730 2464 859 2531 mei,
915 2479 977 2516 ne
1013 2475 1245 2530 unquam
1288 2455 1615 2511 obdormiam
1651 2450 1926 2523 peccando
1958 2465 1973 2504 :
2027 2447 2102 2502 ita

512 2559 656 2630 quod
684 2556 967 2611 deveniam
999 2552 1052 2607 in
1088 2558 1320 2605 mortem
1346 2588 1359 2612 ,
1412 2545 1465 2600 id
1497 2550 1582 2600 est
1610 2541 1662 2597 in
1686 2547 1972 2613 peccatum
1998 2537 2105 2592 cri-

514 2628 717 2711 minale
744 2688 759 2713 ,
799 2662 893 2716 per
919 2644 1063 2715 quod
1087 2641 1302 2697 venitur
1326 2640 1393 2694 ad
1426 2644 1659 2692 mortem
1710 2631 2021 2702 nequando,
2054 2628 2105 2684 id

517 2753 601 2799 est
632 2743 686 2797 in
712 2738 900 2811 judicii
922 2738 1009 2791 die
1044 2736 1185 2788 dicat
1211 2731 1456 2786 inimicus
1479 2744 1623 2783 meus
1645 2723 1931 2781 diabolus:
1965 2721 2108 2776 Prae-

518 2832 659 2886 valui
690 2810 939 2885 adversus
975 2843 1128 2891 eunt,
1169 2825 1222 2879 id
1272 2831 1356 2878 est
1402 2820 1576 2876 devici
1617 2832 1766 2873 eum.
1807 2814 1925 2870 Non
1966 2810 2109 2882 quod

519 2934 648 2977 tunc
692 2920 946 2989 loquatur
971 2933 1093 2972 cum
1125 2917 1481 2984 incorporeus
1527 2910 1643 2980 ipse
1684 2908 1790 2972 sit,
1836 2905 1935 2962 sed
1981 2903 2108 2973 quia

518 3010 867 3066 tribulatione
896 3023 1059 3077 quam
1093 3005 1249 3059 malis
1279 3002 1504 3064 inferet,
1536 3014 1631 3053 eos
1652 3012 1711 3053 se
1732 2995 1929 3050 vicisse
1955 2991 2109 3062 quasi

519 3102 705 3157 verbis
730 3102 1000 3156 ostendet.
1027 3098 1093 3152 Et
1121 3097 1239 3151 ideo
1262 3096 1440 3148 adhuc
1464 3090 1710 3145 illumina
1735 3128 1750 3153 ,
1782 3101 1851 3141 ne
1873 3083 2111 3148 inimici,

523 3195 580 3249 id
621 3202 704 3249 est
741 3191 965 3262 spiritus
1011 3185 1231 3257 maligni
1262 3182 1571 3246 exsultent,
1629 3193 1713 3233 me
1754 3172 2114 3231 criminalite‘r

522 3293 815 3356 peccante,
869 3296 993 3335 cum
1041 3292 1147 3332 non
1195 3277 1383 3329 deceat
1420 3286 1515 3326 eos
1556 3269 1621 3324 de
1657 3282 1744 3322 me
1778 3265 1874 3321 tibi
1904 3261 2116 3320 subdito

526 3376 823 3433 exsultare.
848 3371 953 3440 Qui
980 3370 1126 3425 enim
1150 3365 1412 3421 tribulaut
1436 3378 1522 3418 me
1544 3375 1709 3431 prava
1740 3356 2083 3429 suggestione
2101 3393 2117 3420 ,

529 3471 881 3528 exsultabant
909 3467 954 3522 si
981 3474 1159 3520 motus
1188 3461 1342 3516 fuero
1363 3499 1379 3527 ,
1416 3474 1446 3512 a
1476 3456 1761 3513 devotione
1793 3462 1883 3507 tua
1910 3451 1960 3504 in
1989 3464 2119 3519 pec-

527 3574 711 3620 catum
746 3559 1058 3617 deveniens.
1082 3556 1194 3626 Ego
1209 3562 1409 3616 autem,
1431 3550 1483 3605 id
1507 3547 1698 3604 estsed
1721 3561 1821 3617 ego
1848 3554 1907 3599 ut
1931 3544 2122 3597 itnmo-

530 3658 658 3712 bilis
689 3658 813 3710 sim.
870 3652 929 3706 In
963 3646 1334 3704 misericordia
1360 3654 1446 3697 tua
1474 3640 1719 3710 speravi,,
1758 3647 1812 3694 et
1840 3651 1999 3706 spero
2026 3676 2041 3701 ,
2071 3643 2125 3688 et

533 3747 768 3818 sperabo
796 3785 810 3810 ,
842 3758 946 3799 non
986 3741 1038 3799 in
1073 3753 1177 3793 me.
1224 3736 1283 3791 Et
1318 3735 1444 3806 quia
1489 3733 1607 3797 hic,
1660 3729 1727 3783 In
1764 3725 2125 3781 misericordia

537 3858 629 3897 tua
676 3838 874 3909 speravi
903 3878 917 3901 ,
951 3847 1005 3889 et
1028 3845 1225 3903 spero:
1263 3825 1544 3883 exsultabit
1577 3839 1667 3877 cor
1694 3836 1899 3885 nteant,
1951 3818 2006 3872 id
2044 3830 2127 3871 est

507 3917 720 3986 'anima
752 3943 868 3983 mea
900 3927 952 3980 in
974 3924 1200 3979 salutari
1228 3932 1349 3984 tuo,
1382 3918 1433 3972 id
1460 3924 1545 3971 est
1578 3915 1631 3968 in
1666 3913 1897 3967 adventu
1938 3908 2127 3963 Salva-

540 4021 676 4075 toris
698 4017 817 4072 Filii
849 4017 949 4082 tui,
982 4014 1073 4084 qui
1108 4028 1193 4066 me
1230 4008 1499 4065 liberabit.
1533 4006 1597 4060 Et
1624 4013 1681 4057 ut
1706 4014 1832 4057 tunc
1856 3999 2128 4056 exsultare

539 4111 773 4173 valeam,
799 4109 886 4162 hic
909 4104 1124 4159 interim
1155 4100 1376 4155 cantabo
1428 4095 1671 4156 Dontino,
1703 4092 1754 4147 id
1786 4098 1870 4146 est
1898 4088 2129 4142 laudabo

542 4218 665 4256 cum
690 4202 827 4255 bona
862 4195 1147 4251 alfectione
1172 4206 1292 4262 qua:
1331 4188 1433 4258 ipsi
1459 4185 1731 4241 canticum
1768 4182 1873 4236 erit
1896 4220 1911 4245 ,
1956 4180 2007 4233 id
2047 4188 2131 4232 est

547 4294 835 4350 delectatio
853 4304 1068 4360 magna.
1094 4285 1194 4352 Qui
1219 4280 1481 4336 Dominus
1501 4276 1681 4331 tribuit
1700 4274 1826 4327 mihi
1847 4273 1979 4326 bona
2003 4271 2127 4332 ista,

546 4394 607 4439 ut
632 4385 803 4438 in'sua
824 4359 1198 4434 miserictn'dia
1222 4383 1455 4441 sperem.
1476 4368 1541 4421 Et
1561 4380 1664 4419 non
1691 4363 1863 4418 solum
1880 4359 2129 4422 cantabo,

546 4479 641 4534 sed
685 4476 848 4531 etiam
879 4470 1139 4543 psallam,
1184 4466 1235 4519 id
1268 4473 1351 4519 est
1382 4462 1518 4517 bene
1566 4456 1853 4527 operabor.
1912 4453 1979 4507 Et
2030 4452 2133 4506 hoc

548 4585 655 4624 non
687 4567 753 4621 ad
782 4564 1091 4636 superbiam
1118 4601 1135 4627 ,
1176 4558 1271 4613 sed
1294 4555 1460 4611 etiam
1498 4549 1694 4606 nomini
1730 4546 1941 4602 Domini
1980 4546 2129 4598 altis-

549 4663 691 4727 simi,
724 4660 776 4713 id
806 4667 889 4713 est
932 4655 1000 4709 ad
1039 4655 1300 4709 honorem
1337 4644 1571 4701 nominis
1608 4641 1724 4709 ejus
1770 4652 1830 4693 ut
1860 4640 1984 4693 inde
2020 4638 2134 4690 Iau-

551 4725 729 4808 detur.
761 4749 824 4802 Et
848 4746 1061 4801 merito.
1104 4739 1420 4796 Altissimus
1452 4734 1596 4789 enim
1625 4738 1729 4795 est,
1762 4729 1814 4782 id
1844 4734 1929 4782 est
1958 4725 2139 4779 Domi-

551 4859 654 4899 nus
683 4841 1022 4896 dominorum
1052 4854 1067 4890 :
1104 4835 1339 4902 ideoque
1367 4829 1560 4899 dignus
1586 4831 1670 4880 est
1701 4832 1761 4876 ut
1790 4818 1908 4889 ejus
1936 4817 2140 4872 nomini

551 4934 800 5008 psallam.

1043 5016 1107 5071 IN
1148 5008 1479 5069 PSALMUM
1508 5005 1645 5061 Xlll.

631 5108 1225 5171 Titulustertiidecimi:
1253 5104 1319 5157 In
1344 5103 1502 5171 ﬁnem
1529 5096 1760 5166 psalmus
1778 5092 1945 5146 David
1963 5134 1976 5155 ,
2002 5089 2144 5161 quod

556 5210 635 5266 sic
657 5206 948 5278 exponitur
979 5222 992 5256 :
1029 5200 1271 5270 psalmus
1299 5196 1401 5247 iste
1423 5199 1506 5244 est
1534 5184 1915 5242 attribuendus
1945 5181 2145 5246 David,

557 5302 613 5357 id
644 5274 1001 5360 est‘Christo,
1035 5287 1344 5359 respicienti
1372 5285 1424 5337 in
1455 5282 1615 5335 linem
1636 5322 1651 5346 ,
1694 5278 1746 5332 id
1770 5276 1928 5331 estin
1970 5274 2148 5329 salva-

558 5392 761 5448 tionem
778 5386 1092 5461 justorum,
1126 5377 1256 5431 etin
1288 5371 1645 5443 perditionem
1680 5367 1973 5429 malorum,
2003 5363 2147 5433 quod

558 5486 618 5540 in
648 5458 993 5537 fine—mundi
1033 5472 1158 5527 erit.
1217 5463 1581 5520 lntroducitur
1636 5460 1725 5514 hic
1782 5458 1954 5526 ipsmn
1990 5463 2152 5524 caput

488 5576 491 5581 “
560 5576 902 5647 exprobrans
933 5572 986 5620 In
1018 5563 1236 5618 Judceos
1263 5574 1276 5609 :
1310 5556 1401 5624 qui
1448 5567 1571 5606 eum
1596 5566 1717 5605 eum
1748 5548 2012 5610 viderent,
2044 5561 2149 5599 non

562 5636 829 5720 Ill-Deum
870 5653 1056 5728 gloria:
1095 5650 1480 5714 susceperunt;
1512 5656 1632 5695 cum
1665 5648 1940 5694 ostensum
1988 5636 2059 5689 sit
2097 5636 2150 5689 in

565 5752 835 5824 snperiori
883 5743 1099 5817 psalmo
1147 5743 1352 5806 quanta
1399 5730 1683 5786 affectione
1732 5728 1908 5783 sancti
1971 5736 2152 5797 patres

562 5816 755 5899 eorum
808 5816 938 5896 cum
983 5829 1171 5887 videre
1224 5821 1671 5881 desideraverint.
1710 5818 1957 5877 Ostendit
1987 5816 2151 5871 etiam

1062 428 1120 483 S.
1158 424 1505 483 BllUNONlS
1530 410 2175 481 CARTHUSIANORUM
2214 403 2701 465 INSTITUTORIS
2735 401 2885 459 OPP.
2928 398 3107 457 PARS
3134 397 3179 456 l.

2115 528 2158 585 Α
2185 517 2587 577 damnationem
2620 514 2747 570 inde
2774 512 2853 569 eis
2882 510 3175 567 maximam
3205 516 3601 577 perventuram.
3624 509 3718 564 suis

3616 396 3700 453 εει

2183 626 2312 667 vero
2333 610 2562 665 salutem
2583 613 2900 677 perpetuam
2917 642 2932 668 ,
2960 611 3019 655 ut
3041 599 3124 654 sui
3147 597 3216 652 ab
3240 609 3429 651 eorum
3451 594 3718 653 inﬁdelitate

2181 717 2406 774 prorsus
2432 700 2811 754 deterreantur
2833 702 2886 748 et
2906 692 2975 747 ad
2992 689 3108 759 ejus
3122 685 3484 744 obedientiam
3510 686 3723 742 intentius

2182 794 2449 849 nit-antur.
2477 790 2543 844 Et
2569 789 2672 843 hoc
2702 786 2783 842 sic
2810 785 2962 840 dicit.

2255 884 2401 938 Dixit
2432 880 2703 951 insipiens,
2745 877 2800 932 id
2832 885 2915 931 est
2953 874 3211 929 Iudaicus
3233 868 3491 941 populus,
3534 880 3723 924 antono-

2192 973 2447 1038 mastice,
2500 968 2791 1040 insipiens,
2839 981 2964 1022 cum
2993 964 3384 1035 prOpbetarum
3413 959 3561 1013 dictis
3580 959 3636 1014 de
3660 976 3727 1015 nae

2187 1080 2297 1119 non
2345 1062 2575 1117 credat:
2631 1060 2689 1112 in
2737 1056 2894 1111 corde
2938 1071 3036 1109 suo
3067 1055 3169 1108 hoc
3226 1051 3522 1111 inveniens,
3572 1066 3661 1103 non
3704 1067 3727 1103 a

2189 1136 2488 1223 Scripturi‘s
2540 1150 2643 1204 hoc
2694 1148 2918 1202 habens.
2974 1143 3097 1198 Non
3132 1152 3208 1198 est
3252 1141 3394 1195 Deus
3445 1141 3541 1194 iste
3583 1140 3730 1194 homo.

2190 1245 2355 1301 Juxta
2384 1242 2518 1297 illud
2546 1239 2920 1310 evangelicum
2951 1255 2965 1292 :
2997 1254 3017 1288 ι
3054 1235 3154 1291 llic
3181 1236 3346 1289 homo
3374 1246 3480 1287 non
3501 1241 3575 1286 est
3597 1248 3624 1286 a
3647 1231 3731 1285 Deo

2190 1335 2284 1407 qui
2315 1333 2613 1390 Sabbatum
2668 1344 2774 1384 non
2826 1327 3062 1384 custodit
3115 1325 3300 1396 (Joan.
3343 1338 3433 1387 Ix,
3486 1322 3583 1387 i6).
3625 1340 3642 1372 ι
3687 1322 3735 1376 Ει

2192 1425 2323 1479 alibi
2358 1440 2371 1477 :
2408 1440 2427 1475 ι
2471 1421 2552 1476 Tu
2582 1421 2744 1476 homo
2797 1433 2921 1473 cum
2965 1417 3077 1480 sis,
3133 1414 3270 1469 facis
3330 1412 3552 1483 teipsum
3597 1411 3736 1467 Deum

2193 1515 2377 1588 (Joan.
2411 1531 2467 1582 x,
2500 1513 2612 1583 55).
2652 1531 2671 1564 ι
2709 1511 2776 1566 Et
2802 1511 2925 1565 ideo
2955 1510 3253 1563 dixerunt:
3309 1504 3427 1560 Non
3468 1513 3548 1559 est
3578 1504 3737 1558 Deus:

2194 1605 2321 1676 quia
2344 1603 2580 1672 corrupti
2604 1611 2725 1656 sunt
2756 1601 2812 1655 in
2852 1608 3033 1654 mente
3055 1611 3187 1662 sua,
3220 1597 3273 1650 id
3295 1604 3381 1651 est
3409 1594 3665 1649 exemeati.
3691 1594 3743 1646 Et

2197 1698 2320 1754 ideo
2346 1695 2585 1764 corrupti
2613 1734 2627 1759 ,
2657 1693 2785 1763 quia
2811 1690 3221 1756 abominabiles,
3246 1688 3299 1743 id
3321 1697 3406 1743 est
3428 1687 3745 1742 exsecrabiles

2193 1788 2327 1857 facti
2347 1797 2468 1841 sunt
2493 1786 2603 1841 Deo
2631 1786 2687 1839 in
2710 1784 2901 1838 studiis
2931 1784 3041 1836 suis
3062 1781 3455 1851 persistentes,
3510 1778 3558 1831 id
3592 1785 3668 1831 est
3706 1782 3745 1829 in

1370 1869 1612 1963 gem;
1664 1910 1825 1975 ρτοηι
1872 1915 2095 1972 possum
2129 1883 2173 1937 Β
2203 1880 2628 1975 cogitationibus
2653 1887 2710 1934 et
2739 1876 2996 1947 operibus
3025 1873 3265 1928 malisin
3295 1869 3751 1941 quibusvaldestu-

2204 1973 2459 2027 duerunt.
2498 1968 2665 2037 Quasi
2701 1968 2846 2022 dicat
2878 1981 2892 2020 :
2924 1963 3062 2030 Quia
3116 1962 3173 2017 in
3227 1959 3389 2015 malis
3433 1959 3748 2019 studuerunt,

2202 2066 2350 2119 Deus
2379 2076 2474 2117 eos
2520 2069 2844 2115 exsecratus
2869 2066 2954 2112 est
2979 2063 3032 2110 et
3058 2054 3137 2109 sic
3163 2051 3482 2109 excaacavit.
3508 2048 3631 2115 Quia
3653 2063 3751 2101 veru

2201 2154 2487 2217 dixerunt,
2520 2152 2636 2206 Non
2663 2158 2746 2205 est
2776 2150 2919 2203 Deus
2951 2164 2965 2200 :
2994 2145 3090 2200 sed
3136 2143 3336 2198 merito
3363 2139 3608 2195 exczecati
3637 2149 3752 2199 sunt,

2202 2257 2347 2317 quoa
2377 2262 2483 2299 non
2509 2253 2585 2299 est
2613 2242 2812 2313 aliquis
2835 2240 2927 2311 qui
2969 2239 3135 2309 faciat
3188 2236 3401 2290 bonum.
3460 2234 3527 2288 Et
3552 2234 3719 2304 repetit
3740 2276 3752 2297 ,

2206 2347 2265 2393 ut
2292 2338 2412 2408 plus
2436 2335 2747 2407 exprobret.
2781 2330 2907 2387 Non
2935 2341 3013 2386 est
3037 2329 3239 2400 aliquis
3258 2328 3353 2398 qui
3376 2327 3539 2381 faciat
3557 2327 3749 2384 bonum.

2207 2432 2260 2487 id
2297 2439 2377 2486 est
2404 2445 2565 2498 usque
2592 2427 2660 2480 ad
2689 2441 2881 2492 unum,
2908 2422 3222 2493 perveniat,
3245 2421 3297 2475 id
3325 2419 3493 2475 estad
3516 2419 3659 2473 fidem
3680 2418 3757 2472 mei

2207 2521 2300 2592 qui
2366 2534 2506 2574 unus
2554 2532 2705 2581 sum,
2767 2516 2822 2570 id
2883 2523 2994 2580 est,
3061 2512 3398 2583 singularis,
3469 2510 3761 2578 incompara-

2209 2609 2350 2665 bilis.
2390 2607 2581 2663 Nullus
2607 2607 2751 2661 enim
2782 2604 2921 2659 alius
2949 2604 3089 2659 Deus
3116 2612 3201 2658 est
3225 2610 3280 2656 et
3316 2600 3504 2655 homo.
3555 2598 3615 2652 Et
3654 2597 3760 2651 bene

2211 2701 2361 2772 ponit
2392 2717 2405 2753 :
2444 2714 2551 2753 non
2590 2707 2674 2753 est
2704 2696 2797 2767 qui
2821 2695 2986 2750 faciat
3007 2696 3231 2750 bonum.
3258 2691 3375 2747 Non
3403 2700 3488 2747 est
3513 2690 3601 2761 qui
3622 2704 3757 2758 usque

2213 2794 2279 2849 ad
2338 2807 2502 2847 unum
2546 2790 2874 2861 perveniat:
2910 2789 3101 2843 eodem
3131 2786 3186 2840 in
3216 2784 3512 2855 Evangelio
3554 2790 3761 2836 testante.

2219 2905 2237 2938 ‹
2280 2883 2410 2940 Sine
2450 2897 2537 2937 me
2561 2880 2692 2935 nihil
2722 2879 2947 2949 potestis
2974 2877 3157 2932 facere
3185 2875 3373 2947 (Jaan.
3404 2889 3509 2940 xv,
3539 2873 3610 2943 5).
3646 2870 3763 2939 ιιι)ςί

2215 2978 2441 3032 dicunt:
2484 2972 2600 3027 Non
2626 2980 2711 3026 est
2744 2970 2886 3026 Deus
2912 2988 2924 3024 :
2957 2985 3082 3025 eum
3113 2980 3293 3024 tamen
3324 2967 3604 3029 Dominus,
3639 2964 3683 3018 id
3706 2972 3769 3018 est

2217 3067 2359 3122 Deus
2386 3064 2515 3118 mihi
2542 3060 2727 3116 uultus
2757 3077 2771 3114 :
2798 3060 2863 3114 de
2888 3060 3016 3115 caelo
3042 3100 3059 3126 ,
3088 3059 3141 3114 id
3169 3067 3253 3114 est
3277 3058 3346 3113 de
3392 3071 3468 3111 re
3514 3056 3642 3111 coelo
3681 3067 3769 3109 cte-

2220 3159 2414 3220 iorum,
2432 3152 2884 3216 antonomastice,
2897 3151 3165 3221 prospexit
3184 3166 3343 3220 super
3365 3149 3506 3216 ﬁlios
3521 3148 3769 3205 hominum,

2143 3234 2188 3297 (ἶ
2220 3252 2274 3307 id
2299 3258 2384 3306 est
2413 3247 2655 3304 Iudaeos.
2697 3244 2766 3300 Et
2793 3245 2932 3300 bene
2957 3244 3123 3305 dicit,
3154 3241 3426 3312 prospexit
3448 3256 3619 3309 super.
3661 3237 3766 3291 Nam

2221 3344 2314 3414 qui
2345 3343 2587 3414 aliquem
2619 3340 2687 3395 de
2714 3336 2981 3409 superiori
3030 3336 3191 3391 domo
3220 3348 3320 3403 per
3348 3332 3636 3388 fenestram
3675 3342 3772 3398 pro-

2221 3435 2416 3505 spicit,
2456 3432 2709 3503 superior
2737 3439 2868 3487 est:
2899 3444 3008 3483 non
3048 3441 3117 3482 ex
3166 3434 3280 3481 toto
3331 3440 3392 3479 se
3438 3422 3772 3481 abscondens,

2229 3543 2330 3584 nec
2354 3543 2423 3583 ex
2460 3535 2573 3582 toto
2606 3523 3000 3579 manifestans:
3040 3520 3112 3573 ita
3151 3514 3545 3572 et-divinitatis
3577 3512 3771 3568 clamem

2226 3621 2299 3676 tia
2326 3634 2424 3690 per
2453 3616 2791 3672 Dominicum
2816 3612 3090 3668 hominem
3112 3624 3171 3666 se
3196 3624 3265 3663 ex
3294 3616 3455 3677 parte
3499 3602 3772 3659 manifesta-

2225 3711 2303 3765 vit
2329 3689 2709 3769 inferioribus,
2738 3718 2860 3760 cum
2893 3712 3076 3757 tamen
3104 3698 3234 3754 nulli
3258 3698 3479 3769 cognita
3505 3704 3641 3751 esset
3661 3689 3777 3762 peni-

2229 3811 2335 3855 tus.
2378 3799 2445 3853 Et
2471 3798 2664 3853 adhoc
2700 3792 3018 3864 prospexit:
3055 3801 3111 3845 ut
3136 3791 3311 3845 uideat
3337 3828 3352 3854 ,
3407 3788 3464 3843 id
3515 3796 3600 3842 est
3635 3784 3778 3837 videre

2229 3891 2395 3946 faciat
2411 3904 2558 3945 suos.
2581 3887 2642 3943 Si
2664 3897 2737 3941 est
2764 3886 2818 3939 in
2840 3883 3070 3939 Judaico
3092 3879 3288 3952 populo
3307 3876 3776 3948 aliquisintellt'gens

2231 3983 2400 4037 Deum
2428 3980 2532 4034 fide
2564 3996 2576 4031 :
2612 3987 2704 4031 aut
2732 3975 3001 4046 requirens
3028 3974 3167 4046 bpna
3199 3970 3545 4041 Operatione.
3603 3964 3689 4021 Vel
3724 3963 3781 4017 sic

2230 4074 2339 4145 36
2369 4071 2577 4135 videat,
2632 4069 2683 4123 id
2730 4036 2817 4121 est
2859 4064 2950 4134 qui
2988 4036 3139 4133 prius
3190 4036 3535 4131 providentia
3578 4054 3783 4115 videbat,

2233 4166 2413 4220 videat
2440 4163 2553 4231 ipsa
2591 4160 2668 4214 rei
2694 4154 3029 4227 experientia
3058 4171 3072 4207 :
3106 4153 3152 4209 si
3182 4162 3267 4207 est
3298 4150 3640 4219 intelligens,
3666 4153 3782 4203 etc..

2235 4259 2397 4314 idest
2437 4257 2503 4310 ad
2555 4256 2658 4309 hoc
2685 4252 2834 4307 venit
2871 4259 2928 4303 ut
2963 4245 3363 4301 inexcusabiles
3407 4245 3555 4306 sint,
3600 4241 3720 4295 sicut
3744 4237 3784 4287 in

2236 4346 2527 4417 Evangelio
2566 4344 2708 4397 idem
2740 4340 2913 4395 dicit:
2949 4356 2967 4389 ί
3005 4336 3061 4391 Si
3093 4350 3199 4390 non
3240 4334 3521 4388 venissem
3550 4329 3787 4385 ellorulus

2234 4441 2315 4495 eis
2356 4452 2462 4492 nou
2525 4435 2781 4495 fuissem,
2830 4434 3116 4499 peccatum
3172 4438 3280 4479 nou
3338 4423 3627 4477 haberent.
3673 4416 3787 4469 Nunc

2238 4541 2418 4588 autem
2449 4522 2843 4582 inexcusabiles
2891 4528 3020 4575 sunt
3047 4518 3115 4572 de
3143 4524 3374 4585 peccato
3402 4527 3504 4567 suo
3531 4512 3698 4581 (Joan.
3721 4521 3787 4565 xv,

2242 4621 2359 4691 2‘2).
2388 4639 2406 4671 ι
2429 4617 2584 4679 Dico,
2603 4614 2730 4683 quia
2751 4608 3013 4664 Dominus
3027 4606 3333 4675 prospexit:
3354 4603 3789 4672 ipsiautentomars

2242 4711 2629 4767 declinaverunt
2665 4703 2734 4758 ab
2789 4698 3062 4755 intellectu
3091 4696 3237 4750 fidei.
3270 4693 3479 4757 Simul,
3509 4692 3562 4746 id
3608 4699 3679 4743 εει
3713 4698 3790 4737 una

2245 4820 2368 4859 cum
2394 4804 2493 4857 hoc
2514 4798 2657 4869 quod
2680 4794 3092 4850 declinaverunt
3116 4787 3328 4843 inutiles
3354 4786 3486 4855 facti
3509 4793 3647 4844 sunt,
3674 4779 3716 4833 id
3734 4785 3794 4830 cst

2248 4868 2566 4948 infructuosi
2584 4898 2635 4942 et
2664 4882 2950 4944 perniciosi
2975 4880 3077 4935 sibi
3107 4887 3162 4933 et
3189 4877 3332 4931 aliis.
3366 4877 3433 4930 Et
3474 4890 3602 4929 vere
3624 4868 3794 4927 inutiles

2250 4985 2353 5040 sibi
2407 4982 2540 5035 Nam
2555 4986 2759 5033 nonest
2777 4974 2868 5043 qui
2886 4971 3050 5025 faciat
3071 4971 3300 5032 bonum,
3326 4982 3436 5020 non
3456 4975 3543 5020 est
3564 4963 3649 5033 qui
3668 4970 3797 5025 usque

2255 5080 2321 5131 ad
2353 5090 2519 5130 unum
2549 5069 2861 5142 perveniat,
2910 5064 2964 5118 id
3000 5070 3085 5117 est
3109 5062 3176 5115 ad
3206 5059 3488 5115 Christum
3526 5042 3597 5111 ad
3624 5068 3697 5107 me
3722 5047 3797 5103 sri-

2258 5170 2404 5224 licet.
2434 5167 2497 5221 Et
2529 5138 2657 5218 vere
2703 5158 2908 5215 inutilis
2931 5156 3074 5211 aliis.
3120 5153 3259 5207 Nam
3301 5161 3487 5221 guttur
3535 5162 3701 5203 eorum
3721 5182 3733 5205 ,
3762 5138 3799 5191 id

2256 5272 2341 5317 est
2391 5275 2494 5314 vox
2550 5256 2847 5327 procedens
2892 5253 2959 5307 de
2997 5260 3214 5321 gutture
3241 5263 3477 5302 eorum:
3541 5253 3615 5298 est
3660 5247 3800 5309 palm

2259 5350 2585 5421 sepulcrum,
2644 5346 2697 5400 id
2751 5354 2835 5399 est
2891 5339 3276 5411 comparabilis
3321 5336 3577 5407 sepulcro
3619 5332 3802 5407 timenti.

2261 5418 2415 5496 Sicut
2439 5438 2584 5494 enim
2613 5435 2919 5505 sepulcrum
2952 5432 3018 5486 ad
3056 5431 3160 5484 hoc
3182 5436 3335 5498 patet
3358 5436 3418 5485 ut
3443 5441 3642 5501 corpus
3678 5418 3807 5477 susci-

2259 5533 2368 5601 piat
2406 5543 2459 5585 et
2489 5527 2810 5598 putrefaciat
2835 5564 2853 5591 ,
2894 5525 2968 5577 ita
2991 5531 3046 5577 et
3076 5522 3189 5590 ipsa
3214 5534 3321 5579 Yo'x
3352 5524 3423 5578 ad
3461 5524 3565 5576 hoc
3593 5525 3743 5589 patet,
3768 5518 3807 5562 ul

2256 5626 2501 5680 inSontcs
2531 5618 2957 5690 incorporando,
3014 5618 3260 5689 putridos
3305 5618 3359 5671 in
3416 5614 3734 5687 cogitatione
3771 5611 3808 5653 et

2259 5723 2574 5785 cperattone
2617 5710 2830 5767 reddat.
2891 5708 2951 5766 Et
2998 5725 3104 5765 non
3157 5708 3504 5764 solummodo
3552 5709 3727 5775 patent
3764 5693 3808 5746 ad

2262 5807 2397 5862 alios
2445 5801 2885 5874 putrefacrenucs
2912 5819 2925 5857 :
2966 5803 3060 5858 sed
3091 5800 3242 5870 prius
3273 5799 3327 5854 in
3358 5814 3447 5854 me
3479 5799 3666 5867 linguis
3690 5787 3808 5845 suis,
3844 5790 3853 5809 “
