  <div class='ocr_page' id='page_1' title='image "/cluster/home/n/w/nwhite01/storage/ocr_20150623/152/hvd.32044015473804/348.png"; bbox 0 0 3864 6320; ppageno 0'>
   <div class='ocr_carea' id='block_1_1' title="bbox 115 289 3315 359">
    <p class='ocr_par' dir='ltr' id='par_1_1' title="bbox 115 289 3315 359">
     <span class='ocr_line' id='line_1_1' title="bbox 115 289 3315 359; baseline -0.003 -11"><span class='ocrx_word' id='word_1_1' title='bbox 115 298 193 359; x_wconf 75' lang='lat'><strong>685</strong></span> <span class='ocrx_word' id='word_1_2' title='bbox 983 289 1343 350; x_wconf 71' lang='lat' dir='ltr'><strong>EXI’OSITIO</strong></span> <span class='ocrx_word' id='word_1_3' title='bbox 1384 290 1447 346; x_wconf 88' lang='lat' dir='ltr'><strong>IN</strong></span> <span class='ocrx_word' id='word_1_4' title='bbox 1489 289 1837 346; x_wconf 68' lang='lat' dir='ltr'><strong>PSALMOS.</strong></span> <span class='ocrx_word' id='word_1_5' title='bbox 1877 321 1945 330; x_wconf 95' lang='lat'><strong>—</strong></span> <span class='ocrx_word' id='word_1_6' title='bbox 1984 289 2179 345; x_wconf 85' lang='lat' dir='ltr'><strong>PSAL.</strong></span> <span class='ocrx_word' id='word_1_7' title='bbox 2227 289 2361 344; x_wconf 74' lang='lat' dir='ltr'><strong>xxv.</strong></span> <span class='ocrx_word' id='word_1_8' title='bbox 3212 296 3315 355; x_wconf 62' lang='lat'><strong>635</strong></span> 
     </span>
    </p>
   </div>
   <div class='ocr_carea' id='block_1_2' title="bbox 115 403 3383 474">
    <p class='ocr_par' dir='ltr' id='par_1_2' title="bbox 115 403 3383 474">
     <span class='ocr_line' id='line_1_2' title="bbox 115 403 3383 474; baseline -0.001 -3"><span class='ocrx_word' id='word_1_9' title='bbox 115 418 153 471; x_wconf 89' lang='lat' dir='ltr'><strong>id</strong></span> <span class='ocrx_word' id='word_1_10' title='bbox 203 422 269 466; x_wconf 81' lang='lat' dir='ltr'><strong>est</strong></span> <span class='ocrx_word' id='word_1_11' title='bbox 310 406 655 463; x_wconf 84' lang='lat' dir='ltr'><strong>mendacibus</strong></span> <span class='ocrx_word' id='word_1_12' title='bbox 710 413 763 460; x_wconf 90' lang='grc' dir='ltr'><strong>ει</strong></span> <span class='ocrx_word' id='word_1_13' title='bbox 805 405 1187 459; x_wconf 88' lang='lat' dir='ltr'><strong>adulatricibus</strong></span> <span class='ocrx_word' id='word_1_14' title='bbox 1238 406 1435 474; x_wconf 79' lang='lat' dir='ltr'><strong>quibus</strong></span> <span class='ocrx_word' id='word_1_15' title='bbox 1485 404 1628 472; x_wconf 76' lang='lat' dir='ltr'><strong>digni</strong></span> <span class='ocrx_word' id='word_1_16' title='bbox 1662 416 1704 465; x_wconf 78' lang='grc' dir='ltr'><strong>Α</strong></span> <span class='ocrx_word' id='word_1_17' title='bbox 1735 419 1889 467; x_wconf 89' lang='lat' dir='ltr'><strong>eum,</strong></span> <span class='ocrx_word' id='word_1_18' title='bbox 1918 403 1970 458; x_wconf 93' lang='lat' dir='ltr'><strong>id</strong></span> <span class='ocrx_word' id='word_1_19' title='bbox 1996 412 2079 458; x_wconf 88' lang='lat' dir='ltr'><strong>est</strong></span> <span class='ocrx_word' id='word_1_20' title='bbox 2110 419 2212 457; x_wconf 90' lang='lat' dir='ltr'><strong>non</strong></span> <span class='ocrx_word' id='word_1_21' title='bbox 2237 413 2530 472; x_wconf 84' lang='lat' dir='ltr'><strong>posuerunt</strong></span> <span class='ocrx_word' id='word_1_22' title='bbox 2562 419 2682 459; x_wconf 92' lang='lat' dir='ltr'><strong>eum</strong></span> <span class='ocrx_word' id='word_1_23' title='bbox 2707 406 2990 465; x_wconf 86' lang='lat' dir='ltr'><strong>Dominum</strong></span> <span class='ocrx_word' id='word_1_24' title='bbox 3034 420 3089 466; x_wconf 91' lang='lat' dir='ltr'><strong>et</strong></span> <span class='ocrx_word' id='word_1_25' title='bbox 3124 426 3183 467; x_wconf 88' lang='lat' dir='ltr'><strong>se</strong></span> <span class='ocrx_word' id='word_1_26' title='bbox 3208 428 3323 468; x_wconf 49' lang='lat' dir='ltr'><strong>ser:</strong></span> <span class='ocrx_word' id='word_1_27' title='bbox 3364 458 3383 467; x_wconf 79' lang='lat'><strong>-</strong></span> 
     </span>
    </p>
   </div>
   <div class='ocr_carea' id='block_1_3' title="bbox 110 482 3349 571">
    <p class='ocr_par' dir='ltr' id='par_1_3' title="bbox 110 482 3349 571">
     <span class='ocr_line' id='line_1_3' title="bbox 110 482 3349 571; baseline -0.001 -12"><span class='ocrx_word' id='word_1_28' title='bbox 110 513 230 563; x_wconf 85' lang='lat' dir='ltr'><strong>erant</strong></span> <span class='ocrx_word' id='word_1_29' title='bbox 253 501 416 554; x_wconf 85' lang='lat' dir='ltr'><strong>dolose</strong></span> <span class='ocrx_word' id='word_1_30' title='bbox 437 498 687 568; x_wconf 84' lang='lat' dir='ltr'><strong>agebant,</strong></span> <span class='ocrx_word' id='word_1_31' title='bbox 730 497 1009 551; x_wconf 77' lang='lat' dir='ltr'><strong>dicentes:</strong></span> <span class='ocrx_word' id='word_1_32' title='bbox 1048 515 1065 548; x_wconf 78' lang='grc' dir='ltr'><strong>ι</strong></span> <span class='ocrx_word' id='word_1_33' title='bbox 1109 496 1393 566; x_wconf 73' lang='lat' dir='ltr'><strong>Magister,</strong></span> <span class='ocrx_word' id='word_1_34' title='bbox 1432 496 1633 550; x_wconf 86' lang='lat' dir='ltr'><strong>scimus</strong></span> <span class='ocrx_word' id='word_1_35' title='bbox 1737 511 1849 549; x_wconf 86' lang='lat' dir='ltr'><strong>vos.</strong></span> <span class='ocrx_word' id='word_1_36' title='bbox 1889 495 1955 548; x_wconf 85' lang='lat' dir='ltr'><strong>Et</strong></span> <span class='ocrx_word' id='word_1_37' title='bbox 1984 495 2103 550; x_wconf 86' lang='lat' dir='ltr'><strong>ideo</strong></span> <span class='ocrx_word' id='word_1_38' title='bbox 2133 496 2310 549; x_wconf 76' lang='lat' dir='ltr'><strong>adhuc</strong></span> <span class='ocrx_word' id='word_1_39' title='bbox 2340 507 2637 563; x_wconf 85' lang='lat' dir='ltr'><strong>operantur</strong></span> <span class='ocrx_word' id='word_1_40' title='bbox 2662 498 3031 567; x_wconf 75' lang='lat' dir='ltr'><strong>iniquitatem:</strong></span> <span class='ocrx_word' id='word_1_41' title='bbox 3063 518 3188 571; x_wconf 86' lang='lat' dir='ltr'><strong>quia</strong></span> <span class='ocrx_word' id='word_1_42' title='bbox 3212 482 3349 556; x_wconf 11' lang='lat' dir='ltr'><strong>illic,</strong></span> 
     </span>
    </p>
   </div>
   <div class='ocr_carea' id='block_1_4' title="bbox 112 584 3323 666">
    <p class='ocr_par' dir='ltr' id='par_1_4' title="bbox 112 584 3323 666">
     <span class='ocr_line' id='line_1_4' title="bbox 112 584 3323 666; baseline -0.001 -17"><span class='ocrx_word' id='word_1_43' title='bbox 112 597 205 666; x_wconf 82' lang='lat' dir='ltr'><strong>quia</strong></span> <span class='ocrx_word' id='word_1_44' title='bbox 219 608 355 645; x_wconf 73' lang='lat' dir='ltr'><strong>vei-av</strong></span> <span class='ocrx_word' id='word_1_45' title='bbox 372 606 449 652; x_wconf 86' lang='lat' dir='ltr'><strong>es,</strong></span> <span class='ocrx_word' id='word_1_46' title='bbox 478 599 585 642; x_wconf 92' lang='lat' dir='ltr'><strong>etc.</strong></span> <span class='ocrx_word' id='word_1_47' title='bbox 619 587 829 657; x_wconf 67' lang='lat' dir='ltr'><strong>(Matt/1.</strong></span> <span class='ocrx_word' id='word_1_48' title='bbox 850 603 959 641; x_wconf 68' lang='lat' dir='ltr'><strong>xxn</strong></span> <span class='ocrx_word' id='word_1_49' title='bbox 984 627 997 648; x_wconf 93' lang='lat'><strong>,</strong></span> <span class='ocrx_word' id='word_1_50' title='bbox 1032 588 1137 656; x_wconf 80' lang='lat' dir='ltr'><strong>lli).</strong></span> <span class='ocrx_word' id='word_1_51' title='bbox 1171 605 1189 637; x_wconf 78' lang='grc' dir='ltr'><strong>ι</strong></span> <span class='ocrx_word' id='word_1_52' title='bbox 1220 587 1281 639; x_wconf 68' lang='lat' dir='ltr'><strong>Iit</strong></span> <span class='ocrx_word' id='word_1_53' title='bbox 1302 602 1423 639; x_wconf 88' lang='lat' dir='ltr'><strong>cttut</strong></span> <span class='ocrx_word' id='word_1_54' title='bbox 1449 584 1632 639; x_wconf 80' lang='lat' dir='ltr'><strong>dolose</strong></span> <span class='ocrx_word' id='word_1_55' title='bbox 1734 585 2120 653; x_wconf 75' lang='lat' dir='ltr'><strong>trepidarerunt</strong></span> <span class='ocrx_word' id='word_1_56' title='bbox 2141 585 2546 637; x_wconf 84' lang='lat' dir='ltr'><strong>timorcubiuon</strong></span> <span class='ocrx_word' id='word_1_57' title='bbox 2566 597 2703 655; x_wconf 76' lang='lat' dir='ltr'><strong>erat,</strong></span> <span class='ocrx_word' id='word_1_58' title='bbox 2727 586 2775 640; x_wconf 87' lang='lat' dir='ltr'><strong>id</strong></span> <span class='ocrx_word' id='word_1_59' title='bbox 2797 598 2878 642; x_wconf 88' lang='lat' dir='ltr'><strong>est</strong></span> <span class='ocrx_word' id='word_1_60' title='bbox 2900 603 3002 642; x_wconf 90' lang='lat' dir='ltr'><strong>non</strong></span> <span class='ocrx_word' id='word_1_61' title='bbox 3027 590 3323 646; x_wconf 74' lang='lat' dir='ltr'><strong>deitetesse</strong></span> 
     </span>
    </p>
   </div>
   <div class='ocr_carea' id='block_1_5' title="bbox 110 676 3320 755">
    <p class='ocr_par' dir='ltr' id='par_1_5' title="bbox 110 676 3320 755">
     <span class='ocr_line' id='line_1_5' title="bbox 110 676 3320 755; baseline -0 -17"><span class='ocrx_word' id='word_1_62' title='bbox 110 693 318 755; x_wconf 75' lang='lat' dir='ltr'><strong>agerent,</strong></span> <span class='ocrx_word' id='word_1_63' title='bbox 346 697 590 733; x_wconf 73' lang='lat' dir='ltr'><strong>renonum</strong></span> <span class='ocrx_word' id='word_1_64' title='bbox 620 678 892 746; x_wconf 80' lang='lat' dir='ltr'><strong>aspidnm,</strong></span> <span class='ocrx_word' id='word_1_65' title='bbox 924 679 973 731; x_wconf 92' lang='lat' dir='ltr'><strong>id</strong></span> <span class='ocrx_word' id='word_1_66' title='bbox 1004 687 1084 731; x_wconf 82' lang='lat' dir='ltr'><strong>est</strong></span> <span class='ocrx_word' id='word_1_67' title='bbox 1124 676 1425 730; x_wconf 85' lang='lat' dir='ltr'><strong>insanabile</strong></span> <span class='ocrx_word' id='word_1_68' title='bbox 1449 677 1630 730; x_wconf 87' lang='lat' dir='ltr'><strong>odium</strong></span> <span class='ocrx_word' id='word_1_69' title='bbox 1729 676 1836 746; x_wconf 80' lang='lat'><strong><em>37</em></strong></span> <span class='ocrx_word' id='word_1_70' title='bbox 1873 676 2076 729; x_wconf 86' lang='lat' dir='ltr'><strong>timor:</strong></span> <span class='ocrx_word' id='word_1_71' title='bbox 2126 677 2329 731; x_wconf 79' lang='lat' dir='ltr'><strong>scilicet</strong></span> <span class='ocrx_word' id='word_1_72' title='bbox 2372 678 2422 731; x_wconf 90' lang='lat' dir='ltr'><strong>in</strong></span> <span class='ocrx_word' id='word_1_73' title='bbox 2480 678 2777 734; x_wconf 70' lang='lat' dir='ltr'><strong>amissione</strong></span> <span class='ocrx_word' id='word_1_74' title='bbox 2826 690 3011 743; x_wconf 70' lang='lat' dir='ltr'><strong>terrm,</strong></span> <span class='ocrx_word' id='word_1_75' title='bbox 3070 683 3210 737; x_wconf 86' lang='lat' dir='ltr'><strong>sicut</strong></span> <span class='ocrx_word' id='word_1_76' title='bbox 3270 686 3320 737; x_wconf 88' lang='lat' dir='ltr'><strong>itt</strong></span> 
     </span>
    </p>
   </div>
   <div class='ocr_carea' id='block_1_6' title="bbox 108 767 3329 846">
    <p class='ocr_par' dir='ltr' id='par_1_6' title="bbox 108 767 3329 846">
     <span class='ocr_line' id='line_1_6' title="bbox 108 767 3329 846; baseline -0.002 -15"><span class='ocrx_word' id='word_1_77' title='bbox 108 777 216 846; x_wconf 80' lang='lat' dir='ltr'><strong>quod</strong></span> <span class='ocrx_word' id='word_1_78' title='bbox 244 772 527 833; x_wconf 78' lang='lat' dir='ltr'><strong>habebant,</strong></span> <span class='ocrx_word' id='word_1_79' title='bbox 557 770 606 823; x_wconf 89' lang='lat' dir='ltr'><strong>in</strong></span> <span class='ocrx_word' id='word_1_80' title='bbox 637 787 717 822; x_wconf 85' lang='lat' dir='ltr'><strong>tne</strong></span> <span class='ocrx_word' id='word_1_81' title='bbox 747 779 863 822; x_wconf 83' lang='lat' dir='ltr'><strong>erat</strong></span> <span class='ocrx_word' id='word_1_82' title='bbox 905 770 999 822; x_wconf 85' lang='lat' dir='ltr'><strong>sub</strong></span> <span class='ocrx_word' id='word_1_83' title='bbox 1025 770 1178 821; x_wconf 82' lang='lat' dir='ltr'><strong>labiis</strong></span> <span class='ocrx_word' id='word_1_84' title='bbox 1207 785 1386 822; x_wconf 86' lang='lat' dir='ltr'><strong>eorum</strong></span> <span class='ocrx_word' id='word_1_85' title='bbox 1414 808 1430 832; x_wconf 89' lang='lat'><strong>,</strong></span> <span class='ocrx_word' id='word_1_86' title='bbox 1464 768 1515 820; x_wconf 90' lang='lat' dir='ltr'><strong>id</strong></span> <span class='ocrx_word' id='word_1_87' title='bbox 1552 777 1636 821; x_wconf 88' lang='lat' dir='ltr'><strong>est</strong></span> <span class='ocrx_word' id='word_1_88' title='bbox 1736 767 2026 837; x_wconf 75' lang='lat' dir='ltr'><strong>Evangelia</strong></span> <span class='ocrx_word' id='word_1_89' title='bbox 2058 767 2256 837; x_wconf 83' lang='lat' dir='ltr'><strong>legitur</strong></span> <span class='ocrx_word' id='word_1_90' title='bbox 2283 785 2295 820; x_wconf 78' lang='grc' dir='ltr'><strong><em>τ</em></strong></span> <span class='ocrx_word' id='word_1_91' title='bbox 2335 786 2352 817; x_wconf 83' lang='lat' dir='ltr'><strong>t</strong></span> <span class='ocrx_word' id='word_1_92' title='bbox 2382 768 2522 835; x_wconf 81' lang='lat' dir='ltr'><strong>Quid</strong></span> <span class='ocrx_word' id='word_1_93' title='bbox 2577 768 2827 830; x_wconf 71' lang='lat' dir='ltr'><strong>lucinius,</strong></span> <span class='ocrx_word' id='word_1_94' title='bbox 2857 772 2985 839; x_wconf 73' lang='lat' dir='ltr'><strong>quia</strong></span> <span class='ocrx_word' id='word_1_95' title='bbox 3028 771 3113 825; x_wconf 91' lang='lat' dir='ltr'><strong>hic</strong></span> <span class='ocrx_word' id='word_1_96' title='bbox 3162 776 3329 827; x_wconf 73' lang='lat' dir='ltr'><strong>homo</strong></span> 
     </span>
    </p>
   </div>
   <div class='ocr_carea' id='block_1_7' title="bbox 110 848 3324 928">
    <p class='ocr_par' dir='ltr' id='par_1_7' title="bbox 110 848 3324 928">
     <span class='ocr_line' id='line_1_7' title="bbox 110 848 3324 928; baseline -0.001 -8"><span class='ocrx_word' id='word_1_97' title='bbox 110 871 148 920; x_wconf 86' lang='lat' dir='ltr'><strong>iu</strong></span> <span class='ocrx_word' id='word_1_98' title='bbox 186 864 325 919; x_wconf 82' lang='lat' dir='ltr'><strong>corde</strong></span> <span class='ocrx_word' id='word_1_99' title='bbox 392 876 619 921; x_wconf 91' lang='lat' dir='ltr'><strong>eorum,</strong></span> <span class='ocrx_word' id='word_1_100' title='bbox 680 860 819 912; x_wconf 80' lang='lat' dir='ltr'><strong>sicut</strong></span> <span class='ocrx_word' id='word_1_101' title='bbox 871 858 1068 911; x_wconf 82' lang='lat' dir='ltr'><strong>dicitur</strong></span> <span class='ocrx_word' id='word_1_102' title='bbox 1124 873 1220 926; x_wconf 90' lang='lat' dir='ltr'><strong>per</strong></span> <span class='ocrx_word' id='word_1_103' title='bbox 1292 858 1630 927; x_wconf 76' lang='lat' dir='ltr'><strong>pI‘OplIclmll.</strong></span> <span class='ocrx_word' id='word_1_104' title='bbox 1736 859 1899 913; x_wconf 85' lang='lat' dir='ltr'><strong>multa</strong></span> <span class='ocrx_word' id='word_1_105' title='bbox 1956 860 2109 928; x_wconf 85' lang='lat' dir='ltr'><strong>signa</strong></span> <span class='ocrx_word' id='word_1_106' title='bbox 2153 858 2325 913; x_wconf 85' lang='lat' dir='ltr'><strong>fecit?</strong></span> <span class='ocrx_word' id='word_1_107' title='bbox 2378 848 2434 914; x_wconf 86' lang='lat' dir='ltr'><strong>Si</strong></span> <span class='ocrx_word' id='word_1_108' title='bbox 2466 860 2789 915; x_wconf 85' lang='lat' dir='ltr'><strong>dimittimus</strong></span> <span class='ocrx_word' id='word_1_109' title='bbox 2822 877 2945 916; x_wconf 91' lang='lat' dir='ltr'><strong>eum</strong></span> <span class='ocrx_word' id='word_1_110' title='bbox 2997 863 3093 925; x_wconf 76' lang='lat' dir='ltr'><strong>sic,</strong></span> <span class='ocrx_word' id='word_1_111' title='bbox 3138 880 3324 918; x_wconf 83' lang='lat' dir='ltr'><strong>omnes</strong></span> 
     </span>
    </p>
   </div>
   <div class='ocr_carea' id='block_1_8' title="bbox 111 948 3323 1024">
    <p class='ocr_par' dir='ltr' id='par_1_8' title="bbox 111 948 3323 1024">
     <span class='ocr_line' id='line_1_8' title="bbox 111 948 3323 1024; baseline 0 -17"><span class='ocrx_word' id='word_1_112' title='bbox 111 979 125 1009; x_wconf 83' lang='grc' dir='ltr'><strong>ι</strong></span> <span class='ocrx_word' id='word_1_113' title='bbox 153 953 346 1024; x_wconf 84' lang='lat' dir='ltr'><strong>Populus</strong></span> <span class='ocrx_word' id='word_1_114' title='bbox 389 952 474 1005; x_wconf 87' lang='lat' dir='ltr'><strong>hic</strong></span> <span class='ocrx_word' id='word_1_115' title='bbox 505 950 660 1004; x_wconf 92' lang='lat' dir='ltr'><strong>labiis</strong></span> <span class='ocrx_word' id='word_1_116' title='bbox 704 966 789 1003; x_wconf 85' lang='lat' dir='ltr'><strong>me</strong></span> <span class='ocrx_word' id='word_1_117' title='bbox 815 950 1076 1012; x_wconf 80' lang='lat' dir='ltr'><strong>honorat,</strong></span> <span class='ocrx_word' id='word_1_118' title='bbox 1119 963 1215 1003; x_wconf 88' lang='lat' dir='ltr'><strong>cor</strong></span> <span class='ocrx_word' id='word_1_119' title='bbox 1242 960 1422 1003; x_wconf 89' lang='lat' dir='ltr'><strong>autem</strong></span> <span class='ocrx_word' id='word_1_120' title='bbox 1444 963 1631 1002; x_wconf 89' lang='lat' dir='ltr'><strong>eorum</strong></span> <span class='ocrx_word' id='word_1_121' title='bbox 1734 950 1957 1003; x_wconf 87' lang='lat' dir='ltr'><strong>credent</strong></span> <span class='ocrx_word' id='word_1_122' title='bbox 1990 948 2042 1001; x_wconf 87' lang='lat' dir='ltr'><strong>in</strong></span> <span class='ocrx_word' id='word_1_123' title='bbox 2073 957 2287 1012; x_wconf 89' lang='lat' dir='ltr'><strong>enm,et</strong></span> <span class='ocrx_word' id='word_1_124' title='bbox 2320 949 2540 1003; x_wconf 87' lang='lat' dir='ltr'><strong>venient</strong></span> <span class='ocrx_word' id='word_1_125' title='bbox 2574 949 2801 1004; x_wconf 83' lang='lat' dir='ltr'><strong>Romani</strong></span> <span class='ocrx_word' id='word_1_126' title='bbox 2832 960 2888 1005; x_wconf 88' lang='lat' dir='ltr'><strong>et</strong></span> <span class='ocrx_word' id='word_1_127' title='bbox 2929 950 3113 1006; x_wconf 86' lang='lat' dir='ltr'><strong>tollent</strong></span> <span class='ocrx_word' id='word_1_128' title='bbox 3148 952 3323 1008; x_wconf 83' lang='lat' dir='ltr'><strong>locum</strong></span> 
     </span>
    </p>
   </div>
   <div class='ocr_carea' id='block_1_9' title="bbox 108 1036 3322 1115">
    <p class='ocr_par' dir='ltr' id='par_1_9' title="bbox 108 1036 3322 1115">
     <span class='ocr_line' id='line_1_9' title="bbox 108 1036 3322 1115; baseline 0.001 -18"><span class='ocrx_word' id='word_1_129' title='bbox 108 1047 229 1115; x_wconf 80' lang='lat' dir='ltr'><strong>longe</strong></span> <span class='ocrx_word' id='word_1_130' title='bbox 252 1048 325 1095; x_wconf 84' lang='lat' dir='ltr'><strong>est</strong></span> <span class='ocrx_word' id='word_1_131' title='bbox 350 1053 376 1091; x_wconf 88' lang='lat' dir='ltr'><strong>a</strong></span> <span class='ocrx_word' id='word_1_132' title='bbox 406 1053 491 1091; x_wconf 88' lang='lat' dir='ltr'><strong>me</strong></span> <span class='ocrx_word' id='word_1_133' title='bbox 522 1038 675 1107; x_wconf 87' lang='lat' dir='ltr'><strong>(lsai.</strong></span> <span class='ocrx_word' id='word_1_134' title='bbox 710 1052 871 1101; x_wconf 75' lang='lat' dir='ltr'><strong>uix,</strong></span> <span class='ocrx_word' id='word_1_135' title='bbox 906 1037 1011 1101; x_wconf 69' lang='lat'><strong>13;</strong></span> <span class='ocrx_word' id='word_1_136' title='bbox 1042 1036 1211 1089; x_wconf 79' lang='lat' dir='ltr'><strong>Mare.</strong></span> <span class='ocrx_word' id='word_1_137' title='bbox 1238 1052 1345 1101; x_wconf 86' lang='lat' dir='ltr'><strong>vn,</strong></span> <span class='ocrx_word' id='word_1_138' title='bbox 1384 1039 1460 1105; x_wconf 83' lang='lat'><strong>6).</strong></span> <span class='ocrx_word' id='word_1_139' title='bbox 1498 1055 1516 1088; x_wconf 75' lang='grc' dir='ltr'><strong>ι</strong></span> <span class='ocrx_word' id='word_1_140' title='bbox 1570 1037 1636 1091; x_wconf 80' lang='lat' dir='ltr'><strong>Et</strong></span> <span class='ocrx_word' id='word_1_141' title='bbox 1737 1049 1981 1094; x_wconf 90' lang='lat' dir='ltr'><strong>nostrum</strong></span> <span class='ocrx_word' id='word_1_142' title='bbox 2007 1049 2063 1094; x_wconf 89' lang='lat' dir='ltr'><strong>et</strong></span> <span class='ocrx_word' id='word_1_143' title='bbox 2116 1049 2355 1110; x_wconf 80' lang='lat' dir='ltr'><strong>gentem.</strong></span> <span class='ocrx_word' id='word_1_144' title='bbox 2396 1059 2413 1089; x_wconf 78' lang='grc' dir='ltr'><strong>ι</strong></span> <span class='ocrx_word' id='word_1_145' title='bbox 2465 1040 2646 1111; x_wconf 84' lang='lat' dir='ltr'><strong>(Joan.</strong></span> <span class='ocrx_word' id='word_1_146' title='bbox 2708 1058 2778 1106; x_wconf 92' lang='grc' dir='ltr'><strong>ιι,</strong></span> <span class='ocrx_word' id='word_1_147' title='bbox 2816 1041 2930 1111; x_wconf 74' lang='lat'><strong>48).</strong></span> <span class='ocrx_word' id='word_1_148' title='bbox 2990 1042 3179 1098; x_wconf 87' lang='lat' dir='ltr'><strong>Nonne</strong></span> <span class='ocrx_word' id='word_1_149' title='bbox 3233 1062 3322 1100; x_wconf 47' lang='lat' dir='ltr'><strong>eo.</strong></span> 
     </span>
    </p>
   </div>
   <div class='ocr_carea' id='block_1_10' title="bbox 106 1130 3323 1206">
    <p class='ocr_par' dir='ltr' id='par_1_10' title="bbox 106 1130 3323 1206">
     <span class='ocr_line' id='line_1_10' title="bbox 106 1130 3323 1206; baseline 0.001 -20"><span class='ocrx_word' id='word_1_150' title='bbox 106 1139 213 1191; x_wconf 83' lang='lat' dir='ltr'><strong>bene</strong></span> <span class='ocrx_word' id='word_1_151' title='bbox 258 1132 425 1184; x_wconf 82' lang='lat' dir='ltr'><strong>mlium</strong></span> <span class='ocrx_word' id='word_1_152' title='bbox 469 1145 656 1184; x_wconf 88' lang='lat' dir='ltr'><strong>eorum</strong></span> <span class='ocrx_word' id='word_1_153' title='bbox 701 1130 831 1184; x_wconf 84' lang='lat' dir='ltr'><strong>dicit</strong></span> <span class='ocrx_word' id='word_1_154' title='bbox 880 1144 1144 1185; x_wconf 86' lang='lat' dir='ltr'><strong>venenum</strong></span> <span class='ocrx_word' id='word_1_155' title='bbox 1176 1130 1419 1199; x_wconf 85' lang='lat' dir='ltr'><strong>aspidmn</strong></span> <span class='ocrx_word' id='word_1_156' title='bbox 1449 1148 1462 1184; x_wconf 92' lang='lat'><strong>:</strong></span> <span class='ocrx_word' id='word_1_157' title='bbox 1497 1130 1638 1184; x_wconf 88' lang='lat' dir='ltr'><strong>sicut</strong></span> <span class='ocrx_word' id='word_1_158' title='bbox 1735 1141 2154 1202; x_wconf 86' lang='lat' dir='ltr'><strong>gnosceut,cum</strong></span> <span class='ocrx_word' id='word_1_159' title='bbox 2180 1130 2340 1186; x_wconf 90' lang='lat' dir='ltr'><strong>modo</strong></span> <span class='ocrx_word' id='word_1_160' title='bbox 2363 1135 3323 1206; x_wconf 70' lang='lat' dir='ltr'><strong>cognOscerenolint,omnesistiqui</strong></span> 
     </span>
    </p>
   </div>
   <div class='ocr_carea' id='block_1_11' title="bbox 106 1221 3320 1296">
    <p class='ocr_par' dir='ltr' id='par_1_11' title="bbox 106 1221 3320 1296">
     <span class='ocr_line' id='line_1_11' title="bbox 106 1221 3320 1296; baseline 0 -16"><span class='ocrx_word' id='word_1_161' title='bbox 106 1228 216 1280; x_wconf 69' lang='lat' dir='ltr'><strong>enim</strong></span> <span class='ocrx_word' id='word_1_162' title='bbox 242 1226 321 1293; x_wconf 91' lang='lat' dir='ltr'><strong>qui</strong></span> <span class='ocrx_word' id='word_1_163' title='bbox 347 1239 606 1277; x_wconf 87' lang='lat' dir='ltr'><strong>venenum</strong></span> <span class='ocrx_word' id='word_1_164' title='bbox 639 1221 884 1291; x_wconf 81' lang='lat' dir='ltr'><strong>aspidum</strong></span> <span class='ocrx_word' id='word_1_165' title='bbox 908 1221 1044 1275; x_wconf 81' lang='lat' dir='ltr'><strong>bibit</strong></span> <span class='ocrx_word' id='word_1_166' title='bbox 1068 1262 1083 1285; x_wconf 94' lang='lat'><strong>,</strong></span> <span class='ocrx_word' id='word_1_167' title='bbox 1119 1236 1391 1290; x_wconf 87' lang='lat' dir='ltr'><strong>nunquam</strong></span> <span class='ocrx_word' id='word_1_168' title='bbox 1422 1223 1631 1287; x_wconf 78' lang='lat' dir='ltr'><strong>evadit;</strong></span> <span class='ocrx_word' id='word_1_169' title='bbox 1734 1221 1870 1277; x_wconf 90' lang='lat' dir='ltr'><strong>tales</strong></span> <span class='ocrx_word' id='word_1_170' title='bbox 1908 1232 1963 1276; x_wconf 90' lang='lat' dir='ltr'><strong>et</strong></span> <span class='ocrx_word' id='word_1_171' title='bbox 1994 1222 2128 1276; x_wconf 90' lang='lat' dir='ltr'><strong>tales</strong></span> <span class='ocrx_word' id='word_1_172' title='bbox 2159 1234 2308 1286; x_wconf 89' lang='lat' dir='ltr'><strong>sunt,</strong></span> <span class='ocrx_word' id='word_1_173' title='bbox 2340 1224 2597 1293; x_wconf 91' lang='lat' dir='ltr'><strong>quoniam</strong></span> <span class='ocrx_word' id='word_1_174' title='bbox 2628 1222 2885 1279; x_wconf 75' lang='lat' dir='ltr'><strong>Dominus</strong></span> <span class='ocrx_word' id='word_1_175' title='bbox 2915 1237 2989 1280; x_wconf 84' lang='lat' dir='ltr'><strong>est</strong></span> <span class='ocrx_word' id='word_1_176' title='bbox 3022 1227 3076 1280; x_wconf 87' lang='lat' dir='ltr'><strong>in</strong></span> <span class='ocrx_word' id='word_1_177' title='bbox 3100 1243 3257 1296; x_wconf 85' lang='lat' dir='ltr'><strong>gener</strong></span> <span class='ocrx_word' id='word_1_178' title='bbox 3277 1257 3320 1277; x_wconf 89' lang='lat'><strong>.-</strong></span> 
     </span>
    </p>
   </div>
   <div class='ocr_carea' id='block_1_12' title="bbox 104 1313 3327 1387">
    <p class='ocr_par' dir='ltr' id='par_1_12' title="bbox 104 1313 3327 1387">
     <span class='ocr_line' id='line_1_12' title="bbox 104 1313 3327 1387; baseline -0 -15"><span class='ocrx_word' id='word_1_179' title='bbox 104 1321 163 1373; x_wconf 85' lang='lat' dir='ltr'><strong>sic</strong></span> <span class='ocrx_word' id='word_1_180' title='bbox 183 1329 228 1371; x_wconf 87' lang='lat' dir='ltr'><strong>et</strong></span> <span class='ocrx_word' id='word_1_181' title='bbox 256 1315 342 1384; x_wconf 89' lang='lat' dir='ltr'><strong>ipsi</strong></span> <span class='ocrx_word' id='word_1_182' title='bbox 370 1315 490 1369; x_wconf 88' lang='lat' dir='ltr'><strong>odio</strong></span> <span class='ocrx_word' id='word_1_183' title='bbox 544 1329 650 1383; x_wconf 92' lang='lat' dir='ltr'><strong>quo</strong></span> <span class='ocrx_word' id='word_1_184' title='bbox 704 1314 848 1382; x_wconf 90' lang='lat' dir='ltr'><strong>pleni</strong></span> <span class='ocrx_word' id='word_1_185' title='bbox 900 1322 1027 1368; x_wconf 88' lang='lat' dir='ltr'><strong>sunt</strong></span> <span class='ocrx_word' id='word_1_186' title='bbox 1080 1328 1185 1366; x_wconf 91' lang='lat' dir='ltr'><strong>non</strong></span> <span class='ocrx_word' id='word_1_187' title='bbox 1230 1313 1637 1368; x_wconf 87' lang='lat' dir='ltr'><strong>evacuabuntur</strong></span> <span class='ocrx_word' id='word_1_188' title='bbox 1736 1314 1875 1366; x_wconf 89' lang='lat' dir='ltr'><strong>tione</strong></span> <span class='ocrx_word' id='word_1_189' title='bbox 1904 1315 2024 1379; x_wconf 86' lang='lat' dir='ltr'><strong>ista,</strong></span> <span class='ocrx_word' id='word_1_190' title='bbox 2058 1314 2109 1369; x_wconf 89' lang='lat' dir='ltr'><strong>id</strong></span> <span class='ocrx_word' id='word_1_191' title='bbox 2141 1323 2222 1369; x_wconf 93' lang='lat' dir='ltr'><strong>est</strong></span> <span class='ocrx_word' id='word_1_192' title='bbox 2248 1316 2419 1385; x_wconf 81' lang='lat' dir='ltr'><strong>gratia</strong></span> <span class='ocrx_word' id='word_1_193' title='bbox 2451 1316 2567 1387; x_wconf 85' lang='lat' dir='ltr'><strong>ejus</strong></span> <span class='ocrx_word' id='word_1_194' title='bbox 2594 1332 2848 1386; x_wconf 66' lang='lat' dir='ltr'><strong>semper:</strong></span> <span class='ocrx_word' id='word_1_195' title='bbox 2885 1319 2936 1370; x_wconf 90' lang='lat' dir='ltr'><strong>in</strong></span> <span class='ocrx_word' id='word_1_196' title='bbox 2976 1319 3327 1386; x_wconf 66' lang='lat' dir='ltr'><strong>generaticn:</strong></span> 
     </span>
    </p>
   </div>
   <div class='ocr_carea' id='block_1_13' title="bbox 104 1403 3325 1478">
    <p class='ocr_par' dir='ltr' id='par_1_13' title="bbox 104 1403 3325 1478">
     <span class='ocr_line' id='line_1_13' title="bbox 104 1403 3325 1478; baseline 0.001 -17"><span class='ocrx_word' id='word_1_197' title='bbox 104 1411 239 1461; x_wconf 83' lang='lat' dir='ltr'><strong>donec</strong></span> <span class='ocrx_word' id='word_1_198' title='bbox 266 1404 570 1457; x_wconf 87' lang='lat' dir='ltr'><strong>moriantur.</strong></span> <span class='ocrx_word' id='word_1_199' title='bbox 601 1403 731 1457; x_wconf 86' lang='lat' dir='ltr'><strong>Dico</strong></span> <span class='ocrx_word' id='word_1_200' title='bbox 761 1422 773 1457; x_wconf 92' lang='lat'><strong>:</strong></span> <span class='ocrx_word' id='word_1_201' title='bbox 804 1403 1215 1458; x_wconf 91' lang='lat' dir='ltr'><strong>declinaverunt</strong></span> <span class='ocrx_word' id='word_1_202' title='bbox 1243 1417 1472 1456; x_wconf 89' lang='lat' dir='ltr'><strong>omnes:</strong></span> <span class='ocrx_word' id='word_1_203' title='bbox 1504 1418 1636 1471; x_wconf 89' lang='lat' dir='ltr'><strong>quo-</strong></span> <span class='ocrx_word' id='word_1_204' title='bbox 1737 1404 1839 1459; x_wconf 88' lang='lat' dir='ltr'><strong>ista</strong></span> <span class='ocrx_word' id='word_1_205' title='bbox 1866 1416 1925 1460; x_wconf 93' lang='lat' dir='ltr'><strong>ut</strong></span> <span class='ocrx_word' id='word_1_206' title='bbox 1949 1417 2257 1461; x_wconf 87' lang='lat' dir='ltr'><strong>remuneret</strong></span> <span class='ocrx_word' id='word_1_207' title='bbox 2282 1421 2376 1461; x_wconf 90' lang='lat' dir='ltr'><strong>eos</strong></span> <span class='ocrx_word' id='word_1_208' title='bbox 2398 1408 2740 1478; x_wconf 89' lang='lat' dir='ltr'><strong>quandoque.</strong></span> <span class='ocrx_word' id='word_1_209' title='bbox 2782 1408 2946 1476; x_wconf 85' lang='lat' dir='ltr'><strong>Quasi</strong></span> <span class='ocrx_word' id='word_1_210' title='bbox 2970 1410 3114 1465; x_wconf 88' lang='lat' dir='ltr'><strong>dicat</strong></span> <span class='ocrx_word' id='word_1_211' title='bbox 3144 1429 3156 1462; x_wconf 92' lang='lat'><strong>:</strong></span> <span class='ocrx_word' id='word_1_212' title='bbox 3190 1411 3325 1464; x_wconf 70' lang='lat' dir='ltr'><strong>Vere</strong></span> 
     </span>
    </p>
   </div>
   <div class='ocr_carea' id='block_1_14' title="bbox 104 1492 3327 1569">
    <p class='ocr_par' dir='ltr' id='par_1_14' title="bbox 104 1492 3327 1569">
     <span class='ocr_line' id='line_1_14' title="bbox 104 1492 3327 1569; baseline 0.001 -19"><span class='ocrx_word' id='word_1_213' title='bbox 104 1516 192 1550; x_wconf 85' lang='lat' dir='ltr'><strong>rum</strong></span> <span class='ocrx_word' id='word_1_214' title='bbox 217 1496 440 1549; x_wconf 90' lang='lat' dir='ltr'><strong>omnium</strong></span> <span class='ocrx_word' id='word_1_215' title='bbox 469 1510 524 1547; x_wconf 88' lang='lat' dir='ltr'><strong>os</strong></span> <span class='ocrx_word' id='word_1_216' title='bbox 551 1493 913 1548; x_wconf 80' lang='lat' dir='ltr'><strong>maledictione</strong></span> <span class='ocrx_word' id='word_1_217' title='bbox 936 1502 984 1548; x_wconf 86' lang='lat' dir='ltr'><strong>et</strong></span> <span class='ocrx_word' id='word_1_218' title='bbox 1007 1492 1363 1546; x_wconf 80' lang='lat' dir='ltr'><strong>amaritudine</strong></span> <span class='ocrx_word' id='word_1_219' title='bbox 1388 1533 1404 1557; x_wconf 92' lang='lat'><strong>,</strong></span> <span class='ocrx_word' id='word_1_220' title='bbox 1452 1493 1504 1547; x_wconf 87' lang='lat' dir='ltr'><strong>id</strong></span> <span class='ocrx_word' id='word_1_221' title='bbox 1555 1502 1639 1547; x_wconf 88' lang='lat' dir='ltr'><strong>est</strong></span> <span class='ocrx_word' id='word_1_222' title='bbox 1736 1506 2064 1567; x_wconf 78' lang='lat' dir='ltr'><strong>cognoscent</strong></span> <span class='ocrx_word' id='word_1_223' title='bbox 2091 1498 2144 1567; x_wconf 88' lang='lat' dir='ltr'><strong>ip</strong></span> <span class='ocrx_word' id='word_1_224' title='bbox 2176 1498 2188 1551; x_wconf 95' lang='lat' dir='ltr'><strong>i</strong></span> <span class='ocrx_word' id='word_1_225' title='bbox 2218 1499 2540 1567; x_wconf 87' lang='lat' dir='ltr'><strong>quandoque</strong></span> <span class='ocrx_word' id='word_1_226' title='bbox 2567 1516 2580 1551; x_wconf 91' lang='lat'><strong>:</strong></span> <span class='ocrx_word' id='word_1_227' title='bbox 2609 1499 2751 1569; x_wconf 85' lang='lat' dir='ltr'><strong>quod</strong></span> <span class='ocrx_word' id='word_1_228' title='bbox 2780 1499 3035 1554; x_wconf 74' lang='lat' dir='ltr'><strong>Dominus</strong></span> <span class='ocrx_word' id='word_1_229' title='bbox 3063 1510 3148 1555; x_wconf 90' lang='lat' dir='ltr'><strong>est</strong></span> <span class='ocrx_word' id='word_1_230' title='bbox 3182 1517 3327 1555; x_wconf 89' lang='lat' dir='ltr'><strong>nunc</strong></span> 
     </span>
    </p>
   </div>
   <div class='ocr_carea' id='block_1_15' title="bbox 103 1586 3323 1662">
    <p class='ocr_par' dir='ltr' id='par_1_15' title="bbox 103 1586 3323 1662">
     <span class='ocr_line' id='line_1_15' title="bbox 103 1586 3323 1662; baseline 0 -17"><span class='ocrx_word' id='word_1_231' title='bbox 103 1606 249 1645; x_wconf 81' lang='lat' dir='ltr'><strong>amara</strong></span> <span class='ocrx_word' id='word_1_232' title='bbox 273 1588 636 1643; x_wconf 82' lang='lat' dir='ltr'><strong>inaledictione</strong></span> <span class='ocrx_word' id='word_1_233' title='bbox 660 1588 875 1658; x_wconf 90' lang='lat' dir='ltr'><strong>plenum</strong></span> <span class='ocrx_word' id='word_1_234' title='bbox 901 1596 985 1641; x_wconf 90' lang='lat' dir='ltr'><strong>est</strong></span> <span class='ocrx_word' id='word_1_235' title='bbox 1012 1604 1026 1640; x_wconf 89' lang='lat'><strong>:</strong></span> <span class='ocrx_word' id='word_1_236' title='bbox 1058 1586 1197 1639; x_wconf 88' lang='lat' dir='ltr'><strong>sicut</strong></span> <span class='ocrx_word' id='word_1_237' title='bbox 1225 1586 1484 1655; x_wconf 87' lang='lat' dir='ltr'><strong>scriptum</strong></span> <span class='ocrx_word' id='word_1_238' title='bbox 1510 1596 1594 1639; x_wconf 74' lang='lat' dir='ltr'><strong>est</strong></span> <span class='ocrx_word' id='word_1_239' title='bbox 1618 1603 1630 1638; x_wconf 88' lang='lat'><strong>:</strong></span> <span class='ocrx_word' id='word_1_240' title='bbox 1737 1588 1989 1657; x_wconf 86' lang='lat' dir='ltr'><strong>iujnstis,</strong></span> <span class='ocrx_word' id='word_1_241' title='bbox 2018 1598 2078 1642; x_wconf 88' lang='lat' dir='ltr'><strong>ut</strong></span> <span class='ocrx_word' id='word_1_242' title='bbox 2104 1588 2428 1661; x_wconf 87' lang='lat' dir='ltr'><strong>quandoque</strong></span> <span class='ocrx_word' id='word_1_243' title='bbox 2463 1605 2556 1644; x_wconf 92' lang='lat' dir='ltr'><strong>eos</strong></span> <span class='ocrx_word' id='word_1_244' title='bbox 2579 1603 2891 1648; x_wconf 85' lang='lat' dir='ltr'><strong>renumeret</strong></span> <span class='ocrx_word' id='word_1_245' title='bbox 2922 1595 3010 1662; x_wconf 88' lang='lat' dir='ltr'><strong>qui</strong></span> <span class='ocrx_word' id='word_1_246' title='bbox 3050 1609 3195 1648; x_wconf 90' lang='lat' dir='ltr'><strong>nunc</strong></span> <span class='ocrx_word' id='word_1_247' title='bbox 3241 1594 3323 1647; x_wconf 81' lang='lat' dir='ltr'><strong>eis</strong></span> 
     </span>
    </p>
   </div>
   <div class='ocr_carea' id='block_1_16' title="bbox 105 1676 3323 1756">
    <p class='ocr_par' dir='ltr' id='par_1_16' title="bbox 105 1676 3323 1756">
     <span class='ocr_line' id='line_1_16' title="bbox 105 1676 3323 1756; baseline 0.001 -23"><span class='ocrx_word' id='word_1_248' title='bbox 105 1704 119 1733; x_wconf 82' lang='grc' dir='ltr'><strong>ι</strong></span> <span class='ocrx_word' id='word_1_249' title='bbox 148 1682 443 1735; x_wconf 62' lang='lat' dir='ltr'><strong>Damoniqu</strong></span> <span class='ocrx_word' id='word_1_250' title='bbox 489 1680 658 1734; x_wconf 82' lang='lat' dir='ltr'><strong>habes</strong></span> <span class='ocrx_word' id='word_1_251' title='bbox 714 1680 897 1747; x_wconf 82' lang='lat' dir='ltr'><strong>(Joan.</strong></span> <span class='ocrx_word' id='word_1_252' title='bbox 946 1695 1019 1733; x_wconf 85' lang='lat' dir='ltr'><strong>vu</strong></span> <span class='ocrx_word' id='word_1_253' title='bbox 1075 1688 1129 1733; x_wconf 89' lang='lat' dir='ltr'><strong>et</strong></span> <span class='ocrx_word' id='word_1_254' title='bbox 1159 1679 1300 1748; x_wconf 83' lang='lat' dir='ltr'><strong>vin).</strong></span> <span class='ocrx_word' id='word_1_255' title='bbox 1345 1695 1364 1729; x_wconf 73' lang='grc' dir='ltr'><strong>ι</strong></span> <span class='ocrx_word' id='word_1_256' title='bbox 1426 1676 1633 1732; x_wconf 83' lang='lat' dir='ltr'><strong>Veloces</strong></span> <span class='ocrx_word' id='word_1_257' title='bbox 1737 1687 2000 1748; x_wconf 80' lang='lat' dir='ltr'><strong>apparent</strong></span> <span class='ocrx_word' id='word_1_258' title='bbox 2027 1678 2178 1733; x_wconf 86' lang='lat' dir='ltr'><strong>viles.</strong></span> <span class='ocrx_word' id='word_1_259' title='bbox 2213 1679 2278 1733; x_wconf 85' lang='lat' dir='ltr'><strong>Et</strong></span> <span class='ocrx_word' id='word_1_260' title='bbox 2302 1694 2370 1734; x_wconf 80' lang='lat' dir='ltr'><strong>ex</strong></span> <span class='ocrx_word' id='word_1_261' title='bbox 2409 1682 2653 1750; x_wconf 87' lang='lat' dir='ltr'><strong>opposito</strong></span> <span class='ocrx_word' id='word_1_262' title='bbox 2693 1683 2851 1737; x_wconf 88' lang='lat' dir='ltr'><strong>datur</strong></span> <span class='ocrx_word' id='word_1_263' title='bbox 2909 1684 3131 1756; x_wconf 81' lang='lat' dir='ltr'><strong>intelligi</strong></span> <span class='ocrx_word' id='word_1_264' title='bbox 3178 1684 3323 1753; x_wconf 84' lang='lat' dir='ltr'><strong>quoi</strong></span> 
     </span>
    </p>
   </div>
   <div class='ocr_carea' id='block_1_17' title="bbox 101 1761 3327 1844">
    <p class='ocr_par' dir='ltr' id='par_1_17' title="bbox 101 1761 3327 1844">
     <span class='ocr_line' id='line_1_17' title="bbox 101 1761 3327 1844; baseline 0.001 -18"><span class='ocrx_word' id='word_1_265' title='bbox 101 1782 199 1826; x_wconf 81' lang='lat' dir='ltr'><strong>sunt</strong></span> <span class='ocrx_word' id='word_1_266' title='bbox 219 1771 359 1840; x_wconf 79' lang='lat' dir='ltr'><strong>pedes</strong></span> <span class='ocrx_word' id='word_1_267' title='bbox 378 1811 390 1834; x_wconf 95' lang='lat'><strong>,</strong></span> <span class='ocrx_word' id='word_1_268' title='bbox 438 1771 488 1825; x_wconf 92' lang='lat' dir='ltr'><strong>id</strong></span> <span class='ocrx_word' id='word_1_269' title='bbox 513 1781 595 1826; x_wconf 90' lang='lat' dir='ltr'><strong>est</strong></span> <span class='ocrx_word' id='word_1_270' title='bbox 626 1770 940 1825; x_wconf 79' lang='lat' dir='ltr'><strong>affectiones</strong></span> <span class='ocrx_word' id='word_1_271' title='bbox 964 1787 1143 1825; x_wconf 87' lang='lat' dir='ltr'><strong>eorum</strong></span> <span class='ocrx_word' id='word_1_272' title='bbox 1171 1773 1239 1823; x_wconf 89' lang='lat' dir='ltr'><strong>ad</strong></span> <span class='ocrx_word' id='word_1_273' title='bbox 1263 1771 1636 1839; x_wconf 56' lang='lat' dir='ltr'><strong>infundendum</strong></span> <span class='ocrx_word' id='word_1_274' title='bbox 1671 1761 1713 1817; x_wconf 72' lang='grc' dir='ltr'><strong>Β</strong></span> <span class='ocrx_word' id='word_1_275' title='bbox 1740 1780 2087 1840; x_wconf 83' lang='lat' dir='ltr'><strong>cognoscent,</strong></span> <span class='ocrx_word' id='word_1_276' title='bbox 2116 1786 2237 1825; x_wconf 91' lang='lat' dir='ltr'><strong>cum</strong></span> <span class='ocrx_word' id='word_1_277' title='bbox 2260 1771 2681 1835; x_wconf 85' lang='lat' dir='ltr'><strong>datnnalmntur,</strong></span> <span class='ocrx_word' id='word_1_278' title='bbox 2712 1777 2854 1844; x_wconf 92' lang='lat' dir='ltr'><strong>quod</strong></span> <span class='ocrx_word' id='word_1_279' title='bbox 2884 1777 3139 1831; x_wconf 89' lang='lat' dir='ltr'><strong>Dominus</strong></span> <span class='ocrx_word' id='word_1_280' title='bbox 3174 1777 3225 1830; x_wconf 92' lang='lat' dir='ltr'><strong>in</strong></span> <span class='ocrx_word' id='word_1_281' title='bbox 3268 1793 3327 1831; x_wconf 83' lang='lat' dir='ltr'><strong>se</strong></span> 
     </span>
    </p>
   </div>
   <div class='ocr_carea' id='block_1_18' title="bbox 100 1850 3407 1938">
    <p class='ocr_par' dir='ltr' id='par_1_18' title="bbox 100 1850 3407 1938">
     <span class='ocr_line' id='line_1_18' title="bbox 100 1850 3407 1938; baseline 0.001 -20"><span class='ocrx_word' id='word_1_282' title='bbox 100 1865 361 1934; x_wconf 79' lang='lat' dir='ltr'><strong>sanguinth</strong></span> <span class='ocrx_word' id='word_1_283' title='bbox 401 1878 595 1928; x_wconf 89' lang='lat' dir='ltr'><strong>meum,</strong></span> <span class='ocrx_word' id='word_1_284' title='bbox 627 1864 768 1918; x_wconf 88' lang='lat' dir='ltr'><strong>sicut</strong></span> <span class='ocrx_word' id='word_1_285' title='bbox 818 1864 1081 1933; x_wconf 88' lang='lat' dir='ltr'><strong>scriptum</strong></span> <span class='ocrx_word' id='word_1_286' title='bbox 1112 1872 1196 1918; x_wconf 87' lang='lat' dir='ltr'><strong>est</strong></span> <span class='ocrx_word' id='word_1_287' title='bbox 1226 1881 1239 1917; x_wconf 76' lang='lat'><strong>.&#39;</strong></span> <span class='ocrx_word' id='word_1_288' title='bbox 1274 1881 1291 1916; x_wconf 73' lang='grc' dir='ltr'><strong>ι</strong></span> <span class='ocrx_word' id='word_1_289' title='bbox 1340 1862 1405 1918; x_wconf 86' lang='lat' dir='ltr'><strong>Et</strong></span> <span class='ocrx_word' id='word_1_290' title='bbox 1429 1879 1638 1933; x_wconf 69' lang='lat' dir='ltr'><strong>quaerc-</strong></span> <span class='ocrx_word' id='word_1_291' title='bbox 1743 1876 1847 1915; x_wconf 91' lang='lat' dir='ltr'><strong>non</strong></span> <span class='ocrx_word' id='word_1_292' title='bbox 1877 1862 1998 1915; x_wconf 89' lang='lat' dir='ltr'><strong>fuit.</strong></span> <span class='ocrx_word' id='word_1_293' title='bbox 2028 1860 2183 1916; x_wconf 81' lang='lat' dir='ltr'><strong>Modo</strong></span> <span class='ocrx_word' id='word_1_294' title='bbox 2209 1861 2339 1916; x_wconf 84' lang='lat' dir='ltr'><strong>facit</strong></span> <span class='ocrx_word' id='word_1_295' title='bbox 2363 1864 2747 1933; x_wconf 81' lang='lat' dir='ltr'><strong>apostropham</strong></span> <span class='ocrx_word' id='word_1_296' title='bbox 2775 1865 2841 1919; x_wconf 88' lang='lat' dir='ltr'><strong>ad</strong></span> <span class='ocrx_word' id='word_1_297' title='bbox 2869 1866 3327 1938; x_wconf 83' lang='lat' dir='ltr'><strong>cos,incrcpando</strong></span> <span class='ocrx_word' id='word_1_298' title='bbox 3404 1850 3407 1851; x_wconf 14' lang='grc' dir='ltr'><em>ν</em></span> 
     </span>
    </p>
   </div>
   <div class='ocr_carea' id='block_1_19' title="bbox 100 1952 3327 2025">
    <p class='ocr_par' dir='ltr' id='par_1_19' title="bbox 100 1952 3327 2025">
     <span class='ocr_line' id='line_1_19' title="bbox 100 1952 3327 2025; baseline 0.001 -14"><span class='ocrx_word' id='word_1_299' title='bbox 100 1956 470 2025; x_wconf 76' lang='lat' dir='ltr'><strong>bantquomodo</strong></span> <span class='ocrx_word' id='word_1_300' title='bbox 507 1971 631 2011; x_wconf 90' lang='lat' dir='ltr'><strong>eum</strong></span> <span class='ocrx_word' id='word_1_301' title='bbox 664 1955 1029 2010; x_wconf 87' lang='lat' dir='ltr'><strong>interficerent</strong></span> <span class='ocrx_word' id='word_1_302' title='bbox 1059 1954 1272 2024; x_wconf 84' lang='lat' dir='ltr'><strong>(lbid.).</strong></span> <span class='ocrx_word' id='word_1_303' title='bbox 1313 1974 1332 2006; x_wconf 74' lang='grc' dir='ltr'><strong>ι</strong></span> <span class='ocrx_word' id='word_1_304' title='bbox 1380 1954 1635 2011; x_wconf 80' lang='lat' dir='ltr'><strong>Atl&#39;ectio-</strong></span> <span class='ocrx_word' id='word_1_305' title='bbox 1740 1953 1820 2007; x_wconf 88' lang='lat' dir='ltr'><strong>sic</strong></span> <span class='ocrx_word' id='word_1_306' title='bbox 1863 1971 1876 2006; x_wconf 91' lang='lat'><strong>:</strong></span> <span class='ocrx_word' id='word_1_307' title='bbox 1913 1952 2054 2008; x_wconf 83' lang='lat' dir='ltr'><strong>Vere</strong></span> <span class='ocrx_word' id='word_1_308' title='bbox 2079 1952 2345 2008; x_wconf 85' lang='lat' dir='ltr'><strong>devorare</strong></span> <span class='ocrx_word' id='word_1_309' title='bbox 2376 1954 2539 2008; x_wconf 84' lang='lat' dir='ltr'><strong>vultis</strong></span> <span class='ocrx_word' id='word_1_310' title='bbox 2567 1954 2778 2024; x_wconf 86' lang='lat' dir='ltr'><strong>plebem</strong></span> <span class='ocrx_word' id='word_1_311' title='bbox 2810 1971 3007 2011; x_wconf 88' lang='lat' dir='ltr'><strong>meam.</strong></span> <span class='ocrx_word' id='word_1_312' title='bbox 3041 1955 3175 2013; x_wconf 77' lang='lat' dir='ltr'><strong>Nam</strong></span> <span class='ocrx_word' id='word_1_313' title='bbox 3202 1976 3327 2012; x_wconf 85' lang='lat' dir='ltr'><strong>cou-</strong></span> 
     </span>
    </p>
   </div>
   <div class='ocr_carea' id='block_1_20' title="bbox 100 2044 3329 2121">
    <p class='ocr_par' dir='ltr' id='par_1_20' title="bbox 100 2044 3329 2121">
     <span class='ocr_line' id='line_1_20' title="bbox 100 2044 3329 2121; baseline 0 -18"><span class='ocrx_word' id='word_1_314' title='bbox 100 2064 174 2103; x_wconf 85' lang='lat' dir='ltr'><strong>nes</strong></span> <span class='ocrx_word' id='word_1_315' title='bbox 219 2048 459 2102; x_wconf 87' lang='lat' dir='ltr'><strong>dicuntur</strong></span> <span class='ocrx_word' id='word_1_316' title='bbox 508 2050 704 2117; x_wconf 88' lang='lat' dir='ltr'><strong>pedes,</strong></span> <span class='ocrx_word' id='word_1_317' title='bbox 770 2047 912 2117; x_wconf 89' lang='lat' dir='ltr'><strong>quod</strong></span> <span class='ocrx_word' id='word_1_318' title='bbox 966 2046 1344 2102; x_wconf 80' lang='lat' dir='ltr'><strong>affectionibus</strong></span> <span class='ocrx_word' id='word_1_319' title='bbox 1395 2048 1640 2117; x_wconf 82' lang='lat' dir='ltr'><strong>graditur</strong></span> <span class='ocrx_word' id='word_1_320' title='bbox 1742 2044 1978 2113; x_wconf 76' lang='lat' dir='ltr'><strong>fudistis,</strong></span> <span class='ocrx_word' id='word_1_321' title='bbox 2012 2045 2061 2099; x_wconf 92' lang='lat' dir='ltr'><strong>id</strong></span> <span class='ocrx_word' id='word_1_322' title='bbox 2092 2054 2177 2100; x_wconf 86' lang='lat' dir='ltr'><strong>est</strong></span> <span class='ocrx_word' id='word_1_323' title='bbox 2203 2046 2525 2101; x_wconf 90' lang='lat' dir='ltr'><strong>confusibile</strong></span> <span class='ocrx_word' id='word_1_324' title='bbox 2545 2046 2855 2117; x_wconf 73' lang='lat' dir='ltr'><strong>iudicastis,</strong></span> <span class='ocrx_word' id='word_1_325' title='bbox 2902 2061 2955 2104; x_wconf 90' lang='lat' dir='ltr'><strong>et</strong></span> <span class='ocrx_word' id='word_1_326' title='bbox 2984 2051 3161 2106; x_wconf 88' lang='lat' dir='ltr'><strong>adlmc</strong></span> <span class='ocrx_word' id='word_1_327' title='bbox 3185 2051 3329 2121; x_wconf 76' lang='lat' dir='ltr'><strong>judi~</strong></span> 
     </span>
    </p>
   </div>
   <div class='ocr_carea' id='block_1_21' title="bbox 100 2138 3327 2211">
    <p class='ocr_par' dir='ltr' id='par_1_21' title="bbox 100 2138 3327 2211">
     <span class='ocr_line' id='line_1_21' title="bbox 100 2138 3327 2211; baseline 0.002 -19"><span class='ocrx_word' id='word_1_328' title='bbox 100 2141 275 2193; x_wconf 85' lang='lat' dir='ltr'><strong>animus</strong></span> <span class='ocrx_word' id='word_1_329' title='bbox 318 2139 457 2193; x_wconf 88' lang='lat' dir='ltr'><strong>sicut</strong></span> <span class='ocrx_word' id='word_1_330' title='bbox 503 2140 731 2209; x_wconf 86' lang='lat' dir='ltr'><strong>pedibus</strong></span> <span class='ocrx_word' id='word_1_331' title='bbox 789 2154 1004 2209; x_wconf 90' lang='lat' dir='ltr'><strong>corpus.</strong></span> <span class='ocrx_word' id='word_1_332' title='bbox 1066 2139 1134 2193; x_wconf 89' lang='lat' dir='ltr'><strong>Et</strong></span> <span class='ocrx_word' id='word_1_333' title='bbox 1186 2138 1322 2194; x_wconf 90' lang='lat' dir='ltr'><strong>bene</strong></span> <span class='ocrx_word' id='word_1_334' title='bbox 1382 2140 1639 2194; x_wconf 90' lang='lat' dir='ltr'><strong>dicuntur</strong></span> <span class='ocrx_word' id='word_1_335' title='bbox 1740 2138 1878 2191; x_wconf 90' lang='lat' dir='ltr'><strong>catis</strong></span> <span class='ocrx_word' id='word_1_336' title='bbox 1902 2138 2178 2191; x_wconf 75' lang='lat' dir='ltr'><strong>consilium</strong></span> <span class='ocrx_word' id='word_1_337' title='bbox 2222 2138 2412 2208; x_wconf 81' lang='lat' dir='ltr'><strong>inopis,</strong></span> <span class='ocrx_word' id='word_1_338' title='bbox 2461 2140 2511 2192; x_wconf 89' lang='lat' dir='ltr'><strong>id</strong></span> <span class='ocrx_word' id='word_1_339' title='bbox 2534 2148 2619 2193; x_wconf 90' lang='lat' dir='ltr'><strong>est</strong></span> <span class='ocrx_word' id='word_1_340' title='bbox 2656 2140 2939 2195; x_wconf 84' lang='lat' dir='ltr'><strong>consilium</strong></span> <span class='ocrx_word' id='word_1_341' title='bbox 2990 2141 3162 2211; x_wconf 83' lang='lat' dir='ltr'><strong>plebis</strong></span> <span class='ocrx_word' id='word_1_342' title='bbox 3194 2159 3327 2197; x_wconf 75' lang='lat' dir='ltr'><strong>mea:</strong></span> 
     </span>
    </p>
   </div>
   <div class='ocr_carea' id='block_1_22' title="bbox 98 2228 3329 2303">
    <p class='ocr_par' dir='ltr' id='par_1_22' title="bbox 98 2228 3329 2303">
     <span class='ocr_line' id='line_1_22' title="bbox 98 2228 3329 2303; baseline 0.001 -20"><span class='ocrx_word' id='word_1_343' title='bbox 98 2230 302 2285; x_wconf 74' lang='lat' dir='ltr'><strong>veloces:</strong></span> <span class='ocrx_word' id='word_1_344' title='bbox 358 2246 476 2285; x_wconf 88' lang='lat' dir='ltr'><strong>cum</strong></span> <span class='ocrx_word' id='word_1_345' title='bbox 520 2246 644 2286; x_wconf 85' lang='lat' dir='ltr'><strong>eum</strong></span> <span class='ocrx_word' id='word_1_346' title='bbox 698 2231 1000 2300; x_wconf 85' lang='lat' dir='ltr'><strong>improvide</strong></span> <span class='ocrx_word' id='word_1_347' title='bbox 1056 2228 1495 2295; x_wconf 83' lang='lat' dir='ltr'><strong>interfecissent,</strong></span> <span class='ocrx_word' id='word_1_348' title='bbox 1538 2245 1639 2285; x_wconf 87' lang='lat' dir='ltr'><strong>nec</strong></span> <span class='ocrx_word' id='word_1_349' title='bbox 1741 2244 1861 2299; x_wconf 72' lang='lat' dir='ltr'><strong>qua:</strong></span> <span class='ocrx_word' id='word_1_350' title='bbox 1882 2240 1966 2285; x_wconf 87' lang='lat' dir='ltr'><strong>est</strong></span> <span class='ocrx_word' id='word_1_351' title='bbox 2014 2231 2189 2301; x_wconf 89' lang='lat' dir='ltr'><strong>inops,</strong></span> <span class='ocrx_word' id='word_1_352' title='bbox 2215 2232 2384 2295; x_wconf 89' lang='lat' dir='ltr'><strong>idest,</strong></span> <span class='ocrx_word' id='word_1_353' title='bbox 2406 2246 2570 2302; x_wconf 82' lang='lat' dir='ltr'><strong>egens</strong></span> <span class='ocrx_word' id='word_1_354' title='bbox 2601 2242 2823 2303; x_wconf 83' lang='lat' dir='ltr'><strong>prOpter</strong></span> <span class='ocrx_word' id='word_1_355' title='bbox 2861 2250 2967 2288; x_wconf 85' lang='lat' dir='ltr'><strong>tne.</strong></span> <span class='ocrx_word' id='word_1_356' title='bbox 3005 2233 3117 2289; x_wconf 87' lang='lat' dir='ltr'><strong>lloc</strong></span> <span class='ocrx_word' id='word_1_357' title='bbox 3144 2234 3329 2289; x_wconf 84' lang='lat' dir='ltr'><strong>consi-</strong></span> 
     </span>
    </p>
   </div>
   <div class='ocr_carea' id='block_1_23' title="bbox 100 2308 3325 2396">
    <p class='ocr_par' dir='ltr' id='par_1_23' title="bbox 100 2308 3325 2396">
     <span class='ocr_line' id='line_1_23' title="bbox 100 2308 3325 2396; baseline 0.001 -21"><span class='ocrx_word' id='word_1_358' title='bbox 100 2324 229 2375; x_wconf 85' lang='lat' dir='ltr'><strong>etiam</strong></span> <span class='ocrx_word' id='word_1_359' title='bbox 256 2308 390 2375; x_wconf 87' lang='lat' dir='ltr'><strong>diem</strong></span> <span class='ocrx_word' id='word_1_360' title='bbox 420 2321 624 2377; x_wconf 86' lang='lat' dir='ltr'><strong>festum</strong></span> <span class='ocrx_word' id='word_1_361' title='bbox 674 2337 739 2377; x_wconf 81' lang='lat' dir='ltr'><strong>ex</strong></span> <span class='ocrx_word' id='word_1_362' title='bbox 775 2331 888 2376; x_wconf 90' lang='lat' dir='ltr'><strong>toto</strong></span> <span class='ocrx_word' id='word_1_363' title='bbox 919 2322 1196 2392; x_wconf 74' lang='lat' dir='ltr'><strong>przeterire</strong></span> <span class='ocrx_word' id='word_1_364' title='bbox 1240 2330 1637 2391; x_wconf 77' lang='lat' dir='ltr'><strong>exspectantes.</strong></span> <span class='ocrx_word' id='word_1_365' title='bbox 1741 2320 1869 2374; x_wconf 90' lang='lat' dir='ltr'><strong>lium</strong></span> <span class='ocrx_word' id='word_1_366' title='bbox 1894 2319 2103 2375; x_wconf 85' lang='lat' dir='ltr'><strong>scilicet</strong></span> <span class='ocrx_word' id='word_1_367' title='bbox 2128 2321 2271 2391; x_wconf 86' lang='lat' dir='ltr'><strong>quod</strong></span> <span class='ocrx_word' id='word_1_368' title='bbox 2306 2318 2506 2377; x_wconf 86' lang='lat' dir='ltr'><strong>habent</strong></span> <span class='ocrx_word' id='word_1_369' title='bbox 2529 2337 2544 2375; x_wconf 91' lang='lat'><strong>:</strong></span> <span class='ocrx_word' id='word_1_370' title='bbox 2568 2324 2814 2392; x_wconf 84' lang='lat' dir='ltr'><strong>quoniam</strong></span> <span class='ocrx_word' id='word_1_371' title='bbox 2841 2340 2952 2394; x_wconf 69' lang='lat' dir='ltr'><strong>spe:</strong></span> <span class='ocrx_word' id='word_1_372' title='bbox 2982 2325 3096 2393; x_wconf 84' lang='lat' dir='ltr'><strong>ejus</strong></span> <span class='ocrx_word' id='word_1_373' title='bbox 3129 2325 3325 2396; x_wconf 81' lang='lat' dir='ltr'><strong>inpis,</strong></span> 
     </span>
    </p>
   </div>
   <div class='ocr_carea' id='block_1_24' title="bbox 98 2411 3323 2485">
    <p class='ocr_par' dir='ltr' id='par_1_24' title="bbox 98 2411 3323 2485">
     <span class='ocr_line' id='line_1_24' title="bbox 98 2411 3323 2485; baseline 0 -18"><span class='ocrx_word' id='word_1_374' title='bbox 98 2414 146 2467; x_wconf 83' lang='lat' dir='ltr'><strong>Et</strong></span> <span class='ocrx_word' id='word_1_375' title='bbox 167 2415 251 2468; x_wconf 84' lang='lat' dir='ltr'><strong>hoc</strong></span> <span class='ocrx_word' id='word_1_376' title='bbox 276 2423 441 2469; x_wconf 86' lang='lat' dir='ltr'><strong>totum</strong></span> <span class='ocrx_word' id='word_1_377' title='bbox 465 2425 551 2470; x_wconf 87' lang='lat' dir='ltr'><strong>est</strong></span> <span class='ocrx_word' id='word_1_378' title='bbox 577 2431 643 2471; x_wconf 90' lang='lat' dir='ltr'><strong>ac</strong></span> <span class='ocrx_word' id='word_1_379' title='bbox 672 2416 716 2470; x_wconf 76' lang='lat' dir='ltr'><strong>si</strong></span> <span class='ocrx_word' id='word_1_380' title='bbox 740 2416 946 2471; x_wconf 88' lang='lat' dir='ltr'><strong>diceret</strong></span> <span class='ocrx_word' id='word_1_381' title='bbox 973 2433 986 2468; x_wconf 91' lang='lat'><strong>:</strong></span> <span class='ocrx_word' id='word_1_382' title='bbox 1018 2415 1075 2470; x_wconf 93' lang='lat' dir='ltr'><strong>lu</strong></span> <span class='ocrx_word' id='word_1_383' title='bbox 1125 2416 1225 2469; x_wconf 90' lang='lat' dir='ltr'><strong>hoc</strong></span> <span class='ocrx_word' id='word_1_384' title='bbox 1260 2425 1438 2485; x_wconf 85' lang='lat' dir='ltr'><strong>potest</strong></span> <span class='ocrx_word' id='word_1_385' title='bbox 1468 2415 1639 2470; x_wconf 83' lang='lat' dir='ltr'><strong>videri</strong></span> <span class='ocrx_word' id='word_1_386' title='bbox 1742 2411 1795 2465; x_wconf 90' lang='lat' dir='ltr'><strong>id</strong></span> <span class='ocrx_word' id='word_1_387' title='bbox 1824 2419 1908 2467; x_wconf 85' lang='lat' dir='ltr'><strong>est</strong></span> <span class='ocrx_word' id='word_1_388' title='bbox 1939 2411 2027 2466; x_wconf 88' lang='lat' dir='ltr'><strong>ille</strong></span> <span class='ocrx_word' id='word_1_389' title='bbox 2055 2411 2109 2466; x_wconf 90' lang='lat' dir='ltr'><strong>in</strong></span> <span class='ocrx_word' id='word_1_390' title='bbox 2141 2428 2249 2481; x_wconf 87' lang='lat' dir='ltr'><strong>quo</strong></span> <span class='ocrx_word' id='word_1_391' title='bbox 2273 2412 2387 2482; x_wconf 89' lang='lat' dir='ltr'><strong>ipse</strong></span> <span class='ocrx_word' id='word_1_392' title='bbox 2437 2428 2587 2483; x_wconf 88' lang='lat' dir='ltr'><strong>spem</strong></span> <span class='ocrx_word' id='word_1_393' title='bbox 2637 2413 2801 2467; x_wconf 84' lang='lat' dir='ltr'><strong>habet</strong></span> <span class='ocrx_word' id='word_1_394' title='bbox 2826 2422 2912 2468; x_wconf 88' lang='lat' dir='ltr'><strong>est.</strong></span> <span class='ocrx_word' id='word_1_395' title='bbox 2937 2413 3189 2468; x_wconf 76' lang='lat' dir='ltr'><strong>Dominus</strong></span> <span class='ocrx_word' id='word_1_396' title='bbox 3212 2430 3323 2469; x_wconf 88' lang='lat' dir='ltr'><strong>om-</strong></span> 
     </span>
    </p>
   </div>
   <div class='ocr_carea' id='block_1_25' title="bbox 98 2504 3332 2576">
    <p class='ocr_par' dir='ltr' id='par_1_25' title="bbox 98 2504 3332 2576">
     <span class='ocr_line' id='line_1_25' title="bbox 98 2504 3332 2576; baseline 0.002 -21"><span class='ocrx_word' id='word_1_397' title='bbox 98 2507 193 2572; x_wconf 84' lang='lat' dir='ltr'><strong>quia</strong></span> <span class='ocrx_word' id='word_1_398' title='bbox 238 2506 632 2562; x_wconf 87' lang='lat' dir='ltr'><strong>declinaverunt</strong></span> <span class='ocrx_word' id='word_1_399' title='bbox 662 2546 676 2567; x_wconf 88' lang='lat'><strong>,</strong></span> <span class='ocrx_word' id='word_1_400' title='bbox 724 2508 868 2576; x_wconf 92' lang='lat' dir='ltr'><strong>quod</strong></span> <span class='ocrx_word' id='word_1_401' title='bbox 917 2521 979 2560; x_wconf 92' lang='lat' dir='ltr'><strong>os</strong></span> <span class='ocrx_word' id='word_1_402' title='bbox 1036 2520 1225 2561; x_wconf 90' lang='lat' dir='ltr'><strong>eorum</strong></span> <span class='ocrx_word' id='word_1_403' title='bbox 1290 2504 1505 2575; x_wconf 88' lang='lat' dir='ltr'><strong>plenum</strong></span> <span class='ocrx_word' id='word_1_404' title='bbox 1556 2514 1643 2560; x_wconf 89' lang='lat' dir='ltr'><strong>est</strong></span> <span class='ocrx_word' id='word_1_405' title='bbox 1744 2506 1914 2570; x_wconf 90' lang='lat' dir='ltr'><strong>nium,</strong></span> <span class='ocrx_word' id='word_1_406' title='bbox 1963 2506 2015 2560; x_wconf 90' lang='lat' dir='ltr'><strong>id</strong></span> <span class='ocrx_word' id='word_1_407' title='bbox 2063 2516 2149 2561; x_wconf 89' lang='lat' dir='ltr'><strong>est</strong></span> <span class='ocrx_word' id='word_1_408' title='bbox 2188 2506 2241 2559; x_wconf 77' lang='grc' dir='ltr'><strong>ιιι</strong></span> <span class='ocrx_word' id='word_1_409' title='bbox 2283 2522 2369 2560; x_wconf 89' lang='lat' dir='ltr'><strong>me</strong></span> <span class='ocrx_word' id='word_1_410' title='bbox 2409 2522 2571 2576; x_wconf 88' lang='lat' dir='ltr'><strong>qneut</strong></span> <span class='ocrx_word' id='word_1_411' title='bbox 2630 2505 2917 2561; x_wconf 89' lang='lat' dir='ltr'><strong>Dominum</strong></span> <span class='ocrx_word' id='word_1_412' title='bbox 2975 2522 3155 2563; x_wconf 87' lang='lat' dir='ltr'><strong>rerum</strong></span> <span class='ocrx_word' id='word_1_413' title='bbox 3208 2522 3332 2563; x_wconf 85' lang='lat' dir='ltr'><strong>esse</strong></span> 
     </span>
    </p>
   </div>
   <div class='ocr_carea' id='block_1_26' title="bbox 98 2595 3331 2669">
    <p class='ocr_par' dir='ltr' id='par_1_26' title="bbox 98 2595 3331 2669">
     <span class='ocr_line' id='line_1_26' title="bbox 98 2595 3331 2669; baseline 0.001 -20"><span class='ocrx_word' id='word_1_414' title='bbox 98 2600 451 2663; x_wconf 75' lang='lat' dir='ltr'><strong>maledictiouc,</strong></span> <span class='ocrx_word' id='word_1_415' title='bbox 502 2608 558 2654; x_wconf 91' lang='lat' dir='ltr'><strong>et</strong></span> <span class='ocrx_word' id='word_1_416' title='bbox 582 2600 797 2655; x_wconf 86' lang='lat' dir='ltr'><strong>veloces</strong></span> <span class='ocrx_word' id='word_1_417' title='bbox 823 2600 985 2669; x_wconf 89' lang='lat' dir='ltr'><strong>pedes</strong></span> <span class='ocrx_word' id='word_1_418' title='bbox 1026 2614 1214 2654; x_wconf 89' lang='lat' dir='ltr'><strong>eorum</strong></span> <span class='ocrx_word' id='word_1_419' title='bbox 1247 2600 1313 2651; x_wconf 90' lang='lat' dir='ltr'><strong>ad</strong></span> <span class='ocrx_word' id='word_1_420' title='bbox 1356 2597 1638 2652; x_wconf 80' lang='lat' dir='ltr'><strong>elfuuden-</strong></span> <span class='ocrx_word' id='word_1_421' title='bbox 1743 2598 1939 2652; x_wconf 86' lang='lat' dir='ltr'><strong>credit.</strong></span> <span class='ocrx_word' id='word_1_422' title='bbox 1963 2598 2028 2651; x_wconf 88' lang='lat' dir='ltr'><strong>Et</strong></span> <span class='ocrx_word' id='word_1_423' title='bbox 2057 2598 2180 2666; x_wconf 88' lang='lat' dir='ltr'><strong>quia</strong></span> <span class='ocrx_word' id='word_1_424' title='bbox 2231 2607 2414 2666; x_wconf 83' lang='lat' dir='ltr'><strong>posset</strong></span> <span class='ocrx_word' id='word_1_425' title='bbox 2442 2597 2609 2666; x_wconf 67' lang='grc' dir='ltr'>(μιξετὶ</span> <span class='ocrx_word' id='word_1_426' title='bbox 2639 2597 2763 2667; x_wconf 92' lang='lat' dir='ltr'><strong>quis</strong></span> <span class='ocrx_word' id='word_1_427' title='bbox 2806 2597 2877 2650; x_wconf 84' lang='lat' dir='ltr'><strong>sit</strong></span> <span class='ocrx_word' id='word_1_428' title='bbox 2907 2595 2997 2652; x_wconf 92' lang='lat' dir='ltr'><strong>ille</strong></span> <span class='ocrx_word' id='word_1_429' title='bbox 3047 2598 3331 2662; x_wconf 88' lang='lat' dir='ltr'><strong>Dominus,</strong></span> 
     </span>
    </p>
   </div>
   <div class='ocr_carea' id='block_1_27' title="bbox 96 2687 3334 2762">
    <p class='ocr_par' dir='ltr' id='par_1_27' title="bbox 96 2687 3334 2762">
     <span class='ocr_line' id='line_1_27' title="bbox 96 2687 3334 2762; baseline 0.002 -23"><span class='ocrx_word' id='word_1_430' title='bbox 96 2689 195 2740; x_wconf 87' lang='lat' dir='ltr'><strong>dum</strong></span> <span class='ocrx_word' id='word_1_431' title='bbox 217 2691 521 2759; x_wconf 87' lang='lat' dir='ltr'><strong>sanguinem</strong></span> <span class='ocrx_word' id='word_1_432' title='bbox 550 2704 751 2754; x_wconf 89' lang='lat' dir='ltr'><strong>meum,</strong></span> <span class='ocrx_word' id='word_1_433' title='bbox 779 2699 835 2742; x_wconf 91' lang='lat' dir='ltr'><strong>ut</strong></span> <span class='ocrx_word' id='word_1_434' title='bbox 857 2689 934 2742; x_wconf 88' lang='lat' dir='ltr'><strong>ait</strong></span> <span class='ocrx_word' id='word_1_435' title='bbox 954 2689 1243 2757; x_wconf 73' lang='lat' dir='ltr'><strong>Apostolus</strong></span> <span class='ocrx_word' id='word_1_436' title='bbox 1268 2706 1283 2740; x_wconf 86' lang='lat'><strong>:</strong></span> <span class='ocrx_word' id='word_1_437' title='bbox 1311 2707 1327 2738; x_wconf 75' lang='grc' dir='ltr'><strong>ι</strong></span> <span class='ocrx_word' id='word_1_438' title='bbox 1361 2687 1417 2741; x_wconf 91' lang='lat' dir='ltr'><strong>Si</strong></span> <span class='ocrx_word' id='word_1_439' title='bbox 1442 2701 1638 2756; x_wconf 82' lang='lat' dir='ltr'><strong>cogno-</strong></span> <span class='ocrx_word' id='word_1_440' title='bbox 1740 2690 1926 2759; x_wconf 73' lang='lat' dir='ltr'><strong>quazril</strong></span> <span class='ocrx_word' id='word_1_441' title='bbox 1959 2690 2184 2759; x_wconf 83' lang='lat' dir='ltr'><strong>ipsemet</strong></span> <span class='ocrx_word' id='word_1_442' title='bbox 2215 2700 2270 2744; x_wconf 90' lang='lat' dir='ltr'><strong>ut</strong></span> <span class='ocrx_word' id='word_1_443' title='bbox 2330 2690 2528 2744; x_wconf 84' lang='lat' dir='ltr'><strong>solvat.</strong></span> <span class='ocrx_word' id='word_1_444' title='bbox 2586 2690 2714 2744; x_wconf 89' lang='lat' dir='ltr'><strong>Dico</strong></span> <span class='ocrx_word' id='word_1_445' title='bbox 2743 2709 2755 2743; x_wconf 92' lang='lat'><strong>:</strong></span> <span class='ocrx_word' id='word_1_446' title='bbox 2788 2689 3045 2745; x_wconf 79' lang='lat' dir='ltr'><strong>Dominus</strong></span> <span class='ocrx_word' id='word_1_447' title='bbox 3073 2709 3188 2762; x_wconf 84' lang='lat' dir='ltr'><strong>spes</strong></span> <span class='ocrx_word' id='word_1_448' title='bbox 3218 2692 3334 2761; x_wconf 84' lang='lat' dir='ltr'><strong>ejus</strong></span> 
     </span>
    </p>
   </div>
   <div class='ocr_carea' id='block_1_28' title="bbox 100 2778 3333 2850">
    <p class='ocr_par' dir='ltr' id='par_1_28' title="bbox 100 2778 3333 2850">
     <span class='ocr_line' id='line_1_28' title="bbox 100 2778 3333 2850; baseline 0.002 -22"><span class='ocrx_word' id='word_1_449' title='bbox 100 2778 282 2841; x_wconf 82' lang='lat' dir='ltr'><strong>vissent,</strong></span> <span class='ocrx_word' id='word_1_450' title='bbox 340 2796 616 2849; x_wconf 88' lang='lat' dir='ltr'><strong>nunquam</strong></span> <span class='ocrx_word' id='word_1_451' title='bbox 675 2781 958 2835; x_wconf 85' lang='lat' dir='ltr'><strong>Dominum</strong></span> <span class='ocrx_word' id='word_1_452' title='bbox 999 2780 1186 2850; x_wconf 76' lang='lat' dir='ltr'><strong>gloria:</strong></span> <span class='ocrx_word' id='word_1_453' title='bbox 1244 2780 1644 2834; x_wconf 75' lang='lat' dir='ltr'><strong>crucifixissent</strong></span> <span class='ocrx_word' id='word_1_454' title='bbox 1741 2790 1839 2833; x_wconf 78' lang='lat' dir='ltr'><strong>est.</strong></span> <span class='ocrx_word' id='word_1_455' title='bbox 1892 2779 2063 2845; x_wconf 79' lang='lat' dir='ltr'><strong>Quis?</strong></span> <span class='ocrx_word' id='word_1_456' title='bbox 2100 2780 2162 2841; x_wconf 86' lang='lat' dir='ltr'><strong>id</strong></span> <span class='ocrx_word' id='word_1_457' title='bbox 2218 2789 2303 2834; x_wconf 80' lang='lat' dir='ltr'><strong>est</strong></span> <span class='ocrx_word' id='word_1_458' title='bbox 2342 2784 2465 2849; x_wconf 91' lang='lat' dir='ltr'><strong>quis</strong></span> <span class='ocrx_word' id='word_1_459' title='bbox 2518 2790 2601 2835; x_wconf 85' lang='lat' dir='ltr'><strong>est</strong></span> <span class='ocrx_word' id='word_1_460' title='bbox 2657 2780 2746 2835; x_wconf 86' lang='lat' dir='ltr'><strong>ille</strong></span> <span class='ocrx_word' id='word_1_461' title='bbox 2798 2781 3087 2835; x_wconf 85' lang='lat' dir='ltr'><strong>Dominus?</strong></span> <span class='ocrx_word' id='word_1_462' title='bbox 3140 2782 3333 2837; x_wconf 87' lang='lat' dir='ltr'><strong>Postea</strong></span> 
     </span>
    </p>
   </div>
   <div class='ocr_carea' id='block_1_29' title="bbox 97 2867 3336 2940">
    <p class='ocr_par' dir='ltr' id='par_1_29' title="bbox 97 2867 3336 2940">
     <span class='ocr_line' id='line_1_29' title="bbox 97 2867 3336 2940; baseline 0.002 -21"><span class='ocrx_word' id='word_1_463' title='bbox 97 2867 154 2936; x_wconf 79' lang='grc' dir='ltr'><strong>(Ι.</strong></span> <span class='ocrx_word' id='word_1_464' title='bbox 186 2867 298 2923; x_wconf 85' lang='lat' dir='ltr'><strong>Cor.</strong></span> <span class='ocrx_word' id='word_1_465' title='bbox 328 2886 395 2933; x_wconf 88' lang='grc' dir='ltr'><strong>ιι,</strong></span> <span class='ocrx_word' id='word_1_466' title='bbox 426 2871 504 2938; x_wconf 83' lang='lat'><strong>8).</strong></span> <span class='ocrx_word' id='word_1_467' title='bbox 540 2890 558 2922; x_wconf 73' lang='grc' dir='ltr'><strong>ι</strong></span> <span class='ocrx_word' id='word_1_468' title='bbox 594 2871 658 2924; x_wconf 80' lang='lat' dir='ltr'><strong>Et</strong></span> <span class='ocrx_word' id='word_1_469' title='bbox 688 2872 818 2940; x_wconf 86' lang='lat' dir='ltr'><strong>quia</strong></span> <span class='ocrx_word' id='word_1_470' title='bbox 840 2871 1249 2925; x_wconf 83' lang='lat' dir='ltr'><strong>declinaverunt</strong></span> <span class='ocrx_word' id='word_1_471' title='bbox 1276 2910 1292 2934; x_wconf 95' lang='lat'><strong>,</strong></span> <span class='ocrx_word' id='word_1_472' title='bbox 1333 2879 1388 2924; x_wconf 90' lang='lat' dir='ltr'><strong>et</strong></span> <span class='ocrx_word' id='word_1_473' title='bbox 1420 2869 1552 2923; x_wconf 87' lang='lat' dir='ltr'><strong>tales</strong></span> <span class='ocrx_word' id='word_1_474' title='bbox 1589 2879 1644 2922; x_wconf 87' lang='lat' dir='ltr'><strong>et</strong></span> <span class='ocrx_word' id='word_1_475' title='bbox 1742 2870 2051 2925; x_wconf 86' lang='lat' dir='ltr'><strong>describent</strong></span> <span class='ocrx_word' id='word_1_476' title='bbox 2073 2885 2195 2925; x_wconf 89' lang='lat' dir='ltr'><strong>eum</strong></span> <span class='ocrx_word' id='word_1_477' title='bbox 2215 2870 2324 2924; x_wconf 89' lang='lat' dir='ltr'><strong>sic:</strong></span> <span class='ocrx_word' id='word_1_478' title='bbox 2349 2869 2710 2925; x_wconf 90' lang='lat' dir='ltr'><strong>llleDomiuus</strong></span> <span class='ocrx_word' id='word_1_479' title='bbox 2737 2880 2897 2925; x_wconf 89' lang='lat' dir='ltr'><strong>natus</strong></span> <span class='ocrx_word' id='word_1_480' title='bbox 2919 2888 2983 2926; x_wconf 73' lang='lat' dir='ltr'><strong>ea:</strong></span> <span class='ocrx_word' id='word_1_481' title='bbox 3009 2871 3229 2937; x_wconf 88' lang='lat' dir='ltr'><strong>Sion,id</strong></span> <span class='ocrx_word' id='word_1_482' title='bbox 3250 2885 3336 2927; x_wconf 87' lang='lat' dir='ltr'><strong>est</strong></span> 
     </span>
    </p>
   </div>
   <div class='ocr_carea' id='block_1_30' title="bbox 98 2960 3332 3035">
    <p class='ocr_par' dir='ltr' id='par_1_30' title="bbox 98 2960 3332 3035">
     <span class='ocr_line' id='line_1_30' title="bbox 98 2960 3332 3035; baseline 0 -20"><span class='ocrx_word' id='word_1_483' title='bbox 98 2964 202 3019; x_wconf 69' lang='lat' dir='ltr'><strong>uales</strong></span> <span class='ocrx_word' id='word_1_484' title='bbox 220 2975 336 3019; x_wconf 84' lang='lat' dir='ltr'><strong>sunt</strong></span> <span class='ocrx_word' id='word_1_485' title='bbox 356 2967 602 3020; x_wconf 79' lang='lat' dir='ltr'><strong>contritio</strong></span> <span class='ocrx_word' id='word_1_486' title='bbox 627 2976 675 3020; x_wconf 83' lang='lat' dir='ltr'><strong>et</strong></span> <span class='ocrx_word' id='word_1_487' title='bbox 705 2966 987 3035; x_wconf 74' lang='lat' dir='ltr'><strong>infelicitas</strong></span> <span class='ocrx_word' id='word_1_488' title='bbox 1008 3006 1023 3029; x_wconf 90' lang='lat'><strong>,</strong></span> <span class='ocrx_word' id='word_1_489' title='bbox 1080 2964 1130 3019; x_wconf 91' lang='lat' dir='ltr'><strong>id</strong></span> <span class='ocrx_word' id='word_1_490' title='bbox 1160 2974 1245 3019; x_wconf 91' lang='lat' dir='ltr'><strong>est</strong></span> <span class='ocrx_word' id='word_1_491' title='bbox 1282 2963 1463 3018; x_wconf 80' lang='lat' dir='ltr'><strong>infelix</strong></span> <span class='ocrx_word' id='word_1_492' title='bbox 1514 2981 1642 3019; x_wconf 90' lang='lat' dir='ltr'><strong>con-</strong></span> <span class='ocrx_word' id='word_1_493' title='bbox 1742 2977 1806 3014; x_wconf 78' lang='lat' dir='ltr'><strong>ex</strong></span> <span class='ocrx_word' id='word_1_494' title='bbox 1830 2960 2055 3017; x_wconf 69' lang='lat' dir='ltr'><strong>Iudaico</strong></span> <span class='ocrx_word' id='word_1_495' title='bbox 2085 2960 2279 3032; x_wconf 87' lang='lat' dir='ltr'><strong>populo</strong></span> <span class='ocrx_word' id='word_1_496' title='bbox 2302 2962 2597 3016; x_wconf 88' lang='lat' dir='ltr'><strong>secundum</strong></span> <span class='ocrx_word' id='word_1_497' title='bbox 2621 2978 2840 3017; x_wconf 88' lang='lat' dir='ltr'><strong>carnem</strong></span> <span class='ocrx_word' id='word_1_498' title='bbox 2869 2980 2882 3016; x_wconf 89' lang='lat'><strong>:</strong></span> <span class='ocrx_word' id='word_1_499' title='bbox 2910 2966 3052 3016; x_wconf 83' lang='lat' dir='ltr'><strong>dabit</strong></span> <span class='ocrx_word' id='word_1_500' title='bbox 3076 2964 3332 3026; x_wconf 83' lang='lat' dir='ltr'><strong>salutare,</strong></span> 
     </span>
    </p>
   </div>
   <div class='ocr_carea' id='block_1_31' title="bbox 96 3051 3329 3133">
    <p class='ocr_par' dir='ltr' id='par_1_31' title="bbox 96 3051 3329 3133">
     <span class='ocr_line' id='line_1_31' title="bbox 96 3051 3329 3133; baseline 0 -28"><span class='ocrx_word' id='word_1_501' title='bbox 96 3056 212 3109; x_wconf 83' lang='lat' dir='ltr'><strong>tritio</strong></span> <span class='ocrx_word' id='word_1_502' title='bbox 237 3058 282 3109; x_wconf 88' lang='lat' dir='ltr'><strong>in</strong></span> <span class='ocrx_word' id='word_1_503' title='bbox 320 3057 416 3110; x_wconf 81' lang='lat' dir='ltr'><strong>viis</strong></span> <span class='ocrx_word' id='word_1_504' title='bbox 442 3072 629 3111; x_wconf 87' lang='lat' dir='ltr'><strong>eorum</strong></span> <span class='ocrx_word' id='word_1_505' title='bbox 661 3056 765 3112; x_wconf 89' lang='lat' dir='ltr'><strong>erit</strong></span> <span class='ocrx_word' id='word_1_506' title='bbox 786 3094 803 3119; x_wconf 87' lang='lat'><strong>,</strong></span> <span class='ocrx_word' id='word_1_507' title='bbox 867 3056 920 3109; x_wconf 91' lang='lat' dir='ltr'><strong>id</strong></span> <span class='ocrx_word' id='word_1_508' title='bbox 942 3066 1025 3110; x_wconf 90' lang='lat' dir='ltr'><strong>est</strong></span> <span class='ocrx_word' id='word_1_509' title='bbox 1050 3069 1149 3124; x_wconf 92' lang='lat' dir='ltr'><strong>pro</strong></span> <span class='ocrx_word' id='word_1_510' title='bbox 1176 3054 1358 3123; x_wconf 87' lang='lat' dir='ltr'><strong>pravis</strong></span> <span class='ocrx_word' id='word_1_511' title='bbox 1384 3054 1640 3122; x_wconf 83' lang='lat' dir='ltr'><strong>operibus</strong></span> <span class='ocrx_word' id='word_1_512' title='bbox 1669 3115 1709 3133; x_wconf 48' lang='lat' dir='ltr'>ﬂ</span> <span class='ocrx_word' id='word_1_513' title='bbox 1745 3052 1797 3106; x_wconf 89' lang='lat' dir='ltr'><strong>id</strong></span> <span class='ocrx_word' id='word_1_514' title='bbox 1822 3063 1905 3107; x_wconf 87' lang='lat' dir='ltr'><strong>est</strong></span> <span class='ocrx_word' id='word_1_515' title='bbox 1927 3052 2158 3107; x_wconf 86' lang='lat' dir='ltr'><strong>salutem</strong></span> <span class='ocrx_word' id='word_1_516' title='bbox 2188 3051 2379 3115; x_wconf 84' lang='lat' dir='ltr'><strong>Israel,</strong></span> <span class='ocrx_word' id='word_1_517' title='bbox 2416 3053 2467 3105; x_wconf 85' lang='lat' dir='ltr'><strong>in</strong></span> <span class='ocrx_word' id='word_1_518' title='bbox 2498 3061 2582 3106; x_wconf 90' lang='lat' dir='ltr'><strong>est</strong></span> <span class='ocrx_word' id='word_1_519' title='bbox 2611 3053 2902 3124; x_wconf 86' lang='lat' dir='ltr'><strong>unicuique</strong></span> <span class='ocrx_word' id='word_1_520' title='bbox 2927 3053 3128 3108; x_wconf 89' lang='lat' dir='ltr'><strong>videnti</strong></span> <span class='ocrx_word' id='word_1_521' title='bbox 3161 3054 3329 3108; x_wconf 88' lang='lat' dir='ltr'><strong>Deum</strong></span> 
     </span>
    </p>
   </div>
   <div class='ocr_carea' id='block_1_32' title="bbox 94 3120 3336 3216">
    <p class='ocr_par' dir='ltr' id='par_1_32' title="bbox 94 3120 3336 3216">
     <span class='ocr_line' id='line_1_32' title="bbox 94 3120 3336 3216; baseline 0.001 -19"><span class='ocrx_word' id='word_1_522' title='bbox 94 3156 134 3198; x_wconf 85' lang='lat' dir='ltr'><strong>et</strong></span> <span class='ocrx_word' id='word_1_523' title='bbox 155 3147 551 3216; x_wconf 77' lang='lat' dir='ltr'><strong>cogitationibus</strong></span> <span class='ocrx_word' id='word_1_524' title='bbox 585 3162 806 3213; x_wconf 90' lang='lat' dir='ltr'><strong>eorum,</strong></span> <span class='ocrx_word' id='word_1_525' title='bbox 839 3162 957 3216; x_wconf 79' lang='lat' dir='ltr'><strong>qua:</strong></span> <span class='ocrx_word' id='word_1_526' title='bbox 983 3155 1110 3201; x_wconf 87' lang='lat' dir='ltr'><strong>sunt</strong></span> <span class='ocrx_word' id='word_1_527' title='bbox 1134 3147 1215 3200; x_wconf 89' lang='lat' dir='ltr'><strong>eis</strong></span> <span class='ocrx_word' id='word_1_528' title='bbox 1246 3146 1344 3199; x_wconf 69' lang='lat' dir='ltr'><strong>viae</strong></span> <span class='ocrx_word' id='word_1_529' title='bbox 1376 3147 1444 3199; x_wconf 90' lang='lat' dir='ltr'><strong>ad</strong></span> <span class='ocrx_word' id='word_1_530' title='bbox 1479 3145 1634 3198; x_wconf 88' lang='lat' dir='ltr'><strong>dam-</strong></span> <span class='ocrx_word' id='word_1_531' title='bbox 1667 3120 1710 3172; x_wconf 56' lang='grc' dir='ltr'><strong>δ</strong></span> <span class='ocrx_word' id='word_1_532' title='bbox 1749 3145 1850 3198; x_wconf 89' lang='lat' dir='ltr'><strong>lide</strong></span> <span class='ocrx_word' id='word_1_533' title='bbox 1876 3154 1929 3199; x_wconf 91' lang='lat' dir='ltr'><strong>et</strong></span> <span class='ocrx_word' id='word_1_534' title='bbox 1959 3144 2441 3213; x_wconf 83' lang='lat' dir='ltr'><strong>contemplatione,</strong></span> <span class='ocrx_word' id='word_1_535' title='bbox 2471 3143 2521 3197; x_wconf 91' lang='lat' dir='ltr'><strong>id</strong></span> <span class='ocrx_word' id='word_1_536' title='bbox 2547 3152 2632 3199; x_wconf 90' lang='lat' dir='ltr'><strong>est</strong></span> <span class='ocrx_word' id='word_1_537' title='bbox 2679 3145 2769 3200; x_wconf 91' lang='lat' dir='ltr'><strong>hic</strong></span> <span class='ocrx_word' id='word_1_538' title='bbox 2808 3145 3037 3201; x_wconf 86' lang='lat' dir='ltr'><strong>salvabit</strong></span> <span class='ocrx_word' id='word_1_539' title='bbox 3065 3145 3227 3200; x_wconf 88' lang='lat' dir='ltr'><strong>Israel</strong></span> <span class='ocrx_word' id='word_1_540' title='bbox 3266 3146 3336 3199; x_wconf 92' lang='lat' dir='ltr'><strong>ab</strong></span> 
     </span>
    </p>
   </div>
   <div class='ocr_carea' id='block_1_33' title="bbox 96 3233 3336 3306">
    <p class='ocr_par' dir='ltr' id='par_1_33' title="bbox 96 3233 3336 3306">
     <span class='ocr_line' id='line_1_33' title="bbox 96 3233 3336 3306; baseline -0 -16"><span class='ocrx_word' id='word_1_541' title='bbox 96 3240 368 3295; x_wconf 86' lang='lat' dir='ltr'><strong>nationem:</strong></span> <span class='ocrx_word' id='word_1_542' title='bbox 407 3242 588 3294; x_wconf 88' lang='lat' dir='ltr'><strong>veniet</strong></span> <span class='ocrx_word' id='word_1_543' title='bbox 635 3240 716 3294; x_wconf 86' lang='lat' dir='ltr'><strong>eis</strong></span> <span class='ocrx_word' id='word_1_544' title='bbox 767 3238 949 3293; x_wconf 76' lang='lat' dir='ltr'><strong>infelix</strong></span> <span class='ocrx_word' id='word_1_545' title='bbox 1000 3238 1257 3292; x_wconf 84' lang='lat' dir='ltr'><strong>contritio</strong></span> <span class='ocrx_word' id='word_1_546' title='bbox 1307 3253 1336 3290; x_wconf 90' lang='lat' dir='ltr'><strong>a</strong></span> <span class='ocrx_word' id='word_1_547' title='bbox 1385 3236 1642 3291; x_wconf 78' lang='lat' dir='ltr'><strong>Romanis</strong></span> <span class='ocrx_word' id='word_1_548' title='bbox 1744 3235 1994 3306; x_wconf 87' lang='lat' dir='ltr'><strong>originali</strong></span> <span class='ocrx_word' id='word_1_549' title='bbox 2027 3235 2258 3291; x_wconf 89' lang='lat' dir='ltr'><strong>crimine</strong></span> <span class='ocrx_word' id='word_1_550' title='bbox 2291 3251 2304 3287; x_wconf 96' lang='lat'><strong>:</strong></span> <span class='ocrx_word' id='word_1_551' title='bbox 2334 3242 2394 3289; x_wconf 86' lang='lat' dir='ltr'><strong>et</strong></span> <span class='ocrx_word' id='word_1_552' title='bbox 2423 3234 2476 3289; x_wconf 93' lang='lat' dir='ltr'><strong>in</strong></span> <span class='ocrx_word' id='word_1_553' title='bbox 2507 3233 2689 3289; x_wconf 88' lang='lat' dir='ltr'><strong>luturo</strong></span> <span class='ocrx_word' id='word_1_554' title='bbox 2712 3252 2829 3290; x_wconf 86' lang='lat' dir='ltr'><strong>cum</strong></span> <span class='ocrx_word' id='word_1_555' title='bbox 2876 3238 3115 3291; x_wconf 82' lang='lat' dir='ltr'><strong>averterit</strong></span> <span class='ocrx_word' id='word_1_556' title='bbox 3155 3237 3336 3291; x_wconf 88' lang='lat' dir='ltr'><strong>Domi-</strong></span> 
     </span>
    </p>
   </div>
   <div class='ocr_carea' id='block_1_34' title="bbox 96 3324 3336 3399">
    <p class='ocr_par' dir='ltr' id='par_1_34' title="bbox 96 3324 3336 3399">
     <span class='ocr_line' id='line_1_34' title="bbox 96 3324 3336 3399; baseline -0 -16"><span class='ocrx_word' id='word_1_557' title='bbox 96 3329 300 3396; x_wconf 85' lang='lat' dir='ltr'><strong>scilicet,</strong></span> <span class='ocrx_word' id='word_1_558' title='bbox 368 3332 600 3385; x_wconf 84' lang='lat' dir='ltr'><strong>Domino</strong></span> <span class='ocrx_word' id='word_1_559' title='bbox 656 3331 847 3385; x_wconf 89' lang='lat' dir='ltr'><strong>eodem</strong></span> <span class='ocrx_word' id='word_1_560' title='bbox 907 3331 959 3383; x_wconf 95' lang='lat' dir='ltr'><strong>in</strong></span> <span class='ocrx_word' id='word_1_561' title='bbox 1018 3330 1313 3399; x_wconf 81' lang='lat' dir='ltr'><strong>Evangelia</strong></span> <span class='ocrx_word' id='word_1_562' title='bbox 1368 3339 1638 3385; x_wconf 85' lang='lat' dir='ltr'><strong>testante:</strong></span> <span class='ocrx_word' id='word_1_563' title='bbox 1745 3343 1842 3379; x_wconf 86' lang='lat' dir='ltr'><strong>nas</strong></span> <span class='ocrx_word' id='word_1_564' title='bbox 1879 3326 2233 3394; x_wconf 84' lang='lat' dir='ltr'><strong>captivitatem</strong></span> <span class='ocrx_word' id='word_1_565' title='bbox 2259 3324 2420 3395; x_wconf 87' lang='lat' dir='ltr'><strong>plebis</strong></span> <span class='ocrx_word' id='word_1_566' title='bbox 2443 3342 2575 3390; x_wconf 78' lang='lat' dir='ltr'><strong>suw,</strong></span> <span class='ocrx_word' id='word_1_567' title='bbox 2611 3326 2666 3382; x_wconf 91' lang='lat' dir='ltr'><strong>id</strong></span> <span class='ocrx_word' id='word_1_568' title='bbox 2707 3337 2792 3382; x_wconf 91' lang='lat' dir='ltr'><strong>est</strong></span> <span class='ocrx_word' id='word_1_569' title='bbox 2822 3327 3336 3399; x_wconf 75' lang='lat' dir='ltr'><strong>corruptibilitatcm</strong></span> 
     </span>
    </p>
   </div>
   <div class='ocr_carea' id='block_1_35' title="bbox 97 3416 3340 3490">
    <p class='ocr_par' dir='ltr' id='par_1_35' title="bbox 97 3416 3340 3490">
     <span class='ocr_line' id='line_1_35' title="bbox 97 3416 3340 3490; baseline -0.001 -13"><span class='ocrx_word' id='word_1_570' title='bbox 97 3422 543 3479; x_wconf 70' lang='lat' dir='ltr'><strong>«Circumdabuut</strong></span> <span class='ocrx_word' id='word_1_571' title='bbox 570 3434 640 3489; x_wconf 87' lang='lat' dir='ltr'><strong>te,</strong></span> <span class='ocrx_word' id='word_1_572' title='bbox 696 3425 1213 3490; x_wconf 80' lang='lat' dir='ltr'><strong>etcoangnstabnnt</strong></span> <span class='ocrx_word' id='word_1_573' title='bbox 1261 3430 1314 3476; x_wconf 88' lang='lat' dir='ltr'><strong>te</strong></span> <span class='ocrx_word' id='word_1_574' title='bbox 1365 3422 1639 3489; x_wconf 87' lang='lat' dir='ltr'><strong>undique,</strong></span> <span class='ocrx_word' id='word_1_575' title='bbox 1745 3426 1798 3472; x_wconf 85' lang='lat' dir='ltr'><strong>et</strong></span> <span class='ocrx_word' id='word_1_576' title='bbox 1852 3416 2238 3472; x_wconf 86' lang='lat' dir='ltr'><strong>mortalitatem</strong></span> <span class='ocrx_word' id='word_1_577' title='bbox 2295 3419 2562 3489; x_wconf 88' lang='lat' dir='ltr'><strong>corporis,</strong></span> <span class='ocrx_word' id='word_1_578' title='bbox 2615 3419 2896 3474; x_wconf 73' lang='lat' dir='ltr'><strong>exsultabit</strong></span> <span class='ocrx_word' id='word_1_579' title='bbox 2918 3419 3110 3484; x_wconf 82' lang='lat' dir='ltr'><strong>Jacob,</strong></span> <span class='ocrx_word' id='word_1_580' title='bbox 3160 3420 3210 3475; x_wconf 92' lang='lat' dir='ltr'><strong>id</strong></span> <span class='ocrx_word' id='word_1_581' title='bbox 3253 3429 3340 3475; x_wconf 85' lang='lat' dir='ltr'><strong>est</strong></span> 
     </span>
    </p>
   </div>
   <div class='ocr_carea' id='block_1_36' title="bbox 92 3509 3336 3585">
    <p class='ocr_par' dir='ltr' id='par_1_36' title="bbox 92 3509 3336 3585">
     <span class='ocr_line' id='line_1_36' title="bbox 92 3509 3336 3585; baseline 0 -20"><span class='ocrx_word' id='word_1_582' title='bbox 92 3523 133 3565; x_wconf 81' lang='lat' dir='ltr'><strong>et</strong></span> <span class='ocrx_word' id='word_1_583' title='bbox 158 3515 213 3567; x_wconf 84' lang='lat' dir='ltr'><strong>ad</strong></span> <span class='ocrx_word' id='word_1_584' title='bbox 242 3524 441 3569; x_wconf 83' lang='lat' dir='ltr'><strong>terram</strong></span> <span class='ocrx_word' id='word_1_585' title='bbox 483 3523 830 3585; x_wconf 86' lang='lat' dir='ltr'><strong>prosterueut</strong></span> <span class='ocrx_word' id='word_1_586' title='bbox 878 3524 970 3569; x_wconf 88' lang='lat' dir='ltr'><strong>te:</strong></span> <span class='ocrx_word' id='word_1_587' title='bbox 1012 3522 1068 3568; x_wconf 90' lang='lat' dir='ltr'><strong>et</strong></span> <span class='ocrx_word' id='word_1_588' title='bbox 1098 3528 1205 3567; x_wconf 92' lang='lat' dir='ltr'><strong>non</strong></span> <span class='ocrx_word' id='word_1_589' title='bbox 1252 3512 1559 3580; x_wconf 85' lang='lat' dir='ltr'><strong>relinquent</strong></span> <span class='ocrx_word' id='word_1_590' title='bbox 1590 3514 1641 3565; x_wconf 92' lang='lat' dir='ltr'><strong>in</strong></span> <span class='ocrx_word' id='word_1_591' title='bbox 1748 3511 1925 3565; x_wconf 87' lang='lat' dir='ltr'><strong>minus</strong></span> <span class='ocrx_word' id='word_1_592' title='bbox 1976 3509 2273 3581; x_wconf 76' lang='lat' dir='ltr'><strong>perfectus.</strong></span> <span class='ocrx_word' id='word_1_593' title='bbox 2353 3509 2420 3565; x_wconf 87' lang='lat' dir='ltr'><strong>Et</strong></span> <span class='ocrx_word' id='word_1_594' title='bbox 2466 3511 2734 3565; x_wconf 76' lang='lat' dir='ltr'><strong>[relabitur</strong></span> <span class='ocrx_word' id='word_1_595' title='bbox 2768 3511 2963 3579; x_wconf 75' lang='lat' dir='ltr'><strong>Israel,</strong></span> <span class='ocrx_word' id='word_1_596' title='bbox 3004 3511 3054 3565; x_wconf 90' lang='lat' dir='ltr'><strong>id</strong></span> <span class='ocrx_word' id='word_1_597' title='bbox 3082 3522 3168 3567; x_wconf 90' lang='lat' dir='ltr'><strong>est</strong></span> <span class='ocrx_word' id='word_1_598' title='bbox 3210 3527 3336 3581; x_wconf 84' lang='lat' dir='ltr'><strong>per-</strong></span> 
     </span>
    </p>
   </div>
   <div class='ocr_carea' id='block_1_37' title="bbox 91 3597 3339 3674">
    <p class='ocr_par' dir='ltr' id='par_1_37' title="bbox 91 3597 3339 3674">
     <span class='ocr_line' id='line_1_37' title="bbox 91 3597 3339 3674; baseline 0.001 -21"><span class='ocrx_word' id='word_1_599' title='bbox 91 3612 131 3654; x_wconf 82' lang='lat' dir='ltr'><strong>te</strong></span> <span class='ocrx_word' id='word_1_600' title='bbox 171 3604 385 3673; x_wconf 85' lang='lat' dir='ltr'><strong>lapidem</strong></span> <span class='ocrx_word' id='word_1_601' title='bbox 435 3619 603 3674; x_wconf 87' lang='lat' dir='ltr'><strong>super</strong></span> <span class='ocrx_word' id='word_1_602' title='bbox 654 3604 884 3674; x_wconf 85' lang='lat' dir='ltr'><strong>lapidem</strong></span> <span class='ocrx_word' id='word_1_603' title='bbox 935 3602 1089 3673; x_wconf 83' lang='lat' dir='ltr'><strong>(Luc.</strong></span> <span class='ocrx_word' id='word_1_604' title='bbox 1144 3618 1269 3665; x_wconf 73' lang='lat' dir='ltr'><strong>xui,</strong></span> <span class='ocrx_word' id='word_1_605' title='bbox 1318 3599 1434 3670; x_wconf 69' lang='grc'><strong>44).</strong></span> <span class='ocrx_word' id='word_1_606' title='bbox 1498 3619 1518 3652; x_wconf 72' lang='grc' dir='ltr'><strong>ι</strong></span> <span class='ocrx_word' id='word_1_607' title='bbox 1579 3600 1644 3654; x_wconf 82' lang='grc' dir='ltr'>Ει</span> <span class='ocrx_word' id='word_1_608' title='bbox 1747 3597 2099 3653; x_wconf 86' lang='lat' dir='ltr'><strong>fectissimus.</strong></span> <span class='ocrx_word' id='word_1_609' title='bbox 2125 3599 2191 3654; x_wconf 86' lang='lat' dir='ltr'><strong>Et</strong></span> <span class='ocrx_word' id='word_1_610' title='bbox 2215 3600 2353 3656; x_wconf 90' lang='lat' dir='ltr'><strong>bene</strong></span> <span class='ocrx_word' id='word_1_611' title='bbox 2383 3616 2480 3670; x_wconf 87' lang='lat' dir='ltr'><strong>per</strong></span> <span class='ocrx_word' id='word_1_612' title='bbox 2503 3600 2671 3657; x_wconf 85' lang='lat' dir='ltr'><strong>Jacob</strong></span> <span class='ocrx_word' id='word_1_613' title='bbox 2717 3601 3205 3673; x_wconf 74' lang='lat' dir='ltr'><strong>minusperfeetus,</strong></span> <span class='ocrx_word' id='word_1_614' title='bbox 3244 3618 3339 3672; x_wconf 87' lang='lat' dir='ltr'><strong>per</strong></span> 
     </span>
    </p>
   </div>
   <div class='ocr_carea' id='block_1_38' title="bbox 89 3688 3333 3765">
    <p class='ocr_par' dir='ltr' id='par_1_38' title="bbox 89 3688 3333 3765">
     <span class='ocr_line' id='line_1_38' title="bbox 89 3688 3333 3765; baseline 0 -22"><span class='ocrx_word' id='word_1_615' title='bbox 89 3695 299 3759; x_wconf 75' lang='lat' dir='ltr'><strong>quantivis</strong></span> <span class='ocrx_word' id='word_1_616' title='bbox 323 3704 547 3765; x_wconf 80' lang='lat' dir='ltr'><strong>prepter</strong></span> <span class='ocrx_word' id='word_1_617' title='bbox 573 3695 990 3750; x_wconf 89' lang='lat' dir='ltr'><strong>declinationem</strong></span> <span class='ocrx_word' id='word_1_618' title='bbox 1026 3695 1209 3749; x_wconf 88' lang='lat' dir='ltr'><strong>veniat</strong></span> <span class='ocrx_word' id='word_1_619' title='bbox 1238 3694 1317 3747; x_wconf 90' lang='lat' dir='ltr'><strong>eis</strong></span> <span class='ocrx_word' id='word_1_620' title='bbox 1344 3693 1638 3748; x_wconf 85' lang='lat' dir='ltr'><strong>contritio:</strong></span> <span class='ocrx_word' id='word_1_621' title='bbox 1744 3689 1911 3744; x_wconf 85' lang='lat' dir='ltr'><strong>Israel</strong></span> <span class='ocrx_word' id='word_1_622' title='bbox 1941 3705 2066 3745; x_wconf 86' lang='lat' dir='ltr'><strong>vero</strong></span> <span class='ocrx_word' id='word_1_623' title='bbox 2111 3688 2540 3758; x_wconf 81' lang='lat' dir='ltr'><strong>perfectissimus</strong></span> <span class='ocrx_word' id='word_1_624' title='bbox 2588 3692 2922 3762; x_wconf 87' lang='lat' dir='ltr'><strong>designatur.</strong></span> <span class='ocrx_word' id='word_1_625' title='bbox 2968 3690 3136 3747; x_wconf 83' lang='lat' dir='ltr'><strong>Jacob</strong></span> <span class='ocrx_word' id='word_1_626' title='bbox 3189 3693 3333 3747; x_wconf 90' lang='lat' dir='ltr'><strong>enim</strong></span> 
     </span>
    </p>
   </div>
   <div class='ocr_carea' id='block_1_39' title="bbox 91 3781 3341 3857">
    <p class='ocr_par' dir='ltr' id='par_1_39' title="bbox 91 3781 3341 3857">
     <span class='ocr_line' id='line_1_39' title="bbox 91 3781 3341 3857; baseline 0.001 -22"><span class='ocrx_word' id='word_1_627' title='bbox 91 3794 238 3839; x_wconf 82' lang='lat' dir='ltr'><strong>tamen</strong></span> <span class='ocrx_word' id='word_1_628' title='bbox 268 3802 387 3840; x_wconf 89' lang='lat' dir='ltr'><strong>eum</strong></span> <span class='ocrx_word' id='word_1_629' title='bbox 416 3788 637 3841; x_wconf 87' lang='lat' dir='ltr'><strong>tandem</strong></span> <span class='ocrx_word' id='word_1_630' title='bbox 670 3802 1001 3857; x_wconf 83' lang='lat' dir='ltr'><strong>cognoscere</strong></span> <span class='ocrx_word' id='word_1_631' title='bbox 1030 3788 1292 3841; x_wconf 84' lang='lat' dir='ltr'><strong>deberent</strong></span> <span class='ocrx_word' id='word_1_632' title='bbox 1318 3803 1422 3840; x_wconf 87' lang='lat' dir='ltr'><strong>non</strong></span> <span class='ocrx_word' id='word_1_633' title='bbox 1452 3802 1643 3855; x_wconf 79' lang='lat' dir='ltr'><strong>cegno-</strong></span> <span class='ocrx_word' id='word_1_634' title='bbox 1745 3781 2111 3851; x_wconf 78' lang='lat' dir='ltr'><strong>supplanlator</strong></span> <span class='ocrx_word' id='word_1_635' title='bbox 2140 3798 2155 3835; x_wconf 93' lang='lat'><strong>:</strong></span> <span class='ocrx_word' id='word_1_636' title='bbox 2188 3781 2353 3836; x_wconf 90' lang='lat' dir='ltr'><strong>Israel</strong></span> <span class='ocrx_word' id='word_1_637' title='bbox 2395 3791 2575 3836; x_wconf 90' lang='lat' dir='ltr'><strong>autem</strong></span> <span class='ocrx_word' id='word_1_638' title='bbox 2628 3784 2806 3836; x_wconf 83' lang='lat' dir='ltr'><strong>videns</strong></span> <span class='ocrx_word' id='word_1_639' title='bbox 2874 3781 3043 3836; x_wconf 88' lang='lat' dir='ltr'><strong>Deum</strong></span> <span class='ocrx_word' id='word_1_640' title='bbox 3074 3783 3341 3853; x_wconf 79' lang='lat' dir='ltr'><strong>interpre-</strong></span> 
     </span>
    </p>
   </div>
   <div class='ocr_carea' id='block_1_40' title="bbox 88 3872 3341 3950">
    <p class='ocr_par' dir='ltr' id='par_1_40' title="bbox 88 3872 3341 3950">
     <span class='ocr_line' id='line_1_40' title="bbox 88 3872 3341 3950; baseline 0.001 -24"><span class='ocrx_word' id='word_1_641' title='bbox 88 3889 234 3931; x_wconf 75' lang='lat' dir='ltr'><strong>rertmt</strong></span> <span class='ocrx_word' id='word_1_642' title='bbox 254 3918 268 3939; x_wconf 87' lang='lat'><strong>,</strong></span> <span class='ocrx_word' id='word_1_643' title='bbox 292 3880 341 3933; x_wconf 89' lang='lat' dir='ltr'><strong>id</strong></span> <span class='ocrx_word' id='word_1_644' title='bbox 363 3889 454 3934; x_wconf 83' lang='lat' dir='ltr'><strong>est</strong></span> <span class='ocrx_word' id='word_1_645' title='bbox 481 3895 585 3933; x_wconf 89' lang='lat' dir='ltr'><strong>non</strong></span> <span class='ocrx_word' id='word_1_646' title='bbox 628 3889 960 3950; x_wconf 85' lang='lat' dir='ltr'><strong>cognoscent</strong></span> <span class='ocrx_word' id='word_1_647' title='bbox 985 3881 1120 3933; x_wconf 80' lang='lat' dir='ltr'><strong>riam</strong></span> <span class='ocrx_word' id='word_1_648' title='bbox 1150 3879 1317 3949; x_wconf 82' lang='lat' dir='ltr'><strong>pacis,</strong></span> <span class='ocrx_word' id='word_1_649' title='bbox 1364 3878 1418 3932; x_wconf 88' lang='lat' dir='ltr'><strong>id</strong></span> <span class='ocrx_word' id='word_1_650' title='bbox 1444 3889 1528 3932; x_wconf 90' lang='lat' dir='ltr'><strong>est</strong></span> <span class='ocrx_word' id='word_1_651' title='bbox 1559 3893 1645 3933; x_wconf 90' lang='lat' dir='ltr'><strong>me</strong></span> <span class='ocrx_word' id='word_1_652' title='bbox 1749 3883 1912 3927; x_wconf 88' lang='lat' dir='ltr'><strong>tatur.</strong></span> <span class='ocrx_word' id='word_1_653' title='bbox 1942 3873 2117 3927; x_wconf 84' lang='lat' dir='ltr'><strong>Minus</strong></span> <span class='ocrx_word' id='word_1_654' title='bbox 2140 3872 2364 3942; x_wconf 85' lang='lat' dir='ltr'><strong>perfecti</strong></span> <span class='ocrx_word' id='word_1_655' title='bbox 2387 3889 2517 3929; x_wconf 90' lang='lat' dir='ltr'><strong>vero</strong></span> <span class='ocrx_word' id='word_1_656' title='bbox 2536 3874 2873 3929; x_wconf 85' lang='lat' dir='ltr'><strong>solu‘utmodo</strong></span> <span class='ocrx_word' id='word_1_657' title='bbox 2899 3873 3341 3945; x_wconf 87' lang='lat' dir='ltr'><strong>supplautatores</strong></span> 
     </span>
    </p>
   </div>
   <div class='ocr_carea' id='block_1_41' title="bbox 86 3962 1612 4045">
    <p class='ocr_par' dir='ltr' id='par_1_41' title="bbox 86 3972 1612 4045">
     <span class='ocr_line' id='line_1_41' title="bbox 86 3972 1612 4045; baseline 0.001 -20"><span class='ocrx_word' id='word_1_658' title='bbox 86 3972 158 4037; x_wconf 82' lang='lat' dir='ltr'><strong>qui</strong></span> <span class='ocrx_word' id='word_1_659' title='bbox 186 3989 292 4027; x_wconf 91' lang='lat' dir='ltr'><strong>sum</strong></span> <span class='ocrx_word' id='word_1_660' title='bbox 342 3976 430 4028; x_wconf 84' lang='lat' dir='ltr'><strong>via</strong></span> <span class='ocrx_word' id='word_1_661' title='bbox 478 3990 581 4044; x_wconf 88' lang='lat' dir='ltr'><strong>qua</strong></span> <span class='ocrx_word' id='word_1_662' title='bbox 606 3977 821 4045; x_wconf 84' lang='lat' dir='ltr'><strong>venitur</strong></span> <span class='ocrx_word' id='word_1_663' title='bbox 872 3975 939 4029; x_wconf 86' lang='lat' dir='ltr'><strong>ad</strong></span> <span class='ocrx_word' id='word_1_664' title='bbox 973 3991 1159 4045; x_wconf 80' lang='lat' dir='ltr'><strong>paceni</strong></span> <span class='ocrx_word' id='word_1_665' title='bbox 1199 3984 1458 4029; x_wconf 70' lang='lat' dir='ltr'><strong>arternam</strong></span> <span class='ocrx_word' id='word_1_666' title='bbox 1485 4013 1499 4037; x_wconf 93' lang='lat'><strong>,</strong></span> <span class='ocrx_word' id='word_1_667' title='bbox 1552 3989 1612 4042; x_wconf 92' lang='lat' dir='ltr'><strong>qu</strong></span> 
     </span>
    </p>
   </div>
   <div class='ocr_carea' id='block_1_42' title="bbox 1814 3962 3340 4045">
    <p class='ocr_par' dir='ltr' id='par_1_42' title="bbox 1814 3962 3340 4036">
     <span class='ocr_line' id='line_1_42' title="bbox 1814 3962 3340 4036; baseline 0.001 -20"><span class='ocrx_word' id='word_1_668' title='bbox 1814 3962 2007 4016; x_wconf 89' lang='lat' dir='ltr'><strong>tiorum</strong></span> <span class='ocrx_word' id='word_1_669' title='bbox 2057 3973 2208 4029; x_wconf 89' lang='lat' dir='ltr'><strong>sunt,</strong></span> <span class='ocrx_word' id='word_1_670' title='bbox 2265 3964 2501 4018; x_wconf 86' lang='lat' dir='ltr'><strong>nonduin</strong></span> <span class='ocrx_word' id='word_1_671' title='bbox 2556 3963 2727 4018; x_wconf 89' lang='lat' dir='ltr'><strong>Deum</strong></span> <span class='ocrx_word' id='word_1_672' title='bbox 2777 3963 2831 4019; x_wconf 78' lang='lat' dir='ltr'><strong>in</strong></span> <span class='ocrx_word' id='word_1_673' title='bbox 2884 3964 3340 4036; x_wconf 86' lang='lat' dir='ltr'><strong>contemplatione</strong></span> 
     </span>
    </p>
   </div>
   <div class='ocr_carea' id='block_1_43' title="bbox 86 4042 3338 4137">
    <p class='ocr_par' dir='ltr' id='par_1_43' title="bbox 86 4042 3338 4137">
     <span class='ocr_line' id='line_1_43' title="bbox 86 4042 3338 4137; baseline -0.003 -17"><span class='ocrx_word' id='word_1_674' title='bbox 86 4062 220 4116; x_wconf 76' lang='lat' dir='ltr'><strong>etiam</strong></span> <span class='ocrx_word' id='word_1_675' title='bbox 265 4082 382 4120; x_wconf 85' lang='lat' dir='ltr'><strong>sunt</strong></span> <span class='ocrx_word' id='word_1_676' title='bbox 444 4042 549 4135; x_wconf 78' lang='lat' dir='ltr'><strong>pax</strong></span> <span class='ocrx_word' id='word_1_677' title='bbox 592 4042 817 4131; x_wconf 68' lang='lat' dir='ltr'><strong>:etermi,</strong></span> <span class='ocrx_word' id='word_1_678' title='bbox 863 4042 1005 4121; x_wconf 74' lang='lat' dir='ltr'><strong>sicut</strong></span> <span class='ocrx_word' id='word_1_679' title='bbox 1050 4068 1190 4120; x_wconf 87' lang='lat' dir='ltr'><strong>idem</strong></span> <span class='ocrx_word' id='word_1_680' title='bbox 1248 4067 1299 4120; x_wconf 91' lang='lat' dir='ltr'><strong>in</strong></span> <span class='ocrx_word' id='word_1_681' title='bbox 1355 4066 1646 4137; x_wconf 72' lang='lat' dir='ltr'><strong>Evangelio</strong></span> <span class='ocrx_word' id='word_1_682' title='bbox 1746 4054 2019 4109; x_wconf 85' lang='lat' dir='ltr'><strong>videntes.</strong></span> <span class='ocrx_word' id='word_1_683' title='bbox 2055 4053 2286 4109; x_wconf 71' lang='lat' dir='ltr'><strong>Pet-fecti</strong></span> <span class='ocrx_word' id='word_1_684' title='bbox 2313 4066 2513 4111; x_wconf 85' lang='lat' dir='ltr'><strong>veroct</strong></span> <span class='ocrx_word' id='word_1_685' title='bbox 2538 4056 2670 4111; x_wconf 83' lang='lat' dir='ltr'><strong>vitia</strong></span> <span class='ocrx_word' id='word_1_686' title='bbox 2695 4056 3063 4127; x_wconf 88' lang='lat' dir='ltr'><strong>supplantant,</strong></span> <span class='ocrx_word' id='word_1_687' title='bbox 3087 4068 3143 4113; x_wconf 90' lang='lat' dir='ltr'><strong>et</strong></span> <span class='ocrx_word' id='word_1_688' title='bbox 3168 4057 3338 4111; x_wconf 88' lang='lat' dir='ltr'><strong>Deum</strong></span> 
     </span>
    </p>
   </div>
   <div class='ocr_carea' id='block_1_44' title="bbox 84 4144 3330 4227">
    <p class='ocr_par' dir='ltr' id='par_1_44' title="bbox 84 4144 3330 4227">
     <span class='ocr_line' id='line_1_44' title="bbox 84 4144 3330 4227; baseline 0 -29"><span class='ocrx_word' id='word_1_689' title='bbox 84 4154 224 4209; x_wconf 56' lang='lat' dir='ltr'><strong>dicit;</strong></span> <span class='ocrx_word' id='word_1_690' title='bbox 260 4175 279 4208; x_wconf 67' lang='grc' dir='ltr'><strong>ι</strong></span> <span class='ocrx_word' id='word_1_691' title='bbox 307 4158 420 4225; x_wconf 65' lang='lat' dir='ltr'><strong>Ego</strong></span> <span class='ocrx_word' id='word_1_692' title='bbox 446 4173 566 4212; x_wconf 67' lang='lat' dir='ltr'><strong>sum</strong></span> <span class='ocrx_word' id='word_1_693' title='bbox 598 4159 707 4223; x_wconf 54' lang='lat' dir='ltr'><strong>via,</strong></span> <span class='ocrx_word' id='word_1_694' title='bbox 734 4159 933 4213; x_wconf 67' lang='grc' dir='ltr'><strong>γονίιειε</strong></span> <span class='ocrx_word' id='word_1_695' title='bbox 959 4168 1014 4212; x_wconf 66' lang='grc' dir='ltr'><strong>οι</strong></span> <span class='ocrx_word' id='word_1_696' title='bbox 1033 4158 1140 4210; x_wconf 60' lang='lat' dir='ltr'><strong>vim</strong></span> <span class='ocrx_word' id='word_1_697' title='bbox 1168 4158 1350 4227; x_wconf 69' lang='grc' dir='ltr'><strong>(Ιοαη,</strong></span> <span class='ocrx_word' id='word_1_698' title='bbox 1381 4174 1489 4222; x_wconf 62' lang='grc' dir='ltr'><strong>χεν,</strong></span> <span class='ocrx_word' id='word_1_699' title='bbox 1510 4161 1587 4227; x_wconf 73' lang='grc' dir='ltr'><strong>(ί),</strong></span> <span class='ocrx_word' id='word_1_700' title='bbox 1621 4176 1639 4207; x_wconf 76' lang='lat'><em>.</em></span> <span class='ocrx_word' id='word_1_701' title='bbox 1743 4144 1857 4213; x_wconf 88' lang='lat' dir='ltr'><strong>jam</strong></span> <span class='ocrx_word' id='word_1_702' title='bbox 1886 4147 1937 4199; x_wconf 84' lang='lat' dir='ltr'><strong>iit</strong></span> <span class='ocrx_word' id='word_1_703' title='bbox 1972 4146 2431 4216; x_wconf 76' lang='lat' dir='ltr'><strong>contemplatione</strong></span> <span class='ocrx_word' id='word_1_704' title='bbox 2452 4148 2652 4204; x_wconf 82' lang='lat' dir='ltr'><strong>vident.</strong></span> <span class='ocrx_word' id='word_1_705' title='bbox 2682 4148 2845 4215; x_wconf 85' lang='lat' dir='ltr'><strong>Quasi</strong></span> <span class='ocrx_word' id='word_1_706' title='bbox 2864 4148 3040 4202; x_wconf 83' lang='lat' dir='ltr'><strong>dicat:</strong></span> <span class='ocrx_word' id='word_1_707' title='bbox 3070 4147 3183 4217; x_wconf 75' lang='lat' dir='ltr'><strong>F-go</strong></span> <span class='ocrx_word' id='word_1_708' title='bbox 3212 4164 3330 4202; x_wconf 88' lang='lat' dir='ltr'><strong>smn</strong></span> 
     </span>
    </p>
   </div>
   <div class='ocr_carea' id='block_1_45' title="bbox 86 4236 1612 4320">
    <p class='ocr_par' dir='ltr' id='par_1_45' title="bbox 86 4244 1609 4320">
     <span class='ocr_line' id='line_1_45' title="bbox 86 4244 1609 4320; baseline 0.002 -23"><span class='ocrx_word' id='word_1_709' title='bbox 86 4244 137 4298; x_wconf 85' lang='lat' dir='ltr'><strong>Et</strong></span> <span class='ocrx_word' id='word_1_710' title='bbox 160 4247 474 4316; x_wconf 79' lang='lat' dir='ltr'><strong>Apostolus:</strong></span> <span class='ocrx_word' id='word_1_711' title='bbox 512 4250 659 4320; x_wconf 84' lang='lat' dir='ltr'><strong>tlpse</strong></span> <span class='ocrx_word' id='word_1_712' title='bbox 689 4259 770 4304; x_wconf 88' lang='lat' dir='ltr'><strong>est</strong></span> <span class='ocrx_word' id='word_1_713' title='bbox 792 4266 892 4320; x_wconf 76' lang='lat' dir='ltr'><strong>pax</strong></span> <span class='ocrx_word' id='word_1_714' title='bbox 919 4260 1127 4315; x_wconf 88' lang='lat' dir='ltr'><strong>nostra,</strong></span> <span class='ocrx_word' id='word_1_715' title='bbox 1158 4250 1248 4318; x_wconf 88' lang='lat' dir='ltr'><strong>qui</strong></span> <span class='ocrx_word' id='word_1_716' title='bbox 1274 4249 1609 4318; x_wconf 83' lang='lat' dir='ltr'><strong>fecitutraqu</strong></span> 
     </span>
    </p>
   </div>
   <div class='ocr_carea' id='block_1_46' title="bbox 1804 4236 3330 4320">
    <p class='ocr_par' dir='ltr' id='par_1_46' title="bbox 1808 4236 3330 4307">
     <span class='ocr_line' id='line_1_46' title="bbox 1808 4236 3330 4307; baseline -0.001 -19"><span class='ocrx_word' id='word_1_717' title='bbox 1808 4251 1836 4288; x_wconf 89' lang='lat' dir='ltr'><strong>e</strong></span> <span class='ocrx_word' id='word_1_718' title='bbox 1866 4236 2125 4290; x_wconf 89' lang='lat' dir='ltr'><strong>Dominus</strong></span> <span class='ocrx_word' id='word_1_719' title='bbox 2148 4238 2238 4307; x_wconf 88' lang='lat' dir='ltr'><strong>qtti</strong></span> <span class='ocrx_word' id='word_1_720' title='bbox 2275 4238 2362 4293; x_wconf 89' lang='lat' dir='ltr'><strong>hic</strong></span> <span class='ocrx_word' id='word_1_721' title='bbox 2395 4237 2560 4293; x_wconf 85' lang='lat' dir='ltr'><strong>Israel</strong></span> <span class='ocrx_word' id='word_1_722' title='bbox 2616 4237 2864 4301; x_wconf 82' lang='lat' dir='ltr'><strong>salvabo,</strong></span> <span class='ocrx_word' id='word_1_723' title='bbox 2920 4245 2976 4291; x_wconf 90' lang='lat' dir='ltr'><strong>et</strong></span> <span class='ocrx_word' id='word_1_724' title='bbox 3024 4236 3079 4290; x_wconf 91' lang='lat' dir='ltr'><strong>in</strong></span> <span class='ocrx_word' id='word_1_725' title='bbox 3129 4236 3330 4300; x_wconf 85' lang='lat' dir='ltr'><strong>futuro,</strong></span> 
     </span>
    </p>
   </div>
   <div class='ocr_carea' id='block_1_47' title="bbox 84 4322 1610 4409">
    <p class='ocr_par' dir='ltr' id='par_1_47' title="bbox 84 4338 1605 4409">
     <span class='ocr_line' id='line_1_47' title="bbox 84 4338 1605 4409; baseline 0.005 -24"><span class='ocrx_word' id='word_1_726' title='bbox 84 4349 220 4389; x_wconf 89' lang='lat' dir='ltr'><strong>unum</strong></span> <span class='ocrx_word' id='word_1_727' title='bbox 264 4338 492 4409; x_wconf 79' lang='lat' dir='ltr'><strong>(Ephes.</strong></span> <span class='ocrx_word' id='word_1_728' title='bbox 523 4355 601 4402; x_wconf 88' lang='grc' dir='ltr'><strong>ιι,</strong></span> <span class='ocrx_word' id='word_1_729' title='bbox 638 4340 747 4408; x_wconf 76' lang='grc'><strong>14).</strong></span> <span class='ocrx_word' id='word_1_730' title='bbox 788 4359 806 4390; x_wconf 73' lang='grc' dir='ltr'><strong>ι</strong></span> <span class='ocrx_word' id='word_1_731' title='bbox 865 4340 927 4393; x_wconf 76' lang='lat' dir='ltr'><strong>Et</strong></span> <span class='ocrx_word' id='word_1_732' title='bbox 964 4340 1084 4393; x_wconf 87' lang='lat' dir='ltr'><strong>ideo</strong></span> <span class='ocrx_word' id='word_1_733' title='bbox 1122 4356 1228 4393; x_wconf 88' lang='lat' dir='ltr'><strong>non</strong></span> <span class='ocrx_word' id='word_1_734' title='bbox 1274 4348 1605 4408; x_wconf 67' lang='lat' dir='ltr'><strong>cognosc-ent</strong></span> 
     </span>
    </p>
   </div>
   <div class='ocr_carea' id='block_1_48' title="bbox 1807 4322 3333 4409">
    <p class='ocr_par' dir='ltr' id='par_1_48' title="bbox 1807 4322 3333 4396">
     <span class='ocr_line' id='line_1_48' title="bbox 1807 4322 3333 4396; baseline -0.002 -19"><span class='ocrx_word' id='word_1_735' title='bbox 1807 4325 2041 4380; x_wconf 69' lang='lat' dir='ltr'><strong>&#39;ertendo</strong></span> <span class='ocrx_word' id='word_1_736' title='bbox 2061 4327 2453 4396; x_wconf 80' lang='lat' dir='ltr'><strong>captivitatem,</strong></span> <span class='ocrx_word' id='word_1_737' title='bbox 2469 4326 2639 4382; x_wconf 80' lang='lat' dir='ltr'><strong>Jacob</strong></span> <span class='ocrx_word' id='word_1_738' title='bbox 2661 4334 2714 4380; x_wconf 93' lang='lat' dir='ltr'><strong>et</strong></span> <span class='ocrx_word' id='word_1_739' title='bbox 2736 4324 2901 4381; x_wconf 87' lang='lat' dir='ltr'><strong>Israel</strong></span> <span class='ocrx_word' id='word_1_740' title='bbox 2924 4324 3095 4380; x_wconf 66' lang='lat' dir='ltr'><strong>laetari</strong></span> <span class='ocrx_word' id='word_1_741' title='bbox 3115 4322 3333 4379; x_wconf 87' lang='lat' dir='ltr'><strong>faciam.</strong></span> 
     </span>
    </p>
   </div>
   <div class='ocr_carea' id='block_1_49' title="bbox 84 4427 2853 4492">
    <p class='ocr_par' dir='ltr' id='par_1_49' title="bbox 84 4427 2853 4492">
     <span class='ocr_line' id='line_1_49' title="bbox 84 4427 2853 4492; baseline 0.003 -15"><span class='ocrx_word' id='word_1_742' title='bbox 84 4427 187 4492; x_wconf 81' lang='lat' dir='ltr'><strong>quia</strong></span> <span class='ocrx_word' id='word_1_743' title='bbox 237 4445 337 4482; x_wconf 83' lang='lat' dir='ltr'><strong>non</strong></span> <span class='ocrx_word' id='word_1_744' title='bbox 382 4440 462 4482; x_wconf 81' lang='lat' dir='ltr'><strong>est</strong></span> <span class='ocrx_word' id='word_1_745' title='bbox 510 4431 666 4483; x_wconf 87' lang='lat' dir='ltr'><strong>timor</strong></span> <span class='ocrx_word' id='word_1_746' title='bbox 693 4429 790 4482; x_wconf 85' lang='lat' dir='ltr'><strong>Dei</strong></span> <span class='ocrx_word' id='word_1_747' title='bbox 818 4441 939 4483; x_wconf 84' lang='lat' dir='ltr'><strong>ante</strong></span> <span class='ocrx_word' id='word_1_748' title='bbox 984 4432 1161 4483; x_wconf 84' lang='lat' dir='ltr'><strong>oculos</strong></span> <span class='ocrx_word' id='word_1_749' title='bbox 1203 4430 1399 4484; x_wconf 87' lang='lat' dir='ltr'><strong>utentis</strong></span> <span class='ocrx_word' id='word_1_750' title='bbox 1428 4445 1643 4492; x_wconf 85' lang='lat' dir='ltr'><strong>eorum,</strong></span> <span class='ocrx_word' id='word_1_751' title='bbox 1685 4486 1718 4492; x_wconf 17' lang='grc' dir='ltr'>,γ</span> <span class='ocrx_word' id='word_1_752' title='bbox 2229 4437 2294 4492; x_wconf 55' lang='grc' dir='ltr'>ιδ</span> <span class='ocrx_word' id='word_1_753' title='bbox 2334 4437 2662 4492; x_wconf 71' lang='lat' dir='ltr'><strong>PSALMUM</strong></span> <span class='ocrx_word' id='word_1_754' title='bbox 2714 4435 2853 4491; x_wconf 79' lang='lat' dir='ltr'><strong>XIV.</strong></span> 
     </span>
    </p>
   </div>
   <div class='ocr_carea' id='block_1_50' title="bbox 83 4486 3342 4599">
    <p class='ocr_par' dir='ltr' id='par_1_50' title="bbox 83 4486 3342 4599">
     <span class='ocr_line' id='line_1_50' title="bbox 83 4486 3342 4599; baseline 0.004 -33"><span class='ocrx_word' id='word_1_755' title='bbox 83 4513 122 4567; x_wconf 91' lang='lat' dir='ltr'><strong>id</strong></span> <span class='ocrx_word' id='word_1_756' title='bbox 145 4520 365 4587; x_wconf 87' lang='lat' dir='ltr'><strong>estquia</strong></span> <span class='ocrx_word' id='word_1_757' title='bbox 392 4534 504 4574; x_wconf 90' lang='lat' dir='ltr'><strong>non</strong></span> <span class='ocrx_word' id='word_1_758' title='bbox 536 4522 721 4573; x_wconf 89' lang='lat' dir='ltr'><strong>timent</strong></span> <span class='ocrx_word' id='word_1_759' title='bbox 753 4520 943 4574; x_wconf 86' lang='lat' dir='ltr'><strong>Deum.</strong></span> <span class='ocrx_word' id='word_1_760' title='bbox 984 4539 1001 4569; x_wconf 74' lang='grc' dir='ltr'><strong>ι</strong></span> <span class='ocrx_word' id='word_1_761' title='bbox 1039 4519 1255 4574; x_wconf 87' lang='lat' dir='ltr'><strong>luitiuut</strong></span> <span class='ocrx_word' id='word_1_762' title='bbox 1278 4521 1421 4574; x_wconf 88' lang='lat' dir='ltr'><strong>enim</strong></span> <span class='ocrx_word' id='word_1_763' title='bbox 1443 4521 1628 4590; x_wconf 86' lang='lat' dir='ltr'><strong>sapien</strong></span> <span class='ocrx_word' id='word_1_764' title='bbox 1684 4486 1729 4543; x_wconf 77' lang='grc' dir='ltr'>υ</span> <span class='ocrx_word' id='word_1_765' title='bbox 1830 4529 2042 4585; x_wconf 66' lang='lat' dir='ltr'><strong>Titulus</strong></span> <span class='ocrx_word' id='word_1_766' title='bbox 2087 4530 2263 4599; x_wconf 75' lang='lat' dir='ltr'><strong>quam</strong></span> <span class='ocrx_word' id='word_1_767' title='bbox 2313 4528 2500 4581; x_wconf 79' lang='lat' dir='ltr'><strong>decimi</strong></span> <span class='ocrx_word' id='word_1_768' title='bbox 2554 4541 2571 4579; x_wconf 90' lang='lat'><strong>:</strong></span> <span class='ocrx_word' id='word_1_769' title='bbox 2628 4527 2879 4583; x_wconf 77' lang='lat' dir='ltr'><strong>Psalmus</strong></span> <span class='ocrx_word' id='word_1_770' title='bbox 2923 4527 3116 4594; x_wconf 85' lang='lat' dir='ltr'><strong>David,</strong></span> <span class='ocrx_word' id='word_1_771' title='bbox 3168 4524 3221 4581; x_wconf 85' lang='lat' dir='ltr'><strong>id</strong></span> <span class='ocrx_word' id='word_1_772' title='bbox 3256 4536 3342 4581; x_wconf 87' lang='lat' dir='ltr'><strong>est</strong></span> 
     </span>
    </p>
   </div>
   <div class='ocr_carea' id='block_1_51' title="bbox 82 4606 1608 4682">
    <p class='ocr_par' dir='ltr' id='par_1_51' title="bbox 82 4606 1073 4682">
     <span class='ocr_line' id='line_1_51' title="bbox 82 4606 1073 4682; baseline 0.011 -26"><span class='ocrx_word' id='word_1_773' title='bbox 82 4606 149 4659; x_wconf 64' lang='lat' dir='ltr'><strong>tiae</strong></span> <span class='ocrx_word' id='word_1_774' title='bbox 170 4610 322 4663; x_wconf 90' lang='lat' dir='ltr'><strong>timor</strong></span> <span class='ocrx_word' id='word_1_775' title='bbox 356 4612 572 4665; x_wconf 90' lang='lat' dir='ltr'><strong>Domini</strong></span> <span class='ocrx_word' id='word_1_776' title='bbox 597 4611 799 4681; x_wconf 84' lang='lat' dir='ltr'><strong>(Eccle.</strong></span> <span class='ocrx_word' id='word_1_777' title='bbox 832 4628 880 4676; x_wconf 86' lang='grc' dir='ltr'><strong>ι,</strong></span> <span class='ocrx_word' id='word_1_778' title='bbox 920 4612 1029 4682; x_wconf 78' lang='grc'><strong>16).</strong></span> <span class='ocrx_word' id='word_1_779' title='bbox 1055 4630 1073 4663; x_wconf 77' lang='grc' dir='ltr'><strong>ι</strong></span> 
     </span>
    </p>
   </div>
   <div class='ocr_carea' id='block_1_52' title="bbox 1812 4606 3338 4682">
    <p class='ocr_par' dir='ltr' id='par_1_52' title="bbox 1812 4618 3338 4675">
     <span class='ocr_line' id='line_1_52' title="bbox 1812 4618 3338 4675; baseline -0.002 -1"><span class='ocrx_word' id='word_1_780' title='bbox 1812 4622 1976 4675; x_wconf 88' lang='lat' dir='ltr'><strong>bristo</strong></span> <span class='ocrx_word' id='word_1_781' title='bbox 2024 4620 2425 4674; x_wconf 85' lang='lat' dir='ltr'><strong>attribueudus.</strong></span> <span class='ocrx_word' id='word_1_782' title='bbox 2482 4618 2550 4672; x_wconf 85' lang='lat' dir='ltr'><strong>Et</strong></span> <span class='ocrx_word' id='word_1_783' title='bbox 2599 4618 2962 4674; x_wconf 88' lang='lat' dir='ltr'><strong>introducitur</strong></span> <span class='ocrx_word' id='word_1_784' title='bbox 3024 4618 3338 4673; x_wconf 90' lang='lat' dir='ltr'><strong>Dominieus</strong></span> 
     </span>
    </p>
   </div>
   <div class='ocr_carea' id='block_1_53' title="bbox 137 4698 3338 4780">
    <p class='ocr_par' dir='ltr' id='par_1_53' title="bbox 137 4698 3338 4780">
     <span class='ocr_line' id='line_1_53' title="bbox 137 4698 3338 4780; baseline 0.003 -29"><span class='ocrx_word' id='word_1_785' title='bbox 137 4698 382 4757; x_wconf 67' lang='lat' dir='ltr'><strong>Praedicta</strong></span> <span class='ocrx_word' id='word_1_786' title='bbox 412 4718 606 4757; x_wconf 91' lang='lat' dir='ltr'><strong>eorum</strong></span> <span class='ocrx_word' id='word_1_787' title='bbox 635 4704 981 4767; x_wconf 88' lang='lat' dir='ltr'><strong>contritione,</strong></span> <span class='ocrx_word' id='word_1_788' title='bbox 1010 4704 1248 4759; x_wconf 87' lang='lat' dir='ltr'><strong>ostendit</strong></span> <span class='ocrx_word' id='word_1_789' title='bbox 1271 4704 1437 4759; x_wconf 89' lang='lat' dir='ltr'><strong>etiam</strong></span> <span class='ocrx_word' id='word_1_790' title='bbox 1459 4718 1646 4757; x_wconf 88' lang='lat' dir='ltr'><strong>eormn</strong></span> <span class='ocrx_word' id='word_1_791' title='bbox 1757 4712 1917 4767; x_wconf 82' lang='lat' dir='ltr'><strong>homo</strong></span> <span class='ocrx_word' id='word_1_792' title='bbox 1942 4712 2195 4780; x_wconf 87' lang='lat' dir='ltr'><strong>loquens,</strong></span> <span class='ocrx_word' id='word_1_793' title='bbox 2229 4710 2367 4779; x_wconf 85' lang='lat' dir='ltr'><strong>quia</strong></span> <span class='ocrx_word' id='word_1_794' title='bbox 2407 4709 2660 4763; x_wconf 83' lang='lat' dir='ltr'><strong>dixerat:</strong></span> <span class='ocrx_word' id='word_1_795' title='bbox 2693 4709 2853 4765; x_wconf 88' lang='lat' dir='ltr'><strong>Dabit</strong></span> <span class='ocrx_word' id='word_1_796' title='bbox 2895 4709 3133 4765; x_wconf 88' lang='lat' dir='ltr'><strong>salutare</strong></span> <span class='ocrx_word' id='word_1_797' title='bbox 3154 4706 3338 4770; x_wconf 87' lang='lat' dir='ltr'><strong>Israel,</strong></span> 
     </span>
    </p>
   </div>
   <div class='ocr_carea' id='block_1_54' title="bbox 79 4793 3341 4870">
    <p class='ocr_par' dir='ltr' id='par_1_54' title="bbox 79 4793 3341 4870">
     <span class='ocr_line' id='line_1_54' title="bbox 79 4793 3341 4870; baseline 0.002 -26"><span class='ocrx_word' id='word_1_798' title='bbox 79 4793 461 4851; x_wconf 82' lang='lat' dir='ltr'><strong>damnationem</strong></span> <span class='ocrx_word' id='word_1_799' title='bbox 507 4813 630 4851; x_wconf 90' lang='lat' dir='ltr'><strong>cum</strong></span> <span class='ocrx_word' id='word_1_800' title='bbox 679 4798 1049 4867; x_wconf 87' lang='lat' dir='ltr'><strong>increpatione</strong></span> <span class='ocrx_word' id='word_1_801' title='bbox 1097 4813 1426 4866; x_wconf 90' lang='lat' dir='ltr'><strong>suorumque</strong></span> <span class='ocrx_word' id='word_1_802' title='bbox 1459 4812 1643 4851; x_wconf 85' lang='lat' dir='ltr'><strong>reuiu-</strong></span> <span class='ocrx_word' id='word_1_803' title='bbox 1753 4815 1800 4857; x_wconf 78' lang='grc' dir='ltr'><strong>ει</strong></span> <span class='ocrx_word' id='word_1_804' title='bbox 1821 4802 2280 4857; x_wconf 63' lang='grc' dir='ltr'><strong>επευιιαὺίιλαεου</strong></span> <span class='ocrx_word' id='word_1_805' title='bbox 2305 4811 2353 4855; x_wconf 81' lang='lat' dir='ltr'><strong>et</strong></span> <span class='ocrx_word' id='word_1_806' title='bbox 2376 4801 2641 4855; x_wconf 68' lang='lat' dir='ltr'><strong>[relabitur</strong></span> <span class='ocrx_word' id='word_1_807' title='bbox 2670 4799 2859 4864; x_wconf 81' lang='lat' dir='ltr'><strong>Israel,</strong></span> <span class='ocrx_word' id='word_1_808' title='bbox 2888 4816 2956 4855; x_wconf 78' lang='lat' dir='ltr'><strong>ne</strong></span> <span class='ocrx_word' id='word_1_809' title='bbox 2984 4808 3341 4870; x_wconf 64' lang='lat' dir='ltr'><strong>praesumeret</strong></span> 
     </span>
    </p>
   </div>
   <div class='ocr_carea' id='block_1_55' title="bbox 82 4888 3341 4965">
    <p class='ocr_par' dir='ltr' id='par_1_55' title="bbox 82 4888 3341 4965">
     <span class='ocr_line' id='line_1_55' title="bbox 82 4888 3341 4965; baseline 0.002 -28"><span class='ocrx_word' id='word_1_810' title='bbox 82 4889 353 4954; x_wconf 79' lang='lat' dir='ltr'><strong>iteratione,</strong></span> <span class='ocrx_word' id='word_1_811' title='bbox 381 4891 467 4944; x_wconf 92' lang='lat' dir='ltr'><strong>sic</strong></span> <span class='ocrx_word' id='word_1_812' title='bbox 493 4908 505 4941; x_wconf 92' lang='lat'><strong>:</strong></span> <span class='ocrx_word' id='word_1_813' title='bbox 539 4905 662 4945; x_wconf 87' lang='lat' dir='ltr'><strong>cum</strong></span> <span class='ocrx_word' id='word_1_814' title='bbox 694 4891 792 4959; x_wconf 89' lang='lat' dir='ltr'><strong>ipsi</strong></span> <span class='ocrx_word' id='word_1_815' title='bbox 822 4891 931 4944; x_wconf 89' lang='lat' dir='ltr'><strong>sint</strong></span> <span class='ocrx_word' id='word_1_816' title='bbox 960 4891 1269 4959; x_wconf 89' lang='lat' dir='ltr'><strong>sepulcrum</strong></span> <span class='ocrx_word' id='word_1_817' title='bbox 1307 4900 1362 4943; x_wconf 87' lang='lat' dir='ltr'><strong>et</strong></span> <span class='ocrx_word' id='word_1_818' title='bbox 1391 4888 1560 4943; x_wconf 80' lang='lat' dir='ltr'><strong>dolosi</strong></span> <span class='ocrx_word' id='word_1_819' title='bbox 1592 4898 1647 4943; x_wconf 88' lang='lat' dir='ltr'><strong>et</strong></span> <span class='ocrx_word' id='word_1_820' title='bbox 1752 4895 1979 4965; x_wconf 83' lang='lat' dir='ltr'><strong>quilibet</strong></span> <span class='ocrx_word' id='word_1_821' title='bbox 2006 4894 2097 4963; x_wconf 92' lang='lat' dir='ltr'><strong>qui</strong></span> <span class='ocrx_word' id='word_1_822' title='bbox 2124 4893 2462 4949; x_wconf 88' lang='lat' dir='ltr'><strong>solummodo</strong></span> <span class='ocrx_word' id='word_1_823' title='bbox 2479 4894 2787 4948; x_wconf 78' lang='lat' dir='ltr'><strong>Christiano</strong></span> <span class='ocrx_word' id='word_1_824' title='bbox 2812 4893 3029 4947; x_wconf 87' lang='lat' dir='ltr'><strong>nomine</strong></span> <span class='ocrx_word' id='word_1_825' title='bbox 3053 4897 3341 4946; x_wconf 87' lang='lat' dir='ltr'><strong>vocaretur</strong></span> 
     </span>
    </p>
   </div>
   <div class='ocr_carea' id='block_1_56' title="bbox 82 4977 3340 5051">
    <p class='ocr_par' dir='ltr' id='par_1_56' title="bbox 82 4977 3340 5051">
     <span class='ocr_line' id='line_1_56' title="bbox 82 4977 3340 5051; baseline -0.004 -8"><span class='ocrx_word' id='word_1_826' title='bbox 82 4977 265 5033; x_wconf 69' lang='grc' dir='ltr'>νειοεθε</span> <span class='ocrx_word' id='word_1_827' title='bbox 292 4983 361 5034; x_wconf 85' lang='lat' dir='ltr'><strong>ad</strong></span> <span class='ocrx_word' id='word_1_828' title='bbox 394 4980 784 5035; x_wconf 70' lang='lat' dir='ltr'><strong>effundendum</strong></span> <span class='ocrx_word' id='word_1_829' title='bbox 815 4983 1158 5051; x_wconf 79' lang='lat' dir='ltr'><strong>sanguinem.</strong></span> <span class='ocrx_word' id='word_1_830' title='bbox 1216 4980 1405 5036; x_wconf 81' lang='lat' dir='ltr'><strong>Nonne</strong></span> <span class='ocrx_word' id='word_1_831' title='bbox 1453 4998 1646 5051; x_wconf 79' lang='lat' dir='ltr'><strong>cogno-</strong></span> <span class='ocrx_word' id='word_1_832' title='bbox 1751 5004 1810 5043; x_wconf 86' lang='lat' dir='ltr'><strong>se</strong></span> <span class='ocrx_word' id='word_1_833' title='bbox 1832 4987 2147 5042; x_wconf 81' lang='lat' dir='ltr'><strong>Salvandum</strong></span> <span class='ocrx_word' id='word_1_834' title='bbox 2175 4995 2228 5039; x_wconf 90' lang='lat' dir='ltr'><strong>et</strong></span> <span class='ocrx_word' id='word_1_835' title='bbox 2259 4986 2569 5041; x_wconf 67' lang='lat' dir='ltr'><strong>laetaturum</strong></span> <span class='ocrx_word' id='word_1_836' title='bbox 2605 5003 2618 5038; x_wconf 84' lang='lat'><strong>:</strong></span> <span class='ocrx_word' id='word_1_837' title='bbox 2652 4985 2885 5040; x_wconf 82' lang='lat' dir='ltr'><strong>intendit</strong></span> <span class='ocrx_word' id='word_1_838' title='bbox 2906 4986 3192 5038; x_wconf 86' lang='lat' dir='ltr'><strong>ostendere</strong></span> <span class='ocrx_word' id='word_1_839' title='bbox 3218 4981 3340 5047; x_wconf 85' lang='lat' dir='ltr'><strong>quis</strong></span> 
     </span>
    </p>
   </div>
   <div class='ocr_carea' id='block_1_57' title="bbox 80 5068 3383 5149">
    <p class='ocr_par' dir='ltr' id='par_1_57' title="bbox 80 5068 3383 5149">
     <span class='ocr_line' id='line_1_57' title="bbox 80 5068 3383 5149; baseline -0.002 -22"><span class='ocrx_word' id='word_1_840' title='bbox 80 5082 199 5122; x_wconf 65' lang='lat' dir='ltr'><strong>trem</strong></span> <span class='ocrx_word' id='word_1_841' title='bbox 231 5089 413 5127; x_wconf 88' lang='lat' dir='ltr'><strong>omnes</strong></span> <span class='ocrx_word' id='word_1_842' title='bbox 446 5074 536 5143; x_wconf 79' lang='lat' dir='ltr'><strong>qui</strong></span> <span class='ocrx_word' id='word_1_843' title='bbox 567 5086 852 5143; x_wconf 86' lang='lat' dir='ltr'><strong>operantur</strong></span> <span class='ocrx_word' id='word_1_844' title='bbox 872 5076 1198 5144; x_wconf 85' lang='lat' dir='ltr'><strong>iniquitatem</strong></span> <span class='ocrx_word' id='word_1_845' title='bbox 1223 5115 1238 5137; x_wconf 91' lang='lat'><strong>,</strong></span> <span class='ocrx_word' id='word_1_846' title='bbox 1275 5075 1325 5128; x_wconf 86' lang='lat' dir='ltr'><strong>id</strong></span> <span class='ocrx_word' id='word_1_847' title='bbox 1354 5085 1466 5137; x_wconf 81' lang='lat' dir='ltr'><strong>est.</strong></span> <span class='ocrx_word' id='word_1_848' title='bbox 1507 5092 1651 5129; x_wconf 87' lang='lat' dir='ltr'><strong>mor-</strong></span> <span class='ocrx_word' id='word_1_849' title='bbox 1752 5081 1823 5134; x_wconf 84' lang='lat' dir='ltr'><strong>sit</strong></span> <span class='ocrx_word' id='word_1_850' title='bbox 1850 5079 1939 5134; x_wconf 88' lang='lat' dir='ltr'><strong>ille</strong></span> <span class='ocrx_word' id='word_1_851' title='bbox 1962 5079 2055 5149; x_wconf 87' lang='lat' dir='ltr'><strong>qui</strong></span> <span class='ocrx_word' id='word_1_852' title='bbox 2084 5078 2200 5132; x_wconf 58' lang='lat' dir='ltr'><strong>hac</strong></span> <span class='ocrx_word' id='word_1_853' title='bbox 2230 5077 2519 5132; x_wconf 89' lang='lat' dir='ltr'><strong>habiturus</strong></span> <span class='ocrx_word' id='word_1_854' title='bbox 2556 5076 2645 5131; x_wconf 86' lang='lat' dir='ltr'><strong>sit.</strong></span> <span class='ocrx_word' id='word_1_855' title='bbox 2682 5076 2749 5130; x_wconf 85' lang='lat' dir='ltr'><strong>Et</strong></span> <span class='ocrx_word' id='word_1_856' title='bbox 2775 5074 3030 5145; x_wconf 88' lang='lat' dir='ltr'><strong>quoniam</strong></span> <span class='ocrx_word' id='word_1_857' title='bbox 3060 5070 3237 5124; x_wconf 91' lang='lat' dir='ltr'><strong>nullus</strong></span> <span class='ocrx_word' id='word_1_858' title='bbox 3261 5068 3341 5121; x_wconf 82' lang='lat' dir='ltr'><strong>sic</strong></span> <span class='ocrx_word' id='word_1_859' title='bbox 3375 5138 3383 5149; x_wconf 40' lang='lat'><strong>.</strong></span> 
     </span>
    </p>
   </div>
   <div class='ocr_carea' id='block_1_58' title="bbox 83 5158 3338 5241">
    <p class='ocr_par' dir='ltr' id='par_1_58' title="bbox 83 5158 3338 5241">
     <span class='ocr_line' id='line_1_58' title="bbox 83 5158 3338 5241; baseline -0 -30"><span class='ocrx_word' id='word_1_860' title='bbox 83 5170 171 5213; x_wconf 80' lang='lat' dir='ltr'><strong>tem</strong></span> <span class='ocrx_word' id='word_1_861' title='bbox 198 5178 397 5227; x_wconf 86' lang='lat' dir='ltr'><strong>meam,</strong></span> <span class='ocrx_word' id='word_1_862' title='bbox 437 5181 560 5234; x_wconf 79' lang='lat' dir='ltr'><strong>qua:</strong></span> <span class='ocrx_word' id='word_1_863' title='bbox 592 5166 773 5234; x_wconf 89' lang='lat' dir='ltr'><strong>inique</strong></span> <span class='ocrx_word' id='word_1_864' title='bbox 803 5165 1033 5219; x_wconf 87' lang='lat' dir='ltr'><strong>infertur</strong></span> <span class='ocrx_word' id='word_1_865' title='bbox 1061 5168 1130 5221; x_wconf 91' lang='lat' dir='ltr'><strong>ab</strong></span> <span class='ocrx_word' id='word_1_866' title='bbox 1160 5168 1271 5222; x_wconf 88' lang='lat' dir='ltr'><strong>eis?</strong></span> <span class='ocrx_word' id='word_1_867' title='bbox 1298 5169 1361 5221; x_wconf 70' lang='lat' dir='ltr'><strong>Et</strong></span> <span class='ocrx_word' id='word_1_868' title='bbox 1382 5169 1470 5238; x_wconf 86' lang='lat' dir='ltr'><strong>qui</strong></span> <span class='ocrx_word' id='word_1_869' title='bbox 1492 5169 1649 5222; x_wconf 83' lang='lat' dir='ltr'><strong>devo-</strong></span> <span class='ocrx_word' id='word_1_870' title='bbox 1755 5173 2038 5227; x_wconf 79' lang='lat' dir='ltr'><strong>laetaturas</strong></span> <span class='ocrx_word' id='word_1_871' title='bbox 2066 5180 2168 5234; x_wconf 89' lang='lat' dir='ltr'><strong>est,</strong></span> <span class='ocrx_word' id='word_1_872' title='bbox 2192 5170 2282 5239; x_wconf 93' lang='lat' dir='ltr'><strong>qui</strong></span> <span class='ocrx_word' id='word_1_873' title='bbox 2307 5169 2460 5241; x_wconf 90' lang='lat' dir='ltr'><strong>prius</strong></span> <span class='ocrx_word' id='word_1_874' title='bbox 2482 5184 2587 5224; x_wconf 90' lang='lat' dir='ltr'><strong>non</strong></span> <span class='ocrx_word' id='word_1_875' title='bbox 2613 5169 2683 5223; x_wconf 87' lang='lat' dir='ltr'><strong>sit</strong></span> <span class='ocrx_word' id='word_1_876' title='bbox 2707 5168 2793 5221; x_wconf 89' lang='lat' dir='ltr'><strong>hic</strong></span> <span class='ocrx_word' id='word_1_877' title='bbox 2816 5168 2868 5220; x_wconf 91' lang='lat' dir='ltr'><strong>in</strong></span> <span class='ocrx_word' id='word_1_878' title='bbox 2888 5164 3076 5219; x_wconf 90' lang='lat' dir='ltr'><strong>militia</strong></span> <span class='ocrx_word' id='word_1_879' title='bbox 3094 5158 3294 5213; x_wconf 88' lang='lat' dir='ltr'><strong>Christi</strong></span> <span class='ocrx_word' id='word_1_880' title='bbox 3321 5172 3338 5211; x_wconf 88' lang='lat'><strong>:</strong></span> 
     </span>
    </p>
   </div>
   <div class='ocr_carea' id='block_1_59' title="bbox 84 5246 3337 5331">
    <p class='ocr_par' dir='ltr' id='par_1_59' title="bbox 84 5246 3337 5331">
     <span class='ocr_line' id='line_1_59' title="bbox 84 5246 3337 5331; baseline -0.001 -28"><span class='ocrx_word' id='word_1_881' title='bbox 84 5262 210 5316; x_wconf 73' lang='lat' dir='ltr'><strong>ruit,</strong></span> <span class='ocrx_word' id='word_1_882' title='bbox 254 5256 307 5309; x_wconf 87' lang='lat' dir='ltr'><strong>id</strong></span> <span class='ocrx_word' id='word_1_883' title='bbox 338 5272 425 5311; x_wconf 89' lang='lat' dir='ltr'><strong>est</strong></span> <span class='ocrx_word' id='word_1_884' title='bbox 483 5258 879 5326; x_wconf 85' lang='lat' dir='ltr'><strong>iucorporaudo</strong></span> <span class='ocrx_word' id='word_1_885' title='bbox 930 5259 1194 5311; x_wconf 81' lang='lat' dir='ltr'><strong>devorare</strong></span> <span class='ocrx_word' id='word_1_886' title='bbox 1243 5270 1293 5313; x_wconf 85' lang='grc' dir='ltr'><strong>ει</strong></span> <span class='ocrx_word' id='word_1_887' title='bbox 1342 5261 1650 5315; x_wconf 84' lang='lat' dir='ltr'><strong>interﬁcere</strong></span> <span class='ocrx_word' id='word_1_888' title='bbox 1756 5278 1820 5315; x_wconf 79' lang='lat' dir='ltr'><strong>ex</strong></span> <span class='ocrx_word' id='word_1_889' title='bbox 1858 5260 2447 5331; x_wconf 67' lang='lat' dir='ltr'><strong>benevolentiaquzerit</strong></span> <span class='ocrx_word' id='word_1_890' title='bbox 2479 5258 2603 5329; x_wconf 92' lang='lat' dir='ltr'><strong>quis</strong></span> <span class='ocrx_word' id='word_1_891' title='bbox 2655 5258 2743 5312; x_wconf 80' lang='lat' dir='ltr'><strong>hic</strong></span> <span class='ocrx_word' id='word_1_892' title='bbox 2770 5256 2841 5310; x_wconf 88' lang='lat' dir='ltr'><strong>sit</strong></span> <span class='ocrx_word' id='word_1_893' title='bbox 2894 5256 2948 5308; x_wconf 94' lang='lat' dir='ltr'><strong>in</strong></span> <span class='ocrx_word' id='word_1_894' title='bbox 3009 5251 3197 5307; x_wconf 85' lang='lat' dir='ltr'><strong>militia</strong></span> <span class='ocrx_word' id='word_1_895' title='bbox 3219 5246 3337 5317; x_wconf 81' lang='lat' dir='ltr'><strong>ejus</strong></span> 
     </span>
    </p>
   </div>
   <div class='ocr_carea' id='block_1_60' title="bbox 83 5342 3335 5418">
    <p class='ocr_par' dir='ltr' id='par_1_60' title="bbox 83 5342 3335 5418">
     <span class='ocr_line' id='line_1_60' title="bbox 83 5342 3335 5418; baseline 0 -26"><span class='ocrx_word' id='word_1_896' title='bbox 83 5344 260 5411; x_wconf 66' lang='lat' dir='ltr'><strong>Volunt,</strong></span> <span class='ocrx_word' id='word_1_897' title='bbox 312 5348 515 5417; x_wconf 78' lang='lat' dir='ltr'><strong>plebem</strong></span> <span class='ocrx_word' id='word_1_898' title='bbox 571 5342 866 5412; x_wconf 67' lang='lat' dir='ltr'><strong>nteattt,°itl</strong></span> <span class='ocrx_word' id='word_1_899' title='bbox 918 5360 1000 5403; x_wconf 85' lang='lat' dir='ltr'><strong>est</strong></span> <span class='ocrx_word' id='word_1_900' title='bbox 1040 5352 1227 5404; x_wconf 75' lang='lat' dir='ltr'><strong>fideles</strong></span> <span class='ocrx_word' id='word_1_901' title='bbox 1282 5368 1457 5413; x_wconf 76' lang='lat' dir='ltr'><strong>ineas,</strong></span> <span class='ocrx_word' id='word_1_902' title='bbox 1516 5354 1653 5405; x_wconf 83' lang='lat' dir='ltr'><strong>sient</strong></span> <span class='ocrx_word' id='word_1_903' title='bbox 1759 5370 1878 5408; x_wconf 83' lang='lat' dir='ltr'><strong>esse</strong></span> <span class='ocrx_word' id='word_1_904' title='bbox 1906 5354 2189 5418; x_wconf 82' lang='lat' dir='ltr'><strong>dicendus,</strong></span> <span class='ocrx_word' id='word_1_905' title='bbox 2216 5363 2271 5407; x_wconf 87' lang='lat' dir='ltr'><strong>et</strong></span> <span class='ocrx_word' id='word_1_906' title='bbox 2302 5354 2354 5406; x_wconf 93' lang='lat' dir='ltr'><strong>in</strong></span> <span class='ocrx_word' id='word_1_907' title='bbox 2388 5352 2567 5405; x_wconf 88' lang='lat' dir='ltr'><strong>futuro</strong></span> <span class='ocrx_word' id='word_1_908' title='bbox 2589 5360 2790 5404; x_wconf 74' lang='lat' dir='ltr'><strong>azterua</strong></span> <span class='ocrx_word' id='word_1_909' title='bbox 2828 5348 3011 5415; x_wconf 65' lang='lat' dir='ltr'><strong>requie</strong></span> <span class='ocrx_word' id='word_1_910' title='bbox 3035 5344 3335 5400; x_wconf 69' lang='lat' dir='ltr'><strong>ltetaturus,</strong></span> 
     </span>
    </p>
   </div>
   <div class='ocr_carea' id='block_1_61' title="bbox 84 5432 3327 5513">
    <p class='ocr_par' dir='ltr' id='par_1_61' title="bbox 84 5432 3327 5513">
     <span class='ocr_line' id='line_1_61' title="bbox 84 5432 3327 5513; baseline -0.001 -28"><span class='ocrx_word' id='word_1_911' title='bbox 84 5444 395 5509; x_wconf 74' lang='lat' dir='ltr'><strong>eseampanis</strong></span> <span class='ocrx_word' id='word_1_912' title='bbox 425 5442 450 5493; x_wconf 73' lang='grc' dir='ltr'><strong>ἔ)</strong></span> <span class='ocrx_word' id='word_1_913' title='bbox 477 5441 528 5494; x_wconf 82' lang='lat' dir='ltr'><strong>id</strong></span> <span class='ocrx_word' id='word_1_914' title='bbox 553 5451 635 5494; x_wconf 85' lang='lat' dir='ltr'><strong>est</strong></span> <span class='ocrx_word' id='word_1_915' title='bbox 659 5440 918 5510; x_wconf 87' lang='lat' dir='ltr'><strong>quotidie,</strong></span> <span class='ocrx_word' id='word_1_916' title='bbox 939 5442 1076 5496; x_wconf 89' lang='lat' dir='ltr'><strong>sicut</strong></span> <span class='ocrx_word' id='word_1_917' title='bbox 1098 5458 1220 5497; x_wconf 77' lang='lat' dir='ltr'><strong>esea</strong></span> <span class='ocrx_word' id='word_1_918' title='bbox 1239 5443 1652 5511; x_wconf 84' lang='lat' dir='ltr'><strong>pauisquotidie</strong></span> <span class='ocrx_word' id='word_1_919' title='bbox 1762 5456 1817 5497; x_wconf 90' lang='lat' dir='ltr'><strong>ut</strong></span> <span class='ocrx_word' id='word_1_920' title='bbox 1848 5454 2030 5513; x_wconf 81' lang='lat' dir='ltr'><strong>postea</strong></span> <span class='ocrx_word' id='word_1_921' title='bbox 2069 5444 2267 5500; x_wconf 79' lang='lat' dir='ltr'><strong>solvat.</strong></span> <span class='ocrx_word' id='word_1_922' title='bbox 2325 5445 2387 5497; x_wconf 83' lang='lat' dir='ltr'><strong>Et</strong></span> <span class='ocrx_word' id='word_1_923' title='bbox 2450 5443 2603 5511; x_wconf 86' lang='lat' dir='ltr'><strong>ponit</strong></span> <span class='ocrx_word' id='word_1_924' title='bbox 2636 5438 3041 5493; x_wconf 63' lang='lat' dir='ltr'><strong>tabernaculum</strong></span> <span class='ocrx_word' id='word_1_925' title='bbox 3068 5450 3161 5501; x_wconf 72' lang='lat' dir='ltr'><strong>pro</strong></span> <span class='ocrx_word' id='word_1_926' title='bbox 3193 5432 3281 5482; x_wconf 84' lang='lat' dir='ltr'><strong>util</strong></span> <span class='ocrx_word' id='word_1_927' title='bbox 3312 5461 3327 5468; x_wconf 92' lang='lat'><strong>-</strong></span> 
     </span>
    </p>
   </div>
   <div class='ocr_carea' id='block_1_62' title="bbox 85 5521 3332 5604">
    <p class='ocr_par' dir='ltr' id='par_1_62' title="bbox 85 5521 3332 5604">
     <span class='ocr_line' id='line_1_62' title="bbox 85 5521 3332 5604; baseline -0.003 -21"><span class='ocrx_word' id='word_1_928' title='bbox 85 5524 367 5585; x_wconf 71' lang='lat' dir='ltr'><strong>devoratur.</strong></span> <span class='ocrx_word' id='word_1_929' title='bbox 409 5532 477 5586; x_wconf 82' lang='lat' dir='ltr'><strong>Et</strong></span> <span class='ocrx_word' id='word_1_930' title='bbox 503 5534 625 5587; x_wconf 88' lang='lat' dir='ltr'><strong>ideo</strong></span> <span class='ocrx_word' id='word_1_931' title='bbox 649 5543 945 5603; x_wconf 90' lang='lat' dir='ltr'><strong>operantur</strong></span> <span class='ocrx_word' id='word_1_932' title='bbox 973 5534 1315 5601; x_wconf 86' lang='lat' dir='ltr'><strong>iniquitatem</strong></span> <span class='ocrx_word' id='word_1_933' title='bbox 1345 5575 1359 5598; x_wconf 92' lang='lat'><strong>,</strong></span> <span class='ocrx_word' id='word_1_934' title='bbox 1391 5536 1647 5604; x_wconf 88' lang='lat' dir='ltr'><strong>quoniam</strong></span> <span class='ocrx_word' id='word_1_935' title='bbox 1760 5537 1853 5600; x_wconf 75' lang='lat' dir='ltr'><strong>tia,</strong></span> <span class='ocrx_word' id='word_1_936' title='bbox 1886 5538 2141 5603; x_wconf 89' lang='lat' dir='ltr'><strong>quoniam</strong></span> <span class='ocrx_word' id='word_1_937' title='bbox 2168 5534 2509 5590; x_wconf 87' lang='lat' dir='ltr'><strong>tabernacula</strong></span> <span class='ocrx_word' id='word_1_938' title='bbox 2571 5531 2868 5585; x_wconf 76' lang='lat' dir='ltr'><strong>militantes</strong></span> <span class='ocrx_word' id='word_1_939' title='bbox 2920 5527 3098 5581; x_wconf 85' lang='lat' dir='ltr'><strong>facere</strong></span> <span class='ocrx_word' id='word_1_940' title='bbox 3140 5521 3332 5577; x_wconf 85' lang='lat' dir='ltr'><strong>solent.</strong></span> 
     </span>
    </p>
   </div>
   <div class='ocr_carea' id='block_1_63' title="bbox 86 5613 2253 5694">
    <p class='ocr_par' dir='ltr' id='par_1_63' title="bbox 86 5613 2253 5694">
     <span class='ocr_line' id='line_1_63' title="bbox 86 5613 2253 5694; baseline 0.006 -28"><span class='ocrx_word' id='word_1_941' title='bbox 86 5613 341 5675; x_wconf 76' lang='lat' dir='ltr'><strong>Dominum</strong></span> <span class='ocrx_word' id='word_1_942' title='bbox 371 5641 477 5677; x_wconf 81' lang='lat' dir='ltr'><strong>non</strong></span> <span class='ocrx_word' id='word_1_943' title='bbox 505 5636 872 5679; x_wconf 77' lang='lat' dir='ltr'><strong>invocaverunt</strong></span> <span class='ocrx_word' id='word_1_944' title='bbox 896 5665 912 5689; x_wconf 87' lang='lat'><strong>,</strong></span> <span class='ocrx_word' id='word_1_945' title='bbox 952 5626 1002 5679; x_wconf 92' lang='lat' dir='ltr'><strong>id</strong></span> <span class='ocrx_word' id='word_1_946' title='bbox 1023 5637 1106 5679; x_wconf 82' lang='lat' dir='ltr'><strong>est</strong></span> <span class='ocrx_word' id='word_1_947' title='bbox 1134 5626 1256 5679; x_wconf 88' lang='lat' dir='ltr'><strong>ideo</strong></span> <span class='ocrx_word' id='word_1_948' title='bbox 1283 5625 1530 5694; x_wconf 89' lang='lat' dir='ltr'><strong>permisit</strong></span> <span class='ocrx_word' id='word_1_949' title='bbox 1557 5639 1651 5679; x_wconf 82' lang='lat' dir='ltr'><strong>eos</strong></span> <span class='ocrx_word' id='word_1_950' title='bbox 1758 5626 1825 5680; x_wconf 79' lang='lat' dir='ltr'><strong>Et</strong></span> <span class='ocrx_word' id='word_1_951' title='bbox 1853 5626 1953 5679; x_wconf 91' lang='lat' dir='ltr'><strong>hoc</strong></span> <span class='ocrx_word' id='word_1_952' title='bbox 1974 5627 2054 5681; x_wconf 84' lang='lat' dir='ltr'><strong>sic</strong></span> <span class='ocrx_word' id='word_1_953' title='bbox 2083 5626 2214 5681; x_wconf 86' lang='lat' dir='ltr'><strong>dicit</strong></span> <span class='ocrx_word' id='word_1_954' title='bbox 2239 5644 2253 5678; x_wconf 93' lang='lat'><strong>:</strong></span> 
     </span>
    </p>
   </div>
   <div class='ocr_carea' id='block_1_64' title="bbox 86 5700 3335 5786">
    <p class='ocr_par' dir='ltr' id='par_1_64' title="bbox 86 5700 3335 5786">
     <span class='ocr_line' id='line_1_64' title="bbox 86 5700 3335 5786; baseline -0.001 -26"><span class='ocrx_word' id='word_1_955' title='bbox 86 5704 205 5763; x_wconf 84' lang='lat' dir='ltr'><strong>Deus</strong></span> <span class='ocrx_word' id='word_1_956' title='bbox 227 5711 473 5768; x_wconf 86' lang='lat' dir='ltr'><strong>incidere</strong></span> <span class='ocrx_word' id='word_1_957' title='bbox 502 5714 552 5767; x_wconf 92' lang='lat' dir='ltr'><strong>in</strong></span> <span class='ocrx_word' id='word_1_958' title='bbox 585 5715 950 5785; x_wconf 87' lang='lat' dir='ltr'><strong>iniquitatem:</strong></span> <span class='ocrx_word' id='word_1_959' title='bbox 985 5716 1111 5785; x_wconf 86' lang='lat' dir='ltr'><strong>quia</strong></span> <span class='ocrx_word' id='word_1_960' title='bbox 1138 5730 1242 5771; x_wconf 89' lang='lat' dir='ltr'><strong>non</strong></span> <span class='ocrx_word' id='word_1_961' title='bbox 1262 5717 1651 5770; x_wconf 83' lang='lat' dir='ltr'><strong>invocaverunt</strong></span> <span class='ocrx_word' id='word_1_962' title='bbox 1829 5716 2081 5782; x_wconf 84' lang='lat' dir='ltr'><strong>Domine,</strong></span> <span class='ocrx_word' id='word_1_963' title='bbox 2105 5719 2221 5786; x_wconf 83' lang='lat' dir='ltr'><strong>quis</strong></span> <span class='ocrx_word' id='word_1_964' title='bbox 2249 5713 2525 5775; x_wconf 78' lang='lat' dir='ltr'><strong>habitabit,</strong></span> <span class='ocrx_word' id='word_1_965' title='bbox 2559 5712 2609 5766; x_wconf 91' lang='lat' dir='ltr'><strong>id</strong></span> <span class='ocrx_word' id='word_1_966' title='bbox 2637 5719 2722 5765; x_wconf 90' lang='lat' dir='ltr'><strong>est</strong></span> <span class='ocrx_word' id='word_1_967' title='bbox 2745 5709 2831 5769; x_wconf 81' lang='lat' dir='ltr'><strong>hic</strong></span> <span class='ocrx_word' id='word_1_968' title='bbox 2854 5708 3070 5764; x_wconf 84' lang='lat' dir='ltr'><strong>assidue</strong></span> <span class='ocrx_word' id='word_1_969' title='bbox 3096 5700 3335 5759; x_wconf 83' lang='lat' dir='ltr'><strong>manebit</strong></span> 
     </span>
    </p>
   </div>
  </div>
