3860 6326
532 307 636 365 657

1085 308 1143 363 S.
1186 308 1533 366 BRUNONIS
1569 310 2213 369 CARTIIUSIANORUM
2256 312 2737 370 INSTITUTORIS
2776 314 2925 371 OPP.
2976 313 3157 370 PARS
3197 314 3236 369 1.

3640 324 3728 379 688

522 423 575 478 ln
592 421 941 477 tabernaculo
987 430 1100 486 tuo,
1144 423 1195 477 id
1230 433 1312 478 cst
1342 425 1393 477 in
1440 424 1629 478 militia
1676 426 1800 478 tua?
1851 427 1955 479 Aut
2022 428 2093 481 ita
2128 436 2173 504 Α
2200 442 2343 482 cum.
2371 427 2437 482 Et
2466 428 2565 483 hoc
2596 444 2810 498 quoque
2839 429 3206 483 innocentium
3259 438 3361 493 est,
3393 446 3459 486 ne
3485 435 3731 504 accipiant.

518 528 740 583 possum
768 527 1011 580 quaerere
1043 528 1056 563 :
1091 511 1218 577 Quis
1244 515 1521 582 requiescet
1553 513 1603 566 in
1639 512 1818 565 futuro
1840 513 1891 565 in
1924 525 2096 569 monte

515 614 629 668 tuo,
663 605 713 659 id
742 613 821 659 est
859 604 1071 659 sublimi
1109 604 1464 658 Hierusalem.
1512 603 1688 658 Monte
1716 605 1835 657 dico
1883 619 2093 670 sancto,

517 696 571 750 id
608 705 692 749 est
730 696 783 749 in
830 710 938 764 quo
984 694 1162 747 nullus
1214 695 1320 747 erit
1360 693 1466 748 nisi
1527 693 1783 747 sanctus?
1840 693 2097 762 Sequitur

517 785 717 840 solutio
742 799 840 839 suc.
866 784 956 837 Ille
981 783 1243 837 habitabit
1269 793 1323 837 et
1349 783 1650 851 requiescet
1671 781 1760 850 qui
1785 782 2093 851 ingreditur,

517 876 569 929 id
598 882 679 928 est
708 873 953 943 graditur
987 874 1038 926 in
1070 872 1179 926 vita
1200 874 1300 929 ista
1330 874 1441 926 sine
1460 872 1690 937 macula,
1730 871 1779 925 id
1810 882 1891 926 est
1912 872 2097 927 crimi-

514 966 620 1019 nali
650 974 897 1034 peccato,
931 964 982 1017 id
1014 972 1096 1018 est
1127 962 1218 1032 qui
1256 972 1339 1017 est
1369 962 1630 1017 innocens
1660 980 1672 1014 :
1701 970 1755 1017 et
1785 966 1873 1031 qui
1914 978 2099 1032 opera-

514 1056 911 1125 turjustitiam,
972 1054 1023 1107 id
1072 1054 1269 1122 estqui
1304 1051 1594 1119 estjustus
1629 1052 1681 1105 in
1723 1067 1908 1121 opere.
1981 1050 2096 1107 Non

512 1144 657 1197 enim
688 1142 878 1198 sufﬁcit
904 1143 1228 1198 abstinerea
1268 1142 1429 1207 malo,
1463 1141 1563 1195 nisi
1598 1142 1688 1194 ﬁat
1727 1143 1869 1210 quod
1899 1142 2096 1196 bonum

515 1235 950 1290 eSLEtoslendit
995 1234 1121 1304 quid
1155 1236 1223 1288 sit
1254 1249 1374 1288 esse
1400 1234 1516 1287 sine
1556 1232 1786 1297 macula,
1831 1232 1879 1286 id
1911 1244 1993 1289 est
2018 1233 2099 1287 in-

515 1334 798 1378 nocentem
826 1337 946 1378 esse
978 1340 991 1376 :
1024 1332 1079 1377 et
1105 1322 1235 1393 quid
1296 1322 1365 1376 sit
1419 1322 1635 1391 operari
1661 1321 1950 1388 justitiam,
1999 1336 2098 1393 po-

514 1416 907 1471 nendomistim
940 1416 1145 1485 aliquot
1168 1425 1351 1485 partes
1409 1416 1735 1469 Innocentiae
1779 1413 2095 1483 etjustitim.

512 1508 642 1563 Dico
669 1509 808 1577 quod
841 1508 927 1563 ille
966 1508 1229 1562 habitabit
1256 1517 1309 1563 ει
1337 1509 1646 1576 requiescet
1677 1509 1767 1577 qui
1799 1508 2100 1578 ingreditur

510 1598 627 1653 sine
658 1599 892 1664 macula,
924 1599 1552 1668 etoperaturjustitiam.
1584 1599 1648 1652 Et
1683 1598 1831 1653 illum
1861 1598 2098 1669 intellige

509 1705 629 1747 esse
677 1693 797 1747 sine
856 1692 1091 1755 macula,
1156 1692 1316 1746 idest
1358 1692 1723 1756 innocentem,
1780 1702 1834 1745 et
1883 1691 2094 1763 Operari

2168 502 2173 511 ’
2202 517 2306 580 Qui
2328 516 2457 575 facit
2480 517 2591 569 [nec
2616 532 2737 588 quae
2781 518 3033 582 superius
3056 518 3288 574 ostendi.
3338 528 3392 572 et
3437 521 3515 573 his
3547 502 3732 590 similia,

2201 623 2304 660 non
2328 608 2612 661 movebitur
2634 608 2685 661 in
2730 607 2833 663 hoc
2861 608 3061 662 mundo
3092 624 3123 661 a
3160 610 3501 664 tabernaculo
3542 613 3624 667 Dei
3653 632 3665 669 :
3692 618 3736 672 in

2199 708 2451 752 a’ternum
2483 699 2533 752 in
2567 700 2745 754 futuro
2772 699 3139 754 deducendus.
3192 700 3285 753 \‘el
3339 718 3433 770 per
3468 707 3733 768 supradicta

2202 800 2425 858 possunt
2470 790 2695 862 intelligi
2750 803 2985 861 quatuor
3016 792 3340 861 principales
3386 798 3616 851 eruzte.
3656 799 3739 854 Pct-

2202 880 2306 935 ltoc
2334 882 2475 951 quod
2507 882 2637 937 dicit
2658 884 2748 954 qui
2780 884 3071 953 ingreditur
3095 886 3208 938 sine
3234 887 3456 951 macula,
3478 900 3521 941 ct
3549 907 3639 943 non
3657 896 3738 959 egit

2200 972 2379 1025 dolum
2424 975 2479 1026 in
2510 974 2690 1043 lingua
2732 991 2854 1040 sua,
2887 990 2978 1027 nec
3007 974 3128 1042 fecit
3152 978 3393 1044 proximo
3429 993 3520 1030 suo
3555 980 3738 1043 malum,

2200 1074 2246 1117 et
2279 1065 2613 1133 opprobrium
2658 1082 2762 1121 non
2801 1066 2996 1136 accepit
3021 1068 3268 1121 adversus
3319 1070 3573 1137 proximos
3623 1089 3739 1137 suos,

2199 1163 2247 1208 et
2299 1156 2573 1231 pecuniam
2612 1172 2762 1209 suam
2786 1172 2888 1209 non
2916 1157 3059 1210 dedit
3102 1157 3172 1209 ad
3209 1173 3454 1222 usuram,
3493 1169 3537 1212 ct
3560 1177 3740 1215 munera

2199 1265 2355 1317 super
2382 1249 2704 1305 innocentem
2731 1267 2833 1303 non
2857 1252 3378 1319 accepit,dcnotatur
3404 1258 3741 1325 temperantia,

2200 1356 2323 1395 cum
2354 1341 2468 1396 lucc
2495 1342 2675 1395 omnia
2710 1352 2897 1412 partes
2918 1342 3036 1411 ejus
3066 1343 3196 1398 sint.
3235 1344 3340 1399 l’er
3365 1346 3465 1401 hoc
3494 1361 3609 1401 vero
3627 1349 3742 1418 quod

2201 1434 2330 1489 dicit
2360 1447 2607 1504 operatur
2639 1435 2932 1504 justitiam,
2983 1436 3303 1506 intelligitur
3352 1438 3554 1507 jusﬁtia
3577 1479 3591 1503 ,
3619 1440 3744 1507 cujus

2201 1535 2383 1595 partes
2412 1525 2750 1582 intermiscet
2802 1542 2922 1582 cum
2976 1527 3252 1599 subjungit
3281 1546 3295 1583 :
3331 1529 3575 1587 Timentes
3601 1544 3743 1587 autem

2200 1616 2484 1671 Dominum
2514 1617 2796 1687 glori/icat,
2827 1628 2875 1672 et
2896 1619 2987 1688 qui
3019 1619 3170 1688 jurat
3202 1622 3442 1684 proximo
3477 1639 3565 1676 suo
3599 1634 3639 1677 et
3663 1641 3744 1676 tum

2199 1707 2412 1776 decipit.
2443 1707 2548 1761 Per
2576 1710 2678 1763 hoc
2700 1717 2885 1763 autem
2905 1710 3048 1778 quod
3072 1710 3205 1765 dicit
3233 1727 3247 1763 :
3279 1711 3612 1781 Quiloquitur
3644 1715 3745 1767 reri-

501 1779 914 1873 justitiam,qui
965 1780 1195 1850 loquitur
1219 1780 1483 1873 veritatem
1511 1780 1563 1873 in
1588 1780 1743 1873 corde
1761 1796 1880 1845 suo,
1928 1781 1979 1835 id
2015 1788 2098 1835 est
2128 1778 2170 1837 Β
2200 1807 2359 1853 mum
2391 1800 2444 1853 5,.
2489 1800 2645 1855 εονάε
2670 1816 2796 1862 δυο,
2843 1801 3130 1869 pmdemia
3187 1778 3521 1872 intelligimr.
3575 1803 3632 1857 Et
3670 1819 3745 1873 per

509 1873 598 1941 qui
630 1872 858 1927 habetiu
891 1873 1219 1927 conscientia
1247 1871 1425 1926 cordis
1454 1872 1533 1926 sui
1593 1871 1915 1927 locutionem
1958 1872 2099 1928 veri-

511 1961 657 2025 tatis,
686 1962 737 2017 id
764 1971 846 2016 est
870 1962 1254 2031 cogitationem
1283 1977 1424 2016 verae
1457 1961 1601 2018 ﬁdei.
1630 1963 1789 2019 Fides
1828 1963 1972 2018 enim
2014 1972 2100 2020 est

508 2054 912 2110 fundamentum
948 2055 1186 2109 omnium
1209 2054 1557 2119 virtutum,id
1587 2056 1783 2125 estqui
1813 2071 1911 2111 nec
1936 2056 2097 2112 etiam

505 2154 655 2203 errat
679 2144 790 2219 38
818 2148 1140 2220 cogitatione
1173 2146 1224 2202 in
1270 2149 1396 2215 ﬁde,
1443 2148 1536 2202 sed
1599 2164 1780 2203 veram
1836 2148 1996 2202 ﬁdem
2044 2147 2097 2202 in

506 2240 670 2294 corde
694 2239 950 2310 loquitur,
1003 2240 1055 2294 id
1086 2248 1169 2294 est
1199 2238 1419 2307 cogitat.
1472 2238 1696 2293 Locutio
1747 2238 1891 2292 cnim
1920 2238 2099 2293 cordis

507 2332 767 2401 cogitatio
806 2341 888 2385 εει
924 2344 939 2384 :
972 2341 1026 2385 ει
1074 2331 1176 2385 hoc
1227 2330 1465 2399 pertinet
1500 2330 1566 2383 ad
1613 2330 1901 2399 justitiam.
1935 2326 2095 2383 Juxta

508 2421 636 2475 illud
666 2438 680 2476 :
710 2418 895 2473 Justus
939 2435 1003 2472 ea:
1036 2419 1140 2487 [ide
1191 2419 1308 2472 vivit
1346 2418 1525 2489 (Rom.
1568 2419 1747 2488 1,17).
1781 2419 1846 2473 Et
1901 2419 1989 2474 ille
2008 2422 2098 2490 qui

508 2527 611 2563 non
635 2510 735 2579 egit
771 2507 949 2561 dolum
976 2509 1029 2560 in
1057 2507 1236 2577 lingua
1264 2525 1381 2561 sua.
1418 2507 1627 2562 «Dolosi
1652 2518 1708 2562 ει
1749 2506 2091 2576 lraudantes,

509 2609 566 2653 ut
592 2599 665 2653 ait
688 2598 992 2667 Apostolus.
1015 2612 1237 2667 regnum
1266 2596 1358 2651 Dei
1390 2613 1495 2651 non
1528 2598 1877 2667 possidebunt
1899 2599 1952 2669 (l
1970 2600 2093 2653 Cor.

506 2702 581 2749 τι,
611 2688 688 2759 9).
727 2707 745 2739 ι
776 2686 891 2739 Νοιι
932 2686 1020 2755 qui
1041 2684 1210 2739 dolosi
1253 2694 1379 2740 sunt
1409 2695 1466 2739 ut
1496 2686 1739 2753 laudant,
1776 2688 1869 2742 sed
1913 2698 1969 2742 ιιι
1997 2688 2095 2743 ali-

506 2795 666 2848 quem
711 2777 927 2832 lacdaut.
960 2776 1075 2830 Non
1123 2791 1283 2847 agere
1312 2792 1442 2832 vero
1499 2777 1707 2844 dolum,
1742 2780 1975 2849 pertinet
2030 2781 2097 2835 ad

502 2867 890 2923 innocentiam.
925 2865 1035 2919 Nec
1064 2865 1184 2935 fecit
1204 2867 1440 2935 proximo
1472 2884 1567 2921 suo
1594 2868 1792 2921 malum
1823 2868 2098 2925 voluntate

504 2958 590 3013 vel
619 2960 687 3012 ah
709 2966 833 3013 actu
867 2957 1010 3028 quod
1040 2965 1124 3010 est
1156 2956 1745 3013 innocentia.Etetiam
1776 2976 1877 3013 non
1900 2962 2096 3029 accepit

498 3050 838 3119 opprobrium
888 3050 1133 3103 adversus
1158 3049 1423 3117 proximos
1454 3065 1598 3116 suos,
1628 3048 1681 3103 id
1706 3057 1789 3104 est
1837 3064 1942 3104 non
1968 3066 2096 3105 con-

496 3142 691 3204 sensit,
757 3156 931 3211 neque
986 3139 1285 3194 delectatus
1335 3148 1420 3194 est
1466 3140 1533 3194 de
1582 3140 1872 3209 opprobrio
1946 3140 2091 3194 illato
2121 3128 2163 3183 (ἶ

496 3234 769 3304 proximis
805 3234 918 3288 suis
952 3250 966 3285 :
992 3231 1134 3301 quod
1163 3230 1328 3285 etiam
1354 3230 1591 3301 pertinet
1613 3230 1678 3283 ad
1703 3230 2091 3284 innocentiam.

505 3323 574 3381 Et
596 3341 699 3379 non
724 3324 1061 3379 solummodo
1080 3337 1182 3376 non
1205 3321 1413 3391 accepit
1437 3320 1804 3391 opprobrium,
1824 3321 2092 3375 sedctiam

505 3416 767 3486 malignus
791 3454 807 3481 ,
831 3414 883 3469 id
913 3423 995 3468 est
1023 3413 1255 3483 maligne
1273 3427 1436 3482 agens
1482 3412 1536 3465 in
1561 3412 1866 3480 proximum
1892 3413 1946 3465 in
1968 3429 2094 3465 cono

505 3521 681 3576 specta
740 3506 875 3576 ejus,
928 3505 981 3559 id
1011 3513 1096 3560 est
1139 3505 1192 3558 in
1245 3504 1680 3559 consideratione
1738 3503 1935 3558 mentis
1976 3504 2093 3574 ejus

505 3601 762 3653 deductus
791 3598 955 3652 estad
981 3596 1223 3649 nihilum.
1279 3596 1392 3650 Non
1434 3596 1500 3649 ad
1535 3597 1636 3649 hoc
1695 3606 1754 3650 ιιι
1797 3596 1930 3649 nihil
1980 3598 2092 3664 ﬁat,

507 3691 603 3743 sed
657 3688 761 3743 hoc
827 3687 1137 3743 considerat
1189 3686 1241 3740 in
1266 3696 1443 3740 mente
1494 3701 1589 3740 sua
1654 3687 1797 3756 quod
1834 3686 1919 3740 illc
1944 3687 2090 3757 quia

506 3780 724 3835 Christo
748 3792 875 3833 vero
923 3777 1335 3847 csse’maliguc
1395 3776 1604 3845 agendo
1652 3777 1993 3832 secernitur:
2025 3777 2093 3829 ad

507 3869 730 3923 nihilum
760 3909 774 3933 ,
801 3867 852 3923 id
881 3880 962 3927 est
994 3868 1059 3920 ad
1097 3882 1202 3921 non
1226 3882 1345 3921 esse
1374 3882 1494 3921 cum
1528 3866 1744 3921 Christo
1787 3867 2089 3922 deducitur.

498 3958 665 4014 Juxta
692 3958 819 4013 illud
868 3958 1104 4029 Apostoli
1146 3975 1158 4011 :
1198 3976 1215 4007 ι
1255 3956 1312 4011 Si
1367 3958 1691 4012 charitatcm
1720 3957 1796 4028 (id
1847 3966 1930 4011 est
1956 3958 2092 4012 dile«

498 4051 760 4122 actionem)
782 4051 872 4106 Dei
903 4062 956 4105 et
985 4050 1214 4120 proximi
1245 4065 1348 4104 non
1377 4049 1567 4114 habeo,
1598 4048 1728 4102 nihil
1758 4066 1875 4103 sum
1906 4049 2091 4119 (lCor.

504 4160 623 4208 xui,
650 4144 725 4212 2).
766 4162 785 4195 ι
826 4142 891 4197 Et
913 4142 1013 4196 hoc
1058 4141 1123 4195 ad
1165 4138 1433 4208 justitiam
1490 4138 1744 4208 pertinet.
1794 4139 1925 4192 Dico
1954 4140 2095 4208 quod

505 4235 770 4306 malignos
812 4233 1003 4289 deduci
1054 4232 1364 4286 considerat
1416 4229 1482 4284 ad
1531 4228 1778 4282 nihilum.
1836 4228 2094 4283 Timentes

505 4338 679 4381 autem
708 4325 1014 4390 Dominum,
1044 4324 1094 4378 i.l
1123 4334 1206 4378 est
1234 4337 1358 4377 cum
1390 4329 1541 4376 casto
1580 4321 1773 4374 timore
1798 4320 2095 4376 servientes

504 4418 732 4473 Domino
762 4418 1041 4486 clariﬁcat,
1085 4416 1136 4470 id
1186 4424 1271 4470 est
1299 4414 1563 4484 gloriosos
1592 4422 1824 4481 reputat.
1874 4412 1941 4467 Et
1994 4414 2095 4469 hoc

2202 1894 2305 1950 hoc
2336 1896 2478 1964 quod
2508 1897 2678 1965 ponit,
2703 1896 2773 1950 ad
2791 1896 3010 1950 nihilum
3033 1897 3291 1952 deductus
3310 1909 3384 1953 est
3422 1900 3473 1953 in
3510 1910 3742 1970 conspectu

2200 1984 2317 2054 ejus
2344 1984 2628 2055 malignus,
2662 1986 2924 2041 fortitudo
2947 1986 3290 2057 designatur.

2689 2075 2757 2129 IN
2808 2074 3140 2132 PSALMUM
3182 2077 3300 2132 XV.

2270 2168 2469 2225 Psalmi
2502 2172 2675 2241 quinti
2706 2172 2901 2228 decimi
2957 2173 3143 2231 titulus
3180 2193 3192 2229 :
3229 2175 3512 2247 Inscriptio
3545 2175 3631 2245 ipsi
3661 2174 3742 2229 Da-

2199 2261 2313 2325 vid,
2359 2262 2500 2330 quod
2526 2262 2605 2317 sic
2628 2264 2938 2334 exponitur.
2967 2263 3255 2335 Inscriptio
3280 2267 3439 2326 tituli.
3459 2267 3508 2321 id
3523 2265 3744 2321 cstvicto-

2200 2353 2294 2409 ria:
2319 2368 2440 2423 qua
2474 2353 2526 2407 in
2561 2355 2664 2410 hoc
2694 2355 2905 2425 psalmo
2928 2358 3261 2422 continetur,
3318 2360 3643 2414 attribuenda
3679 2368 3740 2412 est

2198 2443 2387 2500 David.
2416 2445 2484 2501 Et
2515 2462 2619 2502 non
2649 2447 2975 2516 signiﬁcanti
3027 2450 3215 2517 David,
3251 2453 3303 2507 id
3338 2462 3421 2508 est
3469 2454 3741 2525 prophetat:

2195 2538 2290 2592 scd
2314 2537 2414 2607 ipsi
2456 2540 2645 2603 David,
2672 2542 2827 2597 idest
2859 2559 3048 2598 revera
3074 2546 3409 2615 signiﬁcatio
3452 2548 3605 2601 David
3621 2546 3743 2601 scili-

2198 2639 2282 2685 cet
2304 2630 2538 2687 Christo.
2574 2633 2685 2702 Ipsi
2707 2635 2926 2703 ponitur
2956 2636 3021 2689 ad
3066 2638 3590 2703 determinationem,
3633 2640 3742 2692 sicut

2200 2721 2252 2774 in
2311 2722 2617 2778 Ezechiele.
2679 2744 2697 2776 ι
2732 2723 2869 2778 Ecce
2909 2742 3001 2795 ego
3029 2725 3135 2795 ipse
3184 2730 3452 2797 requiram
3490 2746 3597 2783 ores
3630 2742 3743 2780 areas

2199 2813 2417 2882 (Ezech.
2452 2831 2641 2883 xxxiv,
2674 2815 2816 2887 11).»
2850 2815 2912 2871 Et
2947 2810 3083 2872 bene
3113 2818 3165 2871 in
3200 2818 3300 2873 hoc
3338 2820 3454 2875 loco
3477 2818 3643 2873 titulus
3664 2834 3744 2887 pro

2197 2908 2425 2963 victoria
2449 2908 2687 2979 ponitur,
2723 2925 2844 2964 cum
2869 2909 3161 2979 aliquando
3181 2911 3412 2967 victoria
3439 2912 3583 2966 titulo
3606 2911 3744 2965 soleat

2198 3000 2497 3071 designari,
2540 3011 2599 3054 ut
2645 3001 2747 3055 hoc
2773 3001 2928 3055 titulo
2964 3000 3167 3057 Christi
3194 3002 3429 3057 victoria
3479 3003 3542 3057 de
3580 3000 3745 3057 ludzcis

2197 3091 2475 3160 designata
2534 3100 2618 3146 εει
2649 3109 2660 3144 :
2697 3109 2716 3142 ι
2749 3090 2907 3146 Iesus
2936 3092 3248 3147 Nazarenus
3280 3110 3376 3148 rex
3397 3092 3698 3148 Judtrorum.
3724 3111 3738 3143 ι

2197 3181 2332 3237 Cum
2374 3182 2518 3236 enim
2585 3182 2717 3236 dicit
2760 3198 2853 3236 rex
2901 3182 3239 3245 Judworum,
3276 3194 3435 3239 uolat
3479 3183 3741 3238 Judmorutn

2199 3275 2461 3345 quosdam
2487 3275 2556 3329 ab
2578 3274 2691 3345 ipso
2712 3274 3114 3330 convincendos
3135 3315 3150 3341 ,
3180 3275 3247 3330 de
3286 3275 3433 3331 malo
3478 3275 3665 3330 scilicet
3700 3272 3741 3326 in

2196 3368 2397 3423 bonum
2460 3369 2819 3435 reducendos,
2860 3384 3089 3438 quorum
3148 3383 3239 3423 rex
3294 3366 3743 3424 futuruseratzde

2196 3480 2303 3535 qua
2325 3465 2552 3520 victoria
2590 3466 2641 3519 in
2682 3465 2781 3519 hoc
2799 3466 3007 3535 psalmo
3038 3467 3169 3538 agit.
3203 3466 3342 3521 Orat
3380 3464 3519 3520 enim
3547 3463 3625 3517 hic
3654 3460 3739 3513 Do-

2197 3557 2427 3613 minicus
2480 3559 2642 3613 homo
2683 3558 2853 3612 Deum
2903 3557 3139 3625 Patrem,
3191 3557 3275 3613 vel
3331 3557 3653 3612 Trinitatem.
3698 3559 3743 3601 ut

2196 3660 2485 3706 conservet
2504 3667 2627 3705 eum
2656 3652 2708 3704 in
2738 3651 2994 3719 passione
3022 3668 3090 3707 ne
3116 3652 3299 3715 cedat,
3355 3660 3411 3705 ut
3452 3650 3567 3704 inde
3600 3647 3739 3699 victo-

2198 3742 2278 3796 ria
2316 3750 2591 3809 sequetur.
2619 3740 2730 3811 39
2755 3742 2819 3795 Et
2853 3740 2923 3796 ob
2954 3742 3057 3796 hoc
3092 3751 3238 3807 orat,
3263 3751 3327 3795 ut
3352 3742 3403 3795 in
3440 3736 3744 3794 tribulatione

2196 3846 2355 3886 orare
2389 3846 2485 3886 nos
2517 3831 2770 3887 instruat.
2819 3832 2945 3902 Agit
2974 3832 3139 3886 etiam
3197 3832 3252 3885 in
3307 3828 3643 3901 sequentibus
3689 3828 3743 3876 (ε

2198 3923 2557 3979 cenversione
2612 3923 2945 3988 Judteorum,
3002 3924 3093 3994 qui
3141 3924 3434 3980 haereditas
3477 3938 3569 3977 sua
3605 3916 3739 3972 laturi

2199 4024 2348 4080 sunt,
2420 4016 2838 4070 determinando
2882 4030 3019 4084 quos
3042 4016 3422 4070 lttcreditatem
3472 4027 3614 4068 suam
3645 4020 3742 4062 csso

2199 4109 2366 4163 dicat.
2398 4108 2673 4163 Promittit
2695 4123 2913 4179 quoque
2938 4124 2997 4164 se
3023 4110 3189 4164 Deum
3218 4110 3285 4165 de
3308 4110 3553 4180 passione
3581 4115 3625 4160 el
3653 4105 3739 4156 Iuc-

2199 4204 2430 4257 rcditate
2455 4216 2550 4256 sua
2579 4201 2988 4257 bonedicturum
3030 4217 3044 4256 :
3079 4210 3139 4255 ut
3179 4209 3237 4256 et
3289 4216 3391 4257 nos
3418 4200 3524 4254 Deo
3565 4209 3659 4251 tam
3699 4194 3738 4243 in

2199 4294 2475 4364 prosperis
2500 4310 2663 4363 quam
2693 4294 2744 4348 iu
2769 4294 3013 4349 adversis
3042 4292 3368 4350 benedicere
3398 4294 3597 4349 doceat.
3641 4286 3740 4355 Agit

2201 4385 2422 4455 insuper
2463 4385 2514 4439 in
2557 4385 2663 4439 ﬁne
2692 4384 2758 4439 de
2800 4384 3201 4439 resurrectione
3248 4393 3302 4438 et
3334 4383 3669 4439 ascensione;
3696 4382 3740 4426 ut

502 4508 721 4577 quidem
773 4507 1043 4575 justorum
1096 4515 1198 4561 est.
1232 4505 1335 4571 Qui
1351 4505 1501 4574 jurat
1524 4507 1763 4573 proximo
1787 4520 1883 4557 suo
1912 4513 1959 4557 et
1990 4520 2092 4559 non
2124 4497 2169 4552 Β
2277 4491 2337 4577 δέ
2360 4477 2705 4577 δνθτδθῑῲιη
2932 4476 3352 4577 τεθυξῄτίξθίίθηβδ
3387 4486 3442 4577 ξι
3464 4476 3735 4577 inmori“.

501 4597 711 4664 decipit.
741 4595 852 4650 Non
882 4605 967 4651 est
1004 4607 1183 4650 autem
1230 4593 1635 4665 intelligendum
1673 4594 1816 4663 quod
1864 4594 2095 4663 quilibet

488 4686 683 4756 jurare
713 4688 922 4750 debeat,
957 4688 1185 4742 Domino
1251 4688 1304 4741 in
1356 4685 1650 4755 Evangelio
1678 4686 1893 4741 dicente
1926 4701 1938 4736 :
1968 4684 2091 4739 Non

493 4778 701 4848 jurabis
736 4794 825 4847 per
849 4778 1055 4841 caelum,
1095 4795 1256 4847 neque
1284 4794 1375 4845 per
1395 4788 1609 4843 terram,
1635 4792 1797 4843 neque
1817 4792 1909 4845 per
1937 4784 2091 4844 caput

501 4879 648 4921 tuum
673 4867 887 4934 (Matth.
918 4882 969 4930 v,
997 4866 1120 4935 ’56):
1150 4867 1244 4921 sed
1275 4866 1414 4921 idem
1431 4875 1511 4921 est
1543 4881 1609 4920 ac
1645 4866 1689 4919 si
1717 4866 1956 4920 diceret:
1988 4864 2090 4931 Qui

500 4956 690 5011 similis
720 4965 799 5009 est
824 4954 1287 5024 jurantiproximo
1314 4964 1368 5009 et
1417 4971 1527 5010 non
1561 4955 1877 5025 decipienti,
1926 4954 1978 5009 id
2008 4965 2091 5010 est

497 5047 576 5102 sic
606 5046 875 5101 veridicos
903 5053 987 5098 est
1016 5059 1142 5114 erga
1198 5046 1526 5114 proximum,
1577 5056 1636 5099 ut
1674 5044 1760 5099 ille
1799 5045 1888 5115 qui
1940 5042 2089 5112 jurat

499 5148 554 5195 et
582 5153 686 5193 non
712 5136 1004 5193 mentitur:
1032 5136 1173 5205 quod
1209 5136 1376 5189 etiam
1413 5135 1618 5205 justum
1649 5145 1752 5191 εει.
1806 5137 1908 5201 Qui
1932 5153 2086 5205 pecu-

500 5231 639 5285 niam
670 5246 818 5284 suaut
849 5246 951 5282 non
980 5227 1122 5281 dedit
1160 5228 1229 5280 ad
1254 5243 1494 5291 usurum,
1533 5227 1674 5295 quod
1725 5226 1789 5280 ad
1831 5227 2091 5282 innocen-

500 5323 629 5376 tiam
658 5320 909 5390 pertinet.
931 5319 996 5372 Ει
1021 5332 1128 5372 non
1173 5317 1241 5371 de
1273 5315 1385 5371 sola
1428 5325 1644 5370 terrena
1673 5316 1902 5385 pecunia
1933 5317 2052 5370 acci
2072 5349 2084 5358 ο

499 5412 752 5482 piendum
782 5423 884 5477 est,
915 5411 1010 5466 sed
1038 5410 1202 5465 etiam
1229 5409 1318 5478 qui
1345 5408 1641 5471 orationes,
1675 5417 1730 5464 et
1759 5409 1803 5463 si
1832 5411 1975 5478 quod
2003 5420 2086 5464 est

500 5508 643 5563 aliud
676 5506 1020 5571 beneﬁcium,
1048 5521 1144 5575 pro
1167 5505 1278 5560 Deo
1307 5503 1480 5575 gratis
1534 5503 1796 5573 proximis
1835 5504 1946 5558 suis
1984 5503 2087 5556 im-

497 5600 703 5669 pendit.
738 5598 901 5652 Juxta
933 5599 1060 5652 illud
1084 5597 1423 5652 Dominicum
1455 5613 1468 5650 :
1506 5613 1524 5645 ι
1553 5594 1737 5650 Gratis
1771 5595 2079 5664 accepistis,

498 5690 668 5760 gratis
682 5690 805 5743 date
835 5689 1052 5761 (Ma:th.
1077 5704 1130 5753 χ,
1160 5688 1265 5756 8).»
1297 5688 1365 5741 Et
1390 5687 1480 5757 qui
1512 5702 1616 5742 non
1642 5688 1835 5755 accipit
1860 5702 2077 5739 munera

495 5782 623 5838 ideo
647 5789 707 5835 ut
748 5781 818 5835 sit
876 5793 1036 5850 Super
1080 5779 1447 5846 innocentem,
1499 5780 1550 5835 id
1602 5787 1684 5835 est
1713 5787 1771 5835 ut
1800 5777 2078 5852 appriinat

2195 4569 2369 4623 litatis
2406 4567 2653 4638 exemplo
2676 4568 2758 4622 sui
2786 4567 3009 4622 tribuat.
3035 4567 3103 4622 Et
3132 4567 3232 4622 hoc
3262 4568 3343 4623 sic
3372 4566 3537 4622 dicit:

2266 4660 2526 4716 Conserva
2548 4678 2629 4715 me
2665 4662 2716 4716 in
2746 4660 3000 4731 passione
3059 4675 3130 4716 ne
3177 4661 3394 4727 cedam,
3428 4658 3651 4718 Domine,
3670 4650 3736 4703 cui

2195 4768 2283 4810 me
2303 4769 2521 4809 servum
2545 4753 2670 4809 feci.
2696 4753 2766 4807 Et
2793 4753 2989 4823 dignus
3017 4768 3135 4808 sum
3166 4751 3598 4811 conservatione,
3625 4759 3735 4815 quv-

2196 4848 2338 4900 niam
2361 4848 2477 4901 inte
2493 4846 2715 4915 speravi,
2739 4846 2920 4907 nonin
2955 4860 3062 4900 me.
3104 4845 3171 4899 Et
3195 4845 3337 4909 ideo,
3374 4844 3618 4914 quOuiam
3645 4835 3735 4889 diti

2193 4940 2440 5004 Domino,
2473 4939 2525 4994 id
2549 4947 2635 4994 est
2660 4939 2827 4994 statui
2855 4940 2906 4993 in
2932 4939 3096 4994 corde
3127 4952 3248 4992 meo
3283 4938 3351 4993 ad
3384 4938 3630 4993 honorem
3652 4928 3733 4985 tui.

2192 5034 2281 5101 qui
2305 5029 2564 5085 Dominus
2594 5046 2673 5096 es,
2701 5029 2842 5086 Deus
2865 5046 3018 5086 meus
3050 5046 3111 5086 es
3144 5041 3222 5094 tu,
3257 5046 3362 5085 non
3413 5028 3566 5082 alius.
3598 5017 3732 5087 Quasi

2191 5123 2369 5178 dicat:
2399 5122 2524 5179 Ideo
2558 5123 2752 5194 dignus
2774 5138 2895 5178 sum
2926 5122 3258 5188 conservari,
3290 5121 3415 5191 quia
3441 5133 3582 5189 spem
3612 5126 3732 5168 snu-

2190 5228 2285 5282 per
2317 5214 2367 5267 in
2407 5223 2458 5269 te
2490 5215 2675 5281 habui,
2704 5224 2759 5270 et
2792 5225 2841 5269 te
2866 5215 3033 5270 Deum
3086 5228 3264 5267 meum
3316 5208 3583 5268 constitui.
3638 5201 3730 5256 Non

2193 5309 2310 5362 ideo
2341 5316 2520 5362 tamen
2564 5322 2663 5362 oro
2688 5307 3026 5369 conservari,
3058 5314 3117 5359 ut
3162 5305 3338 5359 dicam
3376 5312 3427 5355 te
3474 5297 3619 5355 bonis
3648 5291 3733 5347 illis

2191 5415 2372 5472 egere,
2403 5416 2524 5469 quae
2553 5400 2792 5473 humano
2817 5399 3003 5468 generi
3027 5413 3125 5467 per
3157 5413 3244 5453 me
3270 5393 3564 5450 exhibenda
3587 5393 3729 5443 sunt:

2192 5501 2540 5563 peccatorum
2564 5492 2821 5548 videlicet
2870 5490 3193 5546 remissione
3238 5497 3294 5543 ct
3342 5480 3729 5542 immortalitate.

2189 5586 2740 5655 ctimpassibilitate;
2792 5585 3041 5655 quoniam
3089 5590 3141 5635 tu
3175 5598 3277 5635 non
3299 5595 3407 5650 eges
3430 5576 3628 5631 illorum
3654 5566 3730 5619 bo-

2189 5697 2374 5734 norum
2406 5696 2675 5734 meorum:
2707 5679 2849 5734 sicut
2891 5677 3018 5732 alibi
3042 5676 3241 5730 dicitur
3280 5674 3438 5728 .ldeo
3477 5676 3557 5724 est
3598 5670 3731 5714 Verus

2188 5773 2447 5829 Dominus
2476 5775 2565 5842 qui
2595 5787 2700 5825 non
2747 5770 2949 5836 indiget
2987 5782 3145 5823 servo
3192 5776 3246 5821 et
3275 5782 3378 5835 quo
3396 5759 3605 5833 [indiget
3629 5764 3729 5805 scr-
