3860 6326
135 384 213 442 θϐῦ

1030 389 1396 451 EXPOSITIO
1432 393 1499 450 ΚΝ
1539 393 1878 452 PSALMOS.
1910 425 1981 435 -—
2013 396 2206 451 PSAL.
2239 397 2353 451 XV.

3247 410 3354 470 690.

134 512 223 550 ms.
251 495 306 550 Et
333 495 383 549 in
418 496 522 551 hoc
547 497 700 553 nobis
738 502 1045 574 exemplum
1074 507 1279 577 prabet
1317 508 1661 574 humilitatis,
1694 510 1741 569 Α
1768 522 1929 577 quem
1958 509 2210 574 inebriat,
2242 510 2421 566 laetitia
2452 510 2644 582 replet.
2699 513 2908 571 Nullam
2934 528 3142 587 partem
3171 524 3351 598 elege-

135 606 183 645 ne
220 588 381 659 aliquo
439 590 601 646 modo
656 592 823 648 Deum
874 596 1050 654 salute
1093 608 1150 654 et
1203 600 1427 657 servitio
1474 612 1663 659 nostro

132 698 256 753 egere
303 692 577 750 putemus:
626 686 769 742 sicut
831 689 973 745 idem
1030 692 1083 746 in
1134 694 1431 766 Evangelio
1480 696 1656 751 dicit:

135 771 279 825 «Cum
314 771 553 830 feceritis
598 776 778 831 omnia
823 794 945 848 quae
988 794 1257 854 praecepta
1313 796 1438 841 sunt
1487 790 1659 856 vobis,

131 864 468 920 dicite:Servi
516 866 733 924 inutiles
780 886 970 927 sumus
1023 874 1177 943 (Luc.
1228 880 1384 950 xvu).
1423 899 1442 933 ι
1495 882 1552 937 ld
1579 892 1663 939 est

131 955 228 1009 nihil
262 956 495 1014 utilitatis
528 961 637 1017 Deo
670 962 980 1022 all'erentes.
1018 967 1112 1023 Vel
1166 970 1273 1026 sic:
1333 970 1476 1029 Vere
1506 990 1566 1031 es
1602 985 1656 1030 tu

129 1049 235 1103 Deus
268 1068 280 1103 :
310 1060 361 1106 et
390 1052 513 1108 inde
542 1055 645 1112 hoc
673 1058 841 1113 videri
875 1069 1075 1130 potest,
1115 1064 1371 1133 quoniam
1396 1082 1502 1121 non
1531 1081 1657 1136 eges

127 1137 339 1195 bonorum
366 1158 629 1200 meorum.
673 1147 739 1202 Et
778 1151 1038 1219 exprimit
1068 1154 1179 1222 ipsa
1227 1157 1390 1221 bona,
1452 1155 1657 1213 faciens

127 1235 450 1302 apostropham
473 1237 545 1291 ad
566 1240 863 1307 auditores,
891 1253 949 1298 ut
971 1244 1199 1301 instruat
1230 1248 1445 1311 eos,sic
1474 1264 1489 1302 :
1518 1248 1655 1306 Vere

128 1338 201 1373 non
219 1333 313 1391 eget
341 1325 449 1394 ipse
470 1328 729 1386 bonorum
775 1350 1032 1400 meorum,
1064 1352 1096 1392 ο
1118 1340 1415 1404 auditores,
1442 1340 1527 1395 bis
1549 1341 1654 1397 sci-

126 1412 219 1469 licet
239 1418 367 1486 quod
404 1434 506 1491 ego
531 1422 839 1492 mirificavi,
884 1428 937 1483 id
985 1439 1070 1484 est
1114 1434 1439 1499 mirificabo,
1488 1436 1539 1490 id
1568 1444 1652 1491 est

128 1505 248 1562 miras
269 1509 427 1566 videri
476 1512 681 1571 faciam
722 1534 896 1574 omnes
946 1521 1232 1577 voluntates
1284 1542 1425 1580 meas
1454 1531 1651 1585 sanctis

125 1597 187 1663 qui
208 1610 310 1653 sunt
330 1602 379 1656 in
400 1613 545 1659 terra
585 1607 721 1677 ejus,
754 1610 806 1663 id
842 1621 925 1666 est
951 1628 1045 1683 spe
1086 1615 1137 1668 in
1184 1613 1486 1671 Jerusalem
1540 1634 1652 1674 caa-

127 1686 332 1756 lesliqua:
357 1700 439 1748 est
466 1702 613 1750 terra
634 1698 957 1765 viventium,
1009 1702 1075 1756 de
1104 1719 1210 1773 qna
1240 1706 1369 1760 alibi
1399 1707 1598 1763 dicitur
1630 1728 1643 1763 :

130 1779 340 1873 i‘P’acebo
362 1785 591 1841 Domino
616 1789 664 1843 in
679 1789 1149 1860 regionevivorum
1166 1795 1337 1866 (Psal.
1360 1814 1505 1864 cxrv,
1529 1801 1601 1873 9).
1616 1823 1635 1856 ι

1770 602 2019 655 runtnisi
2052 602 2360 668 Dominmn,
2435 602 2486 657 id
2542 612 2626 660 est
2682 607 2869 663 nolunt
2916 626 3036 666 esse
3086 614 3138 668 in
3189 627 3344 685 parte
3390 614 3423 677 ἶ

1767 691 1985 755 diaboli,
2029 693 2123 748 sed
2160 694 2212 747 in
2258 702 2413 760 parte
2464 696 2709 771 Domini;
2758 699 2901 755 sicnt
2952 703 3018 757 de
3068 704 3234 760 Maria
3298 709 3375 769 in‘,

1768 784 2057 855 Evangelio
2111 786 2312 839 dictum
2373 797 2502 867 est;
2541 806 2558 839 ι
2600 788 2766 844 Maria
2818 794 3077 861 optimam
3144 808 3348 866 partem

1761 877 1945 947 elegit,
1969 894 2088 948 qua:
2116 894 2221 933 non
2247 879 2523 934 auferetur
2554 881 2622 936 ab
2652 898 2713 938 ca
2742 883 2896 955 (Luc.
2928 903 2981 952 χ,
3009 886 3122 959 η).
3163 909 3181 941 ι
3217 892 3347 945 Cum

1767 975 1947 1021 autem
1976 968 2169 1022 addit:
2222 967 2300 1022 Tu
2334 986 2387 1023 es
2417 1010 2432 1036 ,
2480 979 2613 1037 etc.,
2670 976 3051 1047 apostropham
3108 979 3237 1035 facit
3284 982 3349 1036 ad

1764 1058 1927 1114 Deum
1960 1074 2025 1115 ex
2048 1059 2334 1116 allccﬁone
2376 1062 2542 1117 nimia
2575 1065 2689 1120 :sic
2715 1068 2869 1138 quasi
2926 1071 3133 1139 gratias
3162 1087 3345 1142 agens.

1760 1149 1890 1206 Dico
1925 1168 1937 1204 :
1971 1150 2227 1206 Dominus
2252 1169 2376 1223 pars
2409 1153 2732 1210 ltwreditatis
2757 1174 2904 1225 mete,
2949 1176 3112 1231 quam
3138 1177 3235 1231 per
3263 1178 3349 1218 me

1759 1251 2053 1306 secundum
2087 1254 2228 1321 quod
2262 1255 2423 1309 homo
2455 1269 2574 1308 sum
2618 1269 2724 1309 non
2754 1253 3033 1320 obtinebo,
3058 1256 3152 1310 sed
3181 1265 3236 1308 tu
3269 1272 3347 1321 es,

1758 1342 1811 1396 id
1846 1352 1929 1397 est
1976 1358 2166 1397 revera
2225 1359 2414 1400 manes
2466 1345 2882 1400 immutabiliter
2911 1360 2926 1412 ;
2954 1343 3113 1414 juxta
3168 1347 3298 1402 illud
3331 1365 3343 1399 :

1762 1452 1781 1485 ι
1825 1435 1957 1490 Esse
1984 1434 2095 1489 Deo
2122 1449 2307 1490 verum
2356 1444 2441 1491 est
2482 1445 2537 1491 et
2581 1436 2884 1507 proprium.
2932 1455 2951 1489 ι
2984 1436 3146 1491 Dico:
3179 1435 3257 1492 Tu
3291 1454 3345 1491 es

1752 1525 1843 1595 qui
1901 1526 2138 1581 restitues
2201 1527 2254 1581 in
2311 1527 2668 1595 beatitudine,
2720 1529 2787 1583 de
2838 1543 2946 1591 qua
3000 1529 3202 1582 decidit
3249 1545 3347 1598 pcr

1754 1617 1947 1682 Adam,
1971 1619 2331 1674 heereditatem
2391 1636 2581 1674 meam.
2639 1620 2708 1679 Et
2760 1622 2882 1686 hoc,
2914 1621 3061 1688 mihi,
3093 1621 3143 1675 id
3166 1630 3249 1677 est
3277 1622 3344 1674 ad

1753 1710 2013 1766 honorem
2045 1711 2285 1767 mei.Vel
2309 1711 2389 1768 sic
2414 1729 2427 1767 :
2455 1713 2534 1768 'l‘u
2557 1713 2650 1783 qui
2677 1722 2869 1784 potens
2892 1729 2952 1770 es
2981 1723 3037 1768 et
3061 1714 3341 1785 Dominus,

1752 1817 1812 1857 es
1850 1802 1936 1857 ille
1962 1804 2055 1873 qui
2086 1804 2337 1859 restitues
2360 1804 2490 1859 mihi
2523 1805 2893 1861 [nereditatem
2946 1821 3144 1871 meam,
3180 1821 3343 1874 quam

128 1869 379 1967 voluntates
406 1893 558 1934 meas
586 1880 708 1934 dico
732 1880 784 1935 in
808 1882 887 1937 eis
917 1885 1285 1954 complendas,
1326 1889 1376 1943 id
1404 1900 1509 1955 est,
1537 1908 1641 1947 non
1681 1882 1722 1941 Β
1751 1895 2017 1951 habebam
2059 1897 2355 1952 secundum
2387 1897 2528 1967 quod
2551 1897 2716 1962 Deus,
2738 1906 2794 1953 et
2819 1897 2974 1952 amisi
3011 1912 3107 1966 per
3132 1896 3340 1961 Adam;

126 1960 397 2021 solummodo
422 1967 736 2025 voluntates
760 1986 908 2027 meas
922 1974 1001 2030 eis
1032 1976 1197 2032 miras
1221 1977 1393 2033 videri
1420 1980 1641 2049 faciam,

126 2053 189 2105 ιιίι
215 2056 351 2111 etiam
392 2060 671 2129 complere
709 2061 998 2120 instruam.
1055 2066 1120 2121 Et
1161 2079 1323 2125 antea
1358 2088 1521 2142 qnam
1547 2075 1647 2128 mi-

128 2142 279 2198 tilicem
321 2147 627 2207 voluntates
666 2150 817 2211 ineas
871 2158 1076 2213 sanctis
1104 2161 1195 2229 qui
1242 2173 1365 2217 sunt
1405 2164 1458 2219 in
1499 2173 1644 2221 terra

127 2229 220 2296 ejus,
260 2236 611 2308 multiplicum
656 2252 799 2310 sum,
854 2246 904 2300 id
953 2256 1038 2305 est
1078 2249 1423 2320 multiplicari
1450 2254 1644 2311 faciam

128 2320 614 2397 inﬁrmitatescorum,
672 2334 724 2389 id
758 2344 843 2393 est
898 2338 1003 2395 hoc
1055 2355 1386 2412 cognoscere
1422 2345 1641 2413 faciam,

128 2426 162 2471 et
196 2422 406 2480 conﬁteri
469 2429 621 2498 quod
676 2432 1051 2503 multiplicatae
1124 2447 1249 2493 sunt
1297 2440 1642 2499 infirmitates

127 2522 285 2577 eorum;
313 2524 367 2568 ut
417 2517 493 2572 ait
524 2519 838 2588 Apostolus,
876 2524 929 2577 in
959 2538 1068 2595 quo
1098 2525 1184 2582 lex
1214 2528 1593 2587 inlirmabatnr
1623 2550 1637 2586 :

129 2599 419 2664 IllisitDeus
442 2610 645 2667 Filium
675 2630 833 2670 suum
878 2618 930 2672 in
996 2621 1407 2681 similitudinem
1458 2631 1640 2687 carnis

127 2698 291 2789 ponti,
319 2709 372 2755 ut
396 2701 705 2761 destrueret
758 2722 1041 2775 peccatum
1095 2716 1161 2771 de
1208 2728 1431 2787 peccato
1464 2720 1636 2789 (Rom.

128 2784 264 2855 nni);
296 2810 313 2842 ι
352 2802 404 2847 et
436 2794 610 2852 alibi:
650 2815 667 2848 ε
700 2796 813 2855 Lex
860 2784 1221 2860 subintravit'
1246 2818 1302 2861 ut
1334 2784 1641 2866 abundaret

127 2874 316 2936 delictum
338 2884 515 2953 (Rom.
547 2904 603 2950 ν,
632 2888 724 2959 20)
760 2908 773 2944 :
810 2911 828 2943 ι
858 2892 1023 2960 Qnasi
1054 2896 1199 2952 dicat
1221 2914 1234 2951 :
1254 2898 1309 2953 in
1337 2900 1529 2969 primis
1558 2903 1639 2957 eis

128 2976 518 3039 climpunctionem
550 2981 711 3047 dabo,
758 2992 815 3039 nt
843 2997 1173 3056 cognoscant
1198 2998 1252 3043 et
1276 2992 1640 3049 contiteantnr

127 3060 396 3123 multasesse
444 3069 798 3130 intirm'tatcs
844 3079 1178 3143 suas;sicnt
1232 3080 1466 3139 Jacobus
1511 3087 1631 3140 a't:

130 3148 453 3214 «Conﬁtemini
486 3160 816 3219 alterutrum
849 3176 1071 3234 peccata
1125 3179 1301 3226 vestra
1344 3170 1554 3243 (Iacob.
1578 3190 1631 3241 v,

1748 1989 1888 2045 sicut
1912 1988 2052 2044 idem
2090 1989 2143 2044 in
2178 1989 2472 2060 Evangelio
2505 1991 2638 2046 dicit
2671 2008 2684 2044 :
2723 2009 2743 2043 ‹
2777 1990 2880 2046 Tui
2934 2000 3095 2046 erant
3146 2008 3159 2045 :
3200 2000 3249 2049 ,τι
3286 2001 3342 2045 tu

1746 2091 1840 2133 cos
1869 2078 1998 2132 mihi
2029 2078 2226 2133 dedisti
2268 2078 2454 2151 (Joan.
2497 2095 2632 2145 xvu,
2670 2078 2746 2151 6).
2784 2098 2804 2132 ι
2840 2080 2905 2135 Et
2935 2096 3001 2135 ne
3028 2080 3342 2150 qualiscun-

1746 2182 1851 2237 que
1886 2183 1985 2239 pro
2009 2167 2121 2224 sola
2147 2168 2251 2224 [ide
2278 2170 2398 2225 sine
2430 2170 2687 2240 operibus
2712 2186 2768 2224 tn
2820 2171 3140 2226 haereditate
3165 2171 3257 2225 illa
3282 2185 3343 2226 se

1746 2262 1985 2318 futurum
2015 2276 2135 2318 esse
2157 2271 2536 2333 praesumeret,
2587 2264 2919 2319 determinat
2969 2264 3340 2319 haereditatem

1744 2369 1920 2410 suam.
1950 2354 2126 2410 Dico:
2170 2353 2250 2410 Tu
2309 2356 2565 2412 restitues
2612 2355 2982 2411 haereditatem
3033 2369 3231 2409 meam.
3274 2354 3341 2409 Et

1746 2462 1850 2500 non
1879 2446 2282 2518 qualescunque
2327 2456 2489 2503 erunt
2522 2448 2809 2504 litereditas
2837 2462 2955 2503 mea
2982 2464 2996 2502 :
3028 2446 3124 2503 sed
3154 2448 3333 2517 funes,

1743 2537 1794 2591 id
1819 2547 1901 2592 est
1926 2539 2243 2607 electiones,
2272 2539 2548 2611 dispones.
2582 2539 2770 2596 Sortes
2797 2541 3117 2607 ceciderunt,
3174 2540 3227 2595 id
3257 2544 3341 2597 est

1741 2630 1956 2693 cadent,
1987 2630 2134 2695 mihi,
2180 2630 2229 2684 id
2254 2639 2337 2685 est
2372 2630 2691 2700 contingent
2724 2630 2880 2696 mihi,
2937 2632 2993 2685 in
3044 2629 3351 2705 pra'claris,

1743 2721 1795 2775 id
1826 2728 1911 2775 est
1939 2737 2045 2775 non
2079 2721 2279 2791 eligam
2310 2720 2412 2777 nisi
2463 2721 2586 2778 illos
2634 2722 2724 2791 qui
2757 2730 2917 2777 erunt
2968 2722 3021 2776 in
3050 2721 3338 2778 virtutibus

1742 2810 2009 2880 praeclari.
2041 2809 2223 2866 Funcs
2253 2818 2413 2866 vocat
2459 2811 2846 2881 dispositiones
2874 2826 3001 2867 snas
3025 2826 3121 2881 per
3149 2811 3340 2866 simili-

1744 2900 2032 2965 tudinem,
2086 2900 2212 2969 quia
2258 2901 2400 2955 sicut
2431 2899 2651 2955 funibus
2695 2901 2811 2969 agri
2855 2911 3239 2956 mcnsurantur
3282 2910 3339 2956 ct

1740 2988 2011 3058 eliguntur
2044 3028 2057 3053 ,
2090 2988 2163 3043 ita
2189 2999 2244 3045 et
2275 2989 2419 3044 Deus
2472 2988 2922 3060 dispositionibus
2967 2990 3080 3045 suis
3120 2989 3333 3043 salvan-

1741 3080 1893 3135 dosa
1921 3080 2208 3150 perdendis
2256 3081 2427 3151 eligit.
2481 3082 2547 3136 Et
2594 3083 2733 3137 bene
2776 3081 2947 3137 dicit:
2982 3080 3333 3137 Ceciderunt:

1742 3169 2123 3239 dispositiones
2145 3171 2289 3226 enim
2326 3171 2418 3226 Dei
2440 3172 2733 3243 incognita:
2759 3180 2905 3238 sunt,
2922 3172 3061 3228 sicut
3089 3173 3193 3230 illa:
3217 3190 3336 3245 qua:

130 3243 237 3336 l6).b
266 3249 322 3307 Et
344 3263 529 3321 postea
554 3272 714 3326 quam
743 3271 1072 3330 cognoscent
1100 3279 1221 3320 esse
1253 3235 1637 3336 multiplicatas
1662 3235 1710 3299 θ
1742 3235 1870 3316 casu
1891 3263 2228 3333 contingunt.
2265 3262 2331 3317 Et
2357 3263 2486 3334 quia
2516 3235 2728 3319 diserat
2781 3264 2835 3320 iu
2880 3265 3178 3333 praetoris,
3210 3235 3335 3326 eum

130 3334 397 3399 inﬁrmitates
434 3361 592 3415 suas,
635 3348 1078 3417 acceleraverunt,
1128 3352 1182 3409 id
1234 3363 1319 3411 est
1365 3334 1637 3413 accelera-

129 3424 218 3482 bunt
241 3433 295 3487 ad
320 3436 479 3493 Deum
520 3439 626 3495 fide
669 3450 725 3497 et
764 3444 1103 3513 operatione.
1165 3445 1231 3502 Et
1255 3447 1335 3503 sic
1364 3450 1639 3506 accelera-

130 3513 219 3614 bunt
237 3528 355 3591 quod
380 3530 616 3600 amplius
660 3548 762 3586 non
793 3536 1139 3606 congregabo,
1181 3537 1235 3593 id
1272 3550 1358 3595 est
1411 3557 1637 3614 congre-

128 3610 202 3669 tari
222 3629 306 3669 non
326 3617 518 3675 faciam
544 3624 924 3691 conventicula,
960 3626 1013 3682 id
1057 3610 1632 3702 estcongregationes,

127 3712 249 3793 torum
268 3709 323 3762 de
345 3714 708 3782 sanguinibus,
751 3714 804 3771 id
849 3725 934 3773 est
989 3734 1090 3789 pro
1133 3722 1489 3793 sanguinibus
1516 3725 1630 3782 fun-

127 3790 277 3851 dendis.
324 3800 393 3857 De
443 3806 786 3861 causativum
835 3816 940 3870 est.
996 3809 1049 3864 id
1080 3819 1211 3866 est:
1242 3790 1327 3868 ita
1358 3814 1425 3870 ad
1475 3814 1634 3871 fidem

128 3886 444 3977 aijcelerabnnt,
480 3898 628 3965 quod
655 3898 888 3968 amplius
922 3915 1028 3955 non
1082 3901 1277 3960 faciam
1314 3907 1635 3977 congregari

128 3976 171 4026 ml
192 3993 263 4034 eos
288 3988 528 4044 carnales
562 3990 939 4047 observantias
979 3994 1345 4064 complendas.
1390 3996 1457 4051 Et
1487 3976 1636 4067 post-

127 4077 237 4155 fluam
255 4076 639 4145 aceclerabunt,
670 4097 773 4134 non
797 4098 998 4137 memor
1017 4100 1105 4138 ero
1138 4088 1406 4141 nominum
1428 4105 1634 4155 eorum,

129 4153 161 4249 id
182 4172 308 4219 estut
332 4168 690 4240 improperem
726 4173 808 4230 eis
840 4175 1061 4230 nomina
1100 4193 1219 4248 quae
1250 4196 1349 4249 pro
1371 4181 1487 4237 suis
1513 4197 1633 4238 sce-

128 4242 272 4309 laribus
302 4256 622 4326 habuerunt,
653 4264 867 4319 scilicet
900 4282 1005 4321 non
1033 4242 1133 4323 eos
1182 4242 1427 4325 infideles
1450 4281 1504 4327 et
1528 4273 1633 4327 im-

129 4334 206 4398 Pios
225 4352 269 4396 et
303 4351 504 4404 caneris
533 4351 653 4406 aliis
690 4355 1000 4409 nominibus
1044 4358 1267 4413 vocabo.
1311 4360 1445 4416 Dico
1478 4378 1491 4413 :
1524 4361 1633 4416 Nec

131 4438 278 4487 memor
298 4450 384 4492 cro
421 4457 516 4510 per
539 4440 682 4495 labia
745 4459 884 4509 mea,
929 4445 980 4500 id
1038 4456 1122 4502 est
1152 4449 1371 4517 quando
1412 4450 1636 4507 videbor

129 4525 404 4597 agerelahiis,
426 4534 642 4589 dicens:
672 4536 974 4593 «Discedite
996 4555 1025 4593 a
1049 4540 1359 4612 ηιθ(ΜηιιΙι.
1380 4544 1593 4616 xv,4l),
1610 4565 1629 4599 ι

128 4618 199 4663 Nc.
244 4616 320 4674 Vel
371 4624 411 4676 si
463 4623 709 4681 dicamus
756 4642 880 4683 eum
910 4645 1018 4684 non
1069 4640 1317 4687 acturum
1345 4633 1523 4700 labiis,
1556 4636 1636 4692 sic

129 4713 423 4771 exponemus:
449 4713 565 4771 Nec
626 4731 837 4772 memor
877 4735 974 4776 cro
997 4723 1276 4778 nominum
1318 4741 1528 4781 eorum.
1570 4728 1638 4783 Et

129 4784 195 4886 hoc
218 4801 529 4859 manifestum
569 4822 663 4875 per
682 4805 824 4861 labia
841 4826 954 4863 mea
980 4850 995 4876 ,
1025 4811 1078 4865 id
1114 4820 1197 4867 cst
1218 4827 1313 4883 per
1340 4816 1633 4886 prophetas

129 4879 249 4942 dictos
266 4890 389 4949 labia
415 4912 558 4963 mea,
608 4912 670 4951 ec
699 4900 840 4969 quod
863 4916 1011 4959 meas
1053 4879 1357 4960 voluntates
1405 4879 1632 4975 aperue-

130 4987 242 5071 runt:
270 4986 392 5043 s’cnt
418 4990 557 5047 labia
587 4993 773 5050 cordis
795 4995 1131 5052 voluntatem
1159 5001 1430 5071 aperiunt,
1463 5002 1516 5056 id
1547 5010 1632 5058 cst

130 5062 322 5163 ﬁliolam
352 5082 687 5140 manifestavi
752 5102 849 5158 per
896 5062 1208 5159 prophetas.
1242 5062 1426 5149 meos.
1469 5092 1629 5151 Juxta

130 5155 250 5261 illud:
285 5186 302 5222 α
331 5171 381 5227 Si
402 5178 659 5234 averterit
678 5194 736 5235 se
758 5180 959 5252 impius
981 5184 1051 5239 ab
1076 5184 1353 5256 impietate
1369 5203 1485 5252 sua,
1510 5203 1629 5243 om-

130 5264 231 5346 nium
253 5260 572 5334 iniquitatum
605 5270 724 5339 ejus
748 5288 853 5328 non
881 5276 1440 5346 recordabor(Ezeclt.
1470 5297 1621 5346 xvnt,

130 5338 206 5431 Ψ·
232 5368 248 5400 ι
276 5352 390 5411 Dico
409 5362 548 5427 quod
579 5338 762 5431 postea
792 5365 1193 5422 accelerabunt.
1222 5338 1287 5423 lit
1317 5370 1451 5426 adeo
1473 5338 1627 5426 accc;

133 5424 327 5509 lembum,
512 5424 656 5522 quod
715 5453 977 5511 Dominus
1008 5461 1114 5514 erit
1142 5475 1265 5528 pars
1305 5424 1626 5517 hereditatis

125 5532 269 5629 τ’ξξαξξι
288 5536 444 5629 colicis
466 5544 585 5608 mei.
615 5543 667 5597 id
696 5552 778 5599 est
817 5546 891 5600 illi
925 5548 1122 5612 sancti,
1150 5549 1216 5605 de
1239 5551 1434 5621 quibus
1460 5552 1566 5607 dixi
1606 5567 1621 5605 :

135 5608 337 5711 flriftcavi
359 5642 442 5685 eos
464 5634 559 5703 qui
597 5644 723 5690 sunt
754 5637 1045 5694 luereditas
1096 5656 1215 5695 mea
1248 5658 1386 5711 quos
1408 5643 1624 5699 excolo.

134 5692 179 5798 fa
193 5706 297 5764 calix
320 5728 474 5787 mens,
498 5722 551 5775 id
573 5730 657 5778 est
688 5725 1022 5784 inebriantcs
1076 5744 1161 5783 me
1195 5730 1335 5785 bona
1366 5732 1474 5786 vita
1501 5747 1618 5798 sua.

132 5792 252 5854 idest
291 5805 446 5869 laetitia
496 5816 807 5883 replentes:
840 5821 980 5878 sicut
1028 5824 1266 5892 optimus
1314 5826 1453 5882 calix
1506 5827 1617 5883 vini

1738 3357 1959 3427 quidam
1988 3355 2214 3426 pannosi
2259 3355 2481 3420 fuerint,
2510 3364 2694 3426 posset
2724 3357 2847 3427 quis
2881 3357 3066 3414 dicere
3091 3374 3187 3415 eos
3228 3376 3333 3416 non

1738 3464 1859 3505 esse
1881 3449 2203 3520 praeclaros;
2237 3450 2465 3520 ideoque
2515 3450 2594 3507 sic
2624 3450 2775 3506 addit
2805 3468 2817 3505 :
2842 3451 2988 3508 Bene
3032 3453 3141 3509 dixi
3196 3470 3333 3524 pra:-

1738 3542 1871 3597 σιω-ἱ
1896 3560 1915 3598 :
1942 3542 2143 3597 etenim
2182 3543 2472 3598 baereditas
2501 3559 2621 3599 mea
2652 3543 2909 3613 prteclara
2926 3555 3010 3602 est
3041 3545 3173 3601 mihi
3210 3562 3335 3603 con-

1738 3634 1997 3691 sideranti
2028 3650 2132 3691 non
2160 3636 2456 3690 secundum
2484 3634 2836 3703 exteriorem,
2896 3639 2992 3695 sed
3037 3640 3331 3696 secundum

1740 3728 2014 3783 hominem
2068 3728 2403 3785 interiorem.
2436 3729 2502 3784 Et
2526 3731 2651 3801 quia
2697 3732 3012 3803 praeclaram
3042 3734 3332 3790 hatredita-

1740 3823 1849 3870 tem
1881 3816 2014 3871 mihi
2063 3816 2329 3883 restituit,
2397 3818 2700 3876 benedicam
2755 3820 3059 3887 Dominum,
3117 3823 3173 3878 id
3225 3831 3328 3892 est,

1740 3907 2125 3977 magnilicabo,
2150 3910 2240 3979 qui
2267 3909 2395 3964 mihi
2425 3912 2606 3966 tribuit
2629 3912 2970 3980 intellectum,
3016 3916 3068 3972 id
3091 3926 3175 3973 est
3202 3931 3332 3972 con-

1738 4000 1919 4055 silium
1953 4001 2252 4057 redimendi
2282 4001 2428 4057 illam
2468 4005 2864 4063 hmreditatem.
2897 4008 2965 4062 Et
2989 4008 3209 4079 insuper
3233 4009 3327 4065 be-

1738 4093 1989 4148 nedicam
2019 4094 2087 4149 de
2116 4095 2218 4149 hoc
2248 4095 2391 4166 quod
2444 4112 2591 4149 renes
2644 4098 2747 4151 mei
2775 4137 2790 4163 ,
2825 4097 2877 4151 id
2904 4107 2987 4153 est
3013 4099 3183 4155 λυ(ιωί
3235 4114 3330 4170 pa-

1738 4195 1920 4241 rentes
1951 4186 2081 4251 mei,
2107 4188 2172 4243 de
2188 4203 2418 4257 quorum
2449 4187 2668 4244 renibus
2697 4196 2871 4243 mater
2900 4204 3016 4243 mea
3042 4191 3326 4259 processit,

1737 4276 2109 4346 iucrepuerunt
2142 4294 2222 4332 me
2244 4279 2514 4335 dicentes:
2548 4299 2566 4330 ι
2601 4278 2741 4334 Vah!
2782 4280 2873 4349 qui
2910 4281 3149 4335 destrnis
3195 4289 3327 4337 tem-

1738 4367 1885 4437 plum
1910 4368 2231 4440 Dei(lllattlt.
2263 4386 2354 4438 xv,
2382 4371 2470 4442 12)
2493 4390 2554 4441 ε)
2582 4380 2915 4441 cmterasqne
2937 4373 3323 4443 b'asphemias,

1739 4458 1794 4514 id
1832 4468 1932 4524 est,
1963 4462 2296 4532 increpando
2310 4470 2800 4533 persequentnrme
2825 4480 2985 4535 usque
3004 4465 3072 4518 ad
3100 4474 3325 4532 noctem,

1668 4594 1714 4653 υ
1742 4552 1797 4607 id
1821 4560 1920 4613 est,
1964 4566 2135 4623 usque
2166 4554 2233 4608 ad
2277 4554 2469 4609 mortis
2502 4555 2894 4611 obscuritatem
2948 4572 3034 4612 me
3055 4557 3328 4614 deducen-

1743 4652 1841 4698 tcs.
1876 4642 2006 4701 Dico
2044 4644 2188 4714 quod
2240 4661 2325 4701 me
2361 4646 2750 4715 increpuerunt
2780 4666 2793 4701 :
2836 4662 2936 4717 ego
2964 4658 3145 4704 autem
3207 4668 3327 4720 pro-

1734 4735 1971 4790 videbam
2015 4736 2294 4793 Dominum
2338 4754 2540 4807 semper
2567 4738 2621 4792 in
2672 4749 2947 4807 conspectu
2994 4756 3129 4804 meo,
3164 4740 3215 4795 id
3244 4751 3328 4797 cst

1735 4824 1789 4881 in
1821 4827 2257 4884 consideratione
2311 4830 2509 4884 mentis
2562 4843 2695 4884 mea:
2753 4829 3065 4898 providebo.
3097 4831 3162 4885 Et
3189 4830 3327 4887 bene

1733 4924 1787 4972 ct
1815 4932 2006 4973 secure
2044 4933 2263 4986 possum
2307 4920 2595 4989 providere
2635 4937 2649 4974 :
2689 4922 2941 4991 quoniam
2977 4921 3064 4977 hic
3092 4924 3159 4977 ad
3187 4939 3325 4993 pra:-

1732 5024 1859 5065 sens
1908 5010 1962 5064 in
2019 5010 2368 5067 tribulatione
2429 5028 2461 5065 a
2521 5013 2719 5066 dextris
2762 5022 2836 5067 est
2883 5014 3032 5079 mihi,
3061 5015 3112 5071 id
3135 5022 3238 5079 est,
3267 5016 3321 5069 in

1734 5100 2016 5165 auxilium,
2066 5117 2129 5155 ne
2172 5117 2497 5156 commoveor
2527 5118 2556 5157 a
2588 5103 2730 5157 bono
2778 5106 3058 5174 proposito
3089 5120 3230 5159 meo.
3257 5105 3323 5158 Et

1732 5190 1870 5247 bene
1897 5192 2028 5248 dicit
2050 5210 2083 5246 a
2107 5192 2301 5247 dextris
2316 5210 2352 5275 ;⁸
2394 5208 2489 5263 per
2521 5194 2768 5248 dextram
2821 5211 3053 5264 namque
3100 5208 3324 5265 prospe-

1730 5283 1900 5337 ritas:
1945 5299 2041 5351 per
2072 5284 2347 5339 sinistram
2388 5295 2569 5338 autem
2628 5285 2931 5340 adversitas
2984 5286 3317 5356 designatur.

1731 5375 1896 5445 Quasi
1925 5375 2067 5430 dicat
2097 5392 2110 5428 :
2140 5374 2278 5442 Quia
2297 5384 2381 5430 est
2408 5373 2537 5429 mihi
2564 5390 2593 5428 a
2621 5375 2846 5437 dextris,
2875 5374 2926 5429 id
2952 5385 3035 5431 est
3054 5393 3316 5449 prosper,

1733 5482 1925 5523 secure
1956 5466 2239 5537 providere
2253 5482 2469 5537 possum
2483 5467 2625 5535 quod
2654 5467 2707 5521 in
2734 5465 2912 5521 futuro
2933 5469 3316 5526 resuscitabit:

1734 5556 1857 5612 dico
1891 5573 1921 5611 a
1952 5556 2161 5612 dextris
2186 5565 2291 5612 est.
2327 5557 2394 5611 Et
2425 5567 2635 5623 promer
2684 5558 2780 5608 hoc
2812 5554 3047 5610 (celatum
3102 5567 3175 5613 est
3227 5576 3319 5615 cor

1730 5664 1924 5711 meum,
1957 5648 2008 5701 id
2033 5656 2117 5702 est
2144 5648 2326 5701 anima
2356 5662 2492 5700 mea.
2529 5645 2594 5699 Et
2629 5644 2908 5700 exsultavit
2949 5647 3133 5714 lingua
3179 5666 3315 5714 mea,

1732 5739 1786 5794 id
1813 5751 1899 5794 est
1924 5739 2244 5795 exsultando
2280 5738 2517 5808 proferet
2570 5738 2750 5810 lingua
2789 5756 2910 5797 mea
2944 5759 2958 5794 :
2990 5757 3008 5790 ι
3044 5739 3100 5794 In
3126 5756 3317 5796 manus

1732 5836 1853 5885 tuas
1874 5830 2194 5885 commendo
2238 5828 2491 5899 spiritum
2548 5845 2725 5887 meum
2756 5830 2909 5902 (Luc.
2942 5849 3103 5899 mn,
3134 5832 3246 5903 46).
3289 5849 3311 5885 ›
