  <div class='ocr_page' id='page_1' title='image "/cluster/home/n/w/nwhite01/storage/ocr_20150623/152/hvd.32044015473804/351.png"; bbox 0 0 3864 6320; ppageno 0'>
   <div class='ocr_carea' id='block_1_1' title="bbox 531 361 630 444">
    <p class='ocr_par' dir='ltr' id='par_1_1' title="bbox 531 361 630 444">
     <span class='ocr_line' id='line_1_1' title="bbox 531 361 630 444; baseline 0.01 -1"><span class='ocrx_word' id='word_1_1' title='bbox 531 361 630 444; x_wconf 73' lang='lat' dir='ltr'><strong>sui</strong></span> 
     </span>
    </p>
   </div>
   <div class='ocr_carea' id='block_1_2' title="bbox 1061 354 3724 457">
    <p class='ocr_par' dir='ltr' id='par_1_2' title="bbox 1061 354 3724 457">
     <span class='ocr_line' id='line_1_2' title="bbox 1061 354 3724 457; baseline 0.006 -15"><span class='ocrx_word' id='word_1_2' title='bbox 1061 387 1145 444; x_wconf 87' lang='lat' dir='ltr'><strong>&#39;S.</strong></span> <span class='ocrx_word' id='word_1_3' title='bbox 1191 389 1538 448; x_wconf 82' lang='lat' dir='ltr'><strong>BRUNONIS</strong></span> <span class='ocrx_word' id='word_1_4' title='bbox 1577 354 2222 448; x_wconf 52' lang='lat' dir='ltr'><strong>CARTllUSlAiVORUM</strong></span> <span class='ocrx_word' id='word_1_5' title='bbox 2260 390 2750 450; x_wconf 73' lang='lat' dir='ltr'><strong>INSTITUTORIS</strong></span> <span class='ocrx_word' id='word_1_6' title='bbox 2787 391 2939 450; x_wconf 85' lang='lat' dir='ltr'><strong>OPP.</strong></span> <span class='ocrx_word' id='word_1_7' title='bbox 2976 393 3156 450; x_wconf 75' lang='lat' dir='ltr'><strong>PARS</strong></span> <span class='ocrx_word' id='word_1_8' title='bbox 3188 394 3226 449; x_wconf 84' lang='grc' dir='ltr'><strong>ἰ.</strong></span> <span class='ocrx_word' id='word_1_9' title='bbox 3650 401 3724 457; x_wconf 72' lang='lat'><strong>692</strong></span> 
     </span>
    </p>
   </div>
   <div class='ocr_carea' id='block_1_3' title="bbox 533 487 3724 582">
    <p class='ocr_par' dir='ltr' id='par_1_3' title="bbox 533 487 3724 582">
     <span class='ocr_line' id='line_1_3' title="bbox 533 487 3724 582; baseline 0.003 -26"><span class='ocrx_word' id='word_1_10' title='bbox 533 502 756 566; x_wconf 73' lang='lat' dir='ltr'><strong>Insuper</strong></span> <span class='ocrx_word' id='word_1_11' title='bbox 792 511 839 554; x_wconf 87' lang='lat' dir='ltr'><strong>et</strong></span> <span class='ocrx_word' id='word_1_12' title='bbox 868 517 993 554; x_wconf 75' lang='lat' dir='ltr'><strong>caro</strong></span> <span class='ocrx_word' id='word_1_13' title='bbox 1049 517 1162 554; x_wconf 86' lang='lat' dir='ltr'><strong>mea</strong></span> <span class='ocrx_word' id='word_1_14' title='bbox 1194 505 1476 573; x_wconf 81' lang='lat' dir='ltr'><strong>requiescet</strong></span> <span class='ocrx_word' id='word_1_15' title='bbox 1535 505 1588 560; x_wconf 92' lang='lat' dir='ltr'><strong>in</strong></span> <span class='ocrx_word' id='word_1_16' title='bbox 1633 505 1880 574; x_wconf 88' lang='lat' dir='ltr'><strong>sepulcro</strong></span> <span class='ocrx_word' id='word_1_17' title='bbox 1926 503 1980 558; x_wconf 87' lang='lat' dir='ltr'><strong>in</strong></span> <span class='ocrx_word' id='word_1_18' title='bbox 2025 519 2112 572; x_wconf 69' lang='lat' dir='ltr'><strong>ape</strong></span> <span class='ocrx_word' id='word_1_19' title='bbox 2143 506 2187 561; x_wconf 83' lang='lat' dir='ltr'><strong>A</strong></span> <span class='ocrx_word' id='word_1_20' title='bbox 2215 487 2444 567; x_wconf 76' lang='lat' dir='ltr'><strong>cardius,</strong></span> <span class='ocrx_word' id='word_1_21' title='bbox 2475 515 2618 569; x_wconf 88' lang='lat' dir='ltr'><strong>etc.;</strong></span> <span class='ocrx_word' id='word_1_22' title='bbox 2649 505 2823 560; x_wconf 98' lang='lat' dir='ltr'><strong>oratio</strong></span> <span class='ocrx_word' id='word_1_23' title='bbox 2867 520 2997 560; x_wconf 86' lang='lat' dir='ltr'><strong>vero</strong></span> <span class='ocrx_word' id='word_1_24' title='bbox 3036 522 3136 578; x_wconf 92' lang='lat' dir='ltr'><strong>pro</strong></span> <span class='ocrx_word' id='word_1_25' title='bbox 3177 522 3237 561; x_wconf 90' lang='lat' dir='ltr'><strong>se</strong></span> <span class='ocrx_word' id='word_1_26' title='bbox 3275 517 3329 560; x_wconf 89' lang='lat' dir='ltr'><strong>et</strong></span> <span class='ocrx_word' id='word_1_27' title='bbox 3356 509 3594 564; x_wconf 68' lang='lat' dir='ltr'><strong>membris</strong></span> <span class='ocrx_word' id='word_1_28' title='bbox 3621 530 3633 564; x_wconf 86' lang='lat'><strong>:</strong></span> <span class='ocrx_word' id='word_1_29' title='bbox 3657 530 3724 582; x_wconf 83' lang='lat' dir='ltr'><strong>pro</strong></span> 
     </span>
    </p>
   </div>
   <div class='ocr_carea' id='block_1_4' title="bbox 531 592 2111 665">
    <p class='ocr_par' dir='ltr' id='par_1_4' title="bbox 531 592 2111 665">
     <span class='ocr_line' id='line_1_4' title="bbox 531 592 2111 665; baseline -0.002 -16"><span class='ocrx_word' id='word_1_30' title='bbox 531 592 966 654; x_wconf 75' lang='lat' dir='ltr'><strong>resurrectionis,</strong></span> <span class='ocrx_word' id='word_1_31' title='bbox 1001 593 1174 655; x_wconf 78' lang='lat' dir='ltr'><strong>idest,</strong></span> <span class='ocrx_word' id='word_1_32' title='bbox 1211 594 1282 648; x_wconf 89' lang='lat' dir='ltr'><strong>ita</strong></span> <span class='ocrx_word' id='word_1_33' title='bbox 1313 597 1456 664; x_wconf 88' lang='lat' dir='ltr'><strong>quod</strong></span> <span class='ocrx_word' id='word_1_34' title='bbox 1492 596 1672 648; x_wconf 88' lang='lat' dir='ltr'><strong>anima</strong></span> <span class='ocrx_word' id='word_1_35' title='bbox 1712 609 1862 665; x_wconf 87' lang='lat' dir='ltr'><strong>spem</strong></span> <span class='ocrx_word' id='word_1_36' title='bbox 1891 592 2111 648; x_wconf 88' lang='lat' dir='ltr'><strong>habebit</strong></span> 
     </span>
    </p>
   </div>
   <div class='ocr_carea' id='block_1_5' title="bbox 527 684 2110 751">
    <p class='ocr_par' dir='ltr' id='par_1_5' title="bbox 527 684 2110 751">
     <span class='ocr_line' id='line_1_5' title="bbox 527 684 2110 751; baseline -0.001 -11"><span class='ocrx_word' id='word_1_37' title='bbox 527 701 746 740; x_wconf 82' lang='lat' dir='ltr'><strong>carnem</strong></span> <span class='ocrx_word' id='word_1_38' title='bbox 769 697 891 738; x_wconf 88' lang='lat' dir='ltr'><strong>esse</strong></span> <span class='ocrx_word' id='word_1_39' title='bbox 943 684 1395 739; x_wconf 83' lang='lat' dir='ltr'><strong>resuscitandam.</strong></span> <span class='ocrx_word' id='word_1_40' title='bbox 1448 685 1544 740; x_wconf 84' lang='lat' dir='ltr'><strong>Vel</strong></span> <span class='ocrx_word' id='word_1_41' title='bbox 1591 703 1714 740; x_wconf 89' lang='lat' dir='ltr'><strong>caro</strong></span> <span class='ocrx_word' id='word_1_42' title='bbox 1746 702 1882 749; x_wconf 89' lang='lat' dir='ltr'><strong>mea,</strong></span> <span class='ocrx_word' id='word_1_43' title='bbox 1915 686 1965 739; x_wconf 87' lang='lat' dir='ltr'><strong>il</strong></span> <span class='ocrx_word' id='word_1_44' title='bbox 2007 697 2110 751; x_wconf 89' lang='lat' dir='ltr'><strong>est,</strong></span> 
     </span>
    </p>
   </div>
   <div class='ocr_carea' id='block_1_6' title="bbox 531 773 2108 844">
    <p class='ocr_par' dir='ltr' id='par_1_6' title="bbox 531 773 2108 844">
     <span class='ocr_line' id='line_1_6' title="bbox 531 773 2108 844; baseline 0.001 -17"><span class='ocrx_word' id='word_1_45' title='bbox 531 774 790 836; x_wconf 78' lang='lat' dir='ltr'><strong>Ecclesia,</strong></span> <span class='ocrx_word' id='word_1_46' title='bbox 809 787 926 842; x_wconf 72' lang='lat' dir='ltr'><strong>qua:</strong></span> <span class='ocrx_word' id='word_1_47' title='bbox 947 782 1023 825; x_wconf 86' lang='lat' dir='ltr'><strong>est</strong></span> <span class='ocrx_word' id='word_1_48' title='bbox 1049 787 1246 842; x_wconf 88' lang='lat' dir='ltr'><strong>corpus</strong></span> <span class='ocrx_word' id='word_1_49' title='bbox 1273 791 1460 839; x_wconf 84' lang='lat' dir='ltr'><strong>unum,</strong></span> <span class='ocrx_word' id='word_1_50' title='bbox 1482 773 1635 840; x_wconf 78' lang='lat' dir='ltr'><strong>cujus</strong></span> <span class='ocrx_word' id='word_1_51' title='bbox 1657 783 1930 844; x_wconf 83' lang='lat' dir='ltr'><strong>caputcgo</strong></span> <span class='ocrx_word' id='word_1_52' title='bbox 1956 791 2072 829; x_wconf 88' lang='lat' dir='ltr'><strong>sum</strong></span> <span class='ocrx_word' id='word_1_53' title='bbox 2095 793 2108 829; x_wconf 77' lang='grc' dir='ltr'>ε</span> 
     </span>
    </p>
   </div>
   <div class='ocr_carea' id='block_1_7' title="bbox 533 866 2110 936">
    <p class='ocr_par' dir='ltr' id='par_1_7' title="bbox 533 866 2110 936">
     <span class='ocr_line' id='line_1_7' title="bbox 533 866 2110 936; baseline 0.001 -20"><span class='ocrx_word' id='word_1_54' title='bbox 533 867 812 936; x_wconf 69' lang='lat' dir='ltr'><strong>requiescet</strong></span> <span class='ocrx_word' id='word_1_55' title='bbox 853 866 908 916; x_wconf 87' lang='lat' dir='ltr'><strong>in</strong></span> <span class='ocrx_word' id='word_1_56' title='bbox 959 880 1046 933; x_wconf 87' lang='lat' dir='ltr'><strong>spe</strong></span> <span class='ocrx_word' id='word_1_57' title='bbox 1069 866 1384 933; x_wconf 79' lang='lat' dir='ltr'><strong>resnrgendi</strong></span> <span class='ocrx_word' id='word_1_58' title='bbox 1416 883 1428 917; x_wconf 91' lang='lat'><strong>:</strong></span> <span class='ocrx_word' id='word_1_59' title='bbox 1456 875 1512 920; x_wconf 87' lang='lat' dir='ltr'><strong>Ill</strong></span> <span class='ocrx_word' id='word_1_60' title='bbox 1555 867 1694 920; x_wconf 85' lang='lat' dir='ltr'><strong>sicut</strong></span> <span class='ocrx_word' id='word_1_61' title='bbox 1741 880 1839 936; x_wconf 79' lang='lat' dir='ltr'><strong>ego</strong></span> <span class='ocrx_word' id='word_1_62' title='bbox 1875 867 2110 932; x_wconf 80' lang='lat' dir='ltr'><strong>surrexi,</strong></span> 
     </span>
    </p>
   </div>
   <div class='ocr_carea' id='block_1_8' title="bbox 530 947 2111 1030">
    <p class='ocr_par' dir='ltr' id='par_1_8' title="bbox 530 947 2111 1030">
     <span class='ocr_line' id='line_1_8' title="bbox 530 947 2111 1030; baseline 0.004 -22"><span class='ocrx_word' id='word_1_63' title='bbox 530 957 602 1008; x_wconf 83' lang='lat' dir='ltr'><strong>ita</strong></span> <span class='ocrx_word' id='word_1_64' title='bbox 633 967 686 1010; x_wconf 89' lang='lat' dir='ltr'><strong>et</strong></span> <span class='ocrx_word' id='word_1_65' title='bbox 716 955 828 1025; x_wconf 86' lang='lat' dir='ltr'><strong>ipsa</strong></span> <span class='ocrx_word' id='word_1_66' title='bbox 877 966 1147 1024; x_wconf 75' lang='lat' dir='ltr'><strong>resurgat.</strong></span> <span class='ocrx_word' id='word_1_67' title='bbox 1185 957 1249 1011; x_wconf 85' lang='lat' dir='ltr'><strong>Et</strong></span> <span class='ocrx_word' id='word_1_68' title='bbox 1289 960 1340 1012; x_wconf 89' lang='lat' dir='ltr'><strong>in</strong></span> <span class='ocrx_word' id='word_1_69' title='bbox 1379 959 1480 1013; x_wconf 92' lang='lat' dir='ltr'><strong>hac</strong></span> <span class='ocrx_word' id='word_1_70' title='bbox 1543 974 1638 1030; x_wconf 89' lang='lat' dir='ltr'><strong>spe</strong></span> <span class='ocrx_word' id='word_1_71' title='bbox 1693 947 2032 1028; x_wconf 85' lang='lat' dir='ltr'><strong>requiescet,</strong></span> <span class='ocrx_word' id='word_1_72' title='bbox 2059 961 2111 1014; x_wconf 95' lang='lat' dir='ltr'><strong>id</strong></span> 
     </span>
    </p>
   </div>
   <div class='ocr_carea' id='block_1_9' title="bbox 528 1037 2109 1121">
    <p class='ocr_par' dir='ltr' id='par_1_9' title="bbox 528 1037 2109 1121">
     <span class='ocr_line' id='line_1_9' title="bbox 528 1037 2109 1121; baseline 0.005 -21"><span class='ocrx_word' id='word_1_73' title='bbox 528 1056 630 1108; x_wconf 84' lang='lat' dir='ltr'><strong>est,</strong></span> <span class='ocrx_word' id='word_1_74' title='bbox 697 1047 924 1102; x_wconf 90' lang='lat' dir='ltr'><strong>multum</strong></span> <span class='ocrx_word' id='word_1_75' title='bbox 978 1037 1367 1115; x_wconf 75' lang='lat' dir='ltr'><strong>delectabitur;</strong></span> <span class='ocrx_word' id='word_1_76' title='bbox 1419 1052 1576 1121; x_wconf 84' lang='lat' dir='ltr'><strong>juxta</strong></span> <span class='ocrx_word' id='word_1_77' title='bbox 1631 1051 1760 1106; x_wconf 91' lang='lat' dir='ltr'><strong>illud</strong></span> <span class='ocrx_word' id='word_1_78' title='bbox 1816 1053 2109 1120; x_wconf 85' lang='lat' dir='ltr'><strong>Apostoli:</strong></span> 
     </span>
    </p>
   </div>
   <div class='ocr_carea' id='block_1_10' title="bbox 533 1139 2116 1210">
    <p class='ocr_par' dir='ltr' id='par_1_10' title="bbox 533 1139 2116 1210">
     <span class='ocr_line' id='line_1_10' title="bbox 533 1139 2116 1210; baseline 0.005 -21"><span class='ocrx_word' id='word_1_79' title='bbox 533 1157 551 1189; x_wconf 76' lang='grc' dir='ltr'><strong>ι</strong></span> <span class='ocrx_word' id='word_1_80' title='bbox 589 1139 645 1194; x_wconf 91' lang='lat' dir='ltr'><strong>Si</strong></span> <span class='ocrx_word' id='word_1_81' title='bbox 676 1140 950 1194; x_wconf 76' lang='lat' dir='ltr'><strong>credimus</strong></span> <span class='ocrx_word' id='word_1_82' title='bbox 971 1143 1113 1210; x_wconf 86' lang='lat' dir='ltr'><strong>quod</strong></span> <span class='ocrx_word' id='word_1_83' title='bbox 1144 1139 1304 1196; x_wconf 77' lang='lat' dir='ltr'><strong>.lesus</strong></span> <span class='ocrx_word' id='word_1_84' title='bbox 1329 1152 1576 1198; x_wconf 89' lang='lat' dir='ltr'><strong>mortuus</strong></span> <span class='ocrx_word' id='word_1_85' title='bbox 1609 1151 1773 1197; x_wconf 89' lang='lat' dir='ltr'><strong>estet</strong></span> <span class='ocrx_word' id='word_1_86' title='bbox 1800 1158 2116 1198; x_wconf 80' lang='lat' dir='ltr'><strong>resurrcxc-</strong></span> 
     </span>
    </p>
   </div>
   <div class='ocr_carea' id='block_1_11' title="bbox 531 1231 2117 1303">
    <p class='ocr_par' dir='ltr' id='par_1_11' title="bbox 531 1231 2117 1303">
     <span class='ocr_line' id='line_1_11' title="bbox 531 1231 2117 1303; baseline 0.002 -19"><span class='ocrx_word' id='word_1_87' title='bbox 531 1233 622 1296; x_wconf 89' lang='lat' dir='ltr'><strong>rit,</strong></span> <span class='ocrx_word' id='word_1_88' title='bbox 657 1231 728 1286; x_wconf 88' lang='lat' dir='ltr'><strong>ita</strong></span> <span class='ocrx_word' id='word_1_89' title='bbox 763 1231 905 1286; x_wconf 86' lang='lat' dir='ltr'><strong>Deus</strong></span> <span class='ocrx_word' id='word_1_90' title='bbox 930 1247 1024 1286; x_wconf 87' lang='lat' dir='ltr'><strong>eos</strong></span> <span class='ocrx_word' id='word_1_91' title='bbox 1055 1233 1144 1302; x_wconf 89' lang='lat' dir='ltr'><strong>qui</strong></span> <span class='ocrx_word' id='word_1_92' title='bbox 1177 1233 1517 1288; x_wconf 89' lang='lat' dir='ltr'><strong>dormierunt</strong></span> <span class='ocrx_word' id='word_1_93' title='bbox 1545 1248 1640 1303; x_wconf 91' lang='lat' dir='ltr'><strong>per</strong></span> <span class='ocrx_word' id='word_1_94' title='bbox 1669 1231 1850 1288; x_wconf 86' lang='lat' dir='ltr'><strong>Jesum</strong></span> <span class='ocrx_word' id='word_1_95' title='bbox 1883 1233 2117 1287; x_wconf 85' lang='lat' dir='ltr'><strong>adducet</strong></span> 
     </span>
    </p>
   </div>
   <div class='ocr_carea' id='block_1_12' title="bbox 531 1307 2112 1393">
    <p class='ocr_par' dir='ltr' id='par_1_12' title="bbox 531 1307 2112 1393">
     <span class='ocr_line' id='line_1_12' title="bbox 531 1307 2112 1393; baseline -0.001 -17"><span class='ocrx_word' id='word_1_96' title='bbox 531 1337 650 1376; x_wconf 84' lang='lat' dir='ltr'><strong>cum</strong></span> <span class='ocrx_word' id='word_1_97' title='bbox 701 1336 766 1377; x_wconf 87' lang='lat' dir='ltr'><strong>eo</strong></span> <span class='ocrx_word' id='word_1_98' title='bbox 793 1321 845 1393; x_wconf 84' lang='grc' dir='ltr'><strong>(Ι</strong></span> <span class='ocrx_word' id='word_1_99' title='bbox 873 1321 1050 1375; x_wconf 86' lang='lat' dir='ltr'><strong>Thess.</strong></span> <span class='ocrx_word' id='word_1_100' title='bbox 1081 1338 1156 1384; x_wconf 88' lang='lat' dir='ltr'><strong>tv,</strong></span> <span class='ocrx_word' id='word_1_101' title='bbox 1191 1322 1301 1393; x_wconf 73' lang='lat' dir='ltr'><strong>ll).</strong></span> <span class='ocrx_word' id='word_1_102' title='bbox 1339 1342 1358 1375; x_wconf 75' lang='grc' dir='ltr'><strong>ι</strong></span> <span class='ocrx_word' id='word_1_103' title='bbox 1397 1323 1462 1377; x_wconf 88' lang='lat' dir='ltr'><strong>Et</strong></span> <span class='ocrx_word' id='word_1_104' title='bbox 1486 1324 1622 1378; x_wconf 90' lang='lat' dir='ltr'><strong>bcuc</strong></span> <span class='ocrx_word' id='word_1_105' title='bbox 1651 1307 2112 1376; x_wconf 30' lang='lat' dir='ltr'><strong>dicit&#39;Ecclesiam</strong></span> 
     </span>
    </p>
   </div>
   <div class='ocr_carea' id='block_1_13' title="bbox 529 1414 2112 1485">
    <p class='ocr_par' dir='ltr' id='par_1_13' title="bbox 529 1414 2112 1485">
     <span class='ocr_line' id='line_1_13' title="bbox 529 1414 2112 1485; baseline -0.002 -15"><span class='ocrx_word' id='word_1_106' title='bbox 529 1431 746 1470; x_wconf 82' lang='lat' dir='ltr'><strong>carnem</strong></span> <span class='ocrx_word' id='word_1_107' title='bbox 775 1431 957 1480; x_wconf 88' lang='lat' dir='ltr'><strong>suam;</strong></span> <span class='ocrx_word' id='word_1_108' title='bbox 990 1417 1131 1470; x_wconf 84' lang='lat' dir='ltr'><strong>sicut</strong></span> <span class='ocrx_word' id='word_1_109' title='bbox 1159 1415 1234 1469; x_wconf 87' lang='lat' dir='ltr'><strong>ait</strong></span> <span class='ocrx_word' id='word_1_110' title='bbox 1258 1415 1586 1485; x_wconf 77' lang='lat' dir='ltr'><strong>Apostolus:</strong></span> <span class='ocrx_word' id='word_1_111' title='bbox 1643 1432 1664 1466; x_wconf 78' lang='grc' dir='ltr'><strong>ι</strong></span> <span class='ocrx_word' id='word_1_112' title='bbox 1701 1414 1874 1471; x_wconf 84' lang='lat' dir='ltr'><strong>Erunt</strong></span> <span class='ocrx_word' id='word_1_113' title='bbox 1912 1414 2018 1468; x_wconf 85' lang='lat' dir='ltr'><strong>duo</strong></span> <span class='ocrx_word' id='word_1_114' title='bbox 2061 1414 2112 1468; x_wconf 91' lang='lat' dir='ltr'><strong>in</strong></span> 
     </span>
    </p>
   </div>
   <div class='ocr_carea' id='block_1_14' title="bbox 529 1504 2116 1577">
    <p class='ocr_par' dir='ltr' id='par_1_14' title="bbox 529 1504 2116 1577">
     <span class='ocr_line' id='line_1_14' title="bbox 529 1504 2116 1577; baseline -0.001 -17"><span class='ocrx_word' id='word_1_115' title='bbox 529 1522 692 1561; x_wconf 84' lang='lat' dir='ltr'><strong>carne</strong></span> <span class='ocrx_word' id='word_1_116' title='bbox 725 1521 852 1560; x_wconf 88' lang='lat' dir='ltr'><strong>una.</strong></span> <span class='ocrx_word' id='word_1_117' title='bbox 898 1504 1319 1562; x_wconf 82' lang='lat' dir='ltr'><strong>Sacramehtum</strong></span> <span class='ocrx_word' id='word_1_118' title='bbox 1381 1507 1486 1562; x_wconf 92' lang='lat' dir='ltr'><strong>hoc</strong></span> <span class='ocrx_word' id='word_1_119' title='bbox 1541 1521 1794 1577; x_wconf 85' lang='lat' dir='ltr'><strong>magnum</strong></span> <span class='ocrx_word' id='word_1_120' title='bbox 1838 1514 1959 1559; x_wconf 87' lang='lat' dir='ltr'><strong>est:</strong></span> <span class='ocrx_word' id='word_1_121' title='bbox 1995 1504 2116 1558; x_wconf 87' lang='lat' dir='ltr'><strong>dico</strong></span> 
     </span>
    </p>
   </div>
   <div class='ocr_carea' id='block_1_15' title="bbox 529 1595 2112 1667">
    <p class='ocr_par' dir='ltr' id='par_1_15' title="bbox 529 1595 2112 1667">
     <span class='ocr_line' id='line_1_15' title="bbox 529 1595 2112 1667; baseline 0.001 -17"><span class='ocrx_word' id='word_1_122' title='bbox 529 1606 710 1650; x_wconf 82' lang='lat' dir='ltr'><strong>autem</strong></span> <span class='ocrx_word' id='word_1_123' title='bbox 772 1596 826 1650; x_wconf 92' lang='lat' dir='ltr'><strong>in</strong></span> <span class='ocrx_word' id='word_1_124' title='bbox 885 1595 1108 1652; x_wconf 85' lang='lat' dir='ltr'><strong>Christo</strong></span> <span class='ocrx_word' id='word_1_125' title='bbox 1157 1607 1212 1652; x_wconf 89' lang='lat' dir='ltr'><strong>et</strong></span> <span class='ocrx_word' id='word_1_126' title='bbox 1259 1599 1312 1651; x_wconf 90' lang='lat' dir='ltr'><strong>in</strong></span> <span class='ocrx_word' id='word_1_127' title='bbox 1363 1597 1608 1652; x_wconf 73' lang='lat' dir='ltr'><strong>Ecclesia</strong></span> <span class='ocrx_word' id='word_1_128' title='bbox 1660 1595 2112 1667; x_wconf 75' lang='lat' dir='ltr'><strong>(ICor.vr,16;</strong></span> 
     </span>
    </p>
   </div>
   <div class='ocr_carea' id='block_1_16' title="bbox 534 1688 2111 1759">
    <p class='ocr_par' dir='ltr' id='par_1_16' title="bbox 534 1688 2111 1759">
     <span class='ocr_line' id='line_1_16' title="bbox 534 1688 2111 1759; baseline 0 -17"><span class='ocrx_word' id='word_1_129' title='bbox 534 1689 728 1751; x_wconf 65' lang='lat' dir='ltr'><strong>I&#39;Iphes.</strong></span> <span class='ocrx_word' id='word_1_130' title='bbox 754 1689 942 1758; x_wconf 71' lang='lat' dir='ltr'><strong>v,5&#39;2).</strong></span> <span class='ocrx_word' id='word_1_131' title='bbox 988 1707 1006 1740; x_wconf 71' lang='grc' dir='ltr'><strong>ι</strong></span> <span class='ocrx_word' id='word_1_132' title='bbox 1044 1689 1174 1744; x_wconf 87' lang='lat' dir='ltr'><strong>Dico</strong></span> <span class='ocrx_word' id='word_1_133' title='bbox 1195 1689 1337 1759; x_wconf 89' lang='lat' dir='ltr'><strong>quod</strong></span> <span class='ocrx_word' id='word_1_134' title='bbox 1371 1688 1608 1744; x_wconf 78' lang='lat' dir='ltr'><strong>lzctatum</strong></span> <span class='ocrx_word' id='word_1_135' title='bbox 1645 1697 1730 1744; x_wconf 81' lang='lat' dir='ltr'><strong>est</strong></span> <span class='ocrx_word' id='word_1_136' title='bbox 1766 1703 1861 1743; x_wconf 89' lang='lat' dir='ltr'><strong>cor</strong></span> <span class='ocrx_word' id='word_1_137' title='bbox 1891 1703 2111 1742; x_wconf 91' lang='lat' dir='ltr'><strong>meum:</strong></span> 
     </span>
    </p>
   </div>
   <div class='ocr_carea' id='block_1_17' title="bbox 534 1779 2115 1852">
    <p class='ocr_par' dir='ltr' id='par_1_17' title="bbox 534 1779 2115 1852">
     <span class='ocr_line' id='line_1_17' title="bbox 534 1779 2115 1852; baseline -0.001 -18"><span class='ocrx_word' id='word_1_138' title='bbox 534 1789 589 1834; x_wconf 87' lang='lat' dir='ltr'><strong>et</strong></span> <span class='ocrx_word' id='word_1_139' title='bbox 609 1780 901 1836; x_wconf 87' lang='lat' dir='ltr'><strong>exsultavit</strong></span> <span class='ocrx_word' id='word_1_140' title='bbox 933 1781 1110 1850; x_wconf 77' lang='lat' dir='ltr'><strong>lingua</strong></span> <span class='ocrx_word' id='word_1_141' title='bbox 1135 1795 1274 1833; x_wconf 88' lang='lat' dir='ltr'><strong>mea.</strong></span> <span class='ocrx_word' id='word_1_142' title='bbox 1332 1779 1436 1852; x_wconf 65' lang='grc' dir='ltr'>ἀι</span> <span class='ocrx_word' id='word_1_143' title='bbox 1489 1780 1556 1834; x_wconf 85' lang='grc' dir='ltr'>Ει</span> <span class='ocrx_word' id='word_1_144' title='bbox 1606 1779 1824 1842; x_wconf 89' lang='lat' dir='ltr'><strong>merito,</strong></span> <span class='ocrx_word' id='word_1_145' title='bbox 1868 1780 2115 1850; x_wconf 86' lang='lat' dir='ltr'><strong>quoniam</strong></span> 
     </span>
    </p>
   </div>
   <div class='ocr_carea' id='block_1_18' title="bbox 531 1851 2192 1942">
    <p class='ocr_par' dir='ltr' id='par_1_18' title="bbox 531 1851 2192 1942">
     <span class='ocr_line' id='line_1_18' title="bbox 531 1851 2192 1942; baseline 0 -17"><span class='ocrx_word' id='word_1_146' title='bbox 531 1889 635 1926; x_wconf 82' lang='lat' dir='ltr'><strong>non</strong></span> <span class='ocrx_word' id='word_1_147' title='bbox 685 1871 1014 1942; x_wconf 85' lang='lat' dir='ltr'><strong>derelinques</strong></span> <span class='ocrx_word' id='word_1_148' title='bbox 1058 1873 1291 1925; x_wconf 88' lang='lat' dir='ltr'><strong>animam</strong></span> <span class='ocrx_word' id='word_1_149' title='bbox 1344 1887 1512 1924; x_wconf 81' lang='lat' dir='ltr'><strong>meum</strong></span> <span class='ocrx_word' id='word_1_150' title='bbox 1543 1872 1599 1924; x_wconf 85' lang='lat' dir='ltr'><strong>in</strong></span> <span class='ocrx_word' id='word_1_151' title='bbox 1639 1871 1878 1940; x_wconf 79' lang='lat' dir='ltr'><strong>inferno,</strong></span> <span class='ocrx_word' id='word_1_152' title='bbox 1935 1882 1994 1924; x_wconf 85' lang='lat' dir='ltr'><strong>ut</strong></span> <span class='ocrx_word' id='word_1_153' title='bbox 2043 1871 2115 1925; x_wconf 89' lang='lat' dir='ltr'><strong>ibi</strong></span> <span class='ocrx_word' id='word_1_154' title='bbox 2151 1851 2192 1910; x_wconf 75' lang='grc' dir='ltr'><strong>Β</strong></span> 
     </span>
    </p>
   </div>
   <div class='ocr_carea' id='block_1_19' title="bbox 531 1963 2119 2034">
    <p class='ocr_par' dir='ltr' id='par_1_19' title="bbox 531 1963 2119 2034">
     <span class='ocr_line' id='line_1_19' title="bbox 531 1963 2119 2034; baseline 0.001 -19"><span class='ocrx_word' id='word_1_155' title='bbox 531 1963 836 2019; x_wconf 79' lang='lat' dir='ltr'><strong>detineatur</strong></span> <span class='ocrx_word' id='word_1_156' title='bbox 859 1964 1001 2018; x_wconf 86' lang='lat' dir='ltr'><strong>sicut</strong></span> <span class='ocrx_word' id='word_1_157' title='bbox 1027 1964 1221 2018; x_wconf 75' lang='lat' dir='ltr'><strong>anima:</strong></span> <span class='ocrx_word' id='word_1_158' title='bbox 1251 1971 1598 2032; x_wconf 83' lang='lat' dir='ltr'><strong>peccatorum</strong></span> <span class='ocrx_word' id='word_1_159' title='bbox 1627 1979 1642 2030; x_wconf 94' lang='lat'><strong>;</strong></span> <span class='ocrx_word' id='word_1_160' title='bbox 1673 1964 1791 2028; x_wconf 88' lang='lat' dir='ltr'><strong>sed,</strong></span> <span class='ocrx_word' id='word_1_161' title='bbox 1837 1979 1902 2018; x_wconf 90' lang='lat' dir='ltr'><strong>eo</strong></span> <span class='ocrx_word' id='word_1_162' title='bbox 1927 1978 2119 2034; x_wconf 80' lang='lat' dir='ltr'><strong>exspo-</strong></span> 
     </span>
    </p>
   </div>
   <div class='ocr_carea' id='block_1_20' title="bbox 534 2057 2120 2127">
    <p class='ocr_par' dir='ltr' id='par_1_20' title="bbox 534 2057 2120 2127">
     <span class='ocr_line' id='line_1_20' title="bbox 534 2057 2120 2127; baseline 0 -17"><span class='ocrx_word' id='word_1_163' title='bbox 534 2059 684 2123; x_wconf 87' lang='lat' dir='ltr'><strong>liato,</strong></span> <span class='ocrx_word' id='word_1_164' title='bbox 721 2073 844 2112; x_wconf 89' lang='lat' dir='ltr'><strong>cum</strong></span> <span class='ocrx_word' id='word_1_165' title='bbox 873 2066 1186 2112; x_wconf 86' lang='lat' dir='ltr'><strong>sanctorum</strong></span> <span class='ocrx_word' id='word_1_166' title='bbox 1215 2071 1407 2127; x_wconf 83' lang='lat' dir='ltr'><strong>pompa</strong></span> <span class='ocrx_word' id='word_1_167' title='bbox 1468 2066 1773 2112; x_wconf 88' lang='lat' dir='ltr'><strong>revertetur</strong></span> <span class='ocrx_word' id='word_1_168' title='bbox 1805 2074 1819 2112; x_wconf 89' lang='lat'><strong>:</strong></span> <span class='ocrx_word' id='word_1_169' title='bbox 1855 2073 1947 2110; x_wconf 89' lang='lat' dir='ltr'><strong>nec</strong></span> <span class='ocrx_word' id='word_1_170' title='bbox 1971 2057 2120 2110; x_wconf 80' lang='lat' dir='ltr'><strong>dabis</strong></span> 
     </span>
    </p>
   </div>
   <div class='ocr_carea' id='block_1_21' title="bbox 533 2144 2118 2218">
    <p class='ocr_par' dir='ltr' id='par_1_21' title="bbox 533 2144 2118 2218">
     <span class='ocr_line' id='line_1_21' title="bbox 533 2144 2118 2218; baseline -0.001 -14"><span class='ocrx_word' id='word_1_171' title='bbox 533 2159 770 2204; x_wconf 60' lang='lat' dir='ltr'><strong>sanctum</strong></span> <span class='ocrx_word' id='word_1_172' title='bbox 809 2159 956 2204; x_wconf 85' lang='lat' dir='ltr'><strong>tuum</strong></span> <span class='ocrx_word' id='word_1_173' title='bbox 985 2189 1000 2214; x_wconf 92' lang='lat'><strong>,</strong></span> <span class='ocrx_word' id='word_1_174' title='bbox 1054 2149 1105 2204; x_wconf 93' lang='lat' dir='ltr'><strong>id</strong></span> <span class='ocrx_word' id='word_1_175' title='bbox 1137 2159 1221 2204; x_wconf 88' lang='lat' dir='ltr'><strong>est</strong></span> <span class='ocrx_word' id='word_1_176' title='bbox 1269 2158 1516 2204; x_wconf 88' lang='lat' dir='ltr'><strong>sanctum</strong></span> <span class='ocrx_word' id='word_1_177' title='bbox 1557 2164 1756 2218; x_wconf 91' lang='lat' dir='ltr'><strong>corpus</strong></span> <span class='ocrx_word' id='word_1_178' title='bbox 1784 2164 1964 2202; x_wconf 88' lang='lat' dir='ltr'><strong>meum</strong></span> <span class='ocrx_word' id='word_1_179' title='bbox 1996 2144 2118 2202; x_wconf 87' lang='lat' dir='ltr'><strong>Filii</strong></span> 
     </span>
    </p>
   </div>
   <div class='ocr_carea' id='block_1_22' title="bbox 534 2239 2120 2310">
    <p class='ocr_par' dir='ltr' id='par_1_22' title="bbox 534 2239 2120 2310">
     <span class='ocr_line' id='line_1_22' title="bbox 534 2239 2120 2310; baseline -0.002 -15"><span class='ocrx_word' id='word_1_180' title='bbox 534 2243 642 2305; x_wconf 86' lang='lat' dir='ltr'><strong>tui,</strong></span> <span class='ocrx_word' id='word_1_181' title='bbox 692 2240 870 2295; x_wconf 79' lang='lat' dir='ltr'><strong>videre</strong></span> <span class='ocrx_word' id='word_1_182' title='bbox 913 2241 1323 2308; x_wconf 84' lang='lat' dir='ltr'><strong>corruptionem,</strong></span> <span class='ocrx_word' id='word_1_183' title='bbox 1357 2239 1407 2294; x_wconf 91' lang='lat' dir='ltr'><strong>id</strong></span> <span class='ocrx_word' id='word_1_184' title='bbox 1438 2249 1523 2294; x_wconf 88' lang='lat' dir='ltr'><strong>est</strong></span> <span class='ocrx_word' id='word_1_185' title='bbox 1558 2255 1663 2293; x_wconf 90' lang='lat' dir='ltr'><strong>non</strong></span> <span class='ocrx_word' id='word_1_186' title='bbox 1719 2239 2003 2310; x_wconf 86' lang='lat' dir='ltr'><strong>permittes</strong></span> <span class='ocrx_word' id='word_1_187' title='bbox 2031 2253 2120 2293; x_wconf 90' lang='lat' dir='ltr'><strong>sa-</strong></span> 
     </span>
    </p>
   </div>
   <div class='ocr_carea' id='block_1_23' title="bbox 533 2330 2121 2402">
    <p class='ocr_par' dir='ltr' id='par_1_23' title="bbox 533 2330 2121 2402">
     <span class='ocr_line' id='line_1_23' title="bbox 533 2330 2121 2402; baseline -0.004 -12"><span class='ocrx_word' id='word_1_188' title='bbox 533 2342 878 2390; x_wconf 86' lang='lat' dir='ltr'><strong>crosanctum</strong></span> <span class='ocrx_word' id='word_1_189' title='bbox 909 2348 1107 2401; x_wconf 88' lang='lat' dir='ltr'><strong>corpus</strong></span> <span class='ocrx_word' id='word_1_190' title='bbox 1145 2347 1326 2386; x_wconf 88' lang='lat' dir='ltr'><strong>meum</strong></span> <span class='ocrx_word' id='word_1_191' title='bbox 1376 2330 1731 2402; x_wconf 53' lang='lat' dir='ltr'><strong>putrescere.”</strong></span> <span class='ocrx_word' id='word_1_192' title='bbox 1765 2331 1835 2385; x_wconf 85' lang='lat' dir='ltr'><strong>Et</strong></span> <span class='ocrx_word' id='word_1_193' title='bbox 1869 2331 1989 2386; x_wconf 89' lang='lat' dir='ltr'><strong>ideo</strong></span> <span class='ocrx_word' id='word_1_194' title='bbox 2017 2345 2121 2385; x_wconf 90' lang='lat' dir='ltr'><strong>non</strong></span> 
     </span>
    </p>
   </div>
   <div class='ocr_carea' id='block_1_24' title="bbox 536 2421 2122 2491">
    <p class='ocr_par' dir='ltr' id='par_1_24' title="bbox 536 2421 2122 2491">
     <span class='ocr_line' id='line_1_24' title="bbox 536 2421 2122 2491; baseline -0.001 -15"><span class='ocrx_word' id='word_1_195' title='bbox 536 2424 872 2491; x_wconf 72' lang='lat' dir='ltr'><strong>derelinqnes</strong></span> <span class='ocrx_word' id='word_1_196' title='bbox 906 2423 1140 2476; x_wconf 88' lang='lat' dir='ltr'><strong>animam</strong></span> <span class='ocrx_word' id='word_1_197' title='bbox 1181 2437 1360 2476; x_wconf 86' lang='lat' dir='ltr'><strong>meam</strong></span> <span class='ocrx_word' id='word_1_198' title='bbox 1407 2421 1461 2475; x_wconf 92' lang='lat' dir='ltr'><strong>in</strong></span> <span class='ocrx_word' id='word_1_199' title='bbox 1503 2421 1758 2475; x_wconf 82' lang='lat' dir='ltr'><strong>inferno:</strong></span> <span class='ocrx_word' id='word_1_200' title='bbox 1789 2421 1913 2490; x_wconf 85' lang='lat' dir='ltr'><strong>quia</strong></span> <span class='ocrx_word' id='word_1_201' title='bbox 1972 2430 2122 2474; x_wconf 87' lang='lat' dir='ltr'><strong>notas</strong></span> 
     </span>
    </p>
   </div>
   <div class='ocr_carea' id='block_1_25' title="bbox 537 2511 2124 2581">
    <p class='ocr_par' dir='ltr' id='par_1_25' title="bbox 537 2511 2124 2581">
     <span class='ocr_line' id='line_1_25' title="bbox 537 2511 2124 2581; baseline -0.004 -13"><span class='ocrx_word' id='word_1_202' title='bbox 537 2513 666 2568; x_wconf 79' lang='lat' dir='ltr'><strong>mihi</strong></span> <span class='ocrx_word' id='word_1_203' title='bbox 693 2513 863 2581; x_wconf 78' lang='lat' dir='ltr'><strong>fecisti</strong></span> <span class='ocrx_word' id='word_1_204' title='bbox 893 2513 1001 2566; x_wconf 77' lang='lat' dir='ltr'><strong>eius</strong></span> <span class='ocrx_word' id='word_1_205' title='bbox 1024 2513 1164 2573; x_wconf 61' lang='lat' dir='ltr'><strong>vitae,</strong></span> <span class='ocrx_word' id='word_1_206' title='bbox 1184 2511 1234 2564; x_wconf 87' lang='lat' dir='ltr'><strong>id</strong></span> <span class='ocrx_word' id='word_1_207' title='bbox 1267 2521 1350 2565; x_wconf 87' lang='lat' dir='ltr'><strong>est</strong></span> <span class='ocrx_word' id='word_1_208' title='bbox 1380 2521 1648 2581; x_wconf 63' lang='lat' dir='ltr'><strong>prmeepta</strong></span> <span class='ocrx_word' id='word_1_209' title='bbox 1688 2519 1798 2574; x_wconf 89' lang='lat' dir='ltr'><strong>tua,</strong></span> <span class='ocrx_word' id='word_1_210' title='bbox 1836 2526 1956 2580; x_wconf 76' lang='lat' dir='ltr'><strong>quae</strong></span> <span class='ocrx_word' id='word_1_211' title='bbox 1989 2511 2124 2564; x_wconf 86' lang='lat' dir='ltr'><strong>obe-</strong></span> 
     </span>
    </p>
   </div>
   <div class='ocr_carea' id='block_1_26' title="bbox 537 2600 2122 2667">
    <p class='ocr_par' dir='ltr' id='par_1_26' title="bbox 537 2600 2122 2667">
     <span class='ocr_line' id='line_1_26' title="bbox 537 2600 2122 2667; baseline -0.001 -12"><span class='ocrx_word' id='word_1_212' title='bbox 537 2601 812 2656; x_wconf 82' lang='lat' dir='ltr'><strong>dientibus</strong></span> <span class='ocrx_word' id='word_1_213' title='bbox 864 2611 990 2655; x_wconf 91' lang='lat' dir='ltr'><strong>sunt</strong></span> <span class='ocrx_word' id='word_1_214' title='bbox 1041 2602 1144 2655; x_wconf 68' lang='lat' dir='ltr'><strong>vite</strong></span> <span class='ocrx_word' id='word_1_215' title='bbox 1198 2602 1264 2654; x_wconf 87' lang='lat' dir='ltr'><strong>ad</strong></span> <span class='ocrx_word' id='word_1_216' title='bbox 1314 2601 1502 2655; x_wconf 81' lang='lat' dir='ltr'><strong>vitam.</strong></span> <span class='ocrx_word' id='word_1_217' title='bbox 1560 2600 1725 2667; x_wconf 82' lang='lat' dir='ltr'><strong>Quasi</strong></span> <span class='ocrx_word' id='word_1_218' title='bbox 1777 2600 2122 2667; x_wconf 72' lang='lat' dir='ltr'><strong>dicat:Qui‘a</strong></span> 
     </span>
    </p>
   </div>
   <div class='ocr_carea' id='block_1_27' title="bbox 537 2691 2124 2766">
    <p class='ocr_par' dir='ltr' id='par_1_27' title="bbox 537 2691 2124 2766">
     <span class='ocr_line' id='line_1_27' title="bbox 537 2691 2124 2766; baseline -0.001 -21"><span class='ocrx_word' id='word_1_219' title='bbox 537 2693 822 2766; x_wconf 75' lang='lat' dir='ltr'><strong>prteceptis</strong></span> <span class='ocrx_word' id='word_1_220' title='bbox 853 2694 959 2748; x_wconf 91' lang='lat' dir='ltr'><strong>tuis</strong></span> <span class='ocrx_word' id='word_1_221' title='bbox 990 2708 1016 2746; x_wconf 77' lang='grc' dir='ltr'>τι</span> <span class='ocrx_word' id='word_1_222' title='bbox 1055 2699 1107 2747; x_wconf 86' lang='lat' dir='ltr'><strong>te</strong></span> <span class='ocrx_word' id='word_1_223' title='bbox 1157 2693 1289 2746; x_wconf 90' lang='lat' dir='ltr'><strong>mihi</strong></span> <span class='ocrx_word' id='word_1_224' title='bbox 1336 2693 1629 2747; x_wconf 87' lang='lat' dir='ltr'><strong>notilicatis</strong></span> <span class='ocrx_word' id='word_1_225' title='bbox 1676 2692 1899 2748; x_wconf 89' lang='lat' dir='ltr'><strong>obedire</strong></span> <span class='ocrx_word' id='word_1_226' title='bbox 1931 2691 2124 2762; x_wconf 81' lang='lat' dir='ltr'><strong>sategi,</strong></span> 
     </span>
    </p>
   </div>
   <div class='ocr_carea' id='block_1_28' title="bbox 539 2786 2125 2859">
    <p class='ocr_par' dir='ltr' id='par_1_28' title="bbox 539 2786 2125 2859">
     <span class='ocr_line' id='line_1_28' title="bbox 539 2786 2125 2859; baseline -0.003 -16"><span class='ocrx_word' id='word_1_227' title='bbox 539 2806 646 2845; x_wconf 88' lang='lat' dir='ltr'><strong>non</strong></span> <span class='ocrx_word' id='word_1_228' title='bbox 681 2790 1025 2859; x_wconf 85' lang='lat' dir='ltr'><strong>derelinqucs</strong></span> <span class='ocrx_word' id='word_1_229' title='bbox 1057 2789 1292 2842; x_wconf 82' lang='lat' dir='ltr'><strong>animam</strong></span> <span class='ocrx_word' id='word_1_230' title='bbox 1325 2803 1501 2842; x_wconf 89' lang='lat' dir='ltr'><strong>meam</strong></span> <span class='ocrx_word' id='word_1_231' title='bbox 1537 2788 1587 2842; x_wconf 90' lang='lat' dir='ltr'><strong>in</strong></span> <span class='ocrx_word' id='word_1_232' title='bbox 1623 2786 1862 2842; x_wconf 79' lang='lat' dir='ltr'><strong>inferno.</strong></span> <span class='ocrx_word' id='word_1_233' title='bbox 1905 2787 1970 2842; x_wconf 88' lang='lat' dir='ltr'><strong>Et</strong></span> <span class='ocrx_word' id='word_1_234' title='bbox 2020 2803 2125 2840; x_wconf 90' lang='lat' dir='ltr'><strong>non</strong></span> 
     </span>
    </p>
   </div>
   <div class='ocr_carea' id='block_1_29' title="bbox 539 2879 2129 2949">
    <p class='ocr_par' dir='ltr' id='par_1_29' title="bbox 539 2879 2129 2949">
     <span class='ocr_line' id='line_1_29' title="bbox 539 2879 2129 2949; baseline -0.002 -14"><span class='ocrx_word' id='word_1_235' title='bbox 539 2881 714 2936; x_wconf 87' lang='lat' dir='ltr'><strong>solum</strong></span> <span class='ocrx_word' id='word_1_236' title='bbox 745 2896 850 2936; x_wconf 88' lang='lat' dir='ltr'><strong>non</strong></span> <span class='ocrx_word' id='word_1_237' title='bbox 905 2879 1275 2948; x_wconf 86' lang='lat' dir='ltr'><strong>derelinqnes,</strong></span> <span class='ocrx_word' id='word_1_238' title='bbox 1329 2880 1421 2934; x_wconf 89' lang='lat' dir='ltr'><strong>sed</strong></span> <span class='ocrx_word' id='word_1_239' title='bbox 1465 2881 1631 2934; x_wconf 88' lang='lat' dir='ltr'><strong>etiam</strong></span> <span class='ocrx_word' id='word_1_240' title='bbox 1686 2879 1992 2949; x_wconf 83' lang='lat' dir='ltr'><strong>adimplebis</strong></span> <span class='ocrx_word' id='word_1_241' title='bbox 2047 2895 2129 2932; x_wconf 90' lang='lat' dir='ltr'><strong>me</strong></span> 
     </span>
    </p>
   </div>
   <div class='ocr_carea' id='block_1_30' title="bbox 541 2970 2126 3038">
    <p class='ocr_par' dir='ltr' id='par_1_30' title="bbox 541 2970 2126 3038">
     <span class='ocr_line' id='line_1_30' title="bbox 541 2970 2126 3038; baseline -0.003 -13"><span class='ocrx_word' id='word_1_242' title='bbox 541 2973 729 3026; x_wconf 79' lang='lat' dir='ltr'><strong>l-r-titia</strong></span> <span class='ocrx_word' id='word_1_243' title='bbox 765 2988 883 3026; x_wconf 85' lang='lat' dir='ltr'><strong>cum</strong></span> <span class='ocrx_word' id='word_1_244' title='bbox 939 2970 1220 3035; x_wconf 84' lang='lat' dir='ltr'><strong>vultutuo,</strong></span> <span class='ocrx_word' id='word_1_245' title='bbox 1254 2971 1305 3024; x_wconf 93' lang='lat' dir='ltr'><strong>id</strong></span> <span class='ocrx_word' id='word_1_246' title='bbox 1355 2979 1440 3024; x_wconf 89' lang='lat' dir='ltr'><strong>est</strong></span> <span class='ocrx_word' id='word_1_247' title='bbox 1482 2985 1605 3023; x_wconf 91' lang='lat' dir='ltr'><strong>cum</strong></span> <span class='ocrx_word' id='word_1_248' title='bbox 1669 2970 1956 3038; x_wconf 61' lang='lat' dir='ltr'><strong>praesentia</strong></span> <span class='ocrx_word' id='word_1_249' title='bbox 2014 2977 2126 3022; x_wconf 84' lang='lat' dir='ltr'><strong>tua.</strong></span> 
     </span>
    </p>
   </div>
   <div class='ocr_carea' id='block_1_31' title="bbox 540 3060 2132 3132">
    <p class='ocr_par' dir='ltr' id='par_1_31' title="bbox 540 3060 2132 3132">
     <span class='ocr_line' id='line_1_31' title="bbox 540 3060 2132 3132; baseline -0.005 -14"><span class='ocrx_word' id='word_1_250' title='bbox 540 3064 692 3132; x_wconf 85' lang='lat' dir='ltr'><strong>Quod</strong></span> <span class='ocrx_word' id='word_1_251' title='bbox 719 3072 805 3118; x_wconf 89' lang='lat' dir='ltr'><strong>est</strong></span> <span class='ocrx_word' id='word_1_252' title='bbox 833 3063 1050 3118; x_wconf 88' lang='lat' dir='ltr'><strong>dicere:</strong></span> <span class='ocrx_word' id='word_1_253' title='bbox 1079 3062 1211 3115; x_wconf 84' lang='lat' dir='ltr'><strong>Cum</strong></span> <span class='ocrx_word' id='word_1_254' title='bbox 1267 3063 1318 3116; x_wconf 91' lang='lat' dir='ltr'><strong>in</strong></span> <span class='ocrx_word' id='word_1_255' title='bbox 1348 3061 1486 3116; x_wconf 88' lang='lat' dir='ltr'><strong>coelo</strong></span> <span class='ocrx_word' id='word_1_256' title='bbox 1541 3060 1826 3131; x_wconf 74' lang='lat' dir='ltr'><strong>prmsentia</strong></span> <span class='ocrx_word' id='word_1_257' title='bbox 1869 3067 1956 3112; x_wconf 90' lang='lat' dir='ltr'><strong>tua</strong></span> <span class='ocrx_word' id='word_1_258' title='bbox 2000 3073 2132 3111; x_wconf 84' lang='lat' dir='ltr'><strong>usus</strong></span> 
     </span>
    </p>
   </div>
   <div class='ocr_carea' id='block_1_32' title="bbox 539 3151 2132 3222">
    <p class='ocr_par' dir='ltr' id='par_1_32' title="bbox 539 3151 2132 3222">
     <span class='ocr_line' id='line_1_32' title="bbox 539 3151 2132 3222; baseline -0.004 -13"><span class='ocrx_word' id='word_1_259' title='bbox 539 3153 1359 3220; x_wconf 69' lang='lat' dir='ltr'><strong>fuero,vchemcnterlzctabor.</strong></span> <span class='ocrx_word' id='word_1_260' title='bbox 1415 3153 1483 3207; x_wconf 85' lang='lat' dir='ltr'><strong>Et</strong></span> <span class='ocrx_word' id='word_1_261' title='bbox 1527 3162 1714 3222; x_wconf 70' lang='lat' dir='ltr'><strong>postea</strong></span> <span class='ocrx_word' id='word_1_262' title='bbox 1765 3151 2132 3206; x_wconf 81' lang='lat' dir='ltr'><strong>delectationes</strong></span> 
     </span>
    </p>
   </div>
   <div class='ocr_carea' id='block_1_33' title="bbox 539 3243 2130 3314">
    <p class='ocr_par' dir='ltr' id='par_1_33' title="bbox 539 3243 2130 3314">
     <span class='ocr_line' id='line_1_33' title="bbox 539 3243 2130 3314; baseline -0.004 -12"><span class='ocrx_word' id='word_1_263' title='bbox 539 3257 702 3302; x_wconf 61' lang='lat' dir='ltr'><strong>erunt</strong></span> <span class='ocrx_word' id='word_1_264' title='bbox 737 3247 867 3302; x_wconf 92' lang='lat' dir='ltr'><strong>mihi</strong></span> <span class='ocrx_word' id='word_1_265' title='bbox 897 3247 947 3300; x_wconf 90' lang='lat' dir='ltr'><strong>in</strong></span> <span class='ocrx_word' id='word_1_266' title='bbox 972 3247 1186 3300; x_wconf 72' lang='lat' dir='ltr'><strong>dextera</strong></span> <span class='ocrx_word' id='word_1_267' title='bbox 1215 3256 1329 3310; x_wconf 88' lang='lat' dir='ltr'><strong>tua,</strong></span> <span class='ocrx_word' id='word_1_268' title='bbox 1385 3246 1434 3298; x_wconf 88' lang='lat' dir='ltr'><strong>id</strong></span> <span class='ocrx_word' id='word_1_269' title='bbox 1479 3253 1564 3298; x_wconf 88' lang='lat' dir='ltr'><strong>est</strong></span> <span class='ocrx_word' id='word_1_270' title='bbox 1595 3245 1647 3298; x_wconf 93' lang='lat' dir='ltr'><strong>in</strong></span> <span class='ocrx_word' id='word_1_271' title='bbox 1675 3243 1976 3314; x_wconf 82' lang='lat' dir='ltr'><strong>potioribus</strong></span> <span class='ocrx_word' id='word_1_272' title='bbox 2004 3243 2130 3297; x_wconf 89' lang='lat' dir='ltr'><strong>tuis.</strong></span> 
     </span>
    </p>
   </div>
   <div class='ocr_carea' id='block_1_34' title="bbox 543 3332 2136 3407">
    <p class='ocr_par' dir='ltr' id='par_1_34' title="bbox 543 3332 2136 3407">
     <span class='ocr_line' id='line_1_34' title="bbox 543 3332 2136 3407; baseline -0.003 -17"><span class='ocrx_word' id='word_1_273' title='bbox 543 3339 698 3407; x_wconf 83' lang='lat' dir='ltr'><strong>Quod</strong></span> <span class='ocrx_word' id='word_1_274' title='bbox 741 3347 826 3393; x_wconf 88' lang='lat' dir='ltr'><strong>est</strong></span> <span class='ocrx_word' id='word_1_275' title='bbox 877 3338 1101 3392; x_wconf 86' lang='lat' dir='ltr'><strong>dicere:</strong></span> <span class='ocrx_word' id='word_1_276' title='bbox 1137 3335 1360 3390; x_wconf 79' lang='lat' dir='ltr'><strong>Multum</strong></span> <span class='ocrx_word' id='word_1_277' title='bbox 1413 3335 1724 3390; x_wconf 88' lang='lat' dir='ltr'><strong>delectabor</strong></span> <span class='ocrx_word' id='word_1_278' title='bbox 1777 3334 1828 3388; x_wconf 90' lang='lat' dir='ltr'><strong>in</strong></span> <span class='ocrx_word' id='word_1_279' title='bbox 1889 3332 2136 3388; x_wconf 84' lang='lat' dir='ltr'><strong>ﬁdelibus</strong></span> 
     </span>
    </p>
   </div>
   <div class='ocr_carea' id='block_1_35' title="bbox 544 3422 2131 3499">
    <p class='ocr_par' dir='ltr' id='par_1_35' title="bbox 544 3422 2131 3499">
     <span class='ocr_line' id='line_1_35' title="bbox 544 3422 2131 3499; baseline -0.004 -17"><span class='ocrx_word' id='word_1_280' title='bbox 544 3429 942 3485; x_wconf 71' lang='lat' dir='ltr'><strong>r-onsﬁtuendis</strong></span> <span class='ocrx_word' id='word_1_281' title='bbox 972 3427 1038 3482; x_wconf 87' lang='lat' dir='ltr'><strong>ad</strong></span> <span class='ocrx_word' id='word_1_282' title='bbox 1067 3428 1346 3482; x_wconf 87' lang='lat' dir='ltr'><strong>dexteram</strong></span> <span class='ocrx_word' id='word_1_283' title='bbox 1405 3434 1554 3480; x_wconf 88' lang='lat' dir='ltr'><strong>tuam</strong></span> <span class='ocrx_word' id='word_1_284' title='bbox 1595 3439 1732 3499; x_wconf 87' lang='lat' dir='ltr'><strong>quos</strong></span> <span class='ocrx_word' id='word_1_285' title='bbox 1776 3423 1908 3478; x_wconf 90' lang='lat' dir='ltr'><strong>tnihi</strong></span> <span class='ocrx_word' id='word_1_286' title='bbox 1959 3422 2131 3477; x_wconf 89' lang='lat' dir='ltr'><strong>dabis.</strong></span> 
     </span>
    </p>
   </div>
   <div class='ocr_carea' id='block_1_36' title="bbox 549 3515 2134 3590">
    <p class='ocr_par' dir='ltr' id='par_1_36' title="bbox 549 3515 2134 3590">
     <span class='ocr_line' id='line_1_36' title="bbox 549 3515 2134 3590; baseline -0.005 -14"><span class='ocrx_word' id='word_1_287' title='bbox 549 3525 614 3576; x_wconf 78' lang='lat' dir='ltr'><strong>Et</strong></span> <span class='ocrx_word' id='word_1_288' title='bbox 646 3537 753 3577; x_wconf 92' lang='lat' dir='ltr'><strong>non</strong></span> <span class='ocrx_word' id='word_1_289' title='bbox 781 3535 960 3590; x_wconf 78' lang='lat' dir='ltr'><strong>parva:</strong></span> <span class='ocrx_word' id='word_1_290' title='bbox 985 3519 1374 3575; x_wconf 88' lang='lat' dir='ltr'><strong>delectationes</strong></span> <span class='ocrx_word' id='word_1_291' title='bbox 1395 3527 1553 3573; x_wconf 87' lang='lat' dir='ltr'><strong>erunt</strong></span> <span class='ocrx_word' id='word_1_292' title='bbox 1581 3517 1737 3582; x_wconf 92' lang='lat' dir='ltr'><strong>mihi,</strong></span> <span class='ocrx_word' id='word_1_293' title='bbox 1771 3516 1863 3570; x_wconf 88' lang='lat' dir='ltr'><strong>sed</strong></span> <span class='ocrx_word' id='word_1_294' title='bbox 1895 3515 2134 3570; x_wconf 84' lang='lat' dir='ltr'><strong>delecta-</strong></span> 
     </span>
    </p>
   </div>
   <div class='ocr_carea' id='block_1_37' title="bbox 549 3605 2134 3681">
    <p class='ocr_par' dir='ltr' id='par_1_37' title="bbox 549 3605 2134 3681">
     <span class='ocr_line' id='line_1_37' title="bbox 549 3605 2134 3681; baseline -0.002 -18"><span class='ocrx_word' id='word_1_295' title='bbox 549 3615 725 3666; x_wconf 83' lang='lat' dir='ltr'><strong>tiones</strong></span> <span class='ocrx_word' id='word_1_296' title='bbox 761 3610 1043 3665; x_wconf 87' lang='lat' dir='ltr'><strong>tendentes</strong></span> <span class='ocrx_word' id='word_1_297' title='bbox 1065 3625 1228 3681; x_wconf 84' lang='lat' dir='ltr'><strong>usque</strong></span> <span class='ocrx_word' id='word_1_298' title='bbox 1281 3611 1334 3663; x_wconf 87' lang='lat' dir='ltr'><strong>in</strong></span> <span class='ocrx_word' id='word_1_299' title='bbox 1358 3610 1538 3676; x_wconf 79' lang='lat' dir='ltr'><strong>linem,</strong></span> <span class='ocrx_word' id='word_1_300' title='bbox 1599 3607 1654 3661; x_wconf 94' lang='lat' dir='ltr'><strong>id</strong></span> <span class='ocrx_word' id='word_1_301' title='bbox 1702 3616 1820 3672; x_wconf 84' lang='lat' dir='ltr'><strong>est,</strong></span> <span class='ocrx_word' id='word_1_302' title='bbox 1867 3620 2036 3676; x_wconf 89' lang='lat' dir='ltr'><strong>usque</strong></span> <span class='ocrx_word' id='word_1_303' title='bbox 2082 3605 2134 3660; x_wconf 93' lang='lat' dir='ltr'><strong>in</strong></span> 
     </span>
    </p>
   </div>
   <div class='ocr_carea' id='block_1_38' title="bbox 549 3689 1816 3771">
    <p class='ocr_par' dir='ltr' id='par_1_38' title="bbox 549 3689 1816 3771">
     <span class='ocr_line' id='line_1_38' title="bbox 549 3689 1816 3771; baseline -0.001 -16"><span class='ocrx_word' id='word_1_304' title='bbox 549 3689 960 3771; x_wconf 74' lang='lat' dir='ltr'><strong>perfectiOnem,</strong></span> <span class='ocrx_word' id='word_1_305' title='bbox 993 3702 1043 3755; x_wconf 92' lang='lat' dir='ltr'><strong>id</strong></span> <span class='ocrx_word' id='word_1_306' title='bbox 1075 3711 1179 3764; x_wconf 88' lang='lat' dir='ltr'><strong>est,</strong></span> <span class='ocrx_word' id='word_1_307' title='bbox 1209 3700 1466 3771; x_wconf 69' lang='lat' dir='ltr'><strong>perlecta:</strong></span> <span class='ocrx_word' id='word_1_308' title='bbox 1496 3710 1549 3754; x_wconf 92' lang='lat' dir='ltr'><strong>et</strong></span> <span class='ocrx_word' id='word_1_309' title='bbox 1586 3714 1816 3770; x_wconf 62' lang='lat' dir='ltr'><strong>magna).</strong></span> 
     </span>
    </p>
   </div>
   <div class='ocr_carea' id='block_1_39' title="bbox 1028 3791 1659 3848">
    <p class='ocr_par' dir='ltr' id='par_1_39' title="bbox 1028 3791 1659 3848">
     <span class='ocr_line' id='line_1_39' title="bbox 1028 3791 1659 3848; baseline 0.002 -2"><span class='ocrx_word' id='word_1_310' title='bbox 1028 3791 1096 3847; x_wconf 84' lang='lat' dir='ltr'><strong>IN</strong></span> <span class='ocrx_word' id='word_1_311' title='bbox 1137 3792 1466 3848; x_wconf 77' lang='lat' dir='ltr'><strong>PSALMUM</strong></span> <span class='ocrx_word' id='word_1_312' title='bbox 1516 3791 1659 3848; x_wconf 82' lang='lat' dir='ltr'><strong>XVI.</strong></span> 
     </span>
    </p>
   </div>
   <div class='ocr_carea' id='block_1_40' title="bbox 628 3881 2140 3955">
    <p class='ocr_par' dir='ltr' id='par_1_40' title="bbox 628 3881 2140 3955">
     <span class='ocr_line' id='line_1_40' title="bbox 628 3881 2140 3955; baseline -0.005 -15"><span class='ocrx_word' id='word_1_313' title='bbox 628 3884 840 3940; x_wconf 85' lang='lat' dir='ltr'><strong>Titulus</strong></span> <span class='ocrx_word' id='word_1_314' title='bbox 878 3884 1015 3940; x_wconf 83' lang='lat' dir='ltr'><strong>sexti</strong></span> <span class='ocrx_word' id='word_1_315' title='bbox 1048 3884 1280 3939; x_wconf 90' lang='lat' dir='ltr'><strong>decimi.</strong></span> <span class='ocrx_word' id='word_1_316' title='bbox 1320 3883 1508 3938; x_wconf 85' lang='lat' dir='ltr'><strong>Oratio</strong></span> <span class='ocrx_word' id='word_1_317' title='bbox 1547 3885 1714 3955; x_wconf 86' lang='lat' dir='ltr'><strong>ipsius</strong></span> <span class='ocrx_word' id='word_1_318' title='bbox 1743 3882 1943 3948; x_wconf 85' lang='lat' dir='ltr'><strong>David,</strong></span> <span class='ocrx_word' id='word_1_319' title='bbox 1975 3881 2027 3936; x_wconf 90' lang='lat' dir='ltr'><strong>id</strong></span> <span class='ocrx_word' id='word_1_320' title='bbox 2057 3887 2140 3934; x_wconf 87' lang='lat' dir='ltr'><strong>est</strong></span> 
     </span>
    </p>
   </div>
   <div class='ocr_carea' id='block_1_41' title="bbox 554 3972 2138 4041">
    <p class='ocr_par' dir='ltr' id='par_1_41' title="bbox 554 3972 2138 4041">
     <span class='ocr_line' id='line_1_41' title="bbox 554 3972 2138 4041; baseline -0.004 -10"><span class='ocrx_word' id='word_1_321' title='bbox 554 3976 756 4032; x_wconf 83' lang='lat' dir='ltr'><strong>Christi</strong></span> <span class='ocrx_word' id='word_1_322' title='bbox 799 3994 812 4030; x_wconf 91' lang='lat'><strong>:</strong></span> <span class='ocrx_word' id='word_1_323' title='bbox 855 3991 1045 4031; x_wconf 84' lang='lat' dir='ltr'><strong>revera</strong></span> <span class='ocrx_word' id='word_1_324' title='bbox 1095 3975 1266 4031; x_wconf 81' lang='lat' dir='ltr'><strong>David</strong></span> <span class='ocrx_word' id='word_1_325' title='bbox 1341 3975 1408 4029; x_wconf 86' lang='lat' dir='ltr'><strong>Et</strong></span> <span class='ocrx_word' id='word_1_326' title='bbox 1452 3974 1576 4030; x_wconf 89' lang='lat' dir='ltr'><strong>ideo</strong></span> <span class='ocrx_word' id='word_1_327' title='bbox 1625 3975 1706 4030; x_wconf 89' lang='lat' dir='ltr'><strong>sic</strong></span> <span class='ocrx_word' id='word_1_328' title='bbox 1751 3974 1851 4028; x_wconf 88' lang='lat' dir='ltr'><strong>iste</strong></span> <span class='ocrx_word' id='word_1_329' title='bbox 1899 3972 2138 4041; x_wconf 85' lang='lat' dir='ltr'><strong>psalmus</strong></span> 
     </span>
    </p>
   </div>
   <div class='ocr_carea' id='block_1_42' title="bbox 553 4064 2142 4135">
    <p class='ocr_par' dir='ltr' id='par_1_42' title="bbox 553 4064 2142 4135">
     <span class='ocr_line' id='line_1_42' title="bbox 553 4064 2142 4135; baseline -0.006 -10"><span class='ocrx_word' id='word_1_330' title='bbox 553 4070 880 4135; x_wconf 85' lang='lat' dir='ltr'><strong>inlitnlatur,</strong></span> <span class='ocrx_word' id='word_1_331' title='bbox 914 4085 1036 4125; x_wconf 89' lang='lat' dir='ltr'><strong>cum</strong></span> <span class='ocrx_word' id='word_1_332' title='bbox 1083 4067 1247 4124; x_wconf 90' lang='lat' dir='ltr'><strong>etiam</strong></span> <span class='ocrx_word' id='word_1_333' title='bbox 1309 4084 1339 4122; x_wconf 85' lang='grc' dir='ltr'><strong>ιι</strong></span> <span class='ocrx_word' id='word_1_334' title='bbox 1385 4067 1568 4122; x_wconf 87' lang='lat' dir='ltr'><strong>multis</strong></span> <span class='ocrx_word' id='word_1_335' title='bbox 1613 4066 1734 4120; x_wconf 90' lang='lat' dir='ltr'><strong>aliis</strong></span> <span class='ocrx_word' id='word_1_336' title='bbox 1769 4064 1947 4119; x_wconf 89' lang='lat' dir='ltr'><strong>oratio</strong></span> <span class='ocrx_word' id='word_1_337' title='bbox 1991 4064 2142 4118; x_wconf 79' lang='lat' dir='ltr'><strong>inve-</strong></span> 
     </span>
    </p>
   </div>
   <div class='ocr_carea' id='block_1_43' title="bbox 556 4153 2136 4232">
    <p class='ocr_par' dir='ltr' id='par_1_43' title="bbox 556 4153 2136 4232">
     <span class='ocr_line' id='line_1_43' title="bbox 556 4153 2136 4232; baseline -0.008 -15"><span class='ocrx_word' id='word_1_338' title='bbox 556 4164 739 4217; x_wconf 88' lang='lat' dir='ltr'><strong>niatur</strong></span> <span class='ocrx_word' id='word_1_339' title='bbox 771 4181 783 4216; x_wconf 92' lang='lat'><strong>:</strong></span> <span class='ocrx_word' id='word_1_340' title='bbox 813 4163 938 4232; x_wconf 90' lang='lat' dir='ltr'><strong>quia</strong></span> <span class='ocrx_word' id='word_1_341' title='bbox 964 4160 1338 4231; x_wconf 84' lang='lat' dir='ltr'><strong>principaliter</strong></span> <span class='ocrx_word' id='word_1_342' title='bbox 1361 4169 1414 4212; x_wconf 91' lang='lat' dir='ltr'><strong>et</strong></span> <span class='ocrx_word' id='word_1_343' title='bbox 1436 4158 1550 4214; x_wconf 76' lang='lat' dir='ltr'><strong>fere</strong></span> <span class='ocrx_word' id='word_1_344' title='bbox 1581 4173 1678 4228; x_wconf 91' lang='lat' dir='ltr'><strong>per</strong></span> <span class='ocrx_word' id='word_1_345' title='bbox 1705 4155 1886 4211; x_wconf 88' lang='lat' dir='ltr'><strong>omnia</strong></span> <span class='ocrx_word' id='word_1_346' title='bbox 1919 4153 1984 4208; x_wconf 89' lang='lat' dir='ltr'><strong>ad</strong></span> <span class='ocrx_word' id='word_1_347' title='bbox 2011 4169 2136 4209; x_wconf 90' lang='lat' dir='ltr'><strong>ora-</strong></span> 
     </span>
    </p>
   </div>
   <div class='ocr_carea' id='block_1_44' title="bbox 555 4247 2138 4325">
    <p class='ocr_par' dir='ltr' id='par_1_44' title="bbox 555 4247 2138 4325">
     <span class='ocr_line' id='line_1_44' title="bbox 555 4247 2138 4325; baseline -0.004 -19"><span class='ocrx_word' id='word_1_348' title='bbox 555 4255 760 4308; x_wconf 88' lang='lat' dir='ltr'><strong>tionem</strong></span> <span class='ocrx_word' id='word_1_349' title='bbox 790 4263 1018 4325; x_wconf 87' lang='lat' dir='ltr'><strong>spectat.</strong></span> <span class='ocrx_word' id='word_1_350' title='bbox 1048 4253 1178 4307; x_wconf 85' lang='lat' dir='ltr'><strong>Orat</strong></span> <span class='ocrx_word' id='word_1_351' title='bbox 1212 4253 1354 4306; x_wconf 86' lang='lat' dir='ltr'><strong>enim</strong></span> <span class='ocrx_word' id='word_1_352' title='bbox 1387 4252 1477 4307; x_wconf 91' lang='lat' dir='ltr'><strong>hic</strong></span> <span class='ocrx_word' id='word_1_353' title='bbox 1506 4259 1667 4320; x_wconf 89' lang='lat' dir='ltr'><strong>caput</strong></span> <span class='ocrx_word' id='word_1_354' title='bbox 1699 4263 1796 4320; x_wconf 87' lang='lat' dir='ltr'><strong>pro</strong></span> <span class='ocrx_word' id='word_1_355' title='bbox 1835 4247 2093 4301; x_wconf 89' lang='lat' dir='ltr'><strong>membris</strong></span> <span class='ocrx_word' id='word_1_356' title='bbox 2121 4259 2138 4300; x_wconf 89' lang='lat'><strong>:</strong></span> 
     </span>
    </p>
   </div>
   <div class='ocr_carea' id='block_1_45' title="bbox 555 4339 2137 4415">
    <p class='ocr_par' dir='ltr' id='par_1_45' title="bbox 555 4339 2137 4415">
     <span class='ocr_line' id='line_1_45' title="bbox 555 4339 2137 4415; baseline -0.005 -16"><span class='ocrx_word' id='word_1_357' title='bbox 555 4356 607 4399; x_wconf 84' lang='lat' dir='ltr'><strong>et</strong></span> <span class='ocrx_word' id='word_1_358' title='bbox 644 4347 794 4415; x_wconf 90' lang='lat' dir='ltr'><strong>prius</strong></span> <span class='ocrx_word' id='word_1_359' title='bbox 832 4363 928 4408; x_wconf 86' lang='lat' dir='ltr'><strong>pro</strong></span> <span class='ocrx_word' id='word_1_360' title='bbox 958 4359 1050 4404; x_wconf 87' lang='lat' dir='ltr'><strong>se,</strong></span> <span class='ocrx_word' id='word_1_361' title='bbox 1087 4353 1144 4398; x_wconf 88' lang='grc' dir='ltr'><strong>ιιι</strong></span> <span class='ocrx_word' id='word_1_362' title='bbox 1188 4358 1287 4398; x_wconf 89' lang='lat' dir='ltr'><strong>nos</strong></span> <span class='ocrx_word' id='word_1_363' title='bbox 1315 4358 1474 4398; x_wconf 89' lang='lat' dir='ltr'><strong>orare</strong></span> <span class='ocrx_word' id='word_1_364' title='bbox 1505 4345 1762 4397; x_wconf 84' lang='lat' dir='ltr'><strong>instruat.</strong></span> <span class='ocrx_word' id='word_1_365' title='bbox 1811 4341 1938 4412; x_wconf 81' lang='lat' dir='ltr'><strong>Agit</strong></span> <span class='ocrx_word' id='word_1_366' title='bbox 1975 4339 2137 4393; x_wconf 85' lang='lat' dir='ltr'><strong>etiam</strong></span> 
     </span>
    </p>
   </div>
   <div class='ocr_carea' id='block_1_46' title="bbox 556 4429 2138 4503">
    <p class='ocr_par' dir='ltr' id='par_1_46' title="bbox 556 4429 2138 4503">
     <span class='ocr_line' id='line_1_46' title="bbox 556 4429 2138 4503; baseline -0.004 -16"><span class='ocrx_word' id='word_1_367' title='bbox 556 4437 870 4492; x_wconf 79' lang='lat' dir='ltr'><strong>concessive</strong></span> <span class='ocrx_word' id='word_1_368' title='bbox 916 4438 981 4490; x_wconf 92' lang='lat' dir='ltr'><strong>de</strong></span> <span class='ocrx_word' id='word_1_369' title='bbox 1023 4434 1288 4498; x_wconf 87' lang='lat' dir='ltr'><strong>inimicis,</strong></span> <span class='ocrx_word' id='word_1_370' title='bbox 1337 4435 1676 4503; x_wconf 67' lang='lat' dir='ltr'><strong>praetendens</strong></span> <span class='ocrx_word' id='word_1_371' title='bbox 1723 4431 1914 4486; x_wconf 87' lang='lat' dir='ltr'><strong>merita</strong></span> <span class='ocrx_word' id='word_1_372' title='bbox 1961 4447 1973 4482; x_wconf 92' lang='lat'><strong>:</strong></span> <span class='ocrx_word' id='word_1_373' title='bbox 2013 4429 2138 4498; x_wconf 89' lang='lat' dir='ltr'><strong>quia</strong></span> 
     </span>
    </p>
   </div>
   <div class='ocr_carea' id='block_1_47' title="bbox 2216 595 3726 665">
    <p class='ocr_par' dir='ltr' id='par_1_47' title="bbox 2216 595 3726 665">
     <span class='ocr_line' id='line_1_47' title="bbox 2216 595 3726 665; baseline 0.006 -17"><span class='ocrx_word' id='word_1_374' title='bbox 2216 595 2548 663; x_wconf 80' lang='lat' dir='ltr'><strong>perfectione</strong></span> <span class='ocrx_word' id='word_1_375' title='bbox 2591 603 2647 650; x_wconf 87' lang='lat' dir='ltr'><strong>et</strong></span> <span class='ocrx_word' id='word_1_376' title='bbox 2689 597 3112 665; x_wconf 84' lang='lat' dir='ltr'><strong>perseverantia.</strong></span> <span class='ocrx_word' id='word_1_377' title='bbox 3167 597 3230 652; x_wconf 84' lang='lat' dir='ltr'><strong>Et</strong></span> <span class='ocrx_word' id='word_1_378' title='bbox 3274 599 3316 652; x_wconf 90' lang='lat' dir='ltr'><strong>si</strong></span> <span class='ocrx_word' id='word_1_379' title='bbox 3364 599 3462 652; x_wconf 90' lang='lat' dir='ltr'><strong>hoc</strong></span> <span class='ocrx_word' id='word_1_380' title='bbox 3505 601 3640 655; x_wconf 86' lang='lat' dir='ltr'><strong>modo</strong></span> <span class='ocrx_word' id='word_1_381' title='bbox 3671 605 3726 658; x_wconf 81' lang='lat' dir='ltr'><strong>di-</strong></span> 
     </span>
    </p>
   </div>
   <div class='ocr_carea' id='block_1_48' title="bbox 2215 686 3725 758">
    <p class='ocr_par' dir='ltr' id='par_1_48' title="bbox 2215 686 3725 758">
     <span class='ocr_line' id='line_1_48' title="bbox 2215 686 3725 758; baseline 0.007 -20"><span class='ocrx_word' id='word_1_382' title='bbox 2215 700 2371 740; x_wconf 84' lang='lat' dir='ltr'><strong>verse</strong></span> <span class='ocrx_word' id='word_1_383' title='bbox 2400 686 2756 756; x_wconf 82' lang='lat' dir='ltr'><strong>accipiamus.</strong></span> <span class='ocrx_word' id='word_1_384' title='bbox 2800 688 2904 741; x_wconf 89' lang='lat' dir='ltr'><strong>erit</strong></span> <span class='ocrx_word' id='word_1_385' title='bbox 2949 689 3182 758; x_wconf 90' lang='lat' dir='ltr'><strong>positum</strong></span> <span class='ocrx_word' id='word_1_386' title='bbox 3226 690 3432 742; x_wconf 81' lang='lat' dir='ltr'><strong>intende</strong></span> <span class='ocrx_word' id='word_1_387' title='bbox 3480 707 3567 758; x_wconf 89' lang='lat' dir='ltr'><strong>pro</strong></span> <span class='ocrx_word' id='word_1_388' title='bbox 3610 692 3725 749; x_wconf 83' lang='lat' dir='ltr'><strong>intel-</strong></span> 
     </span>
    </p>
   </div>
   <div class='ocr_carea' id='block_1_49' title="bbox 2215 777 3726 849">
    <p class='ocr_par' dir='ltr' id='par_1_49' title="bbox 2215 777 3726 849">
     <span class='ocr_line' id='line_1_49' title="bbox 2215 777 3726 849; baseline 0.007 -20"><span class='ocrx_word' id='word_1_389' title='bbox 2215 777 2338 844; x_wconf 70' lang='lat' dir='ltr'><strong>lige.</strong></span> <span class='ocrx_word' id='word_1_390' title='bbox 2389 779 2554 832; x_wconf 88' lang='lat' dir='ltr'><strong>Dico:</strong></span> <span class='ocrx_word' id='word_1_391' title='bbox 2585 779 2790 849; x_wconf 84' lang='lat' dir='ltr'><strong>percipe</strong></span> <span class='ocrx_word' id='word_1_392' title='bbox 2820 780 3109 833; x_wconf 87' lang='lat' dir='ltr'><strong>orationem</strong></span> <span class='ocrx_word' id='word_1_393' title='bbox 3141 797 3339 845; x_wconf 86' lang='lat' dir='ltr'><strong>meam;</strong></span> <span class='ocrx_word' id='word_1_394' title='bbox 3371 781 3506 836; x_wconf 89' lang='lat' dir='ltr'><strong>hanc</strong></span> <span class='ocrx_word' id='word_1_395' title='bbox 3536 784 3726 841; x_wconf 76' lang='lat' dir='ltr'><strong>scilicet:</strong></span> 
     </span>
    </p>
   </div>
   <div class='ocr_carea' id='block_1_50' title="bbox 2215 867 3730 946">
    <p class='ocr_par' dir='ltr' id='par_1_50' title="bbox 2215 867 3730 946">
     <span class='ocr_line' id='line_1_50' title="bbox 2215 867 3730 946; baseline 0.007 -27"><span class='ocrx_word' id='word_1_396' title='bbox 2215 867 2293 920; x_wconf 86' lang='lat' dir='ltr'><strong>De</strong></span> <span class='ocrx_word' id='word_1_397' title='bbox 2325 867 2467 921; x_wconf 80' lang='lat' dir='ltr'><strong>uultu</strong></span> <span class='ocrx_word' id='word_1_398' title='bbox 2495 878 2586 922; x_wconf 87' lang='lat' dir='ltr'><strong>tuo</strong></span> <span class='ocrx_word' id='word_1_399' title='bbox 2624 868 2888 937; x_wconf 85' lang='lat' dir='ltr'><strong>judicium</strong></span> <span class='ocrx_word' id='word_1_400' title='bbox 2924 886 3096 923; x_wconf 86' lang='lat' dir='ltr'><strong>meum</strong></span> <span class='ocrx_word' id='word_1_401' title='bbox 3137 872 3387 939; x_wconf 80' lang='lat' dir='ltr'><strong>prodeat,</strong></span> <span class='ocrx_word' id='word_1_402' title='bbox 3429 873 3478 925; x_wconf 92' lang='lat' dir='ltr'><strong>id</strong></span> <span class='ocrx_word' id='word_1_403' title='bbox 3520 876 3730 946; x_wconf 74' lang='lat' dir='ltr'><strong>est,jutli-</strong></span> 
     </span>
    </p>
   </div>
   <div class='ocr_carea' id='block_1_51' title="bbox 2215 959 3730 1032">
    <p class='ocr_par' dir='ltr' id='par_1_51' title="bbox 2215 959 3730 1032">
     <span class='ocr_line' id='line_1_51' title="bbox 2215 959 3730 1032; baseline 0.007 -19"><span class='ocrx_word' id='word_1_404' title='bbox 2215 960 2358 1013; x_wconf 91' lang='lat' dir='ltr'><strong>cium</strong></span> <span class='ocrx_word' id='word_1_405' title='bbox 2404 975 2510 1027; x_wconf 91' lang='lat' dir='ltr'><strong>quo</strong></span> <span class='ocrx_word' id='word_1_406' title='bbox 2542 975 2686 1014; x_wconf 88' lang='lat' dir='ltr'><strong>nunc</strong></span> <span class='ocrx_word' id='word_1_407' title='bbox 2726 975 2754 1012; x_wconf 90' lang='lat' dir='ltr'><strong>a</strong></span> <span class='ocrx_word' id='word_1_408' title='bbox 2791 959 2988 1016; x_wconf 64' lang='lat' dir='ltr'><strong>Iudaeis</strong></span> <span class='ocrx_word' id='word_1_409' title='bbox 3027 961 3240 1030; x_wconf 85' lang='lat' dir='ltr'><strong>judicor</strong></span> <span class='ocrx_word' id='word_1_410' title='bbox 3271 977 3285 1016; x_wconf 92' lang='lat'><strong>:</strong></span> <span class='ocrx_word' id='word_1_411' title='bbox 3325 964 3466 1032; x_wconf 89' lang='lat' dir='ltr'><strong>quod</strong></span> <span class='ocrx_word' id='word_1_412' title='bbox 3503 965 3565 1019; x_wconf 89' lang='lat' dir='ltr'><strong>ab</strong></span> <span class='ocrx_word' id='word_1_413' title='bbox 3595 983 3730 1023; x_wconf 86' lang='lat' dir='ltr'><strong>eorum</strong></span> 
     </span>
    </p>
   </div>
   <div class='ocr_carea' id='block_1_52' title="bbox 2216 1051 3732 1123">
    <p class='ocr_par' dir='ltr' id='par_1_52' title="bbox 2216 1051 3732 1123">
     <span class='ocr_line' id='line_1_52' title="bbox 2216 1051 3732 1123; baseline 0.007 -19"><span class='ocrx_word' id='word_1_414' title='bbox 2216 1051 2459 1105; x_wconf 90' lang='lat' dir='ltr'><strong>consiliis</strong></span> <span class='ocrx_word' id='word_1_415' title='bbox 2490 1052 2829 1107; x_wconf 90' lang='lat' dir='ltr'><strong>solummodo</strong></span> <span class='ocrx_word' id='word_1_416' title='bbox 2861 1054 3079 1123; x_wconf 87' lang='lat' dir='ltr'><strong>prodire</strong></span> <span class='ocrx_word' id='word_1_417' title='bbox 3106 1055 3323 1109; x_wconf 88' lang='lat' dir='ltr'><strong>videtur</strong></span> <span class='ocrx_word' id='word_1_418' title='bbox 3356 1073 3370 1110; x_wconf 93' lang='lat'><strong>:</strong></span> <span class='ocrx_word' id='word_1_419' title='bbox 3409 1057 3474 1111; x_wconf 91' lang='lat' dir='ltr'><strong>de</strong></span> <span class='ocrx_word' id='word_1_420' title='bbox 3513 1060 3732 1118; x_wconf 71' lang='lat' dir='ltr'><strong>voluntate</strong></span> 
     </span>
    </p>
   </div>
   <div class='ocr_carea' id='block_1_53' title="bbox 2219 1142 3732 1214">
    <p class='ocr_par' dir='ltr' id='par_1_53' title="bbox 2219 1142 3732 1214">
     <span class='ocr_line' id='line_1_53' title="bbox 2219 1142 3732 1214; baseline 0.007 -18"><span class='ocrx_word' id='word_1_421' title='bbox 2219 1151 2309 1196; x_wconf 89' lang='lat' dir='ltr'><strong>tua</strong></span> <span class='ocrx_word' id='word_1_422' title='bbox 2353 1142 2643 1213; x_wconf 84' lang='lat' dir='ltr'><strong>proderat,</strong></span> <span class='ocrx_word' id='word_1_423' title='bbox 2695 1144 2747 1198; x_wconf 88' lang='lat' dir='ltr'><strong>id</strong></span> <span class='ocrx_word' id='word_1_424' title='bbox 2794 1153 2879 1199; x_wconf 88' lang='lat' dir='ltr'><strong>est</strong></span> <span class='ocrx_word' id='word_1_425' title='bbox 2923 1145 3190 1214; x_wconf 90' lang='lat' dir='ltr'><strong>prodiisse</strong></span> <span class='ocrx_word' id='word_1_426' title='bbox 3238 1147 3515 1211; x_wconf 83' lang='lat' dir='ltr'><strong>videatur;</strong></span> <span class='ocrx_word' id='word_1_427' title='bbox 3550 1150 3732 1207; x_wconf 82' lang='lat' dir='ltr'><strong>sicutab</strong></span> 
     </span>
    </p>
   </div>
   <div class='ocr_carea' id='block_1_54' title="bbox 2217 1226 3734 1309">
    <p class='ocr_par' dir='ltr' id='par_1_54' title="bbox 2217 1226 3734 1309">
     <span class='ocr_line' id='line_1_54' title="bbox 2217 1226 3734 1309; baseline 0.006 -22"><span class='ocrx_word' id='word_1_428' title='bbox 2217 1235 2405 1289; x_wconf 89' lang='lat' dir='ltr'><strong>eodem</strong></span> <span class='ocrx_word' id='word_1_429' title='bbox 2439 1226 2614 1289; x_wconf 73' lang='lat' dir='ltr'><strong>Pilato</strong></span> <span class='ocrx_word' id='word_1_430' title='bbox 2636 1235 2840 1289; x_wconf 87' lang='lat' dir='ltr'><strong>dictum</strong></span> <span class='ocrx_word' id='word_1_431' title='bbox 2869 1247 2952 1291; x_wconf 90' lang='lat' dir='ltr'><strong>est</strong></span> <span class='ocrx_word' id='word_1_432' title='bbox 2977 1252 2991 1290; x_wconf 91' lang='lat'><strong>:</strong></span> <span class='ocrx_word' id='word_1_433' title='bbox 3019 1255 3038 1287; x_wconf 77' lang='grc' dir='ltr'><strong>ι</strong></span> <span class='ocrx_word' id='word_1_434' title='bbox 3078 1236 3193 1291; x_wconf 80' lang='lat' dir='ltr'><strong>Non</strong></span> <span class='ocrx_word' id='word_1_435' title='bbox 3228 1238 3458 1293; x_wconf 87' lang='lat' dir='ltr'><strong>haberes</strong></span> <span class='ocrx_word' id='word_1_436' title='bbox 3479 1249 3734 1309; x_wconf 69' lang='lat' dir='ltr'><strong>potestatem</strong></span> 
     </span>
    </p>
   </div>
   <div class='ocr_carea' id='block_1_55' title="bbox 2217 1326 3735 1401">
    <p class='ocr_par' dir='ltr' id='par_1_55' title="bbox 2217 1326 3735 1401">
     <span class='ocr_line' id='line_1_55' title="bbox 2217 1326 3735 1401; baseline 0.005 -21"><span class='ocrx_word' id='word_1_437' title='bbox 2217 1326 2270 1380; x_wconf 90' lang='lat' dir='ltr'><strong>in</strong></span> <span class='ocrx_word' id='word_1_438' title='bbox 2304 1343 2388 1381; x_wconf 90' lang='lat' dir='ltr'><strong>me</strong></span> <span class='ocrx_word' id='word_1_439' title='bbox 2418 1327 2604 1391; x_wconf 88' lang='lat' dir='ltr'><strong>ullam,</strong></span> <span class='ocrx_word' id='word_1_440' title='bbox 2647 1328 2748 1382; x_wconf 88' lang='lat' dir='ltr'><strong>nisi</strong></span> <span class='ocrx_word' id='word_1_441' title='bbox 2798 1329 2891 1383; x_wconf 85' lang='lat' dir='ltr'><strong>tibi</strong></span> <span class='ocrx_word' id='word_1_442' title='bbox 2938 1338 3082 1384; x_wconf 89' lang='lat' dir='ltr'><strong>esset</strong></span> <span class='ocrx_word' id='word_1_443' title='bbox 3127 1331 3310 1384; x_wconf 89' lang='lat' dir='ltr'><strong>datum</strong></span> <span class='ocrx_word' id='word_1_444' title='bbox 3352 1332 3572 1400; x_wconf 90' lang='lat' dir='ltr'><strong>desuper</strong></span> <span class='ocrx_word' id='word_1_445' title='bbox 3604 1334 3735 1401; x_wconf 85' lang='lat' dir='ltr'><strong>(Joan.</strong></span> 
     </span>
    </p>
   </div>
   <div class='ocr_carea' id='block_1_56' title="bbox 2217 1420 3737 1492">
    <p class='ocr_par' dir='ltr' id='par_1_56' title="bbox 2217 1420 3737 1492">
     <span class='ocr_line' id='line_1_56' title="bbox 2217 1420 3737 1492; baseline 0.003 -18"><span class='ocrx_word' id='word_1_446' title='bbox 2217 1436 2334 1484; x_wconf 75' lang='lat' dir='ltr'><strong>xix,</strong></span> <span class='ocrx_word' id='word_1_447' title='bbox 2369 1420 2482 1491; x_wconf 85' lang='lat' dir='ltr'><strong>ll.)</strong></span> <span class='ocrx_word' id='word_1_448' title='bbox 2523 1439 2541 1472; x_wconf 73' lang='grc' dir='ltr'><strong>ι</strong></span> <span class='ocrx_word' id='word_1_449' title='bbox 2585 1420 2848 1476; x_wconf 89' lang='lat' dir='ltr'><strong>Voluntas</strong></span> <span class='ocrx_word' id='word_1_450' title='bbox 2893 1431 3073 1478; x_wconf 88' lang='lat' dir='ltr'><strong>autem</strong></span> <span class='ocrx_word' id='word_1_451' title='bbox 3122 1423 3330 1478; x_wconf 79' lang='lat' dir='ltr'><strong>idcirco</strong></span> <span class='ocrx_word' id='word_1_452' title='bbox 3362 1423 3538 1478; x_wconf 84' lang='lat' dir='ltr'><strong>vultus</strong></span> <span class='ocrx_word' id='word_1_453' title='bbox 3574 1425 3737 1492; x_wconf 87' lang='lat' dir='ltr'><strong>dicitur,</strong></span> 
     </span>
    </p>
   </div>
   <div class='ocr_carea' id='block_1_57' title="bbox 2217 1511 3737 1582">
    <p class='ocr_par' dir='ltr' id='par_1_57' title="bbox 2217 1511 3737 1582">
     <span class='ocr_line' id='line_1_57' title="bbox 2217 1511 3737 1582; baseline 0.002 -17"><span class='ocrx_word' id='word_1_454' title='bbox 2217 1513 2342 1581; x_wconf 85' lang='lat' dir='ltr'><strong>quia</strong></span> <span class='ocrx_word' id='word_1_455' title='bbox 2376 1511 2426 1564; x_wconf 93' lang='lat' dir='ltr'><strong>in</strong></span> <span class='ocrx_word' id='word_1_456' title='bbox 2468 1511 2616 1565; x_wconf 83' lang='lat' dir='ltr'><strong>vultu</strong></span> <span class='ocrx_word' id='word_1_457' title='bbox 2657 1512 2908 1566; x_wconf 78' lang='lat' dir='ltr'><strong>voluntas</strong></span> <span class='ocrx_word' id='word_1_458' title='bbox 2951 1511 3188 1572; x_wconf 83' lang='lat' dir='ltr'><strong>hominis</strong></span> <span class='ocrx_word' id='word_1_459' title='bbox 3237 1527 3382 1582; x_wconf 69' lang='lat' dir='ltr'><strong>saepe</strong></span> <span class='ocrx_word' id='word_1_460' title='bbox 3410 1513 3737 1568; x_wconf 83' lang='lat' dir='ltr'><strong>consideratur.</strong></span> 
     </span>
    </p>
   </div>
   <div class='ocr_carea' id='block_1_58' title="bbox 2218 1603 3740 1675">
    <p class='ocr_par' dir='ltr' id='par_1_58' title="bbox 2218 1603 3740 1675">
     <span class='ocr_line' id='line_1_58' title="bbox 2218 1603 3740 1675; baseline 0.002 -18"><span class='ocrx_word' id='word_1_461' title='bbox 2218 1603 2350 1657; x_wconf 87' lang='lat' dir='ltr'><strong>Dico</strong></span> <span class='ocrx_word' id='word_1_462' title='bbox 2387 1603 2652 1674; x_wconf 81' lang='lat' dir='ltr'><strong>judicium</strong></span> <span class='ocrx_word' id='word_1_463' title='bbox 2696 1619 2869 1656; x_wconf 88' lang='lat' dir='ltr'><strong>meum</strong></span> <span class='ocrx_word' id='word_1_464' title='bbox 2913 1604 3132 1673; x_wconf 86' lang='lat' dir='ltr'><strong>prodeat</strong></span> <span class='ocrx_word' id='word_1_465' title='bbox 3169 1604 3235 1656; x_wconf 90' lang='lat' dir='ltr'><strong>de</strong></span> <span class='ocrx_word' id='word_1_466' title='bbox 3265 1603 3410 1657; x_wconf 74' lang='lat' dir='ltr'><strong>cultu</strong></span> <span class='ocrx_word' id='word_1_467' title='bbox 3439 1613 3544 1668; x_wconf 87' lang='lat' dir='ltr'><strong>tuo,</strong></span> <span class='ocrx_word' id='word_1_468' title='bbox 3572 1619 3651 1675; x_wconf 85' lang='lat' dir='ltr'><strong>per</strong></span> <span class='ocrx_word' id='word_1_469' title='bbox 3673 1607 3740 1661; x_wconf 87' lang='lat' dir='ltr'><strong>hoc</strong></span> 
     </span>
    </p>
   </div>
   <div class='ocr_carea' id='block_1_59' title="bbox 2219 1693 3743 1764">
    <p class='ocr_par' dir='ltr' id='par_1_59' title="bbox 2219 1693 3743 1764">
     <span class='ocr_line' id='line_1_59' title="bbox 2219 1693 3743 1764; baseline -0.001 -14"><span class='ocrx_word' id='word_1_470' title='bbox 2219 1695 2424 1750; x_wconf 87' lang='lat' dir='ltr'><strong>scilicet</strong></span> <span class='ocrx_word' id='word_1_471' title='bbox 2455 1695 2596 1764; x_wconf 90' lang='lat' dir='ltr'><strong>quod</strong></span> <span class='ocrx_word' id='word_1_472' title='bbox 2627 1694 2766 1748; x_wconf 86' lang='lat' dir='ltr'><strong>oculi</strong></span> <span class='ocrx_word' id='word_1_473' title='bbox 2803 1695 2879 1748; x_wconf 85' lang='lat' dir='ltr'><strong>tui</strong></span> <span class='ocrx_word' id='word_1_474' title='bbox 2908 1693 3114 1748; x_wconf 83' lang='lat' dir='ltr'><strong>videant</strong></span> <span class='ocrx_word' id='word_1_475' title='bbox 3151 1694 3448 1764; x_wconf 75' lang='lat' dir='ltr'><strong>requitates.</strong></span> <span class='ocrx_word' id='word_1_476' title='bbox 3491 1694 3565 1748; x_wconf 88' lang='lat' dir='ltr'><strong>Ad</strong></span> <span class='ocrx_word' id='word_1_477' title='bbox 3604 1695 3743 1749; x_wconf 87' lang='lat' dir='ltr'><strong>buma-</strong></span> 
     </span>
    </p>
   </div>
   <div class='ocr_carea' id='block_1_60' title="bbox 2223 1786 3743 1856">
    <p class='ocr_par' dir='ltr' id='par_1_60' title="bbox 2223 1786 3743 1856">
     <span class='ocr_line' id='line_1_60' title="bbox 2223 1786 3743 1856; baseline 0 -13"><span class='ocrx_word' id='word_1_478' title='bbox 2223 1805 2350 1843; x_wconf 90' lang='lat' dir='ltr'><strong>num</strong></span> <span class='ocrx_word' id='word_1_479' title='bbox 2381 1789 2597 1843; x_wconf 91' lang='lat' dir='ltr'><strong>modum</strong></span> <span class='ocrx_word' id='word_1_480' title='bbox 2623 1787 2773 1852; x_wconf 82' lang='lat' dir='ltr'><strong>dicit,</strong></span> <span class='ocrx_word' id='word_1_481' title='bbox 2803 1786 2855 1841; x_wconf 93' lang='lat' dir='ltr'><strong>id</strong></span> <span class='ocrx_word' id='word_1_482' title='bbox 2883 1796 2967 1844; x_wconf 92' lang='lat' dir='ltr'><strong>est</strong></span> <span class='ocrx_word' id='word_1_483' title='bbox 2995 1796 3050 1840; x_wconf 92' lang='lat' dir='ltr'><strong>tu</strong></span> <span class='ocrx_word' id='word_1_484' title='bbox 3078 1787 3261 1842; x_wconf 81' lang='lat' dir='ltr'><strong>videas</strong></span> <span class='ocrx_word' id='word_1_485' title='bbox 3290 1787 3597 1856; x_wconf 78' lang='lat' dir='ltr'><strong>:cqnitates,</strong></span> <span class='ocrx_word' id='word_1_486' title='bbox 3622 1789 3743 1843; x_wconf 83' lang='lat' dir='ltr'><strong>idest</strong></span> 
     </span>
    </p>
   </div>
   <div class='ocr_carea' id='block_1_61' title="bbox 2222 1877 3743 1948">
    <p class='ocr_par' dir='ltr' id='par_1_61' title="bbox 2222 1877 3743 1948">
     <span class='ocr_line' id='line_1_61' title="bbox 2222 1877 3743 1948; baseline 0.001 -16"><span class='ocrx_word' id='word_1_487' title='bbox 2222 1879 2347 1935; x_wconf 86' lang='lat' dir='ltr'><strong>vide</strong></span> <span class='ocrx_word' id='word_1_488' title='bbox 2375 1887 2434 1934; x_wconf 90' lang='lat' dir='ltr'><strong>ut</strong></span> <span class='ocrx_word' id='word_1_489' title='bbox 2461 1877 2734 1948; x_wconf 89' lang='lat' dir='ltr'><strong>compleas</strong></span> <span class='ocrx_word' id='word_1_490' title='bbox 2759 1894 2821 1934; x_wconf 87' lang='lat' dir='ltr'><strong>ea</strong></span> <span class='ocrx_word' id='word_1_491' title='bbox 2861 1892 2982 1948; x_wconf 68' lang='lat' dir='ltr'><strong>qua:</strong></span> <span class='ocrx_word' id='word_1_492' title='bbox 3010 1892 3162 1948; x_wconf 67' lang='lat' dir='ltr'><strong>aequa</strong></span> <span class='ocrx_word' id='word_1_493' title='bbox 3191 1887 3318 1932; x_wconf 87' lang='lat' dir='ltr'><strong>sunt</strong></span> <span class='ocrx_word' id='word_1_494' title='bbox 3358 1895 3372 1930; x_wconf 89' lang='lat'><strong>:</strong></span> <span class='ocrx_word' id='word_1_495' title='bbox 3412 1894 3499 1933; x_wconf 87' lang='lat' dir='ltr'><strong>me</strong></span> <span class='ocrx_word' id='word_1_496' title='bbox 3517 1894 3743 1948; x_wconf 82' lang='lat' dir='ltr'><strong>resurgere</strong></span> 
     </span>
    </p>
   </div>
   <div class='ocr_carea' id='block_1_62' title="bbox 2223 1969 3839 2040">
    <p class='ocr_par' dir='ltr' id='par_1_62' title="bbox 2223 1969 3839 2040">
     <span class='ocr_line' id='line_1_62' title="bbox 2223 1969 3839 2040; baseline -0.001 -15"><span class='ocrx_word' id='word_1_497' title='bbox 2223 1970 2508 2036; x_wconf 84' lang='lat' dir='ltr'><strong>faciendo,</strong></span> <span class='ocrx_word' id='word_1_498' title='bbox 2557 1979 2612 2024; x_wconf 88' lang='lat' dir='ltr'><strong>et</strong></span> <span class='ocrx_word' id='word_1_499' title='bbox 2656 1969 2788 2024; x_wconf 92' lang='lat' dir='ltr'><strong>mihi</strong></span> <span class='ocrx_word' id='word_1_500' title='bbox 2833 1969 3096 2024; x_wconf 90' lang='lat' dir='ltr'><strong>mundum</strong></span> <span class='ocrx_word' id='word_1_501' title='bbox 3145 1969 3505 2040; x_wconf 77' lang='lat' dir='ltr'><strong>subjugando,</strong></span> <span class='ocrx_word' id='word_1_502' title='bbox 3549 1984 3747 2040; x_wconf 83' lang='lat' dir='ltr'><strong>meosque</strong></span> <span class='ocrx_word' id='word_1_503' title='bbox 3838 2029 3839 2036; x_wconf 27' lang='grc' dir='ltr'><strong>η</strong></span> 
     </span>
    </p>
   </div>
   <div class='ocr_carea' id='block_1_63' title="bbox 2223 2058 3747 2129">
    <p class='ocr_par' dir='ltr' id='par_1_63' title="bbox 2223 2058 3747 2129">
     <span class='ocr_line' id='line_1_63' title="bbox 2223 2058 3747 2129; baseline -0.003 -13"><span class='ocrx_word' id='word_1_504' title='bbox 2223 2061 2482 2116; x_wconf 83' lang='lat' dir='ltr'><strong>salvando</strong></span> <span class='ocrx_word' id='word_1_505' title='bbox 2510 2070 2565 2115; x_wconf 88' lang='lat' dir='ltr'><strong>et</strong></span> <span class='ocrx_word' id='word_1_506' title='bbox 2609 2059 2883 2129; x_wconf 80' lang='lat' dir='ltr'><strong>perfectos</strong></span> <span class='ocrx_word' id='word_1_507' title='bbox 2940 2058 3188 2114; x_wconf 81' lang='lat' dir='ltr'><strong>faciendo</strong></span> <span class='ocrx_word' id='word_1_508' title='bbox 3213 2099 3228 2123; x_wconf 88' lang='lat'><strong>,</strong></span> <span class='ocrx_word' id='word_1_509' title='bbox 3301 2060 3548 2114; x_wconf 87' lang='lat' dir='ltr'><strong>inimicos</strong></span> <span class='ocrx_word' id='word_1_510' title='bbox 3587 2073 3747 2128; x_wconf 81' lang='lat' dir='ltr'><strong>quoque</strong></span> 
     </span>
    </p>
   </div>
   <div class='ocr_carea' id='block_1_64' title="bbox 2223 2149 3749 2222">
    <p class='ocr_par' dir='ltr' id='par_1_64' title="bbox 2223 2149 3749 2222">
     <span class='ocr_line' id='line_1_64' title="bbox 2223 2149 3749 2222; baseline -0.002 -15"><span class='ocrx_word' id='word_1_511' title='bbox 2223 2169 2377 2207; x_wconf 88' lang='lat' dir='ltr'><strong>meos</strong></span> <span class='ocrx_word' id='word_1_512' title='bbox 2415 2152 2564 2222; x_wconf 74' lang='lat' dir='ltr'><strong>iuste</strong></span> <span class='ocrx_word' id='word_1_513' title='bbox 2597 2151 3017 2206; x_wconf 86' lang='lat' dir='ltr'><strong>remunerando.</strong></span> <span class='ocrx_word' id='word_1_514' title='bbox 3064 2149 3132 2204; x_wconf 86' lang='lat' dir='ltr'><strong>Et</strong></span> <span class='ocrx_word' id='word_1_515' title='bbox 3177 2151 3256 2205; x_wconf 92' lang='lat' dir='ltr'><strong>sic</strong></span> <span class='ocrx_word' id='word_1_516' title='bbox 3282 2161 3541 2221; x_wconf 88' lang='lat' dir='ltr'><strong>appareat</strong></span> <span class='ocrx_word' id='word_1_517' title='bbox 3587 2159 3631 2205; x_wconf 87' lang='lat' dir='ltr'><strong>te</strong></span> <span class='ocrx_word' id='word_1_518' title='bbox 3647 2149 3749 2218; x_wconf 83' lang='lat' dir='ltr'><strong>judi-</strong></span> 
     </span>
    </p>
   </div>
   <div class='ocr_carea' id='block_1_65' title="bbox 2224 2241 3748 2309">
    <p class='ocr_par' dir='ltr' id='par_1_65' title="bbox 2224 2241 3748 2309">
     <span class='ocr_line' id='line_1_65' title="bbox 2224 2241 3748 2309; baseline -0.002 -12"><span class='ocrx_word' id='word_1_519' title='bbox 2224 2245 2366 2297; x_wconf 86' lang='lat' dir='ltr'><strong>cium</strong></span> <span class='ocrx_word' id='word_1_520' title='bbox 2402 2257 2534 2297; x_wconf 71' lang='lat' dir='ltr'><strong>mea:</strong></span> <span class='ocrx_word' id='word_1_521' title='bbox 2582 2242 2770 2296; x_wconf 88' lang='lat' dir='ltr'><strong>mortis</strong></span> <span class='ocrx_word' id='word_1_522' title='bbox 2797 2241 3033 2296; x_wconf 87' lang='lat' dir='ltr'><strong>voluisse</strong></span> <span class='ocrx_word' id='word_1_523' title='bbox 3053 2281 3078 2307; x_wconf 70' lang='lat'><strong>,,</strong></span> <span class='ocrx_word' id='word_1_524' title='bbox 3105 2250 3165 2296; x_wconf 92' lang='lat' dir='ltr'><strong>nt</strong></span> <span class='ocrx_word' id='word_1_525' title='bbox 3195 2241 3333 2296; x_wconf 84' lang='lat' dir='ltr'><strong>tales</strong></span> <span class='ocrx_word' id='word_1_526' title='bbox 3361 2241 3578 2296; x_wconf 83' lang='lat' dir='ltr'><strong>ell&#39;ectus</strong></span> <span class='ocrx_word' id='word_1_527' title='bbox 3606 2255 3748 2309; x_wconf 80' lang='lat' dir='ltr'><strong>seque-</strong></span> 
     </span>
    </p>
   </div>
   <div class='ocr_carea' id='block_1_66' title="bbox 2225 2331 3751 2402">
    <p class='ocr_par' dir='ltr' id='par_1_66' title="bbox 2225 2331 3751 2402">
     <span class='ocr_line' id='line_1_66' title="bbox 2225 2331 3751 2402; baseline -0.002 -14"><span class='ocrx_word' id='word_1_528' title='bbox 2225 2343 2434 2388; x_wconf 85' lang='lat' dir='ltr'><strong>rentur.</strong></span> <span class='ocrx_word' id='word_1_529' title='bbox 2481 2331 2632 2388; x_wconf 90' lang='lat' dir='ltr'><strong>Oculi</strong></span> <span class='ocrx_word' id='word_1_530' title='bbox 2661 2347 2790 2386; x_wconf 86' lang='lat' dir='ltr'><strong>vero</strong></span> <span class='ocrx_word' id='word_1_531' title='bbox 2824 2331 2948 2402; x_wconf 91' lang='lat' dir='ltr'><strong>poni</strong></span> <span class='ocrx_word' id='word_1_532' title='bbox 2979 2341 3203 2400; x_wconf 90' lang='lat' dir='ltr'><strong>possunt</strong></span> <span class='ocrx_word' id='word_1_533' title='bbox 3231 2347 3330 2402; x_wconf 87' lang='lat' dir='ltr'><strong>pro</strong></span> <span class='ocrx_word' id='word_1_534' title='bbox 3359 2331 3588 2402; x_wconf 89' lang='lat' dir='ltr'><strong>potentia</strong></span> <span class='ocrx_word' id='word_1_535' title='bbox 3614 2331 3751 2386; x_wconf 81' lang='lat' dir='ltr'><strong>Provi-</strong></span> 
     </span>
    </p>
   </div>
   <div class='ocr_carea' id='block_1_67' title="bbox 2227 2423 3751 2494">
    <p class='ocr_par' dir='ltr' id='par_1_67' title="bbox 2227 2423 3751 2494">
     <span class='ocr_line' id='line_1_67' title="bbox 2227 2423 3751 2494; baseline -0.002 -16"><span class='ocrx_word' id='word_1_536' title='bbox 2227 2425 2456 2487; x_wconf 78' lang='lat' dir='ltr'><strong>dentiae,</strong></span> <span class='ocrx_word' id='word_1_537' title='bbox 2493 2433 2548 2479; x_wconf 91' lang='lat' dir='ltr'><strong>ct</strong></span> <span class='ocrx_word' id='word_1_538' title='bbox 2584 2423 2871 2494; x_wconf 74' lang='lat' dir='ltr'><strong>pnetendit</strong></span> <span class='ocrx_word' id='word_1_539' title='bbox 2913 2423 3165 2478; x_wconf 89' lang='lat' dir='ltr'><strong>meritum</strong></span> <span class='ocrx_word' id='word_1_540' title='bbox 3202 2442 3216 2478; x_wconf 92' lang='lat'><strong>:</strong></span> <span class='ocrx_word' id='word_1_541' title='bbox 3254 2425 3380 2494; x_wconf 86' lang='lat' dir='ltr'><strong>quia</strong></span> <span class='ocrx_word' id='word_1_542' title='bbox 3421 2425 3519 2478; x_wconf 88' lang='lat' dir='ltr'><strong>hoc</strong></span> <span class='ocrx_word' id='word_1_543' title='bbox 3548 2424 3751 2493; x_wconf 82' lang='lat' dir='ltr'><strong>Deuspre</strong></span> 
     </span>
    </p>
   </div>
   <div class='ocr_carea' id='block_1_68' title="bbox 2226 2515 3754 2586">
    <p class='ocr_par' dir='ltr' id='par_1_68' title="bbox 2226 2515 3754 2586">
     <span class='ocr_line' id='line_1_68' title="bbox 2226 2515 3754 2586; baseline -0.003 -14"><span class='ocrx_word' id='word_1_544' title='bbox 2226 2533 2291 2572; x_wconf 90' lang='lat' dir='ltr'><strong>eo</strong></span> <span class='ocrx_word' id='word_1_545' title='bbox 2323 2515 2500 2572; x_wconf 81' lang='lat' dir='ltr'><strong>facere</strong></span> <span class='ocrx_word' id='word_1_546' title='bbox 2530 2515 2752 2581; x_wconf 88' lang='lat' dir='ltr'><strong>debeat,</strong></span> <span class='ocrx_word' id='word_1_547' title='bbox 2783 2515 2904 2570; x_wconf 89' lang='lat' dir='ltr'><strong>sic:</strong></span> <span class='ocrx_word' id='word_1_548' title='bbox 2934 2516 3076 2570; x_wconf 87' lang='lat' dir='ltr'><strong>Vere</strong></span> <span class='ocrx_word' id='word_1_549' title='bbox 3107 2515 3274 2570; x_wconf 85' lang='lat' dir='ltr'><strong>debes</strong></span> <span class='ocrx_word' id='word_1_550' title='bbox 3304 2517 3593 2569; x_wconf 87' lang='lat' dir='ltr'><strong>orationem</strong></span> <span class='ocrx_word' id='word_1_551' title='bbox 3626 2515 3754 2586; x_wconf 85' lang='lat' dir='ltr'><strong>perci-</strong></span> 
     </span>
    </p>
   </div>
   <div class='ocr_carea' id='block_1_69' title="bbox 2229 2602 3754 2674">
    <p class='ocr_par' dir='ltr' id='par_1_69' title="bbox 2229 2602 3754 2674">
     <span class='ocr_line' id='line_1_69' title="bbox 2229 2602 3754 2674; baseline -0.003 -15"><span class='ocrx_word' id='word_1_552' title='bbox 2229 2621 2379 2674; x_wconf 84' lang='lat' dir='ltr'><strong>pere,</strong></span> <span class='ocrx_word' id='word_1_553' title='bbox 2403 2613 2458 2659; x_wconf 89' lang='lat' dir='ltr'><strong>et</strong></span> <span class='ocrx_word' id='word_1_554' title='bbox 2477 2605 2763 2674; x_wconf 68' lang='lat' dir='ltr'><strong>mquitates</strong></span> <span class='ocrx_word' id='word_1_555' title='bbox 2784 2603 2971 2659; x_wconf 86' lang='lat' dir='ltr'><strong>videre</strong></span> <span class='ocrx_word' id='word_1_556' title='bbox 3000 2621 3015 2657; x_wconf 93' lang='lat'><strong>:</strong></span> <span class='ocrx_word' id='word_1_557' title='bbox 3050 2603 3170 2658; x_wconf 84' lang='lat' dir='ltr'><strong>ideo</strong></span> <span class='ocrx_word' id='word_1_558' title='bbox 3197 2604 3408 2659; x_wconf 89' lang='lat' dir='ltr'><strong>scilicet</strong></span> <span class='ocrx_word' id='word_1_559' title='bbox 3431 2602 3551 2674; x_wconf 74' lang='lat' dir='ltr'><strong>quia</strong></span> <span class='ocrx_word' id='word_1_560' title='bbox 3574 2605 3754 2671; x_wconf 82' lang='lat' dir='ltr'><strong>probaui</strong></span> 
     </span>
    </p>
   </div>
   <div class='ocr_carea' id='block_1_70' title="bbox 2229 2691 3754 2766">
    <p class='ocr_par' dir='ltr' id='par_1_70' title="bbox 2229 2691 3754 2766">
     <span class='ocr_line' id='line_1_70' title="bbox 2229 2691 3754 2766; baseline -0.004 -16"><span class='ocrx_word' id='word_1_561' title='bbox 2229 2713 2320 2750; x_wconf 66' lang='grc' dir='ltr'><strong>τον</strong></span> <span class='ocrx_word' id='word_1_562' title='bbox 2340 2712 2530 2750; x_wconf 89' lang='lat' dir='ltr'><strong>meum.</strong></span> <span class='ocrx_word' id='word_1_563' title='bbox 2556 2694 2669 2748; x_wconf 85' lang='lat' dir='ltr'><strong>Non</strong></span> <span class='ocrx_word' id='word_1_564' title='bbox 2691 2695 2833 2766; x_wconf 91' lang='lat' dir='ltr'><strong>quod</strong></span> <span class='ocrx_word' id='word_1_565' title='bbox 2863 2694 3183 2764; x_wconf 88' lang='lat' dir='ltr'><strong>probatione</strong></span> <span class='ocrx_word' id='word_1_566' title='bbox 3207 2703 3363 2766; x_wconf 86' lang='lat' dir='ltr'><strong>egeat</strong></span> <span class='ocrx_word' id='word_1_567' title='bbox 3385 2709 3540 2760; x_wconf 88' lang='lat' dir='ltr'><strong>quem</strong></span> <span class='ocrx_word' id='word_1_568' title='bbox 3561 2708 3636 2748; x_wconf 90' lang='lat' dir='ltr'><strong>res</strong></span> <span class='ocrx_word' id='word_1_569' title='bbox 3650 2691 3754 2746; x_wconf 86' lang='lat' dir='ltr'><strong>nulla</strong></span> 
     </span>
    </p>
   </div>
   <div class='ocr_carea' id='block_1_71' title="bbox 2231 2786 3757 2854">
    <p class='ocr_par' dir='ltr' id='par_1_71' title="bbox 2231 2786 3757 2854">
     <span class='ocr_line' id='line_1_71' title="bbox 2231 2786 3757 2854; baseline -0.002 -12"><span class='ocrx_word' id='word_1_570' title='bbox 2231 2789 2393 2854; x_wconf 89' lang='lat' dir='ltr'><strong>latet;</strong></span> <span class='ocrx_word' id='word_1_571' title='bbox 2420 2789 2514 2844; x_wconf 89' lang='lat' dir='ltr'><strong>sed</strong></span> <span class='ocrx_word' id='word_1_572' title='bbox 2540 2788 2680 2844; x_wconf 87' lang='lat' dir='ltr'><strong>idem</strong></span> <span class='ocrx_word' id='word_1_573' title='bbox 2710 2797 2796 2843; x_wconf 87' lang='lat' dir='ltr'><strong>est</strong></span> <span class='ocrx_word' id='word_1_574' title='bbox 2825 2803 2888 2842; x_wconf 88' lang='lat' dir='ltr'><strong>ac</strong></span> <span class='ocrx_word' id='word_1_575' title='bbox 2918 2787 2963 2842; x_wconf 80' lang='lat' dir='ltr'><strong>si</strong></span> <span class='ocrx_word' id='word_1_576' title='bbox 2988 2788 3194 2842; x_wconf 88' lang='lat' dir='ltr'><strong>diceret</strong></span> <span class='ocrx_word' id='word_1_577' title='bbox 3225 2805 3238 2841; x_wconf 94' lang='lat'><strong>:</strong></span> <span class='ocrx_word' id='word_1_578' title='bbox 3265 2786 3600 2843; x_wconf 86' lang='lat' dir='ltr'><strong>Voluntatcm</strong></span> <span class='ocrx_word' id='word_1_579' title='bbox 3620 2786 3757 2841; x_wconf 84' lang='lat' dir='ltr'><strong>cordis</strong></span> 
     </span>
    </p>
   </div>
   <div class='ocr_carea' id='block_1_72' title="bbox 2231 2863 3839 2948">
    <p class='ocr_par' dir='ltr' id='par_1_72' title="bbox 2231 2863 3839 2948">
     <span class='ocr_line' id='line_1_72' title="bbox 2231 2863 3839 2948; baseline -0.003 -16"><span class='ocrx_word' id='word_1_580' title='bbox 2231 2878 2336 2932; x_wconf 87' lang='lat' dir='ltr'><strong>mei</strong></span> <span class='ocrx_word' id='word_1_581' title='bbox 2361 2886 2632 2940; x_wconf 89' lang='lat' dir='ltr'><strong>sanctam,</strong></span> <span class='ocrx_word' id='word_1_582' title='bbox 2655 2891 2776 2948; x_wconf 76' lang='lat' dir='ltr'><strong>qua:</strong></span> <span class='ocrx_word' id='word_1_583' title='bbox 2803 2877 3055 2932; x_wconf 90' lang='lat' dir='ltr'><strong>omnibus</strong></span> <span class='ocrx_word' id='word_1_584' title='bbox 3083 2875 3195 2932; x_wconf 81' lang='lat' dir='ltr'><strong>fere</strong></span> <span class='ocrx_word' id='word_1_585' title='bbox 3223 2886 3346 2931; x_wconf 86' lang='lat' dir='ltr'><strong>erat</strong></span> <span class='ocrx_word' id='word_1_586' title='bbox 3375 2877 3644 2946; x_wconf 83' lang='lat' dir='ltr'><strong>incognita,</strong></span> <span class='ocrx_word' id='word_1_587' title='bbox 3667 2889 3756 2944; x_wconf 85' lang='lat' dir='ltr'><strong>pro-</strong></span> <span class='ocrx_word' id='word_1_588' title='bbox 3838 2863 3839 2866; x_wconf 36' lang='grc'><em>“</em></span> 
     </span>
    </p>
   </div>
   <div class='ocr_carea' id='block_1_73' title="bbox 2231 2965 3756 3038">
    <p class='ocr_par' dir='ltr' id='par_1_73' title="bbox 2231 2965 3756 3038">
     <span class='ocr_line' id='line_1_73' title="bbox 2231 2965 3756 3038; baseline -0.005 -14"><span class='ocrx_word' id='word_1_589' title='bbox 2231 2969 2412 3024; x_wconf 83' lang='lat' dir='ltr'><strong>batam</strong></span> <span class='ocrx_word' id='word_1_590' title='bbox 2440 2968 2751 3024; x_wconf 88' lang='lat' dir='ltr'><strong>ostendisti.</strong></span> <span class='ocrx_word' id='word_1_591' title='bbox 2778 2968 2846 3022; x_wconf 87' lang='lat' dir='ltr'><strong>Et</strong></span> <span class='ocrx_word' id='word_1_592' title='bbox 2871 2968 3094 3038; x_wconf 80' lang='lat' dir='ltr'><strong>exponit</strong></span> <span class='ocrx_word' id='word_1_593' title='bbox 3114 2967 3387 3038; x_wconf 86' lang='lat' dir='ltr'><strong>quomodo</strong></span> <span class='ocrx_word' id='word_1_594' title='bbox 3412 2966 3656 3038; x_wconf 77' lang='lat' dir='ltr'><strong>probavit,</strong></span> <span class='ocrx_word' id='word_1_595' title='bbox 3672 2965 3756 3020; x_wconf 85' lang='lat' dir='ltr'><strong>sic:</strong></span> 
     </span>
    </p>
   </div>
   <div class='ocr_carea' id='block_1_74' title="bbox 2233 3055 3761 3128">
    <p class='ocr_par' dir='ltr' id='par_1_74' title="bbox 2233 3055 3761 3128">
     <span class='ocr_line' id='line_1_74' title="bbox 2233 3055 3761 3128; baseline -0.005 -15"><span class='ocrx_word' id='word_1_596' title='bbox 2233 3059 2364 3116; x_wconf 87' lang='lat' dir='ltr'><strong>Dico</strong></span> <span class='ocrx_word' id='word_1_597' title='bbox 2406 3077 2420 3113; x_wconf 92' lang='lat'><strong>:</strong></span> <span class='ocrx_word' id='word_1_598' title='bbox 2467 3059 2762 3124; x_wconf 83' lang='lat' dir='ltr'><strong>Probasti;</strong></span> <span class='ocrx_word' id='word_1_599' title='bbox 2808 3067 2863 3112; x_wconf 87' lang='lat' dir='ltr'><strong>et</strong></span> <span class='ocrx_word' id='word_1_600' title='bbox 2899 3059 3002 3112; x_wconf 91' lang='lat' dir='ltr'><strong>hoc</strong></span> <span class='ocrx_word' id='word_1_601' title='bbox 3039 3058 3264 3112; x_wconf 87' lang='lat' dir='ltr'><strong>taliter:</strong></span> <span class='ocrx_word' id='word_1_602' title='bbox 3309 3056 3543 3112; x_wconf 85' lang='lat' dir='ltr'><strong>Visitasti</strong></span> <span class='ocrx_word' id='word_1_603' title='bbox 3583 3055 3673 3128; x_wconf 68' lang='grc'><strong>42</strong></span> <span class='ocrx_word' id='word_1_604' title='bbox 3699 3069 3761 3107; x_wconf 83' lang='lat' dir='ltr'><strong>me</strong></span> 
     </span>
    </p>
   </div>
   <div class='ocr_carea' id='block_1_75' title="bbox 2238 3147 3761 3220">
    <p class='ocr_par' dir='ltr' id='par_1_75' title="bbox 2238 3147 3761 3220">
     <span class='ocr_line' id='line_1_75' title="bbox 2238 3147 3761 3220; baseline -0.007 -14"><span class='ocrx_word' id='word_1_605' title='bbox 2238 3162 2417 3216; x_wconf 86' lang='lat' dir='ltr'><strong>nocte,</strong></span> <span class='ocrx_word' id='word_1_606' title='bbox 2449 3151 2502 3207; x_wconf 91' lang='lat' dir='ltr'><strong>id</strong></span> <span class='ocrx_word' id='word_1_607' title='bbox 2533 3161 2619 3208; x_wconf 89' lang='lat' dir='ltr'><strong>est</strong></span> <span class='ocrx_word' id='word_1_608' title='bbox 2663 3150 2875 3207; x_wconf 89' lang='lat' dir='ltr'><strong>occulta</strong></span> <span class='ocrx_word' id='word_1_609' title='bbox 2923 3151 3257 3216; x_wconf 83' lang='lat' dir='ltr'><strong>tentatjone,</strong></span> <span class='ocrx_word' id='word_1_610' title='bbox 3298 3165 3420 3220; x_wconf 65' lang='lat' dir='ltr'><strong>quae</strong></span> <span class='ocrx_word' id='word_1_611' title='bbox 3461 3150 3598 3203; x_wconf 85' lang='lat' dir='ltr'><strong>illata</strong></span> <span class='ocrx_word' id='word_1_612' title='bbox 3637 3147 3712 3200; x_wconf 87' lang='lat' dir='ltr'><strong>l&#39;uit</strong></span> <span class='ocrx_word' id='word_1_613' title='bbox 3740 3161 3761 3196; x_wconf 74' lang='grc' dir='ltr'><strong>ιι</strong></span> 
     </span>
    </p>
   </div>
   <div class='ocr_carea' id='block_1_76' title="bbox 2237 3239 3763 3312">
    <p class='ocr_par' dir='ltr' id='par_1_76' title="bbox 2237 3239 3763 3312">
     <span class='ocr_line' id='line_1_76' title="bbox 2237 3239 3763 3312; baseline -0.004 -16"><span class='ocrx_word' id='word_1_614' title='bbox 2237 3241 2481 3306; x_wconf 89' lang='lat' dir='ltr'><strong>diabolo;</strong></span> <span class='ocrx_word' id='word_1_615' title='bbox 2528 3241 2672 3296; x_wconf 87' lang='lat' dir='ltr'><strong>sicut</strong></span> <span class='ocrx_word' id='word_1_616' title='bbox 2712 3241 2910 3311; x_wconf 83' lang='lat' dir='ltr'><strong>legitur</strong></span> <span class='ocrx_word' id='word_1_617' title='bbox 2942 3243 2993 3294; x_wconf 92' lang='lat' dir='ltr'><strong>in</strong></span> <span class='ocrx_word' id='word_1_618' title='bbox 3035 3241 3372 3312; x_wconf 77' lang='lat' dir='ltr'><strong>Evangelia:</strong></span> <span class='ocrx_word' id='word_1_619' title='bbox 3413 3260 3431 3291; x_wconf 78' lang='grc' dir='ltr'><strong>ι</strong></span> <span class='ocrx_word' id='word_1_620' title='bbox 3467 3241 3526 3294; x_wconf 81' lang='lat' dir='ltr'><strong>Et</strong></span> <span class='ocrx_word' id='word_1_621' title='bbox 3557 3239 3763 3294; x_wconf 82' lang='lat' dir='ltr'><strong>accedens</strong></span> 
     </span>
    </p>
   </div>
   <div class='ocr_carea' id='block_1_77' title="bbox 2239 3330 3760 3404">
    <p class='ocr_par' dir='ltr' id='par_1_77' title="bbox 2239 3330 3760 3404">
     <span class='ocr_line' id='line_1_77' title="bbox 2239 3330 3760 3404; baseline -0.005 -18"><span class='ocrx_word' id='word_1_622' title='bbox 2239 3342 2499 3398; x_wconf 89' lang='lat' dir='ltr'><strong>tentator,</strong></span> <span class='ocrx_word' id='word_1_623' title='bbox 2529 3343 2634 3388; x_wconf 88' lang='lat' dir='ltr'><strong>etc.</strong></span> <span class='ocrx_word' id='word_1_624' title='bbox 2664 3332 2880 3404; x_wconf 76' lang='lat' dir='ltr'><strong>(Manli.</strong></span> <span class='ocrx_word' id='word_1_625' title='bbox 2908 3349 2979 3397; x_wconf 84' lang='lat' dir='ltr'><strong>tv,</strong></span> <span class='ocrx_word' id='word_1_626' title='bbox 3004 3334 3112 3403; x_wconf 77' lang='grc'><strong>5).»</strong></span> <span class='ocrx_word' id='word_1_627' title='bbox 3139 3333 3204 3387; x_wconf 87' lang='grc' dir='ltr'>Ει</span> <span class='ocrx_word' id='word_1_628' title='bbox 3236 3335 3374 3387; x_wconf 85' lang='lat' dir='ltr'><strong>bene</strong></span> <span class='ocrx_word' id='word_1_629' title='bbox 3393 3333 3542 3403; x_wconf 87' lang='lat' dir='ltr'><strong>ponit</strong></span> <span class='ocrx_word' id='word_1_630' title='bbox 3564 3330 3760 3385; x_wconf 75' lang='lat' dir='ltr'><strong>visitasti.</strong></span> 
     </span>
    </p>
   </div>
   <div class='ocr_carea' id='block_1_78' title="bbox 2237 3422 3762 3494">
    <p class='ocr_par' dir='ltr' id='par_1_78' title="bbox 2237 3422 3762 3494">
     <span class='ocr_line' id='line_1_78' title="bbox 2237 3422 3762 3494; baseline -0.003 -16"><span class='ocrx_word' id='word_1_631' title='bbox 2237 3424 2491 3478; x_wconf 83' lang='lat' dir='ltr'><strong>Tentatio</strong></span> <span class='ocrx_word' id='word_1_632' title='bbox 2513 3423 2656 3479; x_wconf 90' lang='lat' dir='ltr'><strong>enim</strong></span> <span class='ocrx_word' id='word_1_633' title='bbox 2682 3423 3013 3478; x_wconf 84' lang='lat' dir='ltr'><strong>visitationis</strong></span> <span class='ocrx_word' id='word_1_634' title='bbox 3048 3439 3243 3494; x_wconf 80' lang='lat' dir='ltr'><strong>magna</strong></span> <span class='ocrx_word' id='word_1_635' title='bbox 3275 3423 3400 3486; x_wconf 86' lang='lat' dir='ltr'><strong>l&#39;nit,</strong></span> <span class='ocrx_word' id='word_1_636' title='bbox 3427 3434 3482 3478; x_wconf 88' lang='lat' dir='ltr'><strong>et</strong></span> <span class='ocrx_word' id='word_1_637' title='bbox 3517 3422 3762 3494; x_wconf 76' lang='lat' dir='ltr'><strong>exaltatio;</strong></span> 
     </span>
    </p>
   </div>
   <div class='ocr_carea' id='block_1_79' title="bbox 2237 3517 3766 3587">
    <p class='ocr_par' dir='ltr' id='par_1_79' title="bbox 2237 3517 3766 3587">
     <span class='ocr_line' id='line_1_79' title="bbox 2237 3517 3766 3587; baseline -0.007 -13"><span class='ocrx_word' id='word_1_638' title='bbox 2237 3534 2359 3574; x_wconf 91' lang='lat' dir='ltr'><strong>cum</strong></span> <span class='ocrx_word' id='word_1_639' title='bbox 2388 3517 2696 3574; x_wconf 86' lang='lat' dir='ltr'><strong>nullatenus</strong></span> <span class='ocrx_word' id='word_1_640' title='bbox 2725 3517 2772 3571; x_wconf 88' lang='lat' dir='ltr'><strong>ei</strong></span> <span class='ocrx_word' id='word_1_641' title='bbox 2817 3517 3084 3572; x_wconf 86' lang='lat' dir='ltr'><strong>cesserit:</strong></span> <span class='ocrx_word' id='word_1_642' title='bbox 3128 3520 3276 3587; x_wconf 85' lang='lat' dir='ltr'><strong>igne,</strong></span> <span class='ocrx_word' id='word_1_643' title='bbox 3313 3518 3365 3572; x_wconf 92' lang='lat' dir='ltr'><strong>id</strong></span> <span class='ocrx_word' id='word_1_644' title='bbox 3407 3529 3512 3581; x_wconf 88' lang='lat' dir='ltr'><strong>est,</strong></span> <span class='ocrx_word' id='word_1_645' title='bbox 3559 3523 3708 3584; x_wconf 87' lang='lat' dir='ltr'><strong>aperta</strong></span> <span class='ocrx_word' id='word_1_646' title='bbox 3726 3523 3766 3564; x_wconf 79' lang='lat' dir='ltr'><strong>et</strong></span> 
     </span>
    </p>
   </div>
   <div class='ocr_carea' id='block_1_80' title="bbox 2239 3603 3765 3682">
    <p class='ocr_par' dir='ltr' id='par_1_80' title="bbox 2239 3603 3765 3682">
     <span class='ocr_line' id='line_1_80' title="bbox 2239 3603 3765 3682; baseline -0.007 -19"><span class='ocrx_word' id='word_1_647' title='bbox 2239 3609 2561 3682; x_wconf 75' lang='lat' dir='ltr'><strong>gravissima</strong></span> <span class='ocrx_word' id='word_1_648' title='bbox 2595 3607 2945 3662; x_wconf 88' lang='lat' dir='ltr'><strong>tribulatione</strong></span> <span class='ocrx_word' id='word_1_649' title='bbox 2977 3608 3248 3677; x_wconf 83' lang='lat' dir='ltr'><strong>passionis</strong></span> <span class='ocrx_word' id='word_1_650' title='bbox 3275 3622 3363 3662; x_wconf 86' lang='lat' dir='ltr'><strong>me</strong></span> <span class='ocrx_word' id='word_1_651' title='bbox 3389 3605 3692 3668; x_wconf 66' lang='lat' dir='ltr'><strong>examinasti,</strong></span> <span class='ocrx_word' id='word_1_652' title='bbox 3729 3603 3765 3653; x_wconf 84' lang='lat' dir='ltr'><strong>id</strong></span> 
     </span>
    </p>
   </div>
   <div class='ocr_carea' id='block_1_81' title="bbox 2239 3695 3766 3768">
    <p class='ocr_par' dir='ltr' id='par_1_81' title="bbox 2239 3695 3766 3768">
     <span class='ocr_line' id='line_1_81' title="bbox 2239 3695 3766 3768; baseline -0.008 -13"><span class='ocrx_word' id='word_1_653' title='bbox 2239 3709 2321 3755; x_wconf 88' lang='lat' dir='ltr'><strong>est</strong></span> <span class='ocrx_word' id='word_1_654' title='bbox 2347 3698 2716 3754; x_wconf 82' lang='lat' dir='ltr'><strong>examinatum</strong></span> <span class='ocrx_word' id='word_1_655' title='bbox 2757 3707 2812 3752; x_wconf 91' lang='lat' dir='ltr'><strong>et</strong></span> <span class='ocrx_word' id='word_1_656' title='bbox 2842 3698 3128 3768; x_wconf 78' lang='lat' dir='ltr'><strong>probatura</strong></span> <span class='ocrx_word' id='word_1_657' title='bbox 3159 3698 3472 3752; x_wconf 87' lang='lat' dir='ltr'><strong>ostendisti.</strong></span> <span class='ocrx_word' id='word_1_658' title='bbox 3512 3695 3576 3750; x_wconf 86' lang='lat' dir='ltr'><strong>Et</strong></span> <span class='ocrx_word' id='word_1_659' title='bbox 3607 3697 3668 3749; x_wconf 83' lang='lat' dir='ltr'><strong>sit:</strong></span> <span class='ocrx_word' id='word_1_660' title='bbox 3690 3709 3766 3745; x_wconf 81' lang='lat' dir='ltr'><strong>nou</strong></span> 
     </span>
    </p>
   </div>
   <div class='ocr_carea' id='block_1_82' title="bbox 2235 3785 3768 3859">
    <p class='ocr_par' dir='ltr' id='par_1_82' title="bbox 2235 3785 3768 3859">
     <span class='ocr_line' id='line_1_82' title="bbox 2235 3785 3768 3859; baseline -0.008 -14"><span class='ocrx_word' id='word_1_661' title='bbox 2235 3801 2311 3845; x_wconf 87' lang='lat' dir='ltr'><strong>est</strong></span> <span class='ocrx_word' id='word_1_662' title='bbox 2344 3791 2550 3844; x_wconf 72' lang='lat' dir='ltr'><strong>inuenta</strong></span> <span class='ocrx_word' id='word_1_663' title='bbox 2575 3791 2629 3843; x_wconf 88' lang='lat' dir='ltr'><strong>in</strong></span> <span class='ocrx_word' id='word_1_664' title='bbox 2655 3806 2734 3842; x_wconf 83' lang='lat' dir='ltr'><strong>me</strong></span> <span class='ocrx_word' id='word_1_665' title='bbox 2763 3790 3036 3859; x_wconf 82' lang='lat' dir='ltr'><strong>iniquitas,</strong></span> <span class='ocrx_word' id='word_1_666' title='bbox 3065 3789 3116 3842; x_wconf 91' lang='lat' dir='ltr'><strong>id</strong></span> <span class='ocrx_word' id='word_1_667' title='bbox 3154 3796 3239 3844; x_wconf 83' lang='lat' dir='ltr'><strong>est</strong></span> <span class='ocrx_word' id='word_1_668' title='bbox 3265 3797 3320 3842; x_wconf 87' lang='lat' dir='ltr'><strong>et</strong></span> <span class='ocrx_word' id='word_1_669' title='bbox 3349 3789 3455 3843; x_wconf 88' lang='lat' dir='ltr'><strong>hac</strong></span> <span class='ocrx_word' id='word_1_670' title='bbox 3483 3785 3657 3858; x_wconf 85' lang='lat' dir='ltr'><strong>duplici</strong></span> <span class='ocrx_word' id='word_1_671' title='bbox 3680 3794 3768 3837; x_wconf 87' lang='lat' dir='ltr'><strong>ten-</strong></span> 
     </span>
    </p>
   </div>
   <div class='ocr_carea' id='block_1_83' title="bbox 2241 3871 3767 3950">
    <p class='ocr_par' dir='ltr' id='par_1_83' title="bbox 2241 3871 3767 3950">
     <span class='ocr_line' id='line_1_83' title="bbox 2241 3871 3767 3950; baseline -0.011 -14"><span class='ocrx_word' id='word_1_672' title='bbox 2241 3883 2446 3936; x_wconf 78' lang='lat' dir='ltr'><strong>tatione</strong></span> <span class='ocrx_word' id='word_1_673' title='bbox 2491 3889 2682 3950; x_wconf 87' lang='lat' dir='ltr'><strong>patere</strong></span> <span class='ocrx_word' id='word_1_674' title='bbox 2725 3879 2928 3944; x_wconf 80' lang='lat' dir='ltr'><strong>facias,</strong></span> <span class='ocrx_word' id='word_1_675' title='bbox 2973 3879 3117 3950; x_wconf 91' lang='lat' dir='ltr'><strong>quod</strong></span> <span class='ocrx_word' id='word_1_676' title='bbox 3168 3879 3312 3932; x_wconf 87' lang='lat' dir='ltr'><strong>nulla</strong></span> <span class='ocrx_word' id='word_1_677' title='bbox 3366 3878 3421 3933; x_wconf 90' lang='lat' dir='ltr'><strong>in</strong></span> <span class='ocrx_word' id='word_1_678' title='bbox 3468 3892 3552 3932; x_wconf 89' lang='lat' dir='ltr'><strong>me</strong></span> <span class='ocrx_word' id='word_1_679' title='bbox 3595 3871 3767 3930; x_wconf 74' lang='lat' dir='ltr'><strong>inveniri</strong></span> 
     </span>
    </p>
   </div>
   <div class='ocr_carea' id='block_1_84' title="bbox 2239 3966 3772 4045">
    <p class='ocr_par' dir='ltr' id='par_1_84' title="bbox 2239 3966 3772 4045">
     <span class='ocr_line' id='line_1_84' title="bbox 2239 3966 3772 4045; baseline -0.011 -16"><span class='ocrx_word' id='word_1_680' title='bbox 2239 3975 2410 4045; x_wconf 79' lang='lat' dir='ltr'><strong>possit</strong></span> <span class='ocrx_word' id='word_1_681' title='bbox 2442 3973 2730 4042; x_wconf 90' lang='lat' dir='ltr'><strong>iniquitas;</strong></span> <span class='ocrx_word' id='word_1_682' title='bbox 2759 3972 2901 4042; x_wconf 92' lang='lat' dir='ltr'><strong>quod</strong></span> <span class='ocrx_word' id='word_1_683' title='bbox 2933 3981 3103 4026; x_wconf 90' lang='lat' dir='ltr'><strong>totum</strong></span> <span class='ocrx_word' id='word_1_684' title='bbox 3127 3979 3213 4025; x_wconf 89' lang='lat' dir='ltr'><strong>est</strong></span> <span class='ocrx_word' id='word_1_685' title='bbox 3237 3984 3302 4025; x_wconf 91' lang='lat' dir='ltr'><strong>ac</strong></span> <span class='ocrx_word' id='word_1_686' title='bbox 3329 3969 3373 4024; x_wconf 92' lang='lat' dir='ltr'><strong>si</strong></span> <span class='ocrx_word' id='word_1_687' title='bbox 3408 3970 3552 4024; x_wconf 87' lang='lat' dir='ltr'><strong>dicat</strong></span> <span class='ocrx_word' id='word_1_688' title='bbox 3576 3981 3590 4021; x_wconf 92' lang='lat'><strong>:</strong></span> <span class='ocrx_word' id='word_1_689' title='bbox 3617 3966 3772 4034; x_wconf 78' lang='lat' dir='ltr'><strong>Dignus</strong></span> 
     </span>
    </p>
   </div>
   <div class='ocr_carea' id='block_1_85' title="bbox 2239 4054 3773 4133">
    <p class='ocr_par' dir='ltr' id='par_1_85' title="bbox 2239 4054 3773 4133">
     <span class='ocr_line' id='line_1_85' title="bbox 2239 4054 3773 4133; baseline -0.011 -15"><span class='ocrx_word' id='word_1_690' title='bbox 2239 4079 2359 4118; x_wconf 89' lang='lat' dir='ltr'><strong>sum</strong></span> <span class='ocrx_word' id='word_1_691' title='bbox 2388 4071 2446 4116; x_wconf 91' lang='lat' dir='ltr'><strong>nt</strong></span> <span class='ocrx_word' id='word_1_692' title='bbox 2471 4063 2647 4117; x_wconf 87' lang='lat' dir='ltr'><strong>oratio</strong></span> <span class='ocrx_word' id='word_1_693' title='bbox 2669 4078 2786 4116; x_wconf 89' lang='lat' dir='ltr'><strong>mea</strong></span> <span class='ocrx_word' id='word_1_694' title='bbox 2818 4055 3179 4133; x_wconf 72' lang='lat' dir='ltr'><strong>percipiatur,</strong></span> <span class='ocrx_word' id='word_1_695' title='bbox 3214 4075 3338 4114; x_wconf 87' lang='lat' dir='ltr'><strong>cum</strong></span> <span class='ocrx_word' id='word_1_696' title='bbox 3375 4059 3520 4114; x_wconf 90' lang='lat' dir='ltr'><strong>nulla</strong></span> <span class='ocrx_word' id='word_1_697' title='bbox 3564 4059 3607 4110; x_wconf 89' lang='lat' dir='ltr'><strong>in</strong></span> <span class='ocrx_word' id='word_1_698' title='bbox 3639 4070 3704 4109; x_wconf 88' lang='lat' dir='ltr'><strong>me</strong></span> <span class='ocrx_word' id='word_1_699' title='bbox 3722 4054 3773 4105; x_wconf 81' lang='lat' dir='ltr'><strong>sit</strong></span> 
     </span>
    </p>
   </div>
   <div class='ocr_carea' id='block_1_86' title="bbox 2242 4149 3771 4226">
    <p class='ocr_par' dir='ltr' id='par_1_86' title="bbox 2242 4149 3771 4226">
     <span class='ocr_line' id='line_1_86' title="bbox 2242 4149 3771 4226; baseline -0.009 -16"><span class='ocrx_word' id='word_1_700' title='bbox 2242 4157 2500 4226; x_wconf 89' lang='lat' dir='ltr'><strong>iniquitas</strong></span> <span class='ocrx_word' id='word_1_701' title='bbox 2530 4172 2543 4210; x_wconf 92' lang='lat'><strong>:</strong></span> <span class='ocrx_word' id='word_1_702' title='bbox 2571 4155 2714 4226; x_wconf 88' lang='lat' dir='ltr'><strong>quod</strong></span> <span class='ocrx_word' id='word_1_703' title='bbox 2745 4169 2842 4224; x_wconf 88' lang='lat' dir='ltr'><strong>per</strong></span> <span class='ocrx_word' id='word_1_704' title='bbox 2869 4155 2971 4209; x_wconf 90' lang='lat' dir='ltr'><strong>hoc</strong></span> <span class='ocrx_word' id='word_1_705' title='bbox 3001 4153 3206 4223; x_wconf 90' lang='lat' dir='ltr'><strong>patuit,</strong></span> <span class='ocrx_word' id='word_1_706' title='bbox 3236 4152 3364 4222; x_wconf 91' lang='lat' dir='ltr'><strong>quia</strong></span> <span class='ocrx_word' id='word_1_707' title='bbox 3395 4167 3425 4206; x_wconf 88' lang='lat' dir='ltr'><strong>a</strong></span> <span class='ocrx_word' id='word_1_708' title='bbox 3458 4149 3652 4206; x_wconf 85' lang='lat' dir='ltr'><strong>diabolo</strong></span> <span class='ocrx_word' id='word_1_709' title='bbox 3683 4157 3771 4198; x_wconf 83' lang='lat' dir='ltr'><strong>ten-</strong></span> 
     </span>
    </p>
   </div>
   <div class='ocr_carea' id='block_1_87' title="bbox 2244 4235 3773 4316">
    <p class='ocr_par' dir='ltr' id='par_1_87' title="bbox 2244 4235 3773 4316">
     <span class='ocr_line' id='line_1_87' title="bbox 2244 4235 3773 4316; baseline -0.01 -14"><span class='ocrx_word' id='word_1_710' title='bbox 2244 4258 2387 4302; x_wconf 90' lang='lat' dir='ltr'><strong>tatus</strong></span> <span class='ocrx_word' id='word_1_711' title='bbox 2419 4261 2521 4301; x_wconf 91' lang='lat' dir='ltr'><strong>non</strong></span> <span class='ocrx_word' id='word_1_712' title='bbox 2562 4246 2700 4301; x_wconf 80' lang='lat' dir='ltr'><strong>cessi</strong></span> <span class='ocrx_word' id='word_1_713' title='bbox 2734 4263 2748 4299; x_wconf 90' lang='lat'><strong>:</strong></span> <span class='ocrx_word' id='word_1_714' title='bbox 2791 4251 2847 4298; x_wconf 92' lang='lat' dir='ltr'><strong>ct</strong></span> <span class='ocrx_word' id='word_1_715' title='bbox 2880 4259 2976 4316; x_wconf 88' lang='lat' dir='ltr'><strong>per</strong></span> <span class='ocrx_word' id='word_1_716' title='bbox 3003 4245 3108 4299; x_wconf 90' lang='lat' dir='ltr'><strong>hoc</strong></span> <span class='ocrx_word' id='word_1_717' title='bbox 3157 4243 3333 4314; x_wconf 81' lang='lat' dir='ltr'><strong>magis</strong></span> <span class='ocrx_word' id='word_1_718' title='bbox 3377 4240 3638 4312; x_wconf 84' lang='lat' dir='ltr'><strong>apparebit</strong></span> <span class='ocrx_word' id='word_1_719' title='bbox 3665 4235 3773 4304; x_wconf 72' lang='lat' dir='ltr'><strong>quod</strong></span> 
     </span>
    </p>
   </div>
   <div class='ocr_carea' id='block_1_88' title="bbox 2244 4329 3774 4412">
    <p class='ocr_par' dir='ltr' id='par_1_88' title="bbox 2244 4329 3774 4412">
     <span class='ocr_line' id='line_1_88' title="bbox 2244 4329 3774 4412; baseline -0.012 -17"><span class='ocrx_word' id='word_1_720' title='bbox 2244 4342 2295 4396; x_wconf 91' lang='lat' dir='ltr'><strong>in</strong></span> <span class='ocrx_word' id='word_1_721' title='bbox 2323 4342 2444 4412; x_wconf 84' lang='lat' dir='ltr'><strong>igne</strong></span> <span class='ocrx_word' id='word_1_722' title='bbox 2469 4338 2834 4393; x_wconf 88' lang='lat' dir='ltr'><strong>tribulationis</strong></span> <span class='ocrx_word' id='word_1_723' title='bbox 2860 4351 2965 4390; x_wconf 89' lang='lat' dir='ltr'><strong>non</strong></span> <span class='ocrx_word' id='word_1_724' title='bbox 2993 4335 3264 4390; x_wconf 88' lang='lat' dir='ltr'><strong>deliciam.</strong></span> <span class='ocrx_word' id='word_1_725' title='bbox 3306 4334 3370 4388; x_wconf 88' lang='lat' dir='ltr'><strong>Et</strong></span> <span class='ocrx_word' id='word_1_726' title='bbox 3397 4335 3528 4394; x_wconf 92' lang='lat' dir='ltr'><strong>hoc,</strong></span> <span class='ocrx_word' id='word_1_727' title='bbox 3551 4329 3669 4400; x_wconf 84' lang='lat' dir='ltr'><strong>quod</strong></span> <span class='ocrx_word' id='word_1_728' title='bbox 3690 4340 3774 4378; x_wconf 76' lang='lat' dir='ltr'><strong>nun</strong></span> 
     </span>
    </p>
   </div>
   <div class='ocr_carea' id='block_1_89' title="bbox 2245 4424 3775 4497">
    <p class='ocr_par' dir='ltr' id='par_1_89' title="bbox 2245 4424 3775 4497">
     <span class='ocr_line' id='line_1_89' title="bbox 2245 4424 3775 4497; baseline -0.012 -13"><span class='ocrx_word' id='word_1_729' title='bbox 2245 4439 2328 4485; x_wconf 85' lang='lat' dir='ltr'><strong>est</strong></span> <span class='ocrx_word' id='word_1_730' title='bbox 2358 4432 2410 4484; x_wconf 91' lang='lat' dir='ltr'><strong>in</strong></span> <span class='ocrx_word' id='word_1_731' title='bbox 2462 4441 2548 4483; x_wconf 89' lang='lat' dir='ltr'><strong>me</strong></span> <span class='ocrx_word' id='word_1_732' title='bbox 2594 4428 2881 4497; x_wconf 88' lang='lat' dir='ltr'><strong>iniquitas.</strong></span> <span class='ocrx_word' id='word_1_733' title='bbox 2932 4426 3012 4481; x_wconf 89' lang='lat' dir='ltr'><strong>sic</strong></span> <span class='ocrx_word' id='word_1_734' title='bbox 3056 4424 3406 4479; x_wconf 79' lang='lat' dir='ltr'><strong>manifestum</strong></span> <span class='ocrx_word' id='word_1_735' title='bbox 3449 4424 3548 4476; x_wconf 89' lang='lat' dir='ltr'><strong>erit</strong></span> <span class='ocrx_word' id='word_1_736' title='bbox 3582 4440 3592 4473; x_wconf 89' lang='lat'><strong>:</strong></span> <span class='ocrx_word' id='word_1_737' title='bbox 3624 4429 3775 4471; x_wconf 79' lang='lat' dir='ltr'><strong>utnon</strong></span> 
     </span>
    </p>
   </div>
   <div class='ocr_carea' id='block_1_90' title="bbox 558 4511 3775 4598">
    <p class='ocr_par' dir='ltr' id='par_1_90' title="bbox 558 4511 3775 4598">
     <span class='ocr_line' id='line_1_90' title="bbox 558 4511 3775 4598; baseline -0.008 -14"><span class='ocrx_word' id='word_1_738' title='bbox 558 4531 670 4598; x_wconf 83' lang='lat' dir='ltr'><strong>ipse</strong></span> <span class='ocrx_word' id='word_1_739' title='bbox 726 4531 919 4598; x_wconf 89' lang='lat' dir='ltr'><strong>suique</strong></span> <span class='ocrx_word' id='word_1_740' title='bbox 994 4529 1141 4598; x_wconf 81' lang='lat' dir='ltr'><strong>digni</strong></span> <span class='ocrx_word' id='word_1_741' title='bbox 1194 4529 1300 4581; x_wconf 90' lang='lat' dir='ltr'><strong>sint</strong></span> <span class='ocrx_word' id='word_1_742' title='bbox 1365 4526 1826 4580; x_wconf 83' lang='lat' dir='ltr'><strong>remuneratione.</strong></span> <span class='ocrx_word' id='word_1_743' title='bbox 1899 4523 1966 4576; x_wconf 88' lang='lat' dir='ltr'><strong>Et</strong></span> <span class='ocrx_word' id='word_1_744' title='bbox 2014 4521 2140 4590; x_wconf 86' lang='lat' dir='ltr'><strong>quia</strong></span> <span class='ocrx_word' id='word_1_745' title='bbox 2174 4535 2218 4591; x_wconf 81' lang='grc' dir='ltr'>ι)</span> <span class='ocrx_word' id='word_1_746' title='bbox 2245 4521 2492 4590; x_wconf 84' lang='lat' dir='ltr'><strong>loquatur</strong></span> <span class='ocrx_word' id='word_1_747' title='bbox 2527 4536 2585 4572; x_wconf 85' lang='lat' dir='ltr'><strong>os</strong></span> <span class='ocrx_word' id='word_1_748' title='bbox 2626 4535 2826 4581; x_wconf 87' lang='lat' dir='ltr'><strong>meum,</strong></span> <span class='ocrx_word' id='word_1_749' title='bbox 2872 4517 2923 4570; x_wconf 90' lang='lat' dir='ltr'><strong>id</strong></span> <span class='ocrx_word' id='word_1_750' title='bbox 2974 4523 3162 4571; x_wconf 85' lang='lat' dir='ltr'><strong>est-ut</strong></span> <span class='ocrx_word' id='word_1_751' title='bbox 3206 4531 3315 4569; x_wconf 92' lang='lat' dir='ltr'><strong>non</strong></span> <span class='ocrx_word' id='word_1_752' title='bbox 3360 4528 3576 4569; x_wconf 85' lang='lat' dir='ltr'><strong>necesse</strong></span> <span class='ocrx_word' id='word_1_753' title='bbox 3609 4511 3775 4565; x_wconf 74' lang='lat' dir='ltr'><strong>sithoc</strong></span> 
     </span>
    </p>
   </div>
   <div class='ocr_carea' id='block_1_91' title="bbox 556 4613 2136 4690">
    <p class='ocr_par' dir='ltr' id='par_1_91' title="bbox 556 4613 2136 4690">
     <span class='ocr_line' id='line_1_91' title="bbox 556 4613 2136 4690; baseline -0.006 -15"><span class='ocrx_word' id='word_1_754' title='bbox 556 4624 724 4675; x_wconf 78' lang='lat' dir='ltr'><strong>etiam</strong></span> <span class='ocrx_word' id='word_1_755' title='bbox 749 4622 951 4676; x_wconf 86' lang='lat' dir='ltr'><strong>inimici</strong></span> <span class='ocrx_word' id='word_1_756' title='bbox 983 4621 1128 4690; x_wconf 81' lang='lat' dir='ltr'><strong>digni</strong></span> <span class='ocrx_word' id='word_1_757' title='bbox 1154 4619 1262 4675; x_wconf 91' lang='lat' dir='ltr'><strong>sint</strong></span> <span class='ocrx_word' id='word_1_758' title='bbox 1287 4619 1612 4688; x_wconf 86' lang='lat' dir='ltr'><strong>perditione.</strong></span> <span class='ocrx_word' id='word_1_759' title='bbox 1646 4617 1710 4670; x_wconf 82' lang='grc' dir='ltr'>Ει</span> <span class='ocrx_word' id='word_1_760' title='bbox 1735 4618 1836 4670; x_wconf 92' lang='lat' dir='ltr'><strong>hoc</strong></span> <span class='ocrx_word' id='word_1_761' title='bbox 1866 4615 1944 4669; x_wconf 90' lang='lat' dir='ltr'><strong>sic</strong></span> <span class='ocrx_word' id='word_1_762' title='bbox 1966 4613 2093 4668; x_wconf 83' lang='lat' dir='ltr'><strong>dicit</strong></span> <span class='ocrx_word' id='word_1_763' title='bbox 2124 4631 2136 4665; x_wconf 92' lang='lat'><strong>:</strong></span> 
     </span>
    </p>
   </div>
   <div class='ocr_carea' id='block_1_92' title="bbox 635 4702 2139 4782">
    <p class='ocr_par' dir='ltr' id='par_1_92' title="bbox 635 4702 2139 4782">
     <span class='ocr_line' id='line_1_92' title="bbox 635 4702 2139 4782; baseline -0.007 -16"><span class='ocrx_word' id='word_1_764' title='bbox 635 4713 870 4776; x_wconf 75' lang='lat' dir='ltr'><strong>Exaudi,</strong></span> <span class='ocrx_word' id='word_1_765' title='bbox 905 4713 1148 4777; x_wconf 85' lang='lat' dir='ltr'><strong>Domine,</strong></span> <span class='ocrx_word' id='word_1_766' title='bbox 1186 4712 1456 4782; x_wconf 79' lang='lat' dir='ltr'><strong>justitiam</strong></span> <span class='ocrx_word' id='word_1_767' title='bbox 1486 4725 1682 4771; x_wconf 84' lang='lat' dir='ltr'><strong>meum,</strong></span> <span class='ocrx_word' id='word_1_768' title='bbox 1721 4708 1771 4760; x_wconf 91' lang='lat' dir='ltr'><strong>id</strong></span> <span class='ocrx_word' id='word_1_769' title='bbox 1813 4714 1914 4771; x_wconf 90' lang='lat' dir='ltr'><strong>est,</strong></span> <span class='ocrx_word' id='word_1_770' title='bbox 1947 4702 2139 4760; x_wconf 82' lang='lat' dir='ltr'><strong>exaudi</strong></span> 
     </span>
    </p>
   </div>
   <div class='ocr_carea' id='block_1_93' title="bbox 562 4793 2144 4871">
    <p class='ocr_par' dir='ltr' id='par_1_93' title="bbox 562 4793 2144 4871">
     <span class='ocr_line' id='line_1_93' title="bbox 562 4793 2144 4871; baseline -0.008 -13"><span class='ocrx_word' id='word_1_771' title='bbox 562 4819 647 4858; x_wconf 87' lang='lat' dir='ltr'><strong>me</strong></span> <span class='ocrx_word' id='word_1_772' title='bbox 685 4805 980 4859; x_wconf 86' lang='lat' dir='ltr'><strong>secundum</strong></span> <span class='ocrx_word' id='word_1_773' title='bbox 1033 4803 1174 4871; x_wconf 89' lang='lat' dir='ltr'><strong>quod</strong></span> <span class='ocrx_word' id='word_1_774' title='bbox 1229 4807 1572 4870; x_wconf 84' lang='lat' dir='ltr'><strong>promeretur</strong></span> <span class='ocrx_word' id='word_1_775' title='bbox 1619 4795 1831 4864; x_wconf 81' lang='lat' dir='ltr'><strong>justitia</strong></span> <span class='ocrx_word' id='word_1_776' title='bbox 1883 4810 2020 4849; x_wconf 87' lang='lat' dir='ltr'><strong>mea.</strong></span> <span class='ocrx_word' id='word_1_777' title='bbox 2078 4793 2144 4847; x_wconf 75' lang='lat' dir='ltr'><strong>Et</strong></span> 
     </span>
    </p>
   </div>
   <div class='ocr_carea' id='block_1_94' title="bbox 560 4889 2144 4960">
    <p class='ocr_par' dir='ltr' id='par_1_94' title="bbox 560 4889 2144 4960">
     <span class='ocr_line' id='line_1_94' title="bbox 560 4889 2144 4960; baseline -0.008 -6"><span class='ocrx_word' id='word_1_778' title='bbox 560 4899 799 4954; x_wconf 79' lang='lat' dir='ltr'><strong>ostendit</strong></span> <span class='ocrx_word' id='word_1_779' title='bbox 832 4899 974 4952; x_wconf 91' lang='lat' dir='ltr'><strong>unde</strong></span> <span class='ocrx_word' id='word_1_780' title='bbox 1003 4896 1291 4960; x_wconf 78' lang='lat' dir='ltr'><strong>exaudiat;</strong></span> <span class='ocrx_word' id='word_1_781' title='bbox 1333 4893 1454 4948; x_wconf 89' lang='lat' dir='ltr'><strong>inde</strong></span> <span class='ocrx_word' id='word_1_782' title='bbox 1486 4892 1696 4946; x_wconf 87' lang='lat' dir='ltr'><strong>scilicet</strong></span> <span class='ocrx_word' id='word_1_783' title='bbox 1734 4908 1747 4944; x_wconf 90' lang='lat'><strong>:</strong></span> <span class='ocrx_word' id='word_1_784' title='bbox 1797 4890 2046 4954; x_wconf 81' lang='lat' dir='ltr'><strong>Intende,</strong></span> <span class='ocrx_word' id='word_1_785' title='bbox 2093 4889 2144 4942; x_wconf 91' lang='lat' dir='ltr'><strong>id</strong></span> 
     </span>
    </p>
   </div>
   <div class='ocr_carea' id='block_1_95' title="bbox 559 4981 2141 5052">
    <p class='ocr_par' dir='ltr' id='par_1_95' title="bbox 559 4981 2141 5052">
     <span class='ocr_line' id='line_1_95' title="bbox 559 4981 2141 5052; baseline -0.008 -7"><span class='ocrx_word' id='word_1_786' title='bbox 559 5003 664 5052; x_wconf 76' lang='lat' dir='ltr'><strong>est,</strong></span> <span class='ocrx_word' id='word_1_787' title='bbox 687 5000 891 5045; x_wconf 82' lang='lat' dir='ltr'><strong>rectam</strong></span> <span class='ocrx_word' id='word_1_788' title='bbox 920 4999 973 5043; x_wconf 93' lang='lat' dir='ltr'><strong>et</strong></span> <span class='ocrx_word' id='word_1_789' title='bbox 1003 4990 1268 5043; x_wconf 85' lang='lat' dir='ltr'><strong>intensam</strong></span> <span class='ocrx_word' id='word_1_790' title='bbox 1296 4986 1379 5039; x_wconf 81' lang='lat' dir='ltr'><strong>l&#39;ac</strong></span> <span class='ocrx_word' id='word_1_791' title='bbox 1413 4983 1828 5051; x_wconf 70' lang='lat' dir='ltr'><strong>deprecationem</strong></span> <span class='ocrx_word' id='word_1_792' title='bbox 1863 4997 2054 5042; x_wconf 78' lang='lat' dir='ltr'><strong>nteant,</strong></span> <span class='ocrx_word' id='word_1_793' title='bbox 2089 4981 2141 5034; x_wconf 88' lang='lat' dir='ltr'><strong>id</strong></span> 
     </span>
    </p>
   </div>
   <div class='ocr_carea' id='block_1_96' title="bbox 561 5073 2148 5144">
    <p class='ocr_par' dir='ltr' id='par_1_96' title="bbox 561 5073 2148 5144">
     <span class='ocr_line' id='line_1_96' title="bbox 561 5073 2148 5144; baseline -0.009 -8"><span class='ocrx_word' id='word_1_794' title='bbox 561 5094 644 5136; x_wconf 86' lang='lat' dir='ltr'><strong>est</strong></span> <span class='ocrx_word' id='word_1_795' title='bbox 681 5083 766 5135; x_wconf 76' lang='lat' dir='ltr'><strong>l’ac</strong></span> <span class='ocrx_word' id='word_1_796' title='bbox 797 5095 884 5134; x_wconf 88' lang='lat' dir='ltr'><strong>me</strong></span> <span class='ocrx_word' id='word_1_797' title='bbox 927 5080 1138 5133; x_wconf 89' lang='lat' dir='ltr'><strong>intcuse</strong></span> <span class='ocrx_word' id='word_1_798' title='bbox 1187 5087 1236 5131; x_wconf 88' lang='lat' dir='ltr'><strong>te</strong></span> <span class='ocrx_word' id='word_1_799' title='bbox 1271 5075 1571 5144; x_wconf 68' lang='lat' dir='ltr'><strong>deprecari.</strong></span> <span class='ocrx_word' id='word_1_800' title='bbox 1614 5073 1680 5125; x_wconf 84' lang='lat' dir='ltr'><strong>Et</strong></span> <span class='ocrx_word' id='word_1_801' title='bbox 1715 5073 1794 5125; x_wconf 87' lang='lat' dir='ltr'><strong>sic</strong></span> <span class='ocrx_word' id='word_1_802' title='bbox 1838 5079 2020 5140; x_wconf 88' lang='lat' dir='ltr'><strong>postea</strong></span> <span class='ocrx_word' id='word_1_803' title='bbox 2051 5087 2148 5123; x_wconf 87' lang='lat' dir='ltr'><strong>au-</strong></span> 
     </span>
    </p>
   </div>
   <div class='ocr_carea' id='block_1_97' title="bbox 563 5161 2148 5240">
    <p class='ocr_par' dir='ltr' id='par_1_97' title="bbox 563 5161 2148 5240">
     <span class='ocr_line' id='line_1_97' title="bbox 563 5161 2148 5240; baseline -0.009 -15"><span class='ocrx_word' id='word_1_804' title='bbox 563 5175 706 5225; x_wconf 81' lang='lat' dir='ltr'><strong>ribus</strong></span> <span class='ocrx_word' id='word_1_805' title='bbox 755 5170 996 5240; x_wconf 80' lang='lat' dir='ltr'><strong>pcrripc,</strong></span> <span class='ocrx_word' id='word_1_806' title='bbox 1045 5167 1096 5220; x_wconf 87' lang='lat' dir='ltr'><strong>id</strong></span> <span class='ocrx_word' id='word_1_807' title='bbox 1141 5165 1399 5220; x_wconf 87' lang='lat' dir='ltr'><strong>estaudi.</strong></span> <span class='ocrx_word' id='word_1_808' title='bbox 1455 5163 1536 5216; x_wconf 86' lang='lat' dir='ltr'><strong>Ad</strong></span> <span class='ocrx_word' id='word_1_809' title='bbox 1587 5163 1878 5216; x_wconf 86' lang='lat' dir='ltr'><strong>humanum</strong></span> <span class='ocrx_word' id='word_1_810' title='bbox 1931 5161 2148 5214; x_wconf 87' lang='lat' dir='ltr'><strong>modum</strong></span> 
     </span>
    </p>
   </div>
   <div class='ocr_carea' id='block_1_98' title="bbox 562 5251 2148 5329">
    <p class='ocr_par' dir='ltr' id='par_1_98' title="bbox 562 5251 2148 5329">
     <span class='ocr_line' id='line_1_98' title="bbox 562 5251 2148 5329; baseline -0.009 -14"><span class='ocrx_word' id='word_1_811' title='bbox 562 5265 713 5320; x_wconf 87' lang='lat' dir='ltr'><strong>dicit.</strong></span> <span class='ocrx_word' id='word_1_812' title='bbox 747 5261 838 5317; x_wconf 91' lang='lat' dir='ltr'><strong>Vel</strong></span> <span class='ocrx_word' id='word_1_813' title='bbox 883 5275 979 5329; x_wconf 87' lang='lat' dir='ltr'><strong>per</strong></span> <span class='ocrx_word' id='word_1_814' title='bbox 1014 5273 1173 5310; x_wconf 84' lang='lat' dir='ltr'><strong>aures</strong></span> <span class='ocrx_word' id='word_1_815' title='bbox 1215 5255 1530 5324; x_wconf 82' lang='lat' dir='ltr'><strong>designatur</strong></span> <span class='ocrx_word' id='word_1_816' title='bbox 1564 5251 1683 5320; x_wconf 81' lang='lat' dir='ltr'><strong>eius</strong></span> <span class='ocrx_word' id='word_1_817' title='bbox 1717 5251 1954 5321; x_wconf 88' lang='lat' dir='ltr'><strong>potentia</strong></span> <span class='ocrx_word' id='word_1_818' title='bbox 1983 5265 1998 5303; x_wconf 93' lang='lat'><strong>:</strong></span> <span class='ocrx_word' id='word_1_819' title='bbox 2028 5265 2148 5304; x_wconf 91' lang='lat' dir='ltr'><strong>cum</strong></span> 
     </span>
    </p>
   </div>
   <div class='ocr_carea' id='block_1_99' title="bbox 562 5341 2153 5426">
    <p class='ocr_par' dir='ltr' id='par_1_99' title="bbox 562 5341 2153 5426">
     <span class='ocr_line' id='line_1_99' title="bbox 562 5341 2153 5426; baseline -0.007 -20"><span class='ocrx_word' id='word_1_820' title='bbox 562 5354 858 5426; x_wconf 83' lang='lat' dir='ltr'><strong>potentiam</strong></span> <span class='ocrx_word' id='word_1_821' title='bbox 889 5349 1140 5404; x_wconf 84' lang='lat' dir='ltr'><strong>audiendi</strong></span> <span class='ocrx_word' id='word_1_822' title='bbox 1180 5347 1419 5400; x_wconf 87' lang='lat' dir='ltr'><strong>habeant</strong></span> <span class='ocrx_word' id='word_1_823' title='bbox 1450 5359 1630 5399; x_wconf 89' lang='lat' dir='ltr'><strong>aures.</strong></span> <span class='ocrx_word' id='word_1_824' title='bbox 1680 5342 1985 5396; x_wconf 84' lang='lat' dir='ltr'><strong>Orationem</strong></span> <span class='ocrx_word' id='word_1_825' title='bbox 2033 5341 2153 5395; x_wconf 88' lang='lat' dir='ltr'><strong>dico</strong></span> 
     </span>
    </p>
   </div>
   <div class='ocr_carea' id='block_1_100' title="bbox 564 5433 2155 5510">
    <p class='ocr_par' dir='ltr' id='par_1_100' title="bbox 564 5433 2155 5510">
     <span class='ocr_line' id='line_1_100' title="bbox 564 5433 2155 5510; baseline -0.009 -10"><span class='ocrx_word' id='word_1_826' title='bbox 564 5463 755 5510; x_wconf 86' lang='lat' dir='ltr'><strong>meam,</strong></span> <span class='ocrx_word' id='word_1_827' title='bbox 781 5461 884 5497; x_wconf 87' lang='lat' dir='ltr'><strong>non</strong></span> <span class='ocrx_word' id='word_1_828' title='bbox 907 5443 961 5493; x_wconf 83' lang='lat' dir='ltr'><strong>in</strong></span> <span class='ocrx_word' id='word_1_829' title='bbox 984 5439 1138 5490; x_wconf 86' lang='lat' dir='ltr'><strong>labiis</strong></span> <span class='ocrx_word' id='word_1_830' title='bbox 1169 5437 1362 5490; x_wconf 85' lang='lat' dir='ltr'><strong>dolosis</strong></span> <span class='ocrx_word' id='word_1_831' title='bbox 1389 5435 1584 5490; x_wconf 78' lang='lat' dir='ltr'><strong>factam</strong></span> <span class='ocrx_word' id='word_1_832' title='bbox 1616 5453 1628 5487; x_wconf 92' lang='lat'><strong>:</strong></span> <span class='ocrx_word' id='word_1_833' title='bbox 1660 5448 1819 5489; x_wconf 85' lang='lat' dir='ltr'><strong>orare</strong></span> <span class='ocrx_word' id='word_1_834' title='bbox 1847 5447 1977 5488; x_wconf 82' lang='lat' dir='ltr'><strong>vero</strong></span> <span class='ocrx_word' id='word_1_835' title='bbox 1998 5433 2155 5486; x_wconf 86' lang='lat' dir='ltr'><strong>labiis</strong></span> 
     </span>
    </p>
   </div>
   <div class='ocr_carea' id='block_1_101' title="bbox 565 5524 2156 5600">
    <p class='ocr_par' dir='ltr' id='par_1_101' title="bbox 565 5524 2156 5600">
     <span class='ocr_line' id='line_1_101' title="bbox 565 5524 2156 5600; baseline -0.008 -12"><span class='ocrx_word' id='word_1_836' title='bbox 565 5539 822 5600; x_wconf 80' lang='lat' dir='ltr'><strong>dicimus,</strong></span> <span class='ocrx_word' id='word_1_837' title='bbox 853 5546 976 5587; x_wconf 91' lang='lat' dir='ltr'><strong>cum</strong></span> <span class='ocrx_word' id='word_1_838' title='bbox 1005 5528 1285 5583; x_wconf 84' lang='lat' dir='ltr'><strong>orantibus</strong></span> <span class='ocrx_word' id='word_1_839' title='bbox 1308 5528 1484 5592; x_wconf 88' lang='lat' dir='ltr'><strong>labiis,</strong></span> <span class='ocrx_word' id='word_1_840' title='bbox 1514 5527 1697 5582; x_wconf 88' lang='lat' dir='ltr'><strong>cordis</strong></span> <span class='ocrx_word' id='word_1_841' title='bbox 1719 5524 1976 5596; x_wconf 81' lang='lat' dir='ltr'><strong>cogitatio</strong></span> <span class='ocrx_word' id='word_1_842' title='bbox 1997 5539 2156 5594; x_wconf 77' lang='lat' dir='ltr'><strong>vaga-</strong></span> 
     </span>
    </p>
   </div>
   <div class='ocr_carea' id='block_1_102' title="bbox 569 5617 2153 5688">
    <p class='ocr_par' dir='ltr' id='par_1_102' title="bbox 569 5617 2153 5688">
     <span class='ocr_line' id='line_1_102' title="bbox 569 5617 2153 5688; baseline -0.009 -6"><span class='ocrx_word' id='word_1_843' title='bbox 569 5639 675 5682; x_wconf 90' lang='lat' dir='ltr'><strong>tur.</strong></span> <span class='ocrx_word' id='word_1_844' title='bbox 711 5626 809 5682; x_wconf 71' lang='grc' dir='ltr'><strong>νει</strong></span> <span class='ocrx_word' id='word_1_845' title='bbox 854 5623 1069 5678; x_wconf 82' lang='lat' dir='ltr'><strong>diversa</strong></span> <span class='ocrx_word' id='word_1_846' title='bbox 1105 5634 1224 5673; x_wconf 88' lang='lat' dir='ltr'><strong>esse</strong></span> <span class='ocrx_word' id='word_1_847' title='bbox 1256 5629 1476 5686; x_wconf 89' lang='lat' dir='ltr'><strong>possunt</strong></span> <span class='ocrx_word' id='word_1_848' title='bbox 1504 5617 1815 5688; x_wconf 88' lang='lat' dir='ltr'><strong>deprecatio</strong></span> <span class='ocrx_word' id='word_1_849' title='bbox 1845 5624 1901 5671; x_wconf 91' lang='lat' dir='ltr'><strong>et</strong></span> <span class='ocrx_word' id='word_1_850' title='bbox 1926 5617 2104 5669; x_wconf 91' lang='lat' dir='ltr'><strong>oratio</strong></span> <span class='ocrx_word' id='word_1_851' title='bbox 2141 5633 2153 5668; x_wconf 91' lang='lat'><strong>:</strong></span> 
     </span>
    </p>
   </div>
   <div class='ocr_carea' id='block_1_103' title="bbox 570 5705 2159 5786">
    <p class='ocr_par' dir='ltr' id='par_1_103' title="bbox 570 5705 2159 5786">
     <span class='ocr_line' id='line_1_103' title="bbox 570 5705 2159 5786; baseline -0.008 -15"><span class='ocrx_word' id='word_1_852' title='bbox 570 5713 899 5786; x_wconf 80' lang='lat' dir='ltr'><strong>Deprecatio</strong></span> <span class='ocrx_word' id='word_1_853' title='bbox 921 5707 1131 5761; x_wconf 88' lang='lat' dir='ltr'><strong>scilicet</strong></span> <span class='ocrx_word' id='word_1_854' title='bbox 1155 5717 1237 5760; x_wconf 91' lang='lat' dir='ltr'><strong>est</strong></span> <span class='ocrx_word' id='word_1_855' title='bbox 1265 5723 1361 5775; x_wconf 87' lang='lat' dir='ltr'><strong>pro</strong></span> <span class='ocrx_word' id='word_1_856' title='bbox 1397 5709 1676 5772; x_wconf 87' lang='lat' dir='ltr'><strong>membris,</strong></span> <span class='ocrx_word' id='word_1_857' title='bbox 1708 5709 1760 5763; x_wconf 90' lang='lat' dir='ltr'><strong>id</strong></span> <span class='ocrx_word' id='word_1_858' title='bbox 1794 5715 1879 5761; x_wconf 88' lang='lat' dir='ltr'><strong>est</strong></span> <span class='ocrx_word' id='word_1_859' title='bbox 1913 5705 2159 5775; x_wconf 89' lang='lat' dir='ltr'><strong>precatio</strong></span> 
     </span>
    </p>
   </div>
   <div class='ocr_carea' id='block_1_104' title="bbox 569 5794 2154 5865">
    <p class='ocr_par' dir='ltr' id='par_1_104' title="bbox 569 5794 2154 5865">
     <span class='ocr_line' id='line_1_104' title="bbox 569 5794 2154 5865; baseline -0.011 -1"><span class='ocrx_word' id='word_1_860' title='bbox 569 5810 638 5862; x_wconf 85' lang='lat' dir='ltr'><strong>de</strong></span> <span class='ocrx_word' id='word_1_861' title='bbox 669 5802 974 5862; x_wconf 84' lang='lat' dir='ltr'><strong>remotione</strong></span> <span class='ocrx_word' id='word_1_862' title='bbox 995 5798 1270 5862; x_wconf 87' lang='lat' dir='ltr'><strong>vitiorum,</strong></span> <span class='ocrx_word' id='word_1_863' title='bbox 1307 5813 1426 5852; x_wconf 92' lang='lat' dir='ltr'><strong>cum</strong></span> <span class='ocrx_word' id='word_1_864' title='bbox 1460 5798 1589 5853; x_wconf 88' lang='lat' dir='ltr'><strong>dicit</strong></span> <span class='ocrx_word' id='word_1_865' title='bbox 1621 5815 1634 5852; x_wconf 91' lang='lat'><strong>:</strong></span> <span class='ocrx_word' id='word_1_866' title='bbox 1679 5797 1910 5865; x_wconf 80' lang='lat' dir='ltr'><strong>Miriﬁca</strong></span> <span class='ocrx_word' id='word_1_867' title='bbox 1948 5794 2154 5849; x_wconf 86' lang='lat' dir='ltr'><strong>miseri-</strong></span> 
     </span>
    </p>
   </div>
   <div class='ocr_carea' id='block_1_105' title="bbox 2245 4603 3779 4678">
    <p class='ocr_par' dir='ltr' id='par_1_105' title="bbox 2245 4603 3779 4678">
     <span class='ocr_line' id='line_1_105' title="bbox 2245 4603 3779 4678; baseline -0.005 -15"><span class='ocrx_word' id='word_1_868' title='bbox 2245 4611 2426 4664; x_wconf 84' lang='lat' dir='ltr'><strong>dicere</strong></span> <span class='ocrx_word' id='word_1_869' title='bbox 2452 4625 2513 4663; x_wconf 91' lang='lat' dir='ltr'><strong>os</strong></span> <span class='ocrx_word' id='word_1_870' title='bbox 2540 4625 2741 4664; x_wconf 88' lang='lat' dir='ltr'><strong>meum.</strong></span> <span class='ocrx_word' id='word_1_871' title='bbox 2791 4607 3206 4678; x_wconf 85' lang='lat' dir='ltr'><strong>Apertissimnm</strong></span> <span class='ocrx_word' id='word_1_872' title='bbox 3237 4607 3385 4660; x_wconf 88' lang='lat' dir='ltr'><strong>enim</strong></span> <span class='ocrx_word' id='word_1_873' title='bbox 3433 4606 3557 4660; x_wconf 91' lang='lat' dir='ltr'><strong>erit.</strong></span> <span class='ocrx_word' id='word_1_874' title='bbox 3599 4603 3648 4656; x_wconf 85' lang='lat' dir='ltr'><strong>Et</strong></span> <span class='ocrx_word' id='word_1_875' title='bbox 3679 4610 3779 4650; x_wconf 72' lang='grc' dir='ltr'>ιϊῐῡ</span> 
     </span>
    </p>
   </div>
   <div class='ocr_carea' id='block_1_106' title="bbox 2246 4691 3778 4766">
    <p class='ocr_par' dir='ltr' id='par_1_106' title="bbox 2246 4691 3778 4766">
     <span class='ocr_line' id='line_1_106' title="bbox 2246 4691 3778 4766; baseline -0.012 -12"><span class='ocrx_word' id='word_1_876' title='bbox 2246 4717 2351 4754; x_wconf 89' lang='lat' dir='ltr'><strong>non</strong></span> <span class='ocrx_word' id='word_1_877' title='bbox 2384 4711 2468 4755; x_wconf 87' lang='lat' dir='ltr'><strong>est</strong></span> <span class='ocrx_word' id='word_1_878' title='bbox 2492 4700 2710 4754; x_wconf 87' lang='lat' dir='ltr'><strong>inventa</strong></span> <span class='ocrx_word' id='word_1_879' title='bbox 2745 4698 2796 4752; x_wconf 91' lang='lat' dir='ltr'><strong>in</strong></span> <span class='ocrx_word' id='word_1_880' title='bbox 2833 4712 2917 4752; x_wconf 86' lang='lat' dir='ltr'><strong>nte.</strong></span> <span class='ocrx_word' id='word_1_881' title='bbox 2942 4696 3242 4766; x_wconf 86' lang='lat' dir='ltr'><strong>iniquitas:</strong></span> <span class='ocrx_word' id='word_1_882' title='bbox 3273 4711 3398 4748; x_wconf 86' lang='lat' dir='ltr'><strong>nam</strong></span> <span class='ocrx_word' id='word_1_883' title='bbox 3424 4712 3516 4765; x_wconf 82' lang='lat' dir='ltr'><strong>ego</strong></span> <span class='ocrx_word' id='word_1_884' title='bbox 3543 4691 3778 4746; x_wconf 72' lang='lat' dir='ltr'><strong>custodiri,</strong></span> 
     </span>
    </p>
   </div>
   <div class='ocr_carea' id='block_1_107' title="bbox 2249 4780 3780 4860">
    <p class='ocr_par' dir='ltr' id='par_1_107' title="bbox 2249 4780 3780 4860">
     <span class='ocr_line' id='line_1_107' title="bbox 2249 4780 3780 4860; baseline -0.008 -15"><span class='ocrx_word' id='word_1_885' title='bbox 2249 4808 2352 4846; x_wconf 90' lang='lat' dir='ltr'><strong>non</strong></span> <span class='ocrx_word' id='word_1_886' title='bbox 2389 4791 2572 4860; x_wconf 71' lang='lat' dir='ltr'><strong>reieci,</strong></span> <span class='ocrx_word' id='word_1_887' title='bbox 2599 4792 2711 4844; x_wconf 75' lang='lat' dir='ltr'><strong>eius</strong></span> <span class='ocrx_word' id='word_1_888' title='bbox 2737 4791 2920 4851; x_wconf 82' lang='lat' dir='ltr'><strong>duras,</strong></span> <span class='ocrx_word' id='word_1_889' title='bbox 2952 4790 3002 4842; x_wconf 92' lang='lat' dir='ltr'><strong>id</strong></span> <span class='ocrx_word' id='word_1_890' title='bbox 3024 4799 3105 4843; x_wconf 88' lang='lat' dir='ltr'><strong>est</strong></span> <span class='ocrx_word' id='word_1_891' title='bbox 3125 4804 3280 4856; x_wconf 82' lang='lat' dir='ltr'><strong>opera</strong></span> <span class='ocrx_word' id='word_1_892' title='bbox 3305 4788 3591 4847; x_wconf 77' lang='lat' dir='ltr'><strong>hominum,</strong></span> <span class='ocrx_word' id='word_1_893' title='bbox 3614 4780 3780 4835; x_wconf 75' lang='lat' dir='ltr'><strong>scilirrl</strong></span> 
     </span>
    </p>
   </div>
   <div class='ocr_carea' id='block_1_108' title="bbox 2249 4867 3781 4951">
    <p class='ocr_par' dir='ltr' id='par_1_108' title="bbox 2249 4867 3781 4951">
     <span class='ocr_line' id='line_1_108' title="bbox 2249 4867 3781 4951; baseline -0.009 -14"><span class='ocrx_word' id='word_1_894' title='bbox 2249 4883 2336 4937; x_wconf 91' lang='lat' dir='ltr'><strong>illa</strong></span> <span class='ocrx_word' id='word_1_895' title='bbox 2366 4898 2484 4951; x_wconf 62' lang='lat' dir='ltr'><strong>qua:</strong></span> <span class='ocrx_word' id='word_1_896' title='bbox 2509 4881 2680 4935; x_wconf 85' lang='lat' dir='ltr'><strong>solent</strong></span> <span class='ocrx_word' id='word_1_897' title='bbox 2707 4875 2947 4934; x_wconf 78' lang='lat' dir='ltr'><strong>exerceri</strong></span> <span class='ocrx_word' id='word_1_898' title='bbox 2998 4878 3049 4932; x_wconf 90' lang='lat' dir='ltr'><strong>in</strong></span> <span class='ocrx_word' id='word_1_899' title='bbox 3089 4877 3371 4937; x_wconf 83' lang='lat' dir='ltr'><strong>homines.</strong></span> <span class='ocrx_word' id='word_1_900' title='bbox 3413 4877 3464 4930; x_wconf 91' lang='lat' dir='ltr'><strong>id</strong></span> <span class='ocrx_word' id='word_1_901' title='bbox 3506 4874 3650 4930; x_wconf 90' lang='lat' dir='ltr'><strong>estin</strong></span> <span class='ocrx_word' id='word_1_902' title='bbox 3685 4867 3781 4920; x_wconf 76' lang='lat' dir='ltr'><strong>illos</strong></span> 
     </span>
    </p>
   </div>
   <div class='ocr_carea' id='block_1_109' title="bbox 2251 4965 3780 5042">
    <p class='ocr_par' dir='ltr' id='par_1_109' title="bbox 2251 4965 3780 5042">
     <span class='ocr_line' id='line_1_109' title="bbox 2251 4965 3780 5042; baseline -0.01 -19"><span class='ocrx_word' id='word_1_903' title='bbox 2251 4974 2339 5042; x_wconf 88' lang='lat' dir='ltr'><strong>qui</strong></span> <span class='ocrx_word' id='word_1_904' title='bbox 2375 4988 2479 5027; x_wconf 91' lang='lat' dir='ltr'><strong>non</strong></span> <span class='ocrx_word' id='word_1_905' title='bbox 2526 4971 2737 5025; x_wconf 80' lang='lat' dir='ltr'><strong>faciunt</strong></span> <span class='ocrx_word' id='word_1_906' title='bbox 2767 4986 2831 5025; x_wconf 91' lang='lat' dir='ltr'><strong>ca</strong></span> <span class='ocrx_word' id='word_1_907' title='bbox 2874 4985 2992 5038; x_wconf 67' lang='lat' dir='ltr'><strong>qua:</strong></span> <span class='ocrx_word' id='word_1_908' title='bbox 3025 4969 3114 5024; x_wconf 90' lang='lat' dir='ltr'><strong>Dci</strong></span> <span class='ocrx_word' id='word_1_909' title='bbox 3163 4977 3322 5030; x_wconf 88' lang='lat' dir='ltr'><strong>sunt,</strong></span> <span class='ocrx_word' id='word_1_910' title='bbox 3375 4970 3472 5022; x_wconf 90' lang='lat' dir='ltr'><strong>sed</strong></span> <span class='ocrx_word' id='word_1_911' title='bbox 3516 4965 3780 5022; x_wconf 86' lang='lat' dir='ltr'><strong>hominum:</strong></span> 
     </span>
    </p>
   </div>
   <div class='ocr_carea' id='block_1_110' title="bbox 2253 5054 3781 5125">
    <p class='ocr_par' dir='ltr' id='par_1_110' title="bbox 2253 5054 3781 5125">
     <span class='ocr_line' id='line_1_110' title="bbox 2253 5054 3781 5125; baseline -0.009 -7"><span class='ocrx_word' id='word_1_912' title='bbox 2253 5064 2390 5118; x_wconf 89' lang='lat' dir='ltr'><strong>mala</strong></span> <span class='ocrx_word' id='word_1_913' title='bbox 2419 5064 2650 5125; x_wconf 87' lang='lat' dir='ltr'><strong>scilicet,</strong></span> <span class='ocrx_word' id='word_1_914' title='bbox 2687 5061 2736 5114; x_wconf 91' lang='lat' dir='ltr'><strong>id</strong></span> <span class='ocrx_word' id='word_1_915' title='bbox 2769 5068 2852 5114; x_wconf 91' lang='lat' dir='ltr'><strong>cst</strong></span> <span class='ocrx_word' id='word_1_916' title='bbox 2882 5060 3118 5114; x_wconf 88' lang='lat' dir='ltr'><strong>libenter</strong></span> <span class='ocrx_word' id='word_1_917' title='bbox 3145 5057 3406 5113; x_wconf 74' lang='lat' dir='ltr'><strong>sulleram</strong></span> <span class='ocrx_word' id='word_1_918' title='bbox 3437 5054 3781 5111; x_wconf 77' lang='lat' dir='ltr'><strong>tribulationcS.</strong></span> 
     </span>
    </p>
   </div>
   <div class='ocr_carea' id='block_1_111' title="bbox 2251 5140 3786 5219">
    <p class='ocr_par' dir='ltr' id='par_1_111' title="bbox 2251 5140 3786 5219">
     <span class='ocr_line' id='line_1_111' title="bbox 2251 5140 3786 5219; baseline -0.013 -11"><span class='ocrx_word' id='word_1_919' title='bbox 2251 5165 2307 5208; x_wconf 89' lang='lat' dir='ltr'><strong>et</strong></span> <span class='ocrx_word' id='word_1_920' title='bbox 2355 5155 2536 5209; x_wconf 90' lang='lat' dir='ltr'><strong>crucis</strong></span> <span class='ocrx_word' id='word_1_921' title='bbox 2585 5160 2889 5214; x_wconf 90' lang='lat' dir='ltr'><strong>tormenta,</strong></span> <span class='ocrx_word' id='word_1_922' title='bbox 2937 5165 3057 5219; x_wconf 72' lang='lat' dir='ltr'><strong>qua:</strong></span> <span class='ocrx_word' id='word_1_923' title='bbox 3089 5150 3338 5203; x_wconf 84' lang='lat' dir='ltr'><strong>exerceri</strong></span> <span class='ocrx_word' id='word_1_924' title='bbox 3382 5149 3554 5203; x_wconf 84' lang='lat' dir='ltr'><strong>solent</strong></span> <span class='ocrx_word' id='word_1_925' title='bbox 3591 5140 3786 5199; x_wconf 80' lang='lat' dir='ltr'><strong>ittutale</strong></span> 
     </span>
    </p>
   </div>
   <div class='ocr_carea' id='block_1_112' title="bbox 2253 5240 3788 5315">
    <p class='ocr_par' dir='ltr' id='par_1_112' title="bbox 2253 5240 3788 5315">
     <span class='ocr_line' id='line_1_112' title="bbox 2253 5240 3788 5315; baseline -0.011 -14"><span class='ocrx_word' id='word_1_926' title='bbox 2253 5253 2542 5315; x_wconf 87' lang='lat' dir='ltr'><strong>operantes</strong></span> <span class='ocrx_word' id='word_1_927' title='bbox 2564 5260 2580 5298; x_wconf 93' lang='lat'><strong>:</strong></span> <span class='ocrx_word' id='word_1_928' title='bbox 2605 5258 2725 5312; x_wconf 77' lang='lat' dir='ltr'><strong>qua:</strong></span> <span class='ocrx_word' id='word_1_929' title='bbox 2747 5251 2873 5297; x_wconf 89' lang='lat' dir='ltr'><strong>sunt</strong></span> <span class='ocrx_word' id='word_1_930' title='bbox 2901 5241 3002 5296; x_wconf 75' lang='lat' dir='ltr'><strong>via:</strong></span> <span class='ocrx_word' id='word_1_931' title='bbox 3026 5251 3149 5304; x_wconf 72' lang='lat' dir='ltr'><strong>tute,</strong></span> <span class='ocrx_word' id='word_1_932' title='bbox 3173 5240 3226 5295; x_wconf 84' lang='lat' dir='ltr'><strong>id</strong></span> <span class='ocrx_word' id='word_1_933' title='bbox 3251 5249 3338 5295; x_wconf 87' lang='lat' dir='ltr'><strong>est</strong></span> <span class='ocrx_word' id='word_1_934' title='bbox 3362 5255 3393 5294; x_wconf 90' lang='lat' dir='ltr'><strong>a</strong></span> <span class='ocrx_word' id='word_1_935' title='bbox 3428 5249 3480 5294; x_wconf 90' lang='lat' dir='ltr'><strong>te</strong></span> <span class='ocrx_word' id='word_1_936' title='bbox 3507 5240 3629 5293; x_wconf 68' lang='lat' dir='ltr'><strong>datm</strong></span> <span class='ocrx_word' id='word_1_937' title='bbox 3651 5241 3690 5286; x_wconf 86' lang='lat' dir='ltr'><strong>nl</strong></span> <span class='ocrx_word' id='word_1_938' title='bbox 3716 5243 3788 5281; x_wconf 75' lang='lat' dir='ltr'><strong>Inc</strong></span> 
     </span>
    </p>
   </div>
   <div class='ocr_carea' id='block_1_113' title="bbox 2255 5320 3792 5406">
    <p class='ocr_par' dir='ltr' id='par_1_113' title="bbox 2255 5320 3792 5406">
     <span class='ocr_line' id='line_1_113' title="bbox 2255 5320 3792 5406; baseline -0.008 -16"><span class='ocrx_word' id='word_1_939' title='bbox 2255 5339 2522 5391; x_wconf 85' lang='lat' dir='ltr'><strong>deducant</strong></span> <span class='ocrx_word' id='word_1_940' title='bbox 2543 5337 2608 5388; x_wconf 92' lang='lat' dir='ltr'><strong>ad</strong></span> <span class='ocrx_word' id='word_1_941' title='bbox 2633 5335 2882 5406; x_wconf 79' lang='lat' dir='ltr'><strong>gloriam.</strong></span> <span class='ocrx_word' id='word_1_942' title='bbox 2909 5333 2970 5386; x_wconf 87' lang='lat' dir='ltr'><strong>Et</strong></span> <span class='ocrx_word' id='word_1_943' title='bbox 3007 5333 3143 5386; x_wconf 89' lang='lat' dir='ltr'><strong>bene</strong></span> <span class='ocrx_word' id='word_1_944' title='bbox 3175 5333 3330 5402; x_wconf 90' lang='lat' dir='ltr'><strong>ponit</strong></span> <span class='ocrx_word' id='word_1_945' title='bbox 3358 5329 3605 5384; x_wconf 75' lang='lat' dir='ltr'><strong>custodiri</strong></span> <span class='ocrx_word' id='word_1_946' title='bbox 3626 5341 3649 5378; x_wconf 86' lang='lat' dir='ltr'><strong>a</strong></span> <span class='ocrx_word' id='word_1_947' title='bbox 3671 5320 3792 5374; x_wconf 60' lang='lat' dir='ltr'><strong>simi:</strong></span> 
     </span>
    </p>
   </div>
   <div class='ocr_carea' id='block_1_114' title="bbox 2256 5419 3790 5486">
    <p class='ocr_par' dir='ltr' id='par_1_114' title="bbox 2256 5419 3790 5486">
     <span class='ocr_line' id='line_1_114' title="bbox 2256 5419 3790 5486; baseline -0.007 -6"><span class='ocrx_word' id='word_1_948' title='bbox 2256 5427 2483 5480; x_wconf 89' lang='lat' dir='ltr'><strong>litudine</strong></span> <span class='ocrx_word' id='word_1_949' title='bbox 2515 5425 2912 5486; x_wconf 89' lang='lat' dir='ltr'><strong>itinerantium,</strong></span> <span class='ocrx_word' id='word_1_950' title='bbox 2935 5423 3021 5476; x_wconf 83' lang='lat' dir='ltr'><strong>eui</strong></span> <span class='ocrx_word' id='word_1_951' title='bbox 3050 5437 3174 5476; x_wconf 90' lang='lat' dir='ltr'><strong>cum</strong></span> <span class='ocrx_word' id='word_1_952' title='bbox 3201 5430 3409 5476; x_wconf 88' lang='lat' dir='ltr'><strong>rectam</strong></span> <span class='ocrx_word' id='word_1_953' title='bbox 3435 5422 3569 5474; x_wconf 84' lang='lat' dir='ltr'><strong>viam</strong></span> <span class='ocrx_word' id='word_1_954' title='bbox 3590 5419 3790 5470; x_wconf 76' lang='lat' dir='ltr'><strong>teneant.</strong></span> 
     </span>
    </p>
   </div>
   <div class='ocr_carea' id='block_1_115' title="bbox 2259 5508 3795 5583">
    <p class='ocr_par' dir='ltr' id='par_1_115' title="bbox 2259 5508 3795 5583">
     <span class='ocr_line' id='line_1_115' title="bbox 2259 5508 3795 5583; baseline -0.006 -15"><span class='ocrx_word' id='word_1_955' title='bbox 2259 5516 2385 5570; x_wconf 90' lang='lat' dir='ltr'><strong>licet</strong></span> <span class='ocrx_word' id='word_1_956' title='bbox 2424 5515 2651 5569; x_wconf 82' lang='lat' dir='ltr'><strong>multum</strong></span> <span class='ocrx_word' id='word_1_957' title='bbox 2694 5527 2882 5583; x_wconf 90' lang='lat' dir='ltr'><strong>aspera</strong></span> <span class='ocrx_word' id='word_1_958' title='bbox 2911 5512 3010 5575; x_wconf 89' lang='lat' dir='ltr'><strong>sit,</strong></span> <span class='ocrx_word' id='word_1_959' title='bbox 3045 5513 3184 5566; x_wconf 88' lang='lat' dir='ltr'><strong>bene</strong></span> <span class='ocrx_word' id='word_1_960' title='bbox 3215 5520 3398 5565; x_wconf 89' lang='lat' dir='ltr'><strong>tamen</strong></span> <span class='ocrx_word' id='word_1_961' title='bbox 3434 5508 3706 5566; x_wconf 75' lang='lat' dir='ltr'><strong>custodiunt</strong></span> <span class='ocrx_word' id='word_1_962' title='bbox 3738 5512 3795 5552; x_wconf 73' lang='lat' dir='ltr'><strong>ne</strong></span> 
     </span>
    </p>
   </div>
   <div class='ocr_carea' id='block_1_116' title="bbox 2259 5591 3797 5672">
    <p class='ocr_par' dir='ltr' id='par_1_116' title="bbox 2259 5591 3797 5672">
     <span class='ocr_line' id='line_1_116' title="bbox 2259 5591 3797 5672; baseline -0.01 -12"><span class='ocrx_word' id='word_1_963' title='bbox 2259 5609 2328 5660; x_wconf 90' lang='lat' dir='ltr'><strong>ab</strong></span> <span class='ocrx_word' id='word_1_964' title='bbox 2349 5622 2410 5661; x_wconf 92' lang='lat' dir='ltr'><strong>ea</strong></span> <span class='ocrx_word' id='word_1_965' title='bbox 2433 5605 2740 5662; x_wconf 89' lang='lat' dir='ltr'><strong>dellectant.</strong></span> <span class='ocrx_word' id='word_1_966' title='bbox 2764 5605 2828 5658; x_wconf 86' lang='lat' dir='ltr'><strong>Et</strong></span> <span class='ocrx_word' id='word_1_967' title='bbox 2849 5606 2946 5658; x_wconf 91' lang='lat' dir='ltr'><strong>has</strong></span> <span class='ocrx_word' id='word_1_968' title='bbox 2967 5603 3228 5656; x_wconf 88' lang='lat' dir='ltr'><strong>eustodivi</strong></span> <span class='ocrx_word' id='word_1_969' title='bbox 3253 5611 3477 5672; x_wconf 90' lang='lat' dir='ltr'><strong>propter</strong></span> <span class='ocrx_word' id='word_1_970' title='bbox 3499 5599 3640 5654; x_wconf 84' lang='lat' dir='ltr'><strong>verba</strong></span> <span class='ocrx_word' id='word_1_971' title='bbox 3660 5591 3797 5645; x_wconf 77' lang='lat' dir='ltr'><strong>labio-</strong></span> 
     </span>
    </p>
   </div>
   <div class='ocr_carea' id='block_1_117' title="bbox 2264 5681 3796 5765">
    <p class='ocr_par' dir='ltr' id='par_1_117' title="bbox 2264 5681 3796 5765">
     <span class='ocr_line' id='line_1_117' title="bbox 2264 5681 3796 5765; baseline -0.01 -13"><span class='ocrx_word' id='word_1_972' title='bbox 2264 5716 2383 5753; x_wconf 89' lang='lat' dir='ltr'><strong>rnm</strong></span> <span class='ocrx_word' id='word_1_973' title='bbox 2410 5711 2621 5754; x_wconf 91' lang='lat' dir='ltr'><strong>tuorum</strong></span> <span class='ocrx_word' id='word_1_974' title='bbox 2646 5695 2963 5765; x_wconf 89' lang='lat' dir='ltr'><strong>complenda</strong></span> <span class='ocrx_word' id='word_1_975' title='bbox 2989 5710 3108 5763; x_wconf 76' lang='lat' dir='ltr'><strong>qua:</strong></span> <span class='ocrx_word' id='word_1_976' title='bbox 3126 5696 3243 5748; x_wconf 65' lang='lat' dir='ltr'><strong>haec</strong></span> <span class='ocrx_word' id='word_1_977' title='bbox 3265 5694 3632 5763; x_wconf 75' lang='lat' dir='ltr'><strong>pra-dixerunt.</strong></span> <span class='ocrx_word' id='word_1_978' title='bbox 3653 5681 3796 5738; x_wconf 65' lang='lat' dir='ltr'><strong>Laliia</strong></span> 
     </span>
    </p>
   </div>
   <div class='ocr_carea' id='block_1_118' title="bbox 2265 5781 3796 5862">
    <p class='ocr_par' dir='ltr' id='par_1_118' title="bbox 2265 5781 3796 5862">
     <span class='ocr_line' id='line_1_118' title="bbox 2265 5781 3796 5862; baseline -0.012 -14"><span class='ocrx_word' id='word_1_979' title='bbox 2265 5794 2516 5848; x_wconf 89' lang='lat' dir='ltr'><strong>dicuntur</strong></span> <span class='ocrx_word' id='word_1_980' title='bbox 2546 5791 2834 5862; x_wconf 60' lang='lat' dir='ltr'><strong>propheta,</strong></span> <span class='ocrx_word' id='word_1_981' title='bbox 2867 5786 2991 5858; x_wconf 87' lang='lat' dir='ltr'><strong>quia</strong></span> <span class='ocrx_word' id='word_1_982' title='bbox 3039 5785 3129 5840; x_wconf 90' lang='lat' dir='ltr'><strong>Dei</strong></span> <span class='ocrx_word' id='word_1_983' title='bbox 3158 5785 3467 5840; x_wconf 86' lang='lat' dir='ltr'><strong>voluntates</strong></span> <span class='ocrx_word' id='word_1_984' title='bbox 3489 5781 3796 5852; x_wconf 73' lang='lat' dir='ltr'><strong>aperuerunt.</strong></span> 
     </span>
    </p>
   </div>
  </div>
