3864 6320
143 343 227 402 695

1042 329 1409 390 EXPOSITIO
1442 330 1510 387 IN
1548 328 1888 388 PSALMOS.
1928 363 1996 373 -—-
2028 330 2223 391 PSAL.
2250 334 2389 391 XVI.

3249 342 3355 399 σξη

144 432 401 513 sicntlabia
425 448 610 505 cordis
631 446 955 502 voluntate...
979 447 1250 517 aperiunt.
1274 446 1370 501 Vel
1394 448 1470 501 sic
1494 455 1673 518 potest
1701 452 1747 507 Α
1777 450 1984 503 custodi
2007 464 2025 501 :
2054 450 2129 505 ita
2151 451 2356 506 scilicet
2384 461 2593 521 protege
2616 467 2692 506 me
2714 493 2728 517 ,
2758 468 2825 511 ne
2851 453 3014 510 laedar
3045 455 3097 510 in
3127 457 3349 517 animm:

143 543 361 616 distingui
395 560 409 597 :
434 543 608 597 Dico:
648 539 765 595 Non
795 550 869 594 est
892 539 946 592 in
973 555 1053 592 me
1080 540 1362 609 iniquitas;
1384 548 1439 594 et
1468 540 1570 594 hoc
1598 539 1676 595 sic

145 644 277 696 dico:
310 636 370 691 Ut
404 654 505 691 non
536 638 780 706 loquatur
811 654 867 690 os
898 653 1070 691 meum
1102 652 1259 703 opera
1291 636 1590 699 hominum,
1621 635 1677 689 id

141 740 274 787 estut
294 745 390 784 non
407 729 516 783 haec
540 727 729 797 loquar
747 727 1015 796 jactanter
1036 739 1090 784 et
1113 729 1363 798 superbe,
1387 743 1509 798 qua:
1531 727 1677 782 locu-

147 827 291 879 tiones
326 830 444 876 sunt
483 835 649 890 opera
697 820 996 874 hominum.
1029 820 1183 887 Quod
1210 828 1295 875 est
1332 820 1516 874 dicere
1546 833 1562 872 :
1598 817 1677 871 lta

142 920 233 972 haec
254 915 428 983 loquor
451 912 596 981 quod
626 910 750 965 inde
775 925 879 965 non
910 912 1241 980 superbiam,
1265 910 1408 965 sicut
1433 909 1679 964 homines

142 1010 194 1064 .le
215 1005 405 1062 meritis
424 1004 536 1058 suis
558 1003 838 1072 superbire
863 1003 1061 1070 solent,
1090 1003 1175 1059 vel
1200 1003 1282 1060 sic
1308 1021 1321 1057 :
1350 1002 1483 1058 Dico
1508 1019 1522 1056 :
1554 1000 1680 1057 Non

144 1110 198 1161 ιιι
222 1100 271 1151 in
300 1113 377 1152 me
402 1096 698 1166 iniquitas:
745 1103 800 1150 et
827 1110 1000 1165 usque
1045 1096 1184 1151 adeo
1226 1111 1332 1151 non
1374 1104 1458 1150 est
1495 1095 1548 1149 in
1593 1108 1680 1149 me

137 1188 382 1259 iniquitas,
417 1194 474 1239 ut
500 1188 692 1252 etiam,
715 1185 858 1255 quod
885 1186 1182 1241 maximum
1208 1195 1290 1242 est
1310 1227 1326 1250 ,
1359 1202 1464 1240 non
1496 1186 1680 1256 loqua-

137 1292 208 1333 lttr
230 1296 280 1332 os
308 1293 470 1331 meum
505 1292 663 1344 opera
692 1279 985 1341 hominum,
1015 1278 1068 1333 id
1097 1287 1179 1333 est
1200 1267 1487 1333 vanitates.
1515 1275 1681 1330 Vana:

138 1370 258 1428 enim
282 1368 571 1423 locutiones
623 1382 787 1437 opera
819 1368 1101 1424 hominum
1138 1378 1285 1435 sunt,
1313 1370 1366 1424 id
1392 1376 1551 1424 estut
1580 1382 1680 1423 nec

138 1462 182 1516 in
224 1461 387 1530 lingua
425 1474 662 1529 peccem.
696 1458 828 1515 Dico
858 1477 871 1515 :
903 1459 1034 1530 Igne
1060 1476 1141 1514 me
1187 1461 1525 1515 examinasti.
1568 1459 1681 1530 Ego

140 1562 291 1608 autem
320 1552 480 1607 Filius
524 1562 646 1607 tuus
668 1561 724 1607 et
753 1552 1015 1608 innocens
1054 1561 1274 1623 propter
1302 1554 1466 1608 verba
1511 1552 1682 1608 labio-

141 1661 236 1700 rnm
284 1654 486 1699 tuorum
530 1645 796 1701 custodivi
849 1646 965 1700 vias
1019 1646 1183 1701 duras
1249 1645 1678 1701 tribulationum.

142 1737 295 1808 thui
342 1736 601 1792 custodivi
647 1738 764 1793 vias
810 1740 972 1794 duras
1015 1746 1073 1793 ut
1112 1753 1209 1808 per
1247 1740 1346 1794 has
1381 1738 1485 1792 mei
1535 1751 1682 1810 gres-

1776 541 1900 594 etsi
1928 541 2095 595 lardor
2132 542 2183 596 in
2217 555 2445 611 corpore
2476 559 2489 594 :
2522 558 2602 595 me
2635 542 2754 596 dico
2784 545 3015 612 positum
3042 549 3136 598 sub
3169 549 3354 601 umbra

1777 632 1987 686 alarum
2026 640 2269 696 tuarum,
2306 633 2357 687 id
2386 642 2468 688 est
2509 633 2609 687 sub
2648 632 2962 688 defensione
2988 636 3270 692 eharitatis
3298 648 3354 692 et

1778 724 2089 780 dilectionis
2117 742 2130 779 :
2176 741 2204 779 a
2233 724 2593 781 similitudine
2619 724 2854 779 volucris
2884 726 3057 795 pullos
3088 728 3206 782 aliis
3231 744 3357 797 pro-

1779 817 2034 886 tegentis,
2065 832 2133 872 ne
2161 818 2229 871 ab
2258 827 2395 871 aestu
2422 817 2705 871 lmdantnr.
2746 815 2876 870 Dico
2904 829 3112 887 protege
3142 836 3173 871 a
3202 819 3352 887 (acie,

1780 909 1832 963 id
1858 916 1940 964 est
1976 909 2043 963 ab
2085 908 2347 963 instantia
2390 907 2701 964 Iudaeorum
2753 907 3039 977 impiorum
3085 926 3097 962 :
3140 909 3230 977 qui
3278 924 3359 962 me

1779 1001 2098 1070 afﬂixerunt,
2148 999 2200 1054 id
2254 1008 2337 1054 est
2386 997 2644 1069 aflligent.
2691 998 2908 1053 Faciem
2955 1012 3054 1067 pro
3100 998 3360 1052 instantia

1777 1091 1953 1161 ponit,
1978 1107 2043 1148 co
2065 1091 2206 1160 quod
2233 1092 2417 1147 hostes
2433 1093 2559 1147 dmn
2585 1091 2808 1155 instant,
2832 1090 3022 1146 faciem
3046 1090 3355 1145 ostendunt.

1781 1180 1847 1236 Et
1867 1181 2107 1238 ostendit
2141 1182 2413 1250 quomodo
2451 1180 2727 1252 allligent,
2773 1190 2832 1235 ut
2860 1196 2927 1237 ex
2966 1179 3124 1235 malis
3151 1178 3361 1235 meritis

1781 1286 1970 1327 eorum
2010 1272 2274 1326 concedat
2314 1272 2395 1326 eis
2426 1286 2643 1341 poenam
2670 1270 2905 1325 futuram
2932 1285 2947 1324 :
2978 1270 3121 1340 quod
3147 1284 3361 1339 mqunm

1779 1361 1887 1418 erit
1910 1377 2033 1418 cum
2077 1363 2328 1432 superius
2357 1363 2579 1418 dixisset
2612 1380 2624 1417 :
2662 1361 2817 1416 Oculi
2846 1362 2923 1416 tui
2948 1362 3155 1416 videant
3195 1362 3360 1431 tuqui-

1782 1461 1938 1507 tates.
1972 1453 2110 1508 Vere
2154 1467 2243 1508 me
2291 1452 2555 1523 allligent,
2605 1452 2731 1523 quia
2768 1452 2968 1506 inimici
2999 1452 3130 1519 mei,
3158 1451 3362 1518 Judaei,

1780 1542 2241 1597 circumdederunt
2271 1558 2378 1604 me.
2408 1543 2461 1598 id
2492 1552 2577 1598 est
2612 1541 3095 1598 circumvallabant
3121 1543 3364 1598 consiliis

1782 1631 1897 1688 suis
1922 1632 2157 1686 animam
2203 1648 2406 1698 meam,
2437 1640 2499 1686 ut
2543 1633 2598 1687 in
2641 1642 2817 1689 morte
2844 1632 3137 1699 detineant,
3181 1633 3360 1689 dicen-

1785 1734 1867 1781 tes
1901 1743 1913 1779 :
1951 1743 1971 1777 ι
2010 1723 2231 1791 Venite,
2260 1725 2632 1795 opprimamus
2657 1741 2948 1797 pauperem
2976 1728 3182 1799 justum
3210 1726 3360 1799 (Sap.

139 1806 654 1900 ωέρετηεειηεηιιιιι,
712 1829 947 1901 perﬁce.
1007 1831 1059 1887 id
1100 1806 1183 1889 έει
1240 1834 1512 1904 perfectos
1540 1806 1679 1900 'fac,
1709 1806 1757 1867 Β
1786 1831 1849 1881 n,
1875 1816 1982 1888 10).
2019 1835 2040 1870 ι
2078 1816 2142 1871 Et
2171 1817 2273 1872 hoc
2304 1817 2424 1873 ideo
2454 1816 2682 1884 facient,
2717 1820 2769 1873 id
2806 1828 2890 1874 est
2924 1819 3045 1875 ideo
3078 1829 3186 1875 tam
3216 1817 3367 1874 stulti

140 1941 315 1995 gressus
351 1942 521 1988 meos.
557 1925 613 1980 id
642 1935 727 1981 est
754 1926 1048 1997 discipulos
1086 1942 1184 1997 per
1212 1942 1348 1997 quos
1380 1926 1594 1982 veniam
1627 1925 1682 1981 in

141 2012 353 2068 notitiam
381 2014 683 2069 hominum.
726 2016 793 2071 Et
818 2015 937 2070 ideo
964 2015 1219 2072 dicuntur
1241 2031 1460 2087 gressus
1486 2017 1593 2073 mei
1627 2017 1683 2071 in

137 2104 304 2157 semitis
324 2112 427 2158 tuis
444 2144 461 2169 ,
486 2119 607 2175 qua:
636 2114 761 2161 sunt
787 2106 998 2162 semitas
1024 2107 1089 2161 ad
1114 2107 1301 2161 vitam.
1327 2106 1525 2161 Ardua:
1544 2147 1558 2172 ,
1580 2105 1686 2162 sci-

139 2197 151 2249 l
172 2204 242 2252 cet
260 2197 400 2251 cami
427 2205 482 2252 et
498 2198 730 2253 strictae:
756 2198 898 2254 sicut
915 2200 1335 2255 semitmstrictze
1358 2208 1512 2262 sunt;
1524 2199 1688 2269 juxta

141 2289 283 2346 ilhtd:
316 2307 335 2341 ι
363 2291 603 2362 Angusta
637 2302 721 2347 est
747 2292 835 2346 via
861 2307 979 2362 qum
1002 2291 1151 2347 ducit
1173 2291 1238 2346 ad
1273 2291 1441 2345 vitam
1468 2289 1685 2361 (Matth.

141 2398 228 2448 vn,
252 2383 355 2452 l4).
405 2403 425 2437 ι
474 2383 541 2438 Ει
581 2384 662 2440 sic
705 2382 908 2454 perfice
936 2393 1123 2438 utnon
1162 2392 1470 2438 moveantur
1502 2381 1571 2436 ab
1610 2380 1691 2437 eis

140 2475 323 2544 vestigia
355 2493 495 2543 mea,
528 2476 580 2530 id
607 2484 693 2531 est
720 2475 967 2546 exempla
994 2476 1260 2531 bonorum
1292 2489 1516 2546 cperam
1544 2487 1691 2529 meo-

142 2587 264 2637 rum,
284 2586 466 2627 eorum
496 2572 759 2628 cordibus
805 2573 1099 2642 impressa,
1131 2572 1184 2627 id
1220 2579 1302 2626 est
1339 2569 1607 2640 perfectos
1635 2578 1691 2624 et

142 2675 513 2732 pesseverantes
540 2663 711 2721 etlice.
742 2664 1031 2735 [lucusque
1055 2678 1153 2735 pro
1177 2662 1431 2734 perfectis
1457 2681 1471 2717 :
1504 2670 1691 2733 postea

143 2770 248 2810 vero
270 2771 360 2827 pro
382 2756 693 2813 inﬁdelibus
722 2758 973 2812 omnibus
998 2756 1399 2820 convertendis,
1437 2755 1513 2810 sic
1536 2768 1693 2811 orare

142 2844 377 2903 intendit:
409 2847 525 2919 Ego
554 2849 775 2904 clamavi
798 2850 865 2902 ad
890 2858 961 2913 te,
980 2847 1208 2903 dicendo
1236 2845 1462 2915 Perﬁce,
1492 2858 1595 2903 etc.
1630 2846 1696 2901 Et

145 2939 238 2992 scio
259 2940 374 3009 quia
407 2938 529 3010 jam
557 2941 825 2995 exautlisti
856 2956 957 2994 me.
1001 2938 1117 2994 Non
1146 2941 1291 3010 quod
1323 2954 1408 3004 re,
1448 2939 1540 2994 sed
1568 2937 1694 3008 quia

141 3028 231 3097 jam
274 3031 623 3103 dispositione
668 3032 1025 3103 complevisti.
1070 3032 1138 3087 Et
1182 3032 1437 3102 quoniam
1486 3045 1574 3087 me
1619 3031 1699 3088 sic

143 3135 359 3188 orantem
389 3126 683 3191 exaudisti,
717 3127 911 3182 iterum
942 3142 1040 3182 oro
1065 3143 1079 3180 :
1107 3126 1304 3181 inclina
1322 3142 1502 3181 aurem
1524 3136 1696 3192 tuam,

146 3217 187 3269 ld
208 3227 281 3273 est
298 3218 733 3273 condescendere
758 3218 844 3273 fac
872 3217 1256 3274 misericordia:
1279 3226 1383 3274 tua:
1402 3220 1697 3288 potentiam

147 3309 275 3374 mihi,
298 3311 346 3366 id
372 3319 456 3367 est
482 3311 537 3366 in
563 3311 665 3366 illis
687 3311 779 3381 qui
809 3312 913 3366 mei
944 3317 1071 3367 sunt
1094 3310 1286 3378 futuri,
1315 3311 1494 3367 adhuc
1520 3319 1698 3366 tamen

145 3402 359 3461 inﬁdeles
384 3422 400 3461 :
430 3414 480 3461 et
506 3405 704 3460 exaudi
728 3405 881 3459 verba
907 3420 1021 3459 mea
1047 3418 1145 3475 pro
1180 3404 1260 3461 eis
1295 3403 1434 3460 fusa.
1467 3405 1534 3459 Et
1563 3403 1702 3459 bene

146 3492 253 3547 dicit
292 3495 509 3561 inclina,
558 3511 589 3549 a
638 3493 991 3550 similitudine
1038 3492 1233 3550 medici
1288 3493 1602 3550 inclinantis
1644 3510 1701 3549 se

143 3584 277 3651 agris
300 3603 312 3638 :
336 3586 426 3655 qui
449 3602 566 3656 pra:
588 3586 753 3641 nimia
782 3585 1100 3657 aegritudine
1123 3585 1199 3640 illi
1226 3595 1498 3655 nequeunt
1521 3601 1702 3641 assur-

146 3691 268 3743 gere.
296 3676 369 3730 ita
395 3678 599 3749 quippe
622 3686 677 3733 et
700 3677 796 3733 Dei
842 3678 1131 3733 clementia
1162 3677 1387 3733 inclinat
1414 3692 1492 3744 se,
1536 3678 1588 3733 id
1618 3687 1703 3733 est

144 3766 508 3823 rondescendit
542 3769 705 3839 aegris
734 3768 786 3823 in
821 3768 1092 3839 peccatis,
1125 3770 1215 3840 qui
1246 3784 1345 3840 per
1381 3768 1573 3823 merita
1604 3783 1702 3822 sua

146 3870 391 3927 nequeunt
419 3860 495 3915 illi
518 3875 827 3931 assurgere.
860 3860 992 3916 Dico
1016 3861 1210 3915 exaudi
1236 3861 1386 3915 verba
1408 3877 1558 3925 mea;
1588 3858 1704 3913 hare

146 3947 328 4004 scilicet
357 3965 371 4003 :
401 3950 669 4019 Miriﬁca,
699 3951 749 4006 id
781 3960 865 4005 est
895 3952 1062 4005 miras
1091 3951 1143 4005 in
1175 3950 1465 4007 virtutibus
1489 3959 1543 4005 et
1571 3965 1702 4020 ope-

147 4042 273 4098 ribus
299 4042 414 4111 fac,
446 4046 838 4099 misericordias
867 4055 1012 4110 tuas,
1043 4045 1095 4099 id
1140 4053 1251 4107 est,
1278 4044 1394 4099 illos
1430 4045 1551 4113 qui,
1581 4060 1705 4099 cum

145 4119 363 4191 infideles
410 4137 557 4203 sint,
605 4136 715 4191 sola
741 4136 1138 4203 misericordia,
1169 4151 1274 4191 non
1317 4137 1526 4192 meritis
1569 4135 1704 4203 suis,

142 4226 471 4284 satiabuntur
501 4248 517 4284 :
547 4230 854 4299 emphatice
883 4229 1009 4284 dicti
1042 4227 1450 4294 misericordiae,
1474 4244 1539 4283 eo
1564 4228 1705 4297 quod

144 4319 424 4394 largissima
462 4324 539 4378 sit
578 4323 631 4377 in
670 4322 751 4377 eis
796 4321 1165 4396 misericordia
1207 4328 1316 4375 tua.
1355 4322 1514 4385 Dico,
1557 4320 1709 4375 Miti-

141 4412 247 4478 ﬁea,
274 4417 360 4483 qui
381 4414 561 4469 salvos
586 4414 719 4483 facis
747 4414 800 4468 in
825 4414 1003 4467 anima
1026 4427 1056 4466 a
1078 4412 1242 4476 vitiis,
1268 4420 1533 4480 sperantes
1556 4411 1613 4465 in
1636 4420 1704 4475 te,

143 4517 233 4555 non
264 4504 313 4558 in
338 4519 419 4569 se,
442 4504 497 4558 id
524 4512 626 4567 est,
651 4502 942 4572 discipulos
960 4517 1136 4567 meos;
1162 4502 1226 4555 de
1252 4502 1449 4571 quibus
1468 4500 1661 4569 legitur
1690 4518 1701 4552 :

146 4611 161 4640 ι
210 4594 309 4649 Nos
366 4595 727 4666 sperabamus
781 4594 925 4665 quod
978 4593 1066 4649 hic
1127 4593 1507 4662 redempturus
1566 4600 1708 4645 esset

142 4682 289 4739 Israel
318 4684 476 4755 (Luc.
507 4701 655 4751 xxiv,
676 4686 792 4757 2i).
826 4704 844 4737 ι
870 4684 933 4738 Et
970 4693 1027 4739 nt
1055 4684 1105 4739 hi
1138 4684 1491 4739 mirificcntur
1513 4689 1567 4738 ct
1590 4681 1711 4735 aliis

143 4776 516 4841 perﬁciantur,
545 4776 653 4849 43
690 4794 721 4830 a
750 4775 1105 4830 resistentibus
1145 4777 1372 4829 dextertt'
1406 4784 1533 4838 tute,
1560 4772 1610 4827 id
1629 4780 1715 4826 est

144 4863 383 4923 aludmis
414 4867 509 4937 qui
544 4882 629 4922 me
670 4866 1048 4938 persequendo
1096 4866 1351 4920 resistent
1394 4861 1570 4919 Verbo
1620 4873 1714 4915 tuo

144 4959 261 5011 mibi
287 4958 654 5029 personaliter
684 4958 862 5022 unito,
893 4957 1036 5026 quod
1068 4970 1154 5011 me
1198 4970 1377 5025 regem
1407 4950 1711 5008 constituit.

147 5047 202 5103 Et
222 5051 359 5120 quod
385 5059 473 5105 est
500 5050 724 5104 dextera
756 5058 845 5103 tua
878 5067 891 5103 :
930 5063 1027 5118 per
1054 5048 1196 5118 quod
1228 5064 1257 5100 a
1289 5057 1340 5101 te
1372 5045 1523 5115 juxta
1551 5044 1713 5099 Joan-

146 5154 274 5194 nem.
306 5159 326 5193 s
362 5139 562 5196 Omnia
619 5138 760 5195 facta
788 5148 954 5203 sunt;
1008 5147 1060 5194 et
1090 5140 1210 5194 sine
1243 5138 1359 5208 ipso
1401 5136 1599 5191 factum
1630 5141 1715 5189 est

148 5232 266 5286 nihil
305 5233 494 5302 (Joan.
526 5249 568 5298 ι,
607 5232 685 5301 Ξ).
730 5251 747 5283 s
792 5230 1029 5285 Custodit
1069 5246 1183 5295 me,
1232 5245 1300 5283 ne
1344 5228 1553 5283 cedam.
1601 5224 1715 5279 Me-

149 5323 281 5389 dico,
312 5336 369 5378 ut
402 5324 662 5395 pupillam
704 5321 871 5387 oculi,
903 5322 1258 5383 existentcm,
1292 5320 1344 5374 id
1374 5328 1457 5372 est
1489 5317 1717 5371 similem

151 5419 349 5489 pupilla:
387 5420 557 5475 oculi.
608 5419 763 5474 Sicut
805 5419 950 5473 enim
985 5434 1011 5472 a
1049 5416 1285 5488 pupilla,
1326 5430 1448 5469 cum
1495 5414 1714 5468 minima

154 5523 266 5574 pars
294 5510 367 5565 sit
410 5511 691 5581 corporis,
734 5519 904 5565 totum
936 5523 1133 5578 corpus
1172 5505 1507 5561 illuminatnr
1537 5522 1549 5557 :
1585 5504 1657 5557 ita
1686 5519 1716 5557 a

153 5597 376 5665 Christo,
416 5603 511 5671 qui
557 5603 814 5657 minimus
852 5602 1003 5655 visus
1045 5608 1128 5654 est
1162 5608 1217 5653 et
1245 5599 1501 5667 exiguus,
1550 5604 1718 5649 totum

155 5708 337 5764 minus
359 5696 501 5765 ejus,
530 5696 583 5750 id
609 5705 692 5749 est
716 5694 983 5755 Ecclesia,
1014 5690 1378 5754 illuminatnr;
1412 5689 1552 5741 sicut
1577 5686 1719 5740 idem

158 5785 313 5843 dicit:
350 5807 367 5839 ι
403 5789 517 5858 Ego
550 5803 667 5842 sum
697 5785 785 5839 lux
818 5782 1001 5839 mutuli
1027 5779 1207 5853 (Joan.
1242 5776 1355 5843 vin,
1395 5777 1498 5847 l2).
1540 5796 1556 5827 >
1595 5774 1722 5830 Dico

1787 1915 1980 1972 erunt,
2012 1908 2137 1979 quia
2166 1907 2374 1978 adipem
2417 1925 2601 1975 suum,
2636 1908 2688 1963 id
2736 1918 2818 1965 est
2853 1909 3141 1980 pinguem,
3189 1908 3243 1963 id
3283 1917 3368 1962 est

1788 1996 2065 2054 carnalem
2092 2012 2309 2055 sensum
2341 2012 2518 2065 suum,
2545 1998 2934 2063 concluserunt,
2959 1998 3010 2053 id
3034 2006 3118 2053 est
3140 1997 3370 2052 firmiter

1789 2088 1844 2144 in
1890 2102 1948 2144 se
1996 2088 2341 2144 retinuerunt
2383 2106 2398 2143 :
2450 2102 2557 2143 non
2607 2088 2952 2159 projecerunt
2997 2090 3141 2159 quod
3189 2088 3370 2145 facere

1790 2180 2125 2248 debuissent,
2156 2188 2409 2251 putantes
2437 2195 2525 2235 me
2545 2180 2820 2237 hominem
2852 2189 3059 2236 tantum
3090 2195 3229 2244 esse,
3261 2196 3370 2234 non

1791 2272 2066 2328 hominem
2091 2280 2148 2327 et
2176 2271 2366 2327 Deum.
2398 2270 2463 2327 Et
2490 2272 2608 2329 Ideo
2636 2288 2695 2325 os
2726 2288 2907 2326 eorum
2935 2272 3165 2326 locutum
3197 2281 3292 2338 est,
3319 2271 3371 2326 id

1790 2375 1876 2421 est
1916 2364 2189 2436 loquetur,
2232 2365 2563 2436 superbiam.
2611 2364 2820 2421 scilicet
2859 2385 2879 2417 ‹
2917 2364 3213 2437 Crucifige;
3262 2385 3280 2418 ι
3320 2375 3375 2421 et

1796 2482 1817 2516 ι
1838 2462 1954 2519 Non
1978 2462 2243 2518 habemus
2257 2477 2443 2534 regem
2465 2460 2568 2516 nisi
2585 2459 2854 2516 Catsarem
2878 2444 3058 2530 (Joan.
3086 2476 3176 2515 χιι
3230 2459 3371 2531 15).»

1792 2554 1861 2610 Et
1888 2569 1995 2609 non
2027 2552 2200 2608 solum
2231 2533 2421 2619 contra
2453 2565 2537 2605 me
2565 2549 2856 2620 loquentur
2898 2549 3204 2619 superbiam
3231 2589 3247 2616 ,
3279 2533 3376 2605 sed

1794 2645 1897 2716 ipsi
1919 2644 2257 2715 proficientes
2282 2660 2365 2699 me
2389 2642 2456 2697 de
2493 2642 2746 2706 civitate,
2776 2657 2944 2705 nunc,
2976 2640 3028 2694 id
3052 2647 3134 2695 est
3160 2640 3212 2693 in
3243 2641 3383 2695 hora

1794 2738 1875 2795 eis
1922 2753 1954 2794 a
2010 2739 2122 2795 Deo
2170 2750 2466 2800 concessa;
2511 2736 2654 2791 sicut
2702 2734 2756 2790 in
2796 2731 3098 2805 Evangelia
3141 2731 3374 2803 legitur:

1801 2853 1820 2886 ι
1843 2832 1969 2889 llaec
1997 2842 2081 2888 est
2107 2833 2240 2889 hora
2269 2839 2471 2897 vestra,
2500 2838 2557 2885 et
2584 2836 2823 2901 potestas
2858 2827 3202 2882 tenebrarum
3223 2824 3375 2896 (Luc.

1797 2921 2050 2992 xxn,55)
2078 2940 2092 2977 :
2125 2941 2144 2975 ι
2178 2920 2505 2992 quandoque
2552 2919 2768 2989 quidem
2816 2918 2883 2972 de
2925 2917 3111 2972 eadem
3158 2915 3379 2969 civitate

1798 3012 2124 3084 expellendi,
2154 3011 2629 3076 circumdederunt,
2662 3010 2713 3065 id
2740 3019 2824 3065 est
2849 3007 3263 3064 circumdabant
3293 3021 3380 3081 me

1803 3103 1970 3157 fixum
1991 3101 2164 3167 cruci,
2201 3107 2561 3171 conspuentes
2586 3107 2642 3154 et
2669 3098 2995 3154 deridentes.
3029 3097 3096 3151 Et
3127 3098 3230 3151 hoc
3259 3096 3381 3150 ideo

1726 3165 1772 3228 δ
1806 3194 2008 3249 facient
2039 3210 2053 3247 :
2085 3165 2212 3262 quia
2239 3165 2538 3245 statuerunt
2575 3188 2875 3253 declinare,
2909 3187 2962 3243 id
3003 3195 3087 3242 est
3116 3185 3383 3241 stabiliter

1804 3286 2248 3347 declinaverunt,
2282 3283 2461 3339 oculos
2492 3299 2651 3347 suos,
2698 3281 2751 3336 id
2791 3289 2873 3336 est
2917 3278 3381 3336 considerationes

1805 3378 2160 3444 mentis’suae,
2186 3378 2240 3430 in
2266 3386 2483 3440 terram,
2516 3375 2567 3430 id
2594 3382 2678 3430 est
2708 3373 2759 3428 in
2790 3371 3060 3427 desideria
3091 3381 3249 3427 terra:
3272 3385 3382 3424 sua:

1805 3469 2131 3536 retinendae,
2177 3468 2230 3525 id
2271 3476 2356 3522 est
2393 3467 2516 3522 ideo
2563 3465 2666 3521 hoc
2708 3462 3107 3533 facientyqnia
3152 3476 3251 3533 per
3280 3462 3383 3516 hoc

1805 3565 2073 3635 putabunt
2113 3576 2173 3617 se
2220 3562 2457 3617 retinere
2502 3558 2681 3615 locum
2730 3566 2785 3613 et
2825 3565 3209 3633 gentem,per
3239 3551 3382 3622 quod

1804 3657 1983 3729 potius
2012 3654 2320 3711 adntittent.
2354 3650 2452 3707 Vel
2499 3651 2579 3706 sic
2623 3667 2636 3704 :
2690 3649 2820 3704 Dico
2858 3665 2871 3702 :
2914 3644 3384 3701 Circumdederunt

1803 3767 1903 3804 me.
1931 3748 1998 3803 Et
2020 3755 2238 3819 propter
2266 3744 2371 3800 hoc
2399 3749 2708 3799 statuerunt
2734 3738 2919 3795 oculos
2947 3751 3075 3793 suos
3104 3734 3383 3790 declinare

1807 3843 1857 3896 in
1913 3850 2136 3895 terram.
2189 3835 2408 3892 Similes
2457 3834 2668 3890 scilicet
2714 3840 2873 3889 erunt
2914 3836 3137 3901 propter
3174 3835 3381 3881 tantam

1805 3931 2178 3989 Crudelitatem
2229 3941 2382 3983 suam
2430 3923 2634 3981 crudeli
2691 3921 2940 3986 cuilibet,
2997 3918 3089 3989 qui
3146 3915 3383 3983 aliquem

1808 4024 2000 4096 punire
2031 4021 2236 4075 faciens
2266 4026 2326 4073 ut
2350 4032 2477 4073 eum
2505 4029 2610 4070 non
2638 4012 2840 4077 videat,
2877 4008 3061 4065 oculos
3089 4008 3141 4062 in
3176 4014 3379 4061 terram

1808 4116 2083 4172 declinare
2112 4113 2295 4168 studet
2335 4128 2348 4164 :
2388 4123 2455 4163 ne
2488 4106 2630 4162 illius
2671 4101 2891 4160 miseria
2937 4108 3268 4163 commotus,
3303 4096 3384 4149 in—

1808 4207 2046 4277 dulgent.
2088 4203 2220 4259 Dico
2249 4220 2263 4255 :
2292 4198 2647 4268 Projicicntcs
2677 4209 2763 4249 me
2799 4189 3301 4251 circumdederunt,
3334 4194 3391 4239 et

1810 4298 1994 4354 multis
2016 4294 2193 4354 modis
2218 4291 2551 4356 afﬂixerunt;
2582 4298 2636 4343 ct
2667 4288 2769 4342 hoc
2803 4294 2983 4339 tamen
3014 4279 3255 4351 potentia
3289 4290 3385 4331 sua

1810 4391 1989 4445 facere
2016 4388 2378 4458 nequiverunt
2407 4399 2422 4438 :
2454 4382 2547 4438 sed
2578 4385 2913 4449 susceperunt
2945 4391 3025 4429 me
3066 4371 3324 4427 traditum
3353 4384 3383 4422 a

1739 4520 1783 4575 Β
1814 4483 1923 4538 Deo
1952 4482 2139 4543 Patre;
2190 4478 2330 4533 sicut
2359 4474 2487 4530 alibi
2519 4471 2755 4528 dicitur:
2791 4486 2810 4520 ι
2843 4464 3069 4575 Proprip
3109 4461 3389 4575 Filiojst'te

1813 4590 1920 4630 non
1953 4571 2197 4643 pepercit
2242 4569 2412 4630 Deus,
2445 4566 2538 4621 sed
2566 4578 2663 4634 pro
2693 4561 2852 4617 nobis
2889 4556 3141 4611 omnibus
3165 4551 3388 4608 tradidit

1817 4668 1964 4723 illum
1988 4664 2167 4733 (Rom.
2192 4676 2312 4723 vin,
2333 4658 2447 4725 52).
2484 4676 2503 4711 ι
2536 4656 2666 4711 Dico
2683 4658 3068 4721 susceperunt:
3094 4646 3393 4700 existentes

1816 4760 1947 4813 sicut
1974 4756 2051 4809 leo
2075 4750 2390 4825 paratus.ad
2430 4748 2663 4820 pra'dam
2684 4786 2700 4813 ,
2727 4753 2774 4799 ct
2803 4744 2935 4797 sicut
2974 4737 3178 4794 catulus
3206 4735 3390 4791 leonis.

1818 4850 1930 4906 Leo
1955 4856 2008 4903 ct
2037 4824 2251 4901 catulus
2272 4842 2414 4908 dico,
2438 4839 2680 4894 habitans
2703 4836 2754 4890 in
2776 4831 2989 4897 abditis,
3014 4828 3067 4884 id
3087 4836 3171 4885 est
3190 4824 3394 4882 similes

1820 4940 1960 4995 leoni
2008 4945 2268 5007 quantum
2320 4933 2388 4989 ad
2436 4931 2673 5002 majores
2698 4938 2752 4983 ct
2783 4924 3087 4996 principes;
3120 4928 3175 4975 et
3215 4916 3393 4973 catulo

1816 5033 2288 5101 leonis,quantutn
2313 5026 2379 5082 ad
2399 5025 2632 5096 plebem,
2653 5036 2773 5093 qua:
2799 5025 3051 5090 generata
3082 5024 3200 5070 crat
3219 5028 3248 5066 a
3274 5024 3390 5064 ma-

1813 5125 2026 5197 joribus
2059 5123 2111 5177 in
2138 5121 2241 5176 hac
2266 5117 2530 5188 nequitia,
2566 5115 2707 5169 sicut
2733 5109 2943 5166 catulus
2972 5124 3002 5163 a
3041 5107 3197 5163 leone
3234 5114 3396 5197 gene-

1820 5192 1995 5273 ratur.
2024 5214 2171 5270 Bene
2194 5227 2325 5267 vero
2355 5208 2527 5280 ponit,
2550 5215 2770 5276 paratus
2797 5205 2864 5257 αλ
2886 5200 3143 5271 prmdam,
3168 5206 3215 5249 et
3244 5192 3396 5246 habi-

1822 5319 1939 5363 tans
1982 5308 2036 5361 in
2065 5304 2277 5360 abditis.
2328 5300 2428 5371 Ipsi
2460 5298 2602 5352 enim
2642 5293 2889 5366 quamvis
2930 5291 3032 5345 hoc
3074 5302 3180 5342 non
3231 5281 3398 5353 quali-

1824 5412 2036 5468 cunque
2062 5395 2194 5450 hora
2223 5392 2419 5447 vellent
2461 5388 2640 5444 facere
2672 5390 2889 5455 possent
2914 5419 2930 5445 ,
2984 5378 3052 5433 ad
3084 5378 3186 5433 hoc
3214 5384 3394 5468 tamen

1827 5465 2042 5560 semper
2064 5487 2239 5556 parati
2267 5490 2441 5546 erant,
2469 5479 2677 5536 occulte
2709 5474 2830 5529 inde
2852 5470 3172 5539 cogitantes.
3200 5465 3390 5523 Osten-

1828 5583 1904 5637 sis
1960 5576 2116 5634 malis
2154 5573 2380 5629 meritis
2433 5583 2650 5630 eorum,
2711 5565 3022 5620 conccssivc
3078 5560 3145 5614 dc
3202 5567 3393 5613 eorum

1833 5671 2036 5727 ultione
2075 5666 2152 5721 sic
2178 5673 2260 5720 cst
2287 5680 2300 5717 :
2333 5658 2775 5729 Quandoquidem
2819 5655 2923 5710 hoc
2950 5662 3003 5709 ct
3032 5652 3133 5705 hoc
3166 5647 3397 5712 facient,

1834 5776 1911 5833 tu,
1943 5760 2189 5826 Domine,
2212 5758 2300 5828 qui
2334 5756 2600 5826 impotens
2629 5751 2680 5805 in
2706 5747 2991 5804 allliettone
3021 5756 3137 5799 mea
3175 5738 3398 5805 videris,
