3838 6328
517 291 623 349 695

1072 291 1133 345 S.
1175 274 1523 346 BRUNONIS
1559 287 2203 346 CARTIIUSIANORUM
2243 284 2734 343 INSTITUTORIS
2773 285 2926 341 OPP.
2969 286 3149 342 PARS
3186 288 3226 345 Ι.

515 423 757 478 exsurge,
803 407 857 460 id
896 421 980 461 esr
1026 413 1221 474 potens
1272 420 1492 477 appare.
1524 403 1595 460 Et
1628 404 1863 459 ostendit
1913 403 1967 457 in
1993 418 2102 473 quo
2128 407 2175 465 Α
2215 400 2605 456 varicationem
2637 398 2732 457 Dei
2762 400 3057 456 voluntatis
3078 409 3162 457 est
3181 400 3432 472 appetita.
3453 401 3734 475 thuotidt.

516 500 727 556 scilicet
751 516 763 550 :
796 496 1036 552 Prwveui
1060 515 1177 550 eum
1204 508 1250 550 et
1288 498 1568 567 supplauta
1592 511 1733 561 eum,
1759 494 1811 549 id
1839 504 1922 549 est
1944 495 2099 551 vince

511 606 636 646 eum
664 609 676 644 :
713 590 856 645 sicut
884 588 972 642 ille
1014 588 1183 643 vincit
1213 588 1304 658 qui
1352 590 1630 659 praevenit,
1659 599 1712 641 et
1738 588 1825 642 ille
1852 589 1942 652 qui
1972 601 2099 656 sup-

511 684 726 754 plantat
746 683 999 750 aliquem.
1027 681 1091 735 Et
1114 681 1217 736 hoc
1244 680 1443 751 duplici
1473 680 1828 736 similitudine
1851 680 2005 746 dicit,
2028 680 2096 734 ad

511 772 990 843 exaggerationem
1038 770 1262 827 sceleris
1305 786 1517 827 eorum.
1565 770 1622 825 In
1671 771 1807 836 hoc,
1853 770 2096 836 scilicet,

510 863 690 917 vince.
734 860 897 932 Eripe
932 862 1167 916 animam
1199 879 1397 928 meam,
1426 878 1548 932 quae
1578 862 1838 919 innocens
1876 872 1989 929 est,
2030 864 2095 918 ab

502 952 705 1027 impio,
749 953 801 1007 id
831 961 918 1008 est
952 969 984 1007 a
1017 953 1294 1009 voluntate
1331 953 1480 1024 impii
1523 951 1733 1008 Judaici
1774 953 1985 1024 populi,
2029 968 2096 1009 ne

511 1045 822 1099 detineatur
849 1045 902 1099 itt
930 1054 1125 1100 morte.
1149 1045 1401 1100 Animam
1424 1059 1600 1100 meam
1622 1046 1744 1102 dico
1773 1047 2094 1103 existentem

508 1129 768 1198 frameam
791 1140 938 1183 tuam
958 1170 973 1196 ,
1014 1144 1111 1199 per
1143 1128 1295 1198 cujus
1324 1131 1643 1185 descensum
1668 1131 1737 1185 ad
1768 1131 1974 1189 inferos
2001 1133 2095 1189 de-

506 1217 736 1273 bellabis
769 1218 1065 1273 diabolum.
1105 1219 1270 1286 Quasi
1312 1221 1458 1276 dicat
1487 1239 1499 1274 :
1530 1219 1693 1291 Eripe
1722 1236 1841 1276 eam
1871 1237 1994 1277 cum
2024 1224 2094 1279 sit

506 1308 717 1364 framea
752 1319 859 1377 tua,
888 1311 956 1366 ab
984 1310 1220 1368 inimicis
1251 1330 1445 1369 ntanus
1476 1323 1603 1377 tum,
1627 1312 1678 1366 id
1702 1323 1783 1368 est
1810 1330 1839 1368 a
1867 1313 2090 1383 Judaeis,

504 1402 597 1473 qui
641 1402 1001 1476 inimici“.
1039 1414 1166 1460 sunt
1211 1405 1376 1462 verbi
1431 1409 1505 1462 tui
1549 1410 1679 1464 mihi
1728 1394 2093 1479 personaliter

503 1493 641 1548 uniti
671 1510 684 1548 :
710 1495 854 1563 quod
882 1504 965 1550 est
991 1510 1187 1552 manus
1212 1506 1322 1561 tua,
1354 1513 1451 1567 per
1478 1514 1640 1569 quam
1662 1501 1845 1555 omnia
1872 1500 2086 1561 feciSti;

501 1586 646 1640 sicut
672 1586 800 1641 alibi
841 1586 1132 1643 Psaltnista
1166 1608 1180 1645 :
1220 1608 1238 1641 ι
1279 1590 1459 1646 Verbo
1492 1592 1704 1647 Domini
1741 1592 1864 1649 creti
1888 1591 2090 1647 ﬁrmati

500 1685 630 1731 sunt
656 1675 831 1747 (l’sal.
857 1693 1029 1743 χχιιι,
1060 1679 1139 1749 6).
1175 1699 1194 1733 ι
1230 1680 1297 1736 Et
1325 1696 1430 1737 non
1460 1681 1633 1737 solum
1666 1698 1752 1739 me
1780 1684 1848 1737 ab
1876 1683 1957 1738 eis
1983 1683 2092 1738 eri—

2202 493 2365 547 ctiatn
2389 494 2456 547 ab
2482 492 2659 562 impiis
2685 507 2783 561 per
2806 508 2968 562 Opera
2994 491 3136 547 mala
3157 495 3444 563 appetitur.
3477 495 3614 553 Sicut
3631 517 3734 560 vero

2205 583 2370 638 David
2392 599 2421 637 a
2446 583 2607 639 Saule
2631 585 2682 638 in
2707 584 2876 654 ipsius
2898 598 3030 639 nece
3054 584 3315 640 liberatus
3339 597 3420 640 est
3438 606 3451 642 :
3469 587 3544 643 sic
3559 591 3737 651 ethri-

2201 688 2317 732 stus
2356 693 2387 732 a
2434 688 2607 732 morte
2636 678 2688 732 in
2716 679 3122 733 resurrectione
3150 679 3268 748 ipsa
3302 690 3473 736 morte
3500 683 3735 741 destructa

2198 778 2418 839 ereptus
2445 779 2547 825 est.
2577 770 2683 825 Per
2705 770 2842 825 alios
2864 786 2991 827 vero
3017 771 3269 827 inimicos
3299 770 3464 826 David
3493 772 3736 833 Judaosct

2198 857 2472 915 Romanos
2494 860 2693 916 milites
2712 860 2991 916 Christum
3025 873 3415 932 persequentes
3437 865 3738 934 intelligimus

2199 963 2228 1002 a
2244 948 2440 1018 quibus
2454 950 2707 1005 omnibus
2725 951 2777 1004 in
2795 952 3198 1007 resurrectione.
3210 952 3464 1009 liberatus
3483 965 3576 1010 est.
3591 955 3739 1013 Potest

2197 1049 2252 1094 et
2274 1040 2375 1094 hoc
2393 1049 2562 1096 totum
2583 1042 2649 1095 ad
2667 1041 2968 1098 Ecclesiam
2993 1042 3184 1098 referri
3204 1062 3217 1097 :
3236 1054 3293 1099 ut
3307 1059 3404 1114 per
3421 1045 3577 1100 David
3590 1047 3739 1104 Eccle-

2195 1132 2330 1188 siam
2354 1148 2474 1203 qua
2524 1150 2688 1189 manu
2722 1135 2878 1191 fortis
2905 1146 2990 1193 est
3023 1155 3037 1192 :
3079 1152 3177 1208 per
3205 1137 3426 1194 Saulem
3452 1154 3573 1195 vero
3604 1139 3738 1198 David

2195 1234 2603 1293 persecutorum
2626 1226 2820 1283 ducem
2842 1228 3247 1299 diabolum,qui
3270 1230 3509 1286 omnium
3524 1231 3738 1289 Ecclesia

2194 1324 2607 1382 persecutorum
2642 1326 2803 1386 caput
2831 1327 2935 1372 est.
2966 1318 3073 1373 Per
3099 1327 3329 1375 caeteros
3360 1322 3568 1389 quidem
3592 1322 3738 1378 inimi-

2196 1417 2290 1457 cos
2320 1401 2510 1469 David,
2543 1404 2783 1460 visibiles
2812 1405 3068 1463 Ecclesiae
3104 1417 3507 1478 persecutores,
3536 1411 3618 1479 qui
3642 1411 3739 1465 dia-

2195 1492 2301 1546 boli
2327 1497 2571 1549 membra
2601 1505 2763 1563 sunt,
2797 1496 3167 1569 intelligamus
3202 1513 3217 1553 :
3252 1514 3283 1554 a
3312 1498 3507 1570 quibus
3530 1502 3738 1556 omnibus
3766 1524 3767 1527 η

2194 1582 2437 1640 Ecclesia
2476 1588 2776 1641 secundum
2804 1588 3042 1643 animam
3068 1591 3182 1660 jam
3215 1590 3445 1646 liberata
3472 1601 3579 1655 est,
3604 1608 3660 1647 ne
3682 1595 3736 1648 ab

2194 1674 2274 1730 eis
2315 1674 2526 1731 scilicet
2565 1677 2964 1747 incorporetur.
3004 1678 3061 1733 In
3092 1678 3277 1734 futuro
3307 1688 3484 1734 autent
3516 1682 3660 1735 etiam
3686 1682 3738 1735 sb

496 1770 640 1841 pias,
662 1773 946 1829 seddivide
974 1791 1080 1831 εοε,
1109 1774 1197 1842 Er,
1228 1791 1295 1831 ηρ
1327 1776 1721 1847 intelligeretur
1743 1780 1809 1833 de
1829 1778 2091 1832 divisione
2126 1756 2167 1811 Β
2194 1782 2382 1823 eorum
2423 1770 2898 1838 persecutionibus
2935 1771 3219 1841 eripietur.
3246 1771 3458 1829 Titulus
3488 1784 3649 1829 autem
3676 1777 3738 1830 sic

499 1863 590 1917 illa
630 1879 751 1933 qua:
791 1864 972 1919 futura
1008 1874 1093 1920 est
1132 1866 1186 1921 itt
1217 1867 1305 1922 die
1331 1867 1520 1935 judicii
1549 1908 1564 1934 ,
1608 1868 1825 1938 quando
1867 1882 2088 1937 separa-

498 1954 706 2010 buntur
746 1971 880 2013 oves
910 1958 979 2013 ab
1017 1958 1187 2014 ltwdis
1224 1958 1442 2015 (Manli.
1472 1976 1610 2025 xxv,
1640 1960 1764 2031 52),
1789 1960 1938 2016 addit
1971 1978 1985 2013 :
2025 1958 2093 2014 In

497 2049 604 2101 vita
630 2064 809 2103 eorum
831 2089 847 2116 ,
876 2050 929 2105 id
951 2060 1034 2106 est
1053 2091 1067 2114 ,
1103 2053 1156 2106 in
1183 2052 1289 2109 hac
1317 2053 1425 2108 vita
1464 2054 1643 2109 divide
1671 2069 1764 2108 eos
1793 2068 1890 2121 per
1921 2061 2090 2107 totum

498 2141 784 2206 mundum,
808 2152 1088 2212 separatos
1112 2162 1144 2199 a
1165 2147 1346 2214 paucis
1378 2146 1625 2203 ﬁdelibus
1645 2188 1660 2213 ,
1694 2149 1786 2216 qui
1811 2148 1877 2203 de
1902 2162 2091 2204 eorum

499 2232 761 2302 progenie
804 2235 1014 2289 suntin
1056 2234 1358 2293 Jerusalem
1402 2256 1414 2293 :
1457 2239 1653 2309 quibus
1691 2240 1896 2295 dictum
1938 2249 2021 2295 est
2060 2255 2091 2295 a

497 2320 736 2391 Spiritu,
768 2332 828 2379 ut
871 2325 1193 2382 transferret
1232 2344 1292 2384 se
1339 2330 1392 2384 iit
1435 2346 1657 2399 regnum
1696 2331 1975 2401 Agrippae,
2023 2347 2092 2389 ne

496 2411 866 2485 aliligerentur
922 2414 1209 2472 aﬂlictione
1258 2418 1554 2474 obsidionis
1599 2418 2086 2491 Jerosolymitala'.

496 2502 565 2558 Et
594 2504 789 2560 merito
820 2505 1067 2562 divides:
1095 2523 1218 2563 nam
1237 2520 1411 2565 venter
1431 2527 1634 2575 eorum,
1660 2512 1713 2566 id
1740 2521 1826 2567 est
1856 2513 2097 2567 carnalis’

495 2593 745 2652 Voluntas
773 2610 985 2663 eorum,
1023 2598 1339 2667 adimpletus
1367 2612 1466 2667 est,
1493 2601 1545 2657 id
1571 2611 1655 2658 est
1679 2617 1868 2659 eorum
1901 2604 2089 2660 volun-

496 2686 594 2739 tati
624 2685 971 2742 satisfactum
1005 2697 1127 2752 est;
1142 2690 1205 2744 de
1234 2692 1554 2747 absconditis
1583 2694 1709 2759 tuis,
1749 2693 1801 2749 id
1839 2704 1922 2749 est
1950 2696 2089 2750 mul-

494 2786 609 2831 tum
637 2779 949 2850 gaudebunt
973 2780 1039 2836 de
1064 2781 1506 2839 tribulationibus
1527 2794 1582 2840 et
1604 2795 1776 2840 morte
1798 2801 1940 2851 mea,
1966 2802 2088 2856 quae

492 2869 797 2936 procedunt
821 2869 889 2925 de
918 2870 1251 2926 absconditis
1271 2872 1494 2943 judiciis
1514 2875 1642 2940 tuis,
1671 2891 1777 2931 non
1806 2876 1872 2931 de
1895 2891 2083 2932 eorum

491 2957 758 3024 potentia.
799 2958 868 3013 Et
906 2974 1015 3015 non
1044 2960 1220 3016 solum
1268 2963 1547 3035 adimpleti
1585 2974 1745 3031 sunt,
1785 2968 1880 3022 sed
1917 2969 2083 3024 etiam

489 3050 722 3104 saturati
746 3060 871 3105 sunt
898 3051 1049 3120 ﬁliis,
1084 3052 1133 3107 id
1160 3063 1245 3109 est
1278 3054 1344 3110 ad
1376 3056 1578 3112 malum
1608 3060 1914 3130 exempium
1948 3063 2082 3118 filio-

492 3154 611 3194 rum
639 3158 651 3195 :
685 3149 740 3193 ut
770 3140 897 3195 inde
926 3141 1017 3196 ﬁlii
1050 3144 1140 3213 qui
1175 3147 1413 3201 nondum
1444 3148 1555 3203 nati
1584 3157 1711 3204 sunt
1738 3160 2073 3219 saturentur,

490 3230 545 3284 id
571 3240 657 3285 est
681 3231 1020 3288 delectentur
1047 3235 1190 3290 malo
1212 3238 1459 3308 exemplo
1489 3254 1699 3296 eorum.
1751 3242 1817 3298 Et
1843 3261 1947 3299 non
1978 3246 2078 3302 soli

494 3330 681 3392 patres
709 3324 1113 3381 damnabantur
1144 3346 1157 3384 :
1189 3328 1284 3385 sed
1313 3331 1476 3385 etiam
1504 3333 1790 3388 diviserunt
1827 3335 2078 3407 reliquias

486 3427 643 3476 suas,
688 3412 742 3465 id
782 3423 866 3468 est
912 3414 1173 3470 ultionem
1213 3432 1331 3487 quae
1360 3420 1441 3475 eis
1478 3436 1576 3489 pro
1612 3425 1948 3480 saturatione
1989 3427 2075 3481 illa

490 3501 903 3571 relinquebatur
928 3521 959 3559 a
991 3505 1123 3571 Deo,
1150 3509 1383 3577 parvulis
1415 3512 1549 3576 suis,
1580 3513 1860 3570 dicentes:
1891 3536 1908 3568 ι
1940 3516 2079 3573 San-

488 3592 614 3662 guis
655 3592 774 3661 ejus
810 3611 975 3664 super
1009 3612 1108 3653 nos
1135 3609 1189 3653 et
1217 3615 1380 3670 super
1409 3601 1550 3658 ﬁlios
1599 3616 1816 3661 nostros
1855 3607 2073 3676 (Manli.

480 3696 657 3743 axvn,
690 3681 805 3751 25).
850 3704 870 3737 ›
913 3684 1106 3742 Postea
1148 3703 1215 3743 ex
1257 3689 1543 3748 all'ectione
1578 3695 1741 3749 nimia
1782 3696 1909 3753 facit
1941 3715 2076 3769 apo~

485 3774 748 3842 strophen
776 3776 841 3830 ad
869 3776 1037 3831 Deum
1074 3797 1088 3833 :
1123 3780 1203 3835 sic
1233 3782 1333 3851 ipsi
1369 3799 1469 3855 pro
1501 3788 1713 3842 meritis
1741 3789 2070 3847 dividentur.

488 3858 604 3931 Ego
654 3873 863 3930 autem,
905 3868 996 3938 qui
1030 3871 1191 3926 modo
1232 3872 1355 3929 vilis
1401 3879 1714 3948 conspectui
1763 3880 2073 3938 Iudaeorum

486 3968 745 4035 appareo,
776 3960 1037 4026 apparebo
1061 3960 1321 4031 gloriosus
1361 3970 1660 4036 conspectui
1689 3980 1780 4024 tuo
1813 3988 2073 4041 prmsens,

483 4058 605 4100 cum
635 4045 689 4099 in
712 4047 910 4103 caelum
941 4053 1258 4108 ascendero.
1292 4055 1359 4111 Et
1390 4056 1444 4112 in
1471 4061 1577 4115 line
1598 4061 1778 4116 smculi
1812 4064 2072 4130 satialmr,

480 4135 535 4191 id
558 4144 642 4192 est
669 4150 735 4191 ex
764 4146 876 4194 toto
907 4139 1088 4196 laetitia
1124 4144 1390 4214 replelor,
1420 4164 1537 4202 cum
1567 4153 1868 4218 apparuerit
1902 4154 2074 4224 gloria

479 4239 573 4284 tua
601 4230 654 4285 in
680 4233 816 4288 meis
845 4233 937 4303 qui
971 4235 1130 4290 modo
1152 4236 1286 4293 viles
1308 4248 1455 4304 sunt,
1488 4240 1539 4297 id
1567 4252 1651 4296 est
1674 4246 2074 4302 mternabeati-

480 4323 611 4377 tudo
648 4338 678 4377 a
713 4333 767 4380 te
801 4325 1006 4392 danda;
1031 4325 1187 4395 juxta
1222 4328 1351 4385 illud
1390 4331 1630 4401 Apostoli
1662 4351 1676 4388 :
1715 4354 1732 4385 ι
1761 4334 1893 4391 Cum
1918 4337 2073 4393 Citri-

2194 1858 2510 1927 exponitur.
2561 1856 2728 1914 Verba
2758 1862 2953 1916 cantici
2980 1862 3165 1932 hujus,
3196 1864 3248 1918 id
3281 1876 3365 1920 est
3405 1866 3735 1921 delectationis

2194 1950 2491 2020 apiritnalis
2515 1968 2529 2005 :
2555 1951 2714 2021 hujus
2742 1968 2849 2007 non
2876 1962 2958 2008 est
2980 1955 3215 2023 positum
3244 1957 3313 2010 ad
3339 1956 3729 2027 designationem

2193 2050 2519 2114 praesentire,
2550 2046 2645 2100 sed
2672 2046 2992 2117 dignitatis:
3024 2057 3082 2102 ut
3111 2049 3366 2116 superius
3389 2050 3581 2104 dictum
3604 2050 3734 2103 estin

2193 2136 2301 2191 alio
2345 2138 2575 2207 psalmo.
2626 2136 2737 2208 Ipsi
2792 2138 2963 2192 David
3012 2136 3260 2193 Psalmus
3304 2154 3325 2192 :
3375 2139 3523 2211 quasi
3571 2140 3733 2194 dicat:

2194 2228 2368 2284 Verba
2404 2228 2506 2284 ista
2536 2244 2659 2283 cum
2689 2228 2954 2299 spirituali
2979 2228 3343 2286 delectatione
3368 2231 3586 2301 prolata,
3609 2232 3735 2285 attri-

2191 2319 2406 2374 buenda
2438 2330 2565 2376 sunt
2598 2321 2785 2376 David.
2814 2321 2879 2376 Et
2901 2322 3232 2377 determinat
3259 2324 3345 2378 cui
3373 2324 3551 2387 David,
3570 2324 3734 2378 scilicet

2194 2409 2362 2464 David
2386 2429 2570 2481 puero,
2603 2412 2653 2466 id
2687 2422 2772 2467 est
2802 2427 2961 2468 servo
2992 2413 3229 2477 Domini,
3263 2417 3493 2470 tendenti
3519 2418 3567 2469 in
3589 2419 3736 2485 ﬁnem,

2193 2500 2244 2556 id
2268 2512 2350 2557 est
2376 2501 2429 2556 in
2452 2501 2843 2571 perfectionem
2867 2513 2924 2558 et
2946 2507 3496 2561 consummationem.
3523 2507 3653 2574 Quod
3671 2519 3736 2560 est

2188 2591 2371 2649 dicere
2409 2612 2422 2647 :
2472 2594 2574 2661 Qui
2618 2593 2860 2663 perfecte
2897 2595 3001 2650 fuit
3037 2596 3302 2653 obediens
3336 2598 3580 2663 Domino;
3621 2598 3735 2667 quod

2190 2682 2369 2738 nullus
2400 2682 2537 2739 alius
2567 2693 2688 2754 post
2725 2700 2846 2738 eum
2891 2683 3014 2739 fuit.
3062 2684 3195 2753 Quae
3236 2689 3405 2743 verba
3453 2687 3645 2742 locutus
3669 2697 3734 2741 est

2188 2774 2438 2841 Domino,
2465 2775 2515 2829 id
2548 2783 2632 2829 est
2656 2775 2722 2829 ad
2752 2777 3012 2830 honorem
3039 2776 3252 2833 Domini
3285 2797 3299 2833 :
3331 2779 3523 2849 partim
3549 2778 3734 2847 loqui-as

2188 2866 2257 2920 ad
2290 2880 2411 2920 eum
2441 2872 2498 2919 ut
2522 2864 2588 2918 ad
2612 2866 2906 2920 secundam
2935 2881 3225 2935 personam
3253 2886 3267 2921 :
3297 2868 3491 2938 partim
3517 2867 3660 2921 etiam
3682 2866 3734 2917 ad

2188 2955 2430 3009 membra
2467 2969 2560 3009 sua
2596 2954 2911 3009 instruenda
2949 2956 3018 3009 ad
3068 2955 3240 3025 ipsius
3289 2956 3562 3011 honorem.
3598 2954 3733 3008 David

2186 3060 2285 3115 pro
2310 3043 2517 3112 judicio
2554 3044 2727 3113 posito
2763 3045 2818 3099 in
2851 3046 2966 3112 die,
3001 3046 3051 3100 id
3090 3055 3174 3102 est
3205 3047 3258 3101 iit
3292 3062 3386 3116 spe
3407 3047 3537 3106 diei.
3574 3044 3665 3117 45
3693 3046 3732 3097 in

2186 3153 2292 3207 qua
2312 3137 2398 3192 die
2422 3137 2619 3208 eripuit
2640 3152 2762 3192 eum
2782 3136 3063 3204 Dominus,
3088 3138 3138 3193 id
3167 3140 3332 3193 estin
3356 3154 3452 3209 spe
3474 3138 3570 3193 diei
3594 3152 3730 3191 resur-

2183 3229 2459 3295 rectionis,
2494 3228 2545 3284 in
2569 3244 2675 3299 qua
2712 3230 2909 3299 eripiet
2931 3230 3192 3287 Dominus
3216 3243 3269 3287 ct
3301 3233 3506 3301 ipsum.
3528 3242 3731 3287 ctmeut-

2181 3318 2281 3373 bra
2312 3319 2483 3389 ipsius
2530 3321 2595 3375 de
2642 3336 2831 3387 manu,
2878 3323 2929 3376 id
2973 3332 3059 3378 est
3100 3324 3167 3378 de
3215 3333 3491 3394 potestate
3532 3322 3732 3378 omnium

2183 3412 2524 3466 inimicorum
2561 3426 2803 3477 suorum,
2850 3414 2905 3468 id
2943 3424 3027 3469 est
3075 3414 3393 3471 Iudaeorum
3437 3425 3487 3471 et
3535 3414 3730 3470 militum

2183 3503 2573 3570 Romanorum,
2608 3514 2872 3576 quantum
2899 3507 2967 3560 ad
2994 3509 3167 3577 ipsum
3194 3525 3207 3562 :
3242 3518 3299 3563 et
3327 3507 3560 3563 omnium
3581 3520 3733 3576 persc-

2181 3607 2429 3652 cutorutn
2459 3598 2745 3663 Ecclesiae,
2776 3608 3039 3670 quantum
3072 3600 3138 3655 ad
3171 3601 3421 3655 membra
3453 3599 3580 3666 ejus.
3607 3596 3661 3651 Et
3681 3594 3733 3648 tle

2183 3703 2345 3741 manu
2377 3688 2504 3743 Saul
2527 3730 2541 3753 ,
2575 3689 2624 3742 id
2656 3698 2738 3744 est
2764 3690 2953 3743 mortis
2986 3699 3248 3759 quantum
3279 3692 3352 3746 ad
3387 3691 3570 3763 ipsum.
3601 3686 3730 3743 Juxta

2181 3779 2312 3834 illttd
2354 3782 2713 3850 apostolicum
2743 3800 2755 3834 :
2796 3799 2816 3833 ι
2849 3780 3104 3838 Christus
3132 3798 3427 3854 resurgens
3453 3800 3515 3837 ex
3540 3781 3730 3836 mortuis

2173 3872 2287 3943 jam
2327 3889 2434 3928 non
2473 3875 2703 3928 moritur
2732 3873 2905 3944 (llam.
2951 3890 3025 3938 vt,
3058 3874 3134 3943 9).
3177 3893 3195 3926 ι
3238 3875 3309 3930 Et
3344 3877 3411 3931 dc
3440 3891 3589 3930 manu
3624 3870 3730 3927 Saul

2180 3976 2443 4035 quantum
2487 3968 2555 4021 ad
2600 3966 2870 4029 membra,
2906 3966 2957 4020 id
2988 3975 3072 4020 est
3112 3968 3178 4021 de
3219 3983 3385 4022 ntanu
3426 3964 3634 4029 diaboli,
3676 3976 3732 4014 ne

2181 4056 2412 4126 amplius
2441 4065 2769 4126 potestatein
2798 4057 2997 4112 habeat
3022 4073 3119 4113 cos
3143 4059 3437 4114 damnandi
3464 4073 3553 4129 per
3576 4068 3730 4127 pecca-

2181 4157 2292 4202 tum
2333 4150 2618 4220 originale.
2666 4148 2826 4204 Juxta
2876 4150 3004 4205 illud
3052 4150 3330 4222 Evangelii
3382 4170 3394 4206 :
3444 4170 3461 4203 ι
3507 4149 3728 4214 Princeps

2180 4240 2340 4310 hujus
2364 4242 2548 4296 mundi
2578 4242 2830 4312 ejicietur
2861 4242 3010 4297 foras
3037 4241 3220 4313 (Joan.
3253 4260 3352 4309 xu,
3386 4243 3496 4314 3i).
3532 4262 3551 4295 ι
3584 4241 3637 4295 Et
3660 4246 3728 4292 est

2180 4331 2296 4385 hinc
2325 4346 2426 4386 vox
2471 4331 2665 4402 capitis
2708 4332 2761 4386 in
2807 4331 2997 4402 primis
3040 4348 3138 4402 pro
3169 4332 3495 4388 liberatione
3531 4331 3605 4385 sui
3638 4328 3726 4380 Deo

477 4418 602 4466 stus
633 4416 947 4483 apparuerit
974 4418 1080 4472 vita
1110 4429 1320 4483 vestra,
1357 4429 1484 4476 tunc
1524 4432 1579 4477 et
1610 4438 1704 4480 vos
1744 4427 2073 4496 apparebitis
2108 4462 2150 4517 υ
2179 4421 2381 4491 gratias
2410 4421 2622 4492 agentis
2648 4463 2662 4487 ,
2703 4431 2888 4491 postea
2928 4437 3058 4477 vero
3095 4438 3154 4478 se
3201 4439 3231 4477 a
3280 4425 3391 4479 Deo
3429 4418 3723 4517 liberandum

476 4518 602 4559 cum
639 4505 753 4576 ipso
780 4508 838 4563 in
858 4508 1026 4580 gloria
1057 4509 1279 4581 (Coloss.
1310 4528 1390 4580 ιιι,
1414 4513 1490 4584 4).
1530 4534 1550 4567 ι

938 4600 1007 4654 ΙΝ
1062 4602 1394 4661 PSALMUM
1443 4604 1604 4661 XVII.

548 4683 760 4742 Titulus
791 4690 930 4745 εωιιὶ
959 4692 1256 4749 decimi:ln
1284 4696 1445 4752 linem
1473 4715 1641 4769 puero
1662 4701 1870 4757 Domini
1898 4703 2063 4760 David

474 4776 566 4848 qui
597 4776 809 4833 locutus
844 4791 929 4836 est
959 4783 1188 4840 Domino
1218 4789 1382 4844 verba
1428 4792 1627 4846 catttici
1660 4792 1852 4861 hujus,
1889 4795 1940 4850 in
1974 4796 2062 4851 die

474 4882 581 4937 qua
608 4868 808 4940 eripuit
836 4886 960 4927 cum
1000 4872 1261 4931 Dominus
1297 4876 1364 4933 de
1403 4895 1564 4935 ntauu
1605 4885 1847 4938 omniunt
1877 4886 2059 4941 inimi-

473 4975 661 5014 corum
694 4976 915 5017 suornm
935 5004 951 5029 ,
993 4974 1048 5020 et
1077 4967 1143 5021 de
1171 4984 1331 5024 manu
1368 4971 1517 5027 Saul.
1550 4974 1757 5030 Dicitur
1784 4993 1813 5031 a
1841 4980 2051 5047 quibus-

471 5052 599 5123 dam
632 5052 824 5110 titulus
863 5054 964 5110 iste
994 5056 1213 5113 mittere
1253 5076 1352 5116 t.os
1394 5063 1460 5115 ad
1502 5064 1784 5120 historiam
1827 5069 1970 5124 illam
2005 5071 2056 5124 in

468 5158 577 5214 qua
608 5155 865 5201 narratur
896 5147 1065 5203 David
1094 5166 1122 5202 a
1154 5154 1527 5218 persecutione
1557 5156 1754 5224 Saulis,
1791 5162 2058 5216 omnium-

467 5249 575 5302 que
604 5234 835 5292 aliorum
859 5237 1203 5294 inimicorum
1226 5255 1447 5297 suorum
1470 5254 1590 5313 post
1617 5256 1845 5305 mortem
1877 5250 2057 5307 Saulis

470 5323 638 5380 fuisse
687 5325 1010 5396 liberatum,
1043 5330 1185 5399 quod
1216 5332 1282 5385 ad
1332 5333 1543 5387 Domini
1590 5335 1815 5408 figurant
1856 5340 2053 5396 factum

467 5430 589 5471 esse
618 5427 829 5473 eertum
880 5429 984 5475 est.
1032 5420 1136 5476 Pcr
1182 5420 1399 5476 Saulcm
1453 5424 1621 5490 enim,
1670 5429 1760 5497 qui
1793 5432 2053 5500 appetitus

468 5504 818 5575 interpretari
880 5510 1099 5577 dicitur,
1160 5527 1307 5567 mors
1359 5514 1659 5570 rcctissnnc
1715 5518 2047 5590 designatur.

468 5594 733 5661 Quoniam
762 5600 902 5654 sicut
929 5599 1055 5656 Saul
1089 5614 1274 5658 contra
1310 5604 1399 5657 Dei
1436 5604 1763 5663 voluntatem
1794 5627 1823 5663 a
1850 5610 2050 5667 Jttdwis

465 5696 551 5743 est
579 5693 851 5760 appetitus
875 5714 886 5749 :
919 5697 994 5755 ita
1022 5708 1072 5754 et
1102 5715 1246 5765 mors
1270 5704 1337 5759 ab
1360 5702 1528 5760 Adam
1559 5716 1613 5761 et
1642 5703 1749 5759 Eva
1781 5723 1877 5777 per
1905 5724 2040 5778 prac-

2176 4527 2297 4567 esse
2348 4511 2673 4577 referentis,
2720 4522 2779 4567 ut
2822 4522 2878 4566 et
2927 4512 3192 4569 membris
3239 4528 3339 4583 per
3386 4528 3443 4567 se
3472 4506 3725 4567 liberandis

2177 4619 2325 4673 spem
2374 4603 2688 4659 salvationis
2734 4604 2968 4672 ingerat.
3018 4602 3271 4659 Ostendit
3317 4605 3481 4660 etiam
3526 4602 3587 4657 ad
3622 4597 3721 4653 ﬁdei

2175 4696 2541 4750 membrorum
2589 4695 3038 4761 instructionem,
3074 4704 3126 4750 et
3158 4697 3225 4751 ad
3265 4698 3584 4752 reddendam
3624 4703 3720 4761 gra-

2173 4788 2367 4841 tiarum
2399 4788 2692 4851 actionem,
2744 4804 2865 4858 qua:
2896 4789 3180 4842 commoda
3214 4788 3280 4843 dc
3312 4788 3479 4858 ipsius
3504 4794 3656 4839 morte
3676 4786 3720 4832 et

2166 4876 2487 4934 liberatione
2515 4879 2829 4950 contingere
2855 4880 3106 4933 debeant.
3135 4880 3199 4934 Et
3230 4882 3330 4935 hoc
3357 4881 3435 4934 sic
3463 4877 3591 4932 dicit
3619 4892 3630 4926 :

2239 4969 2465 5040 Diligam
2486 4980 2557 5037 te,
2590 4969 2828 5036 Domine,
2860 4972 2910 5026 id
2933 4981 3018 5026 est
3043 4988 3163 5027 cum
3196 4973 3355 5027 modo
3375 4981 3496 5025 ante
3520 4976 3714 5022 mortem

2167 5071 2216 5115 te
2252 5061 2490 5134 diligam,
2519 5073 2571 5117 ct
2595 5062 2866 5135 diligendo
2910 5065 3003 5119 tibi
3040 5081 3207 5134 usque
3234 5067 3300 5118 ad
3347 5075 3565 5119 mortem
3609 5059 3715 5112 obe-

2161 5152 2304 5207 diant
2333 5171 2346 5207 ι
2378 5161 2498 5223 post
2529 5155 2949 5209 resurectioncm
2981 5170 3104 5210 cuin
3147 5155 3291 5209 nulla
3329 5155 3456 5208 tttilti
3492 5149 3714 5207 obedien-

2164 5246 2234 5299 tia
2268 5245 2516 5311 restabit,
2545 5245 2735 5301 saltem
2761 5246 2977 5316 diligam
3004 5256 3072 5300 te.
3092 5247 3158 5301 Et
3178 5247 3228 5300 in
3253 5248 3351 5300 hoc
3379 5244 3571 5299 innuit:
3597 5253 3710 5309 quo-

2164 5337 2307 5391 niam
2345 5347 2400 5393 et
2431 5338 2636 5394 sanctis
2670 5340 2721 5393 in
2763 5338 2944 5392 futuro
2974 5339 3373 5393 immortalitate
3397 5342 3628 5403 suscepta
3650 5326 3710 5383 nil

2162 5431 2389 5485 restabit
2440 5431 2543 5486 nisi
2607 5432 2824 5486 dilectio
2882 5431 3015 5485 sola.
3061 5430 3219 5484 Juxta
3281 5430 3406 5485 illttd
3453 5422 3704 5497 Apostoli:

2164 5543 2180 5573 ι
2202 5522 2328 5577 Sive
2340 5523 2634 5593 prophetiae
2649 5524 2961 5579 evacuabun
2973 5534 3078 5589 tttr,
3092 5526 3204 5579 sive
3222 5523 3411 5593 lingum
3427 5518 3704 5577 cessabunt,

2156 5618 2396 5671 charitas
2422 5633 2695 5688 nunquam
2728 5618 2929 5673 excidit
2958 5618 3007 5690 (1
3035 5617 3157 5673 Cor.
3187 5634 3305 5671 xm.
3334 5616 3410 5681 8).
3440 5633 3457 5664 ι
3502 5611 3563 5666 Et
3590 5620 3704 5674 Dm?”

2160 5710 2325 5763 tcna’i:
2354 5726 2575 5766 causam
2605 5710 2928 5779 dilectionis,
2967 5712 3079 5767 sic:
3110 5711 3260 5767 Adeo
3289 5707 3497 5780 diligant
3532 5713 3575 5756 te
3597 5698 3701 5772 quia
