3864 6320
105 364 186 420 697
1003 355 1363 413 EXPOSITIO
1399 356 1468 413 IN
1508 356 1845 414 PSALHOS.
1890 390 1958 400 -—
1990 357 2181 413 PSAL.
2226 358 2363 413 XVII

3225 363 3335 420 698

106 493 153 531 es
176 470 409 537 fortitudo
440 486 560 524 mea
590 486 604 524 :
639 477 691 523 et
723 468 773 523 in
798 483 882 523 me
906 476 959 523 et
984 468 1035 521 in
1066 469 1343 533 membris,
1372 469 1421 522 id
1451 475 1532 522 est
1555 480 1651 537 per
1678 471 1724 525 Α
1750 448 1927 525 cundti
1940 485 1990 523 ιιι
2050 468 2364 522 inferiorem
2422 474 2667 522 naturam
2686 509 2699 531 ,
2752 470 3045 527 secundum
3106 489 3327 531 carnem

105 582 236 639 quem
257 579 347 633 ego
381 573 436 618 et
467 563 572 618 mei
607 562 771 619 fortes
793 577 997 617 sumus.
1031 559 1097 614 Et
1118 562 1339 630 exponit
1372 560 1641 630 quomodo

106 660 162 712 sit
187 654 429 709 fortitudo
470 670 565 708 sua
608 663 867 724 quantum
909 652 961 707 in
1007 668 1107 707 se:
1156 653 1360 707 faciens
1397 660 1642 722 apostro-

103 751 219 819 plteu
256 744 315 798 ad
345 743 585 798 membra
615 751 672 797 ιιι
711 745 791 800 eis
833 743 989 797 ﬁdem
1035 751 1089 797 et
1132 759 1281 813 spem
1329 742 1641 798 salvationis

102 837 257 899 addat,
282 836 388 888 sic:
425 834 621 889 Verum
641 833 784 900 dico,
810 833 1104 899 auditores,
1134 848 1256 887 eum
1286 848 1407 887 esse
1428 831 1640 886 fortituo

99 932 252 985 dinetu
292 942 460 981 meam
496 945 510 981 :
555 928 668 998 ipse
703 930 846 981 enim
889 938 972 982 est
1007 928 1394 996 ﬁrmamentum
1444 941 1639 991 meum,

102 1024 232 1077 ilest
258 1019 618 1075 fulcimentum
650 1035 718 1074 ne
744 1020 993 1074 excidam
1038 1037 1067 1073 ει
1104 1020 1397 1074 sanctitate
1424 1034 1540 1072 mea
1566 1035 1578 1073 :
1609 1036 1638 1072 a

99 1112 412 1168 similitudine
432 1113 624 1167 domus
643 1126 764 1182 qum
785 1111 1054 1167 columnis
1070 1111 1291 1167 fulcitur
1313 1129 1379 1168 ne
1396 1126 1637 1173 corruat.

101 1204 154 1258 Et
190 1205 431 1274 refugium
480 1220 671 1268 meum,
729 1204 780 1258 id
822 1212 906 1259 est
961 1205 1247 1271 securitas,
1296 1222 1365 1261 ne
1401 1219 1637 1263 metuam

100 1296 301 1367 hostium
326 1294 596 1349 incursum
623 1309 638 1347 :
670 1310 699 1349 a
732 1295 1085 1350 similitudine
1115 1297 1333 1351 munita:
1361 1300 1543 1363 turris,
1569 1301 1637 1354 ad

97 1403 230 1457 quam
259 1386 517 1457 persecuti
557 1388 876 1463 cqnl’ugiunt
904 1397 961 1442 ut
1002 1388 1178 1442 securi
1227 1390 1356 1444 sint.
1396 1389 1461 1442 Et
1508 1391 1637 1445 tibe-

98 1491 215 1532 rator
233 1494 389 1541 mens,
420 1495 485 1532 ne
512 1478 580 1533 ab
620 1479 852 1533 inimicis
889 1479 1223 1548 incorporcr.
1272 1488 1336 1536 Et
1378 1484 1491 1553 ipse
1524 1483 1639 1537 cxi-

97 1585 219 1627 stens
241 1572 395 1634 Deus,
428 1572 478 1626 id
510 1581 595 1627 est
629 1581 846 1628 creator
870 1588 1020 1627 meus
1056 1575 1353 1629 secundmn
1389 1591 1633 1644 carnem,

95 1674 161 1719 est
184 1664 382 1731 adjutor
400 1681 566 1728 meus,
591 1665 643 1719 id
664 1675 745 1720 est
769 1677 1088 1735 cooperator
1107 1666 1259 1722 boni.
1284 1668 1444 1735 Quasi
1470 1671 1632 1723 dicat:

96 1755 218 1810 Sicut
249 1763 431 1823 potens
457 1756 556 1811 fuit
585 1758 651 1811 ad
683 1758 1001 1822 creandum,
1032 1759 1105 1811 ita
1130 1774 1345 1828 quoque
1372 1761 1436 1813 ad
1477 1759 1627 1827 adju-

95 1844 310 1899 vandum.
346 1845 408 1898 Et
429 1847 554 1915 quia
578 1847 981 1905 ﬁrmamentum
1007 1857 1061 1902 et
1084 1848 1347 1920 refugium
1372 1866 1549 1906 meum
1580 1861 1636 1906 et

93 1934 313 1989 liberator
333 1944 385 1989 ct
404 1934 622 2005 adjutur
646 1955 796 1993 meus
817 1949 920 2005 est,
942 1940 1162 2009 sperabo
1185 1943 1635 1997 resurrectionem

93 2027 134 2077 ἱιι
171 2042 272 2079 eam
304 2028 655 2095 transiturus,
695 2029 746 2085 id
776 2040 858 2085 est
883 2032 935 2085 in
978 2032 1389 2100 possibilitatem
1420 2043 1475 2089 et
1518 2035 1633 2104 glo-

93 2119 201 2173 riam
246 2118 357 2186 ejus
404 2126 700 2179 sccundum
742 2129 882 2195 quod
931 2129 1095 2184 homo
1150 2146 1288 2185 sum.
1349 2133 1501 2200 Quod
1554 2143 1636 2188 est

92 2214 269 2267 dicere:
302 2213 422 2270 llmc
448 2232 569 2285 qua:
596 2219 837 2287 prazdixi,
862 2222 1016 2290 quasi
1052 2223 1213 2277 arrha
1248 2226 1378 2280 mihi
1416 2235 1636 2289 sunt,ct

92 2304 249 2371 pignus
272 2308 606 2375 resurgeudi,
636 2319 689 2364 et
718 2310 768 2365 in
814 2328 935 2367 eum
989 2316 1326 2370 transeundi.
1377 2317 1470 2372 Vel
1504 2318 1582 2372 sic
1616 2336 1629 2372 :

91 2393 295 2464 Sperabo
322 2400 780 2455 resurrectionem
810 2402 862 2456 in
884 2418 1007 2458 eum
1038 2407 1342 2475 respiciens
1368 2425 1379 2461 :
1412 2417 1469 2462 ut
1491 2409 1632 2462 sicut

91 2485 449 2541 ﬁrmamentum
474 2500 558 2544 est
595 2500 649 2545 ct
680 2492 971 2563 refugium,
1001 2506 1055 2552 et
1090 2497 1350 2553 liberator
1385 2508 1440 2553 et
1477 2499 1632 2570 adju-

89 2584 170 2637 tor,
194 2574 257 2629 ita
284 2576 352 2629 sit
382 2577 548 2631 etiam
581 2580 711 2634 mibi
743 2585 1089 2640 resurrectio.
1124 2586 1192 2642 Et
1216 2589 1342 2657 quia
1383 2589 1627 2659 interpo-

88 2676 259 2731 suerat,
295 2672 512 2737 sperabo
546 2672 600 2727 in
642 2691 782 2740 eum,
824 2678 1189 2747 a‘quipollenli
1236 2695 1367 2736 voce
1408 2684 1627 2753 repetit,

89 2759 199 2823 quod
228 2762 474 2829 superius
510 2765 689 2834 posuit
726 2766 943 2836 adjutor
978 2786 1150 2836 meus,
1186 2783 1244 2826 ut
1302 2775 1465 2828 addat
1505 2777 1625 2832 sic:

86 2849 175 2915 Ipse
195 2860 267 2905 cst
307 2864 571 2920 protector
611 2873 779 2922 meus,
810 2875 877 2915 ne
918 2860 1120 2916 inimici
1165 2865 1404 2919 animam
1452 2884 1626 2921 meam

86 2937 323 2994 vulnerent
351 2941 751 3013 incorporando
797 2964 811 3000 :
859 2964 888 3001 a
933 2948 1287 3006 similitudine
1326 2952 1628 3008 defensoris

86 3028 289 3097 clypeum
320 3034 647 3102 opponentis
674 3051 742 3090 ne
770 3036 950 3104 jacula
985 3042 1324 3095 transeuntia
1356 3045 1621 3097 saucient.

85 3118 134 3172 Et
158 3136 246 3175 non
274 3123 447 3178 solum
480 3136 779 3196 protector,
810 3127 906 3183 sed
938 3128 1050 3197 ipse
1075 3131 1254 3199 opifex
1281 3135 1466 3189 salutis
1492 3152 1624 3189 mea:
1652 3165 1694 3223 ε

84 3228 136 3267 ne
161 3214 463 3286 incorporer
492 3235 506 3273 :
535 3227 620 3275 est
646 3237 813 3275 cornu
849 3236 1050 3288 meum,
1090 3223 1142 3277 id
1170 3234 1254 3280 est
1291 3231 1622 3297 expugnatio

81 3318 194 3368 mea,
236 3307 371 3363 sicut
416 3324 619 3364 cornua
674 3321 800 3366 sunt
852 3325 1207 3369 cornutorum
1269 3321 1617 3395 expugnatio.

81 3396 160 3453 Per
181 3417 324 3470 quem
348 3403 562 3461 scilicet
597 3402 904 3462 Iudaeorum
929 3407 1295 3465 insidiatrices
1321 3414 1623 3471 sententias

81 3500 122 3543 et
140 3495 487 3560 oppositiones
525 3512 820 3570 expugno:
863 3500 1005 3556 sicut
1051 3500 1104 3556 in
1156 3502 1451 3573 Evangelio
1489 3505 1621 3578 legi-

81 3590 145 3633 tur
162 3597 200 3636 ει
231 3582 641 3643 Erubescebant
659 3605 847 3645 omnes
866 3592 1162 3648 adversarii
1188 3592 1304 3662 ejus
1326 3590 1478 3666 (Luc.
1500 3612 1618 3651 χιιι.

78 3675 167 3741 l7).
195 3695 212 3726 ι
257 3676 323 3732 Ει
366 3677 544 3734 alibi:
593 3699 612 3733 ι
639 3679 757 3737 Non
808 3692 892 3738 est
935 3699 1102 3740 ausus
1156 3684 1443 3755 quisquam
1493 3702 1618 3744 eum

75 3767 267 3836 amplius
289 3770 627 3841 interrogare
675 3773 892 3844 (Matth.
924 3793 1022 3843 xu,
1055 3777 1171 3850 ⁴16).
1203 3798 1221 3830 ι
1260 3779 1326 3833 Ει
1350 3791 1621 3847 susceptor

75 3870 187 3909 mets
228 3857 443 3916 futurus
479 3871 583 3927 est,
628 3866 1004 3921 resuscitando
1054 3884 1140 3924 me
1175 3887 1187 3924 :
1242 3880 1301 3925 ut
1342 3871 1432 3941 qui
1474 3888 1618 3928 nunc

73 3948 280 4005 mortalis
317 3952 518 4015 cxisto,
556 3950 724 4010 faciat
756 3955 1160 4015 immortalem:
1192 3974 1222 4014 a
1261 3960 1619 4017 similitudine

73 4034 170 4089 boni
204 4040 411 4106 medici,
436 4041 532 4111 qui
573 4042 848 4098 inﬁrmum
893 4047 1122 4118 suscipit
1164 4057 1221 4103 ut
1260 4063 1383 4104 eum
1422 4067 1616 4107 sanum

73 4121 220 4194 faciat,
250 4141 303 4184 et
329 4133 557 4201 exponit
606 4134 879 4204 quomodo
926 4137 992 4191 ad
1045 4139 1150 4194 hoc
1196 4151 1252 4194 ut
1287 4141 1618 4211 suscipiatur

70 4221 328 4283 perveniet.
380 4222 449 4278 Et
496 4224 619 4280 ideo
654 4227 763 4283 erit
804 4238 1123 4299 susceptor:
1187 4231 1311 4300 quia
1364 4234 1616 4288 invocabo

71 4306 315 4366 Dominum
366 4315 749 4371 auxiliatorem
781 4358 795 4384 ,
856 4319 1085 4375 laudans
1136 4335 1260 4376 eum
1326 4322 1614 4378 affectione

69 4399 176 4454 bona
212 4412 265 4458 et
302 4408 645 4475 operatione.
686 4407 752 4463 Et
787 4409 865 4465 sic
912 4411 1088 4465 salvus
1134 4429 1223 4466 ero
1270 4412 1340 4467 ab
1380 4414 1615 4469 inimicis

1747 561 1958 615 scilicet
2003 559 2417 627 contingentes:
2466 559 2955 617 circumdederunt.
2998 563 3051 616 id
3089 574 3173 619 est
3222 566 3332 619 cir-

1745 653 2076 707 cumdabant
2106 667 2232 707 me:
2278 658 2332 705 et
2376 667 2477 706 noc
2522 652 2643 707 ideo
2676 651 2803 721 quia
2838 669 3330 722 prwoccnpaverunt
3378 724 3383 728 π

1742 762 1842 809 me,
1881 745 1931 799 id
1961 754 2049 800 εει·
2071 753 2459 814 przeeesserunt
2505 745 2556 798 in
2596 760 2677 798 me
2713 744 2886 814 laquei
2921 747 3145 799 mortis:
3184 764 3330 801 mor—

1747 833 1950 899 talitas,
1984 834 2193 888 scilicet
2231 843 2285 888 et
2319 833 2672 904 possibilitas,
2717 848 2838 903 qua:
2877 843 3002 887 sunt
3038 833 3235 903 laquei,
3278 836 3333 891 id

1743 936 1827 980 est
1855 941 2032 980 causa:
2062 927 2260 995 quibus
2286 927 2337 980 in
2364 935 2592 981 mortem
2628 926 2839 980 trahar.
2889 924 2984 978 Vel
3017 924 3130 979 sic:
3166 925 3230 978 Et
3256 925 3331 979 ita

1743 1027 2253 1086 prmoccupaverunt
2290 1033 2393 1080 me,
2436 1018 2596 1072 idest
2637 1015 2931 1087 prtevalere
2966 1031 3025 1070 se
3066 1014 3331 1083 putalntnt

1743 1106 1796 1159 in
1829 1121 1914 1160 me
1951 1105 2127 1176 laquei
2164 1107 2372 1173 mortis,
2414 1108 2464 1161 id
2499 1116 2582 1162 est
2614 1106 2806 1172 Judaei,
2851 1106 2943 1175 qui
2986 1121 3150 1161 causa
3198 1121 3331 1159 mea:

1744 1199 1934 1253 mortis
1960 1210 2120 1253 erunt
2147 1216 2159 1252 :
2194 1199 2314 1254 dico
2339 1200 2463 1269 quia
2488 1200 2705 1256 dolores
2735 1199 3175 1254 circmndabunt.
3217 1198 3329 1270 Ego

1741 1300 1922 1343 autem
1956 1290 2009 1343 in
2032 1289 2370 1344 tribulatione
2394 1308 2528 1356 mea,
2562 1292 2613 1346 id
2637 1302 2720 1347 est
2755 1291 2807 1346 in
2840 1293 3189 1347 tribulatione
3218 1308 3327 1346 non

1743 1382 1931 1445 invite,
1960 1381 2053 1435 sed
2095 1391 2287 1451 sponte
2330 1398 2446 1439 mea
2493 1394 2743 1453 suscepta
2772 1425 2787 1447 ,
2842 1385 3098 1448 invocavi,
3152 1384 3202 1438 id
3243 1394 3328 1438 est

1741 1473 2006 1527 invocabo
2046 1473 2326 1526 Dominum
2376 1473 2700 1543 adiutorem.
2752 1475 2817 1529 Et
2859 1475 2961 1528 boc
3004 1474 3131 1528 illud
3186 1475 3326 1528 idem

1740 1574 1822 1619 est
1849 1568 1994 1635 quod
2040 1566 2292 1633 superius
2333 1566 2510 1621 dixit:
2553 1566 2805 1621 Laudatis
2842 1568 3096 1622 invocabo
3139 1567 3327 1620 Domi-

1740 1671 1884 1707 num.
1944 1655 2049 1708 Sed
2090 1657 2210 1709 ideo
2254 1656 2465 1725 repetit,
2507 1668 2564 1711 ut
2604 1659 2684 1712 sic
2725 1658 3047 1713 determinet
3094 1658 3329 1727 qualiter

1742 1745 2037 1812 invocabit,
2064 1755 2117 1801 et
2157 1746 2413 1816 adjungat
2459 1764 2516 1802 se
2556 1749 2952 1803 exaudiendum
2994 1765 3154 1803 esse:
3203 1750 3328 1804 dico

1744 1837 2005 1892 invocabo
2034 1857 2045 1891 :
2080 1848 2135 1892 et
2163 1854 2266 1891 non
2307 1838 2481 1893 fallaci
2516 1841 2877 1906 invocatione,
2906 1842 3000 1895 sed
3049 1843 3118 1895 ad
3158 1841 3323 1894 Deum

1740 1947 1910 1984 meum
1960 1930 2205 1995 clamavi,
2249 1931 2301 1985 id
2346 1940 2424 1985 est
2475 1914 2711 1988 clamore
2764 1933 2979 1986 inteuso
3039 1948 3214 2002 agam.
3265 1932 3328 1986 Et

1740 2022 1880 2076 bono
1911 2037 2029 2077 meo
2055 2022 2338 2077 clamabo:
2377 2039 2499 2077 nam
2531 2025 2819 2089 exaudivit,
2855 2024 2907 2079 id
2947 2035 3030 2078 est
3066 2025 3322 2078 exaudiet

1738 2095 1913 2169 υοᾶηι
1933 2133 2122 2170 meam.
2149 2116 2214 2170 Et
2241 2116 2343 2170 hoc
2370 2118 2626 2186 procedet
2653 2117 2719 2172 de
2745 2117 2933 2186 templo
2961 2128 3142 2170 sancto
3168 2117 3283 2186 ejus
3308 2136 3322 2171 :

1738 2204 1806 2258 de
1835 2219 1920 2258 me
1944 2205 2151 2260 scilicet
2179 2207 2268 2275 qtti
2295 2221 2413 2260 sum
2445 2207 2699 2276 templum
2730 2207 3032 2263 divinitatis
3057 2208 3174 2275 ejus
3202 2226 3213 2261 :
3261 2208 3327 2260 de

1736 2295 2014 2349 causative
2046 2297 2284 2365 ponitur.
2314 2296 2466 2363 Quod
2513 2307 2598 2353 est
2645 2299 2862 2353 dicere:
2901 2300 3035 2369 Ego,
3081 2300 3174 2369 qui
3201 2312 3325 2352 sum

1735 2398 1982 2441 sanctum
2009 2387 2265 2458 templum
2292 2389 2442 2458 ejus,
2481 2405 2645 2445 causa
2682 2406 2799 2445 sum
2843 2406 3012 2461 quare
3041 2392 3320 2445 exaudiar.

1734 2476 1801 2532 Et
1831 2479 1958 2548 quia
1987 2481 2236 2550 superius
2259 2482 2474 2537 dixerat
2500 2500 2512 2537 :
2541 2482 2611 2537 ad
2653 2482 2821 2537 Deum
2847 2500 3020 2537 meum
3053 2482 3275 2537 clamavi
3306 2502 3319 2537 :

1734 2578 1792 2624 ut
1838 2571 2047 2641 singula
2089 2574 2318 2645 singulis
2360 2576 2569 2641 reddat,
2609 2575 2798 2630 addit:
2832 2574 2901 2629 Et
2931 2578 3135 2629 clamor
3176 2592 3321 2629 metu

1732 2663 1786 2716 in
1814 2676 2089 2733 conspectu
2110 2667 2225 2736 ejus
2247 2666 2445 2733 factus,
2474 2668 2526 2723 id
2548 2678 2631 2723 est
2656 2669 2709 2722 in
2735 2667 3138 2737 beneplacentia
3161 2667 3279 2737 ejus
3305 2708 3318 2731 ,

1730 2754 1961 2808 introivit
1991 2758 2046 2809 in
2068 2774 2222 2812 aures
2248 2760 2387 2829 ejus,
2414 2761 2465 2815 id
2499 2769 2581 2815 est
2615 2761 2834 2815 auditus
2865 2761 2968 2814 erit
3007 2760 3075 2813 ab
3114 2775 3200 2814 eo.
3232 2759 3315 2812 Ad

1732 2847 2032 2903 humanum
2062 2851 2283 2904 modum
2308 2854 2511 2907 dictum
2543 2863 2645 2908 est.
2684 2853 2777 2908 Vel
2808 2853 3050 2908 introivit
3076 2853 3127 2907 in
3160 2866 3322 2905 aures

1729 2940 1865 3010 ejus,
1906 2941 1957 2994 id
1984 2952 2069 2995 est
2097 2953 2383 3014 susceptus
2404 2947 2508 2999 erit
2531 2945 2599 2999 ab
2621 2947 2843 3000 auribus
2873 2945 3011 3014 ejus,
3041 2945 3249 3000 scilicet
3283 2960 3316 2997 a

1728 3032 1966 3102 potentia
1996 3034 2384 3091 misericordia:
2417 3035 2552 3105 ejus.
2586 3038 2677 3092 Vel
2725 3039 2971 3107 superius
3009 3046 3313 3106 exponam.

1729 3125 1795 3177 ad
1832 3126 1997 3179 Deum
2032 3142 2210 3181 meum
2241 3128 2470 3183 clamavi
2502 3130 2599 3194 sic,
2631 3130 2867 3184 clamore
2903 3130 3083 3185 cordis
3122 3145 3277 3200 agam
3299 3172 3323 3194 ,.

1729 3217 1804 3271 ita
1834 3228 2138 3287 exponetur
2171 3237 2183 3273 :
2230 3220 2294 3275 Et
2332 3221 2540 3274 clamor
2583 3238 2734 3277 meus
2778 3224 2829 3277 in
2869 3235 3158 3293 conspectu
3197 3221 3314 3290 ejus

1728 3312 1965 3379 habitus,
2001 3314 2052 3367 id
2086 3324 2168 3369 est
2202 3314 2255 3368 in
2286 3314 2450 3370 corde
2482 3316 2625 3385 quod
2667 3317 2781 3385 ipse
2816 3316 2963 3371 solus
3012 3316 3311 3386 conspicit,

1727 3402 1970 3458 introivit
2000 3404 2056 3459 in
2096 3421 2258 3461 aures
2300 3406 2434 3475 ejus.
2465 3407 2931 3463 Tribulationibus
2960 3410 3091 3473 suis,
3124 3418 3178 3463 et
3213 3410 3315 3462 tri-

1726 3491 2063 3549 bulationum
2102 3495 2359 3550 evasioue
2398 3507 2642 3561 ostensa,
2683 3499 2928 3567 prmdicit
2959 3498 3120 3551 etiam
3164 3513 3315 3552 com-

1725 3586 1882 3639 moda
1929 3587 2055 3643 inde
2088 3597 2363 3654 secutura,
2404 3590 2485 3645 sic
2515 3604 2530 3643 :
2566 3590 2701 3657 Quia
2758 3591 3172 3646 circumdabunt
3224 3607 3312 3646 me

1725 3678 1935 3734 dolores
1965 3688 2019 3734 et
2046 3680 2312 3735 invocabo
2340 3680 2649 3745 Dominum.
2686 3694 2742 3737 et
2776 3682 3062 3737 exauditus
3084 3682 3307 3753 eripiar.

1724 3770 1828 3824 Per
1857 3771 1958 3826 hoc
1987 3786 2246 3827 commota
2278 3784 2373 3840 est,
2409 3774 2459 3828 id
2488 3783 2572 3829 est
2605 3776 3036 3830 commovebitur
3067 3786 3204 3829 terra
3239 3776 3305 3829 ad

1726 3864 1907 3930 ﬁdem,
1941 3865 1991 3919 id
2015 3877 2099 3921 est
2120 3866 2193 3921 illi
2223 3867 2312 3937 qui
2336 3882 2481 3922 nunc
2505 3865 2633 3921 solis
2660 3868 2891 3922 terrenis
2915 3868 3107 3922 intenti
3138 3878 3259 3922 sunt
3289 3885 3305 3931 ;
3362 3896 3365 3899 -

1722 3964 1779 4010 et
1807 3957 1956 4026 prius
1985 3959 2312 4024 contremuit,
2350 3960 2401 4014 id
2433 3968 2517 4015 est
2547 3969 2851 4015 contremet
2888 3961 2956 4014 de
2994 3960 3133 4013 male
3172 3962 3333 4014 actis.

1720 4050 1855 4103 suis.
1918 4049 1984 4103 Et
2044 4065 2150 4105 non
2210 4051 2551 4106 solummodo
2613 4052 2877 4123 ignobiles
2933 4053 3154 4114 terreni,
3210 4053 3303 4106 sed

1721 4142 1885 4197 etiam
1916 4142 2261 4212 fundamenta
2289 4147 2569 4210 montium,
2600 4146 2649 4199 id
2679 4155 2760 4199 est
2799 4145 3163 4199 sustentacula
3202 4144 3306 4197 mi-

1719 4251 1940 4301 norum,
2000 4236 2208 4291 scilicet
2254 4238 2581 4308 principum,
2644 4239 2839 4292 ducum
2894 4244 2951 4289 et
3002 4238 3298 4299 comitum;

1721 4328 2026 4383 conturbati
2053 4338 2179 4383 sunt
2209 4330 2348 4386 bona
2374 4331 2786 4386 conturbatioue
2809 4330 2876 4383 de
2907 4328 3142 4397 peccatis
3170 4329 3301 4390 suis,

1721 4419 1775 4472 id
1812 4428 1896 4473 cst
1926 4420 2416 4475 conturbabuntur.
2449 4423 2514 4477 Et
2542 4423 2620 4477 sic
2648 4432 2907 4476 commota
2954 4433 3094 4483 sant,
3138 4421 3188 4474 id
3220 4432 3304 4475 est

67 4502 330 4583 exemptus,
364 4496 419 4551 id
448 4505 532 4551 est
555 4498 830 4569 suscipiat.
863 4498 1145 4566 Qumreret
1168 4502 1399 4572 aliquis:
1431 4506 1611 4574 Quare
1647 4510 1690 4565 D
1719 4511 2209 4565 commovebuntur
2252 4512 2320 4565 ad
2366 4514 2543 4567 tidem.
2600 4514 2667 4567 Et
2712 4515 2816 4567 hoc
2873 4514 2994 4567 ideo
3050 4514 3300 4583 quoniam

68 4579 145 4635 hoc
178 4584 348 4641 dicis?
375 4587 519 4655 Quid
558 4589 651 4645 tibi
690 4590 929 4647 inferunt
974 4593 1226 4649 inimici?
1272 4596 1611 4669 Respondit:

67 4672 143 4726 Per
169 4675 301 4745 ipsos
349 4680 604 4737 inimicos
644 4683 1141 4750 circumdederunt,
1171 4685 1221 4741 id
1251 4699 1333 4743 est
1376 4691 1609 4746 circum-

66 4764 296 4821 vallabunt
326 4768 441 4840 46
468 4787 548 4825 me
573 4772 777 4827 dolores
804 4774 1009 4840 mortis,
1041 4775 1093 4830 id
1138 4786 1220 4831 est
1263 4780 1329 4833 ad
1377 4790 1606 4836 mortem

64 4869 126 4907 me
151 4856 492 4916 deducentes.
526 4861 590 4915 Et
614 4863 716 4931 ipsi
749 4863 966 4920 dolores
1000 4866 1300 4924 existentes
1353 4881 1606 4926 torrentes

62 4944 332 5016 iniquitatis,
365 4952 417 5005 id
443 4961 526 5006 est
565 4953 673 5007 cito
712 4956 1014 5011 transitorii
1056 4966 1109 5013 et
1150 4959 1424 5017 immodici
1466 4964 1608 5019 sicut

64 5041 310 5105 torrentes,
362 5041 434 5095 ab
461 5042 745 5113 iniquitate
786 5060 973 5102 eorum
1019 5064 1127 5104 non
1155 5065 1184 5104 a
1228 5053 1437 5109 meritis
1472 5056 1608 5111 meis

62 5131 348 5191 prodeuntes
372 5149 387 5187 :
415 5137 878 5204 contarbaverunt,
909 5140 961 5194 id
982 5151 1066 5196 est
1094 5145 1499 5201 conturbabunt
1520 5164 1605 5204 me

61 5220 311 5275 secundant
343 5239 569 5279 carnem
596 5245 607 5279 :
634 5237 692 5281 ut
723 5228 773 5281 iu
805 5229 1122 5302 Evangelio:
1164 5254 1181 5285 ι
1207 5235 1381 5307 (Σαιρῖι
1404 5253 1604 5308 pavere

58 5311 99 5357 et
130 5309 308 5367 ttedere
334 5311 504 5379 (Mar.
534 5330 645 5369 xw.
678 5316 789 5381 '53).
818 5337 836 5369 ι
869 5318 935 5373 Et
970 5322 1105 5376 bene
1142 5324 1295 5391 ponit
1326 5336 1601 5382 torrentes.

57 5393 159 5451 Cum
184 5400 378 5472 impetu
414 5422 649 5476 namque
671 5407 885 5464 dolores
915 5409 988 5464 illi
1019 5413 1087 5467 ad
1128 5415 1346 5469 modum
1393 5425 1600 5475 torren-

59 5488 159 5541 tium
192 5495 516 5551 atlluxerunt
544 5516 557 5551 :
587 5494 642 5552 ut
678 5500 941 5557 citissime
980 5504 1145 5559 vitam
1189 5517 1598 5579 cxtorqucrent.

108 5580 160 5635 Et
181 5588 298 5655 quia
314 5590 527 5644 dixerat
542 5590 746 5646 dolores
760 5593 960 5658 mortis,
978 5611 1044 5649 ne
1067 5607 1390 5665 putarentur
1405 5617 1599 5660 secun-

54 5668 149 5725 dum
172 5686 451 5750 utramque
477 5692 722 5737 naturam
751 5684 1042 5755 contigisse
1072 5705 1084 5740 :
1118 5691 1311 5757 repetit
1342 5702 1397 5747 ut
1433 5694 1600 5749 inter-

54 5771 258 5831 pudendo
281 5774 611 5831 determinet
642 5778 735 5834 sic.
776 5777 994 5835 Dolores
1033 5779 1245 5851 inferni,
1288 5785 1338 5840 id
1386 5796 1472 5842 cst
1514 5805 1595 5844 sc-

1716 4601 1884 4654 iratus
1913 4611 1987 4655 est
2010 4602 2106 4667 eis,
2142 4603 2193 4657 id
2219 4612 2303 4658 est
2328 4615 2656 4672 cognoscent
2687 4606 2971 4660 Dominum
3003 4605 3083 4660 eis
3117 4604 3173 4659 in
3212 4605 3301 4659 [ιι-

1717 4699 1838 4746 turo
1896 4692 2241 4747 irasciturum
2311 4694 2411 4747 nisi
2482 4694 2843 4763 resipuerint:
2904 4704 2959 4748 ct
3014 4705 3302 4766 postquam

1712 4785 2220 4851 commovebuntur,
2270 4790 2527 4844 ascendet
2567 4788 2744 4857 fumus
2786 4789 2841 4843 in
2883 4790 2965 4841 ira
3010 4806 3146 4858 ejus.
3205 4790 3303 4845 Vel

1714 4873 1788 4928 ita
1834 4876 2206 4932 continuatur.
2253 4879 2380 4933 Dico
2421 4879 2564 4949 quod
2602 4889 2747 4934 terra
2793 4888 3124 4945 contremet,
3172 4880 3322 4949 quia

1711 4968 1966 5032 ascendit,
1994 4967 2043 5022 id
2072 4979 2155 5023 est
2185 4972 2440 5025 ascendet
2468 4972 2520 5026 in
2552 4972 2682 5044 ipsis
2723 4973 2959 5028 terrenis
2999 4971 3200 5036 fumus,
3242 4973 3299 5025 id

1709 5066 1793 5113 est
1838 5058 2138 5129 lacrymosa
2184 5062 2517 5131 deprecatio,
2565 5079 2682 5134 έμεε
2721 5064 2911 5120 oculos
2944 5065 3013 5119 ad
3074 5064 3317 5118 modum»

1712 5148 1842 5203 fumi
1874 5153 2187 5221 provocabit
2214 5154 2280 5209 ad
2312 5156 2495 5208 lletutn
2523 5156 2701 5211 ethoc
2737 5157 2789 5211 in
2828 5158 2906 5211 ira
2944 5158 3082 5226 ejus,
3123 5154 3173 5210 id
3209 5164 3307 5209 est

1709 5241 1761 5295 in
1793 5244 2104 5313 cognitione
2128 5245 2223 5299 ira:
2244 5244 2360 5314 ejus
2387 5245 2599 5301 futurte.
2619 5246 2683 5300 Et
2704 5247 2836 5303 bene
2858 5248 3008 5317 ponit
3034 5247 3301 5299 ascendit;

1709 5337 1864 5403 quasi
1919 5336 2124 5392 diceret
2150 5355 2165 5392 :
2194 5337 2250 5391 lu
2286 5338 2365 5392 eis
2393 5339 2497 5392 erit
2554 5337 2733 5393 fumus
2775 5341 2864 5408 qui
2919 5340 3176 5392 ascendet
3214 5338 3285 5391 ad

1710 5423 1898 5489 Deum,
1946 5428 1998 5480 id
2040 5437 2126 5482 est
2176 5429 2275 5498 ipsi
2324 5430 2577 5498 placebit.
2614 5430 2682 5483 Et
2727 5439 2843 5498 post
2886 5428 3115 5492 fumum,
3156 5430 3311 5497 ignis.

1705 5517 1922 5581 exarsit,
1958 5517 2009 5571 id
2041 5528 2123 5572 est
2161 5522 2321 5574 ardor
2362 5521 2556 5575 divina:
2601 5521 2904 5574 dilectionis
2943 5520 3327 5573 vehementcr’

1706 5606 1758 5660 in
1793 5607 1873 5662 eis
1913 5621 2120 5665 crescet
2151 5628 2163 5663 :
2192 5620 2246 5665 et
2287 5613 2389 5666 hoc
2427 5628 2458 5662 a
2503 5612 2639 5679 facie
2680 5610 2815 5680 ejus,
2844 5610 2894 5664 id
2929 5618 3010 5665 est
3044 5625 3073 5661 a
3105 5609 3286 5677 cogni‘

1707 5699 1852 5754 tione
1873 5700 2011 5771 ejus.
2041 5702 2399 5757 Ascendendo
2440 5703 2581 5756 enim
2614 5704 2681 5757 ad
2730 5703 3013 5757 Dominum
3062 5710 3117 5753 et
3167 5700 3299 5753 illum

1705 5792 1944 5847 minatur
1969 5794 2291 5864 ignei-mnia,
2319 5804 2370 5847 et
2393 5794 2777 5850 corroboratur
2802 5793 3085 5850 inﬁrmitas
3112 5805 3127 5843 :
3157 5791 3284 5845 data
3346 5816 3349 5819 -
