3838 6328
500 296 605 352 699

1056 295 1116 350 ὃ.
1160 295 1508 353 BRUNONIS
1545 297 2187 357 CARTHUSIANOBUM
2228 298 2710 358 lNSTlTUTORlS
2747 298 2897 356 OPP.
2936 298 3116 355 PARS
3152 300 3188 356 Ι.
3426 266 3433 275 Ι
3606 308 3686 366 700

498 410 599 479 ipsi
624 410 980 476 intelligentia
1001 398 1106 479 qua
1129 410 1334 476 videat,
1354 412 1694 468 etcharitate
1714 430 1819 484 qua
1844 413 2071 469 ferveat.
2105 428 2146 481 Α
2178 430 2274 485 per
2304 417 2448 483 ipsos
2472 416 2802 485 operabitur.
2832 415 3247 470 Tabernaculum
3274 423 3441 472 autem
3470 416 3574 487 ejus
3606 426 3689 478 erit

499 504 564 556 Et
591 506 654 557 ab
680 521 741 558 eo
769 505 892 575 igne
930 503 1181 557 carbones
1215 506 1452 559 succensi
1485 516 1629 571 sunt,
1660 507 1713 561 id
1751 517 1836 562 est
1866 507 1939 561 illi
1981 509 2073 578 qui

496 597 649 666 prius
679 597 732 651 in
758 597 927 652 Adam
962 596 1066 650 vivi
1101 594 1249 661 facti,
1278 598 1619 666 postmodum
1658 612 1754 666 per
1792 608 2073 669 peccatum

497 686 616 753 ejus
659 686 880 759 fuerunt
943 687 1238 742 exstincti:
1291 697 1347 742 et
1389 688 1509 743 ideo
1567 689 1763 742 merito
1820 691 2076 745 dicuntur

494 777 764 838 carbones,
790 776 842 831 id
878 786 958 831 est
991 777 1189 831 mortui
1240 777 1292 830 in
1338 776 1624 832 dilectione
1670 778 1782 833 Dei.
1825 778 2074 836 Succensi

495 875 638 929 sunt,
669 866 720 921 id
756 876 839 921 est
865 869 1261 923 succendeutur
1283 880 1339 924 et
1377 872 1812 928 viviﬁcabuntur.

566 959 632 1013 Et
655 960 780 1028 quia
828 970 1012 1029 posset
1062 962 1228 1032 quaeri
1271 963 1467 1031 quibus
1514 966 1774 1021 ministris
1808 966 1916 1039 47
1958 968 2073 1024 haec

491 1047 624 1102 ﬁent
667 1050 904 1103 ostendit
944 1050 1023 1105 sic
1052 1051 1220 1105 :-dico
1259 1054 1402 1120 quod
1447 1062 1589 1108 terra
1621 1057 2069 1123 commovebitur,

491 1152 547 1197 et
608 1144 771 1198 etiarn
820 1144 1169 1199 fundamenta
1219 1147 1483 1201 montium
1513 1189 1529 1215 ,
1584 1158 1639 1204 et
1690 1151 1794 1205 hoc
1837 1151 1929 1205 ﬁet
1976 1166 2071 1219 per

491 1234 682 1290 malos.
715 1234 847 1288 Nam
883 1236 1023 1291 Deus
1050 1237 1339 1301 inclinavit,
1377 1239 1429 1293 id
1464 1249 1549 1294 est
1581 1239 1864 1296 inclinabit
1893 1241 2066 1307 caelos,

490 1326 544 1381 id
572 1336 655 1381 est
682 1325 1067 1395 prsedicatores
1094 1346 1107 1380 :
1140 1328 1229 1396 qui
1252 1328 1342 1382 alti
1376 1340 1501 1384 sunt
1527 1330 1580 1385 in
1608 1332 1853 1393 scientia,
1882 1347 2071 1402 quem—

487 1418 773 1471 admodum
806 1417 928 1472 εαξιὶ
966 1418 1056 1472 alti
1085 1429 1209 1473 sunt
1240 1420 1305 1475 ad
1355 1423 1813 1491 comparationem
1876 1434 2063 1478 terrm:

488 1508 718 1561 humiles
746 1507 910 1563 faciet
936 1509 987 1563 in
1012 1511 1572 1581 praedicationejuxta
1604 1514 1823 1567 modum
1850 1515 2062 1584 capien-

486 1600 638 1652 tium.
663 1598 825 1654 Jttxta
859 1600 988 1655 illud
1024 1602 1310 1672 Augustini
1348 1621 1361 1656 :
1399 1622 1417 1655 (
1450 1602 1577 1658 Sive
1619 1605 1728 1658 sint
1762 1606 1913 1675 parvi
1953 1606 2068 1661 sive

484 1688 690 1757 magni,
750 1691 953 1744 habent
1005 1693 1149 1746 unde
1204 1691 1437 1746 alantur.
1474 1711 1493 1745 ι
1556 1692 1624 1747 Ει
1670 1695 1721 1748 in
1764 1695 2061 1763 Apostolo:

2175 507 2231 559 in
2260 507 2483 561 circuitu
2516 507 2652 576 ejus,
2693 506 2745 560 id
2782 513 2885 572 est,
2915 505 3099 561 fideles
3137 506 3227 573 qui
3262 506 3541 562 militabuut
3570 512 3612 565 ei
3635 515 3688 567 ad

2178 603 2393 655 modum
2430 601 2660 656 militum
2702 599 3223 653 tabernaculantium
3263 610 3414 653 erunt
3454 602 3503 654 in
3536 605 3688 659 notitia

2174 692 2290 761 ejus
2329 692 2394 746 ad
2426 691 2831 747 similitudinem
2852 705 3039 745 eorum
3068 690 3158 758 qui
3208 690 3350 744 illum
3382 692 3430 745 in
3456 691 3589 759 cujus
3609 697 3693 750 cir-

2174 782 2319 834 cuitu
2351 791 2477 837 sunt
2533 790 2865 852 cognoscunt
2902 789 2962 836 ut
2991 781 3313 850 Apostolus:
3357 799 3375 832 t
3404 781 3503 837 Nos
3546 796 3691 840 autem

2174 874 2408 928 revelata
2442 874 2581 928 facie
2610 874 2836 941 gloriam
2864 872 2960 927 Dei
2997 873 3350 942 speculantes,
3392 875 3694 930 transfortnao

2174 982 2295 1019 mur
2336 982 2365 1020 a
2411 966 2657 1021 claritate
2701 965 2755 1019 in
2798 964 3101 1019 claritatem
3157 964 3240 1035 (ll
3281 965 3399 1019 Cor.
3443 982 3520 1031 tn,
3557 968 3690 1032 l8).i

2175 1057 2329 1121 Quod
2360 1065 2446 1111 est
2476 1058 2675 1123 dicere,
2709 1055 3008 1110 militantes
3034 1056 3083 1110 ei
3114 1055 3395 1111 manifeste
3418 1058 3571 1111 scient
3595 1061 3696 1128 quid

2172 1147 2225 1200 in
2253 1164 2331 1202 ets
2379 1148 2519 1202 Deus
2576 1157 2864 1217 operetur:
2914 1155 2970 1202 et
3013 1148 3069 1201 in
3122 1149 3226 1203 hoc
3269 1148 3486 1203 multum
3525 1150 3698 1204 extollit

2169 1250 2287 1302 eos,
2331 1237 2525 1306 impios
2562 1252 2693 1291 vero
2719 1237 3013 1305 deprimit:
3055 1253 3177 1292 cum
3207 1252 3300 1292 eos
3340 1239 3566 1307 ignorare
3604 1256 3699 1309 qua:

2171 1342 2267 1394 per
2290 1342 2384 1382 eos
2416 1338 2713 1396 operantur
2742 1328 2937 1382 asserit
2966 1345 2980 1382 :
3009 1330 3267 1397 quoniam
3298 1337 3467 1383 autem
3496 1330 3695 1383 dixerat:

2171 1416 2450 1470 inclinavit
2482 1417 2649 1471 caelos
2675 1434 2687 1471 :
2716 1425 2772 1471 et
2802 1432 2899 1486 per
2940 1432 3035 1472 eos
3084 1418 3359 1472 descendit
3398 1426 3451 1473 et
3481 1420 3698 1479 ascendit,

2171 1516 2349 1573 posset
2378 1510 2545 1576 quaeri
2573 1524 2741 1578 quare
2762 1523 2859 1578 per
2885 1518 3020 1563 istos
3054 1509 3337 1564 descendit
3382 1517 3436 1564 et
3472 1510 3698 1572 ascendit,

2170 1609 2222 1651 et
2247 1615 2341 1669 per
2371 1602 2660 1669 prophetas
2690 1616 2795 1654 non
2822 1618 2835 1654 :
2860 1610 2911 1655 et
2946 1601 3071 1656 inde
3095 1602 3273 1657 reddit
3291 1602 3517 1673 singulas
3546 1618 3701 1657 causas

2170 1689 2269 1751 sic,
2342 1705 2440 1759 per
2510 1692 2785 1760 apostolos
2845 1692 3224 1759 descensurus,
3294 1708 3390 1763 per
3456 1705 3700 1763 prOpuetas

489 1801 506 1830 c
531 1781 729 1836 Factus
769 1796 888 1836 sum
914 1782 1143 1838 inﬁrmis
1189 1783 1455 1849 inﬁrmus,
1482 1795 1539 1838 ut
1565 1784 1809 1840 inﬁrmos
1832 1786 2062 1841 lucraret

2176 1795 2279 1835 non
2331 1782 2646 1837 descendit:
2697 1782 2823 1851 quia
2878 1783 3150 1837 tenebrosa
3198 1800 3358 1853 aqua,
3409 1784 3458 1838 id
3516 1794 3587 1838 est
3623 1786 3701 1836 ob-

482 1868 535 1939 (1
562 1868 685 1925 Cor.
721 1872 904 1943 tx,22)
938 1892 956 1925 ι
984 1872 1121 1927 Etin
1147 1872 1413 1929 Canticis':
1448 1874 1580 1929 «Mel
1601 1875 1870 1931 etlacsub
1890 1876 2071 1946 lingua

482 1961 600 2031 ejus
633 1960 811 2030 (Cant.
841 1977 919 2027 tv,
948 1963 1028 2034 2).
1060 1983 1078 2015 ι
1101 1964 1279 2034 Etper
1321 1966 1464 2034 ipsos
1478 1966 1646 2020 eteius
1671 1966 1954 2021 inclinatos
1980 1967 2071 2022 de-

480 2056 683 2109 scendit
710 2056 761 2111 in
778 2058 1024 2111 notitiam
1047 2057 1346 2121 hominum,
1365 2058 1415 2113 id
1437 2067 1518 2112 est
1544 2059 1630 2112 ille
1650 2058 1740 2127 qui
1760 2075 1869 2129 pra:
1887 2058 2071 2113 διαιθ-

480 2145 606 2199 diue
624 2162 719 2201 sua
744 2149 996 2218 cognosci
1029 2164 1134 2202 non
1161 2158 1398 2217 poterat,
1423 2150 1727 2214 descendit,
1760 2150 1812 2203 id
1833 2160 1919 2204 est
1939 2165 2069 2205 eon-

484 2240 812 2308 temperabit
840 2255 899 2295 se
944 2241 1231 2311 capacitati
1283 2257 1469 2297 eorum
1497 2260 1511 2298 :
1551 2253 1606 2298 et
1635 2245 1734 2310 sic,
1774 2245 1826 2299 id
1860 2253 1943 2299 est
1973 2261 2071 2315 per

482 2331 894 2387 descensionem
943 2334 1089 2387 illam
1127 2334 1299 2404 caligo
1328 2336 1433 2388 erit
1461 2336 1557 2389 sub
1581 2336 1801 2405 pedibus
1845 2338 1979 2406 ejus,
2014 2337 2067 2392 id

479 2430 565 2477 est
593 2422 667 2476 illi
696 2424 787 2493 qui
816 2439 923 2478 non
955 2440 1019 2481 ex
1047 2433 1160 2479 toto
1187 2437 1311 2479 sunt
1340 2426 1673 2495 ignorantes,
1706 2428 1799 2482 sed
1821 2429 2067 2499 aliquan-

481 2514 868 2579 tulumlucidi,
914 2516 1267 2585 subjicientur
1318 2518 1368 2572 ei
1414 2527 1473 2571 ut
1522 2518 1598 2573 illi
1648 2519 1946 2574 obediaut:
1999 2522 2065 2575 ad

481 2607 700 2661 modum
735 2608 948 2664 illorum
988 2608 1081 2680 qui
1126 2611 1226 2664 sub
1267 2610 1496 2679 pedibus
1541 2611 1843 2681 principum
1890 2613 2064 2682 gratia

480 2701 806 2758 humilitatis
841 2712 1298 2773 prosternuntur:
1348 2706 1415 2760 de
1448 2707 1642 2776 quibus
1680 2707 1732 2760 in
1774 2707 2065 2779 Evangelio

479 2795 716 2850 dicitur:
754 2814 775 2849 ι
809 2798 999 2851 Adhuc
1024 2798 1293 2852 modicum
1322 2797 1497 2855 lumen
1523 2800 1577 2854 in
1605 2800 1757 2855 vobis
1782 2810 1866 2855 est
1898 2817 1912 2853 :
1948 2816 2065 2854 am-

475 2887 659 2943 bulate
706 2889 832 2943 dum
875 2889 1048 2944 lucem
1101 2891 1336 2957 habetis,
1386 2906 1453 2946 ne
1503 2892 1738 2947 tenebrae
1783 2906 1876 2946 vos
1915 2907 2064 2946 com-

478 2980 817 3047 prehendant
840 2980 1024 3051 (Joau.
1054 2996 1153 3047 xu,
1178 2981 1291 3050 55).
1324 3000 1342 3032 ι
1381 2981 1448 3036 Ει
1476 2983 1737 3051 quosdam
1771 2984 1837 3037 de
1876 2982 2063 3051 caligi-

478 3069 626 3123 nosis
666 3068 820 3125 faciet
865 3069 1179 3137 Cherubim,
1222 3072 1273 3125 id
1328 3080 1413 3126 est
1463 3072 1651 3140 plenos
1701 3072 1945 3126 scientia.
1992 3070 2059 3125 Et

476 3169 664 3227 postea
692 3161 955 3225 ascendit,
988 3162 1041 3215 id
1069 3173 1152 3216 est
1180 3162 1475 3217 ascendere
1504 3162 1667 3217 faciet
1694 3163 1760 3216 ad
1788 3163 1869 3217 sui
1912 3162 2056 3218 noti-

479 3250 627 3315 tiam,
659 3250 802 3320 ipsos
827 3253 1000 3307 factos
1022 3251 1313 3308 Cherubim
1346 3270 1359 3305 :
1391 3270 1548 3321 super
1572 3252 1850 3307 Clterubim
1881 3264 2059 3308 tamen

478 3340 738 3408 existens,
767 3357 873 3395 non
898 3358 959 3396 ex
992 3350 1104 3396 toto
1122 3342 1502 3414 coguoscibilis
1525 3344 1717 3397 abeis:
1743 3351 1802 3397 ut
1825 3343 2062 3400 Joannes

480 3430 756 3499 apostolus
802 3433 915 3485 ait:
955 3449 974 3482 ι
1006 3431 1171 3485 Deutn
1202 3446 1361 3486 nemo
1393 3432 1527 3484 vidit
1579 3446 1817 3501 unquam
1876 3430 2059 3503 (Joan.

478 3538 517 3585 ι,
550 3522 661 3591 18).
698 3541 718 3575 t
751 3523 816 3578 Et
838 3524 917 3578 sic
944 3523 1505 3593 incomprehensibilis
1537 3524 1678 3593 quod
1729 3524 2062 3594 impossibile

479 3615 550 3669 sit
577 3630 699 3669 cum
727 3598 1017 3685 aliquando
1047 3615 1456 3686 comprehendi.
1490 3614 1596 3671 Sed
1644 3615 1854 3682 volavit,
1884 3617 1934 3670 id
1978 3626 2063 3671 est

478 3707 684 3762 volabit
725 3724 880 3778 super
910 3724 1106 3777 pennas
1147 3718 1437 3775 ventorum,
1486 3707 1537 3763 id
1578 3716 1664 3763 est
1691 3722 1855 3778 super
1894 3708 2061 3779 agiles

479 3800 785 3854 intellectus
806 3800 1167 3870 spiritualium
1202 3802 1441 3857 virorum
1470 3820 1484 3855 :
1526 3800 1617 3871 qui
1656 3800 1804 3855 venti
1842 3809 2063 3870 propter

480 3890 785 3947 intellectus
837 3892 917 3946 sui
968 3892 1309 3948 velocitatem
1358 3901 1486 3949 sunt
1535 3893 1769 3948 dicendi.
1807 3892 1875 3947 Et
1922 3894 2061 3950 bene

481 3982 772 4050 repetendo
795 3981 948 4052 ponit
970 3982 1159 4036 volavit
1185 3998 1205 4037 :
1248 3984 1401 4053 quasi
1438 3983 1643 4038 diceret
1673 4001 1686 4036 :
1719 3983 1853 4039 Cum
1890 3984 1957 4038 de
1996 4000 2061 4039 eo

478 4070 743 4139 incipiunt
772 4070 1043 4138 meditari,
1074 4072 1187 4142 ipse
1217 4074 1285 4128 ab
1308 4075 1386 4130 eis
1408 4073 1607 4127 avolat.
1636 4073 1704 4128 Et
1732 4073 1775 4127 si
1805 4074 1903 4142 ipsi
1928 4089 2061 4142 pau-

477 4161 628 4216 latim
652 4163 1222 4233 appropinquaverint,
1245 4164 1360 4235 ipse
1386 4164 1556 4235 magis
1576 4172 1631 4218 et
1647 4164 1817 4235 magis
1846 4164 2057 4221 avolat:

475 4255 615 4309 sicut
648 4255 701 4309 in
726 4253 970 4311 Canticis
1022 4256 1360 4312 canticorum
1412 4259 1490 4312 ait
1535 4273 1767 4329 sponsus
1806 4274 2057 4329 sponsa}:

482 4365 499 4397 ι
536 4346 736 4401 Averte
779 4348 966 4403 oculos
1016 4357 1137 4404 tuos
1168 4365 1199 4403 a
1226 4365 1333 4418 me,
1384 4349 1512 4421 quia
1566 4350 1667 4421 ipsi
1714 4365 1801 4407 me
1844 4351 2061 4408 evolare

475 4439 720 4493 Fecerunt
752 4438 930 4507 (Cant.
962 4456 1033 4509 Vl,
1066 4442 1147 4512 4).
1176 4461 1195 4494 ›

550 4530 614 4584 Et
648 4546 753 4584 non
783 4533 957 4587 solum
986 4550 1081 4604 per
1111 4536 1489 4591 tribulationes
1527 4553 1677 4593 meas
1707 4539 1811 4594 hoc
1837 4540 2055 4595 contin-

475 4630 562 4691 get
594 4624 737 4692 quod
763 4625 935 4694 caligo
961 4627 1065 4680 erit
1089 4627 1189 4681 sub
1217 4629 1443 4699 pedibus
1466 4629 1604 4699 ejus,
1634 4633 1774 4701 quod
1799 4634 2057 4688 ascendet

476 4729 639 4783 super
666 4714 978 4770 Cherubim.
1014 4716 1119 4772 Sed
1143 4721 1306 4774 etiam
1336 4736 1433 4788 per
1457 4723 1560 4777 hoc
1583 4723 2059 4780 circumdederunt

476 4822 562 4861 me
592 4807 807 4862 dolores
844 4812 1054 4865 mortis.
1094 4810 1301 4876 Posuit,
1340 4815 1394 4869 id
1443 4824 1521 4870 est
1554 4827 1717 4885 ponet
1750 4817 1863 4886 ipse
1894 4817 2055 4882 Deus,

474 4898 530 4953 id
557 4909 641 4954 est
676 4897 841 4953 faciet
894 4902 1130 4957 tenebras
1179 4903 1457 4959 latibulum
1506 4923 1661 4962 suum
1696 4925 1711 4962 :
1753 4911 1819 4964 de
1862 4910 2059 4979 quibus

473 5006 568 5061 per
593 4988 857 5045 Joannem
896 4992 1284 5062 evangelistam
1312 4996 1550 5053 dicitur:
1587 5017 1605 5050 ι
1635 4999 1896 5056 Tcnebra:
1932 5016 2055 5057 eum

471 5096 579 5133 non
613 5080 1135 5148 comprehenderunt
1172 5082 1389 5154 (Joann.
1425 5101 1465 5150 t,
1494 5086 1570 5155 5).
1604 5106 1623 5139 ι
1664 5087 1816 5154 Quod
1855 5100 1939 5144 est
1973 5091 2056 5146 di-

470 5189 632 5230 cere:
662 5174 859 5246 Impios
890 5175 980 5245 qui
1022 5177 1289 5231 tenebrosi
1317 5190 1477 5233 erunt
1503 5180 1555 5234 in
1587 5181 1903 5238 inﬁdelitate
1928 5199 2020 5239 sua
2039 5227 2053 5248 ,

472 5264 590 5320 luce
618 5265 831 5336 penitus
858 5265 1104 5321 veritatis
1134 5276 1402 5331 carentes,
1431 5268 1588 5326 faciet
1616 5272 1749 5326 tales
1777 5272 1830 5325 in
1863 5274 2057 5343 quibus

471 5357 656 5425 lateat,
688 5358 740 5412 id
770 5368 853 5413 est
892 5357 1123 5413 latenter
1159 5374 1257 5429 per
1301 5374 1487 5415 eorum
1528 5360 1902 5419 tribulatioues
1942 5367 2054 5437 pio-

470 5466 591 5506 rum
623 5450 852 5505 salutem
888 5451 1221 5522 operabitur.
1251 5451 1413 5508 Juxta
1444 5452 1573 5510 illud
1604 5472 1617 5508 :
1656 5472 1676 5507 α
1718 5455 1919 5526 impius
1966 5459 2054 5528 pio

471 5543 626 5595 vivit.
671 5560 689 5594 ι
755 5542 824 5597 Ει
859 5544 1121 5615 propheta
1164 5564 1175 5598 :
1217 5563 1237 5598 ς
1282 5543 1443 5614 Virga
1491 5546 1691 5601 furoris
1723 5550 1826 5603 mei
1882 5550 2056 5605 Assur

471 5631 631 5699 (Isai.
660 5648 714 5698 λ,
739 5633 847 5704 5).»
870 5635 984 5704 Ipse
1002 5650 1130 5691 vero
1159 5654 1263 5691 non
1288 5638 1540 5709 cognovit
1566 5657 1578 5692 :
1605 5639 1724 5695 dico
1741 5642 1881 5710 quod
1899 5651 2051 5697 tene-

470 5722 586 5779 bra:
614 5734 773 5780 erunt
808 5727 1107 5796 latibulum,
1152 5731 1202 5786 id
1246 5741 1330 5787 est
1368 5732 1553 5789 latcbit
1596 5747 1689 5789 eos
1729 5734 1869 5803 quod
1913 5733 2052 5792 Deus

2083 4442 2266 4521 Daiei
2314 4440 2503 4509 judicii
2558 4440 2816 4494 ultionem
2865 4438 3261 4493 comminantes
3307 4452 3323 4490 :

2174 1886 2330 1926 scura
2356 1871 2598 1926 doctrina
2646 1882 2762 1926 erat
2807 1872 2862 1925 in
2902 1872 3124 1926 nubibus
3166 1874 3328 1939 aeris,
3371 1873 3422 1927 in
3467 1862 3702 1943 prophetis

2173 1962 2377 2016 scilicet
2423 1963 2514 2031 qui
2564 1962 2931 2032 complutores
2976 1961 3203 2017 aliorum
3249 1964 3303 2017 in
3357 1964 3583 2018 doctrina
3628 1979 3701 2016 sua

2166 2050 2319 2119 juxta
2346 2052 2561 2104 modum
2587 2052 2807 2104 nubium
2831 2051 3157 2106 exstiterunt
3180 2069 3193 2106 :
3221 2054 3273 2107 in
3291 2052 3392 2106 alia
3423 2068 3541 2107 vero
3564 2062 3703 2106 trans-

2171 2140 2369 2195 latione
2397 2142 2626 2195 habetur
2656 2156 2671 2195 :
2733 2142 2788 2194 iu
2816 2141 3037 2194 nubibus
3059 2142 3269 2197 (rt/teris
3302 2161 3315 2197 :
3348 2154 3399 2198 et
3425 2142 3550 2198 bene
3567 2143 3703 2197 nubes

2169 2232 2387 2286 aetheris
2424 2233 2677 2286 dicuntur
2711 2246 2727 2287 :
2775 2233 2901 2303 quia
2944 2242 3189 2303 tempore
3258 2236 3459 2305 priores
3491 2235 3704 2303 apostolis

2172 2322 2413 2388 fuerunt,
2447 2324 2593 2378 sicut
2622 2324 2793 2379 nubes
2816 2325 3061 2390 aetheris,
3106 2326 3355 2381 localiter
3406 2325 3705 2381 inferioribus

2169 2413 2408 2469 nubibus
2433 2415 2646 2484 priores
2680 2423 2829 2480 sunt,
2861 2424 2916 2469 et
2938 2414 3059 2470 ideo
3106 2430 3204 2485 per
3253 2416 3419 2471 cmlos
3463 2412 3707 2469 descendet

2167 2516 2221 2561 et
2247 2507 2504 2563 ascendet
2526 2507 2650 2578 quia
2682 2506 2782 2578 ipsi
2809 2512 3097 2578 erttnt‘prw
3126 2508 3336 2578 fulgore
3362 2510 3530 2570 nubes,
3552 2507 3595 2561 id
3625 2517 3706 2571 est,

2167 2599 2467 2671 prcefulgidi
2499 2601 2887 2670 complutores,
2915 2602 2969 2655 in
3004 2612 3283 2671 conspectu
3320 2602 3451 2671 ejus,
3489 2601 3536 2655 id
3568 2609 3639 2655 est
3665 2599 3705 2653 in

2166 2694 2604 2749 consideratione
2627 2693 2761 2762 ejus,
2796 2694 2848 2748 id
2882 2704 2969 2749 est
2994 2695 3060 2749 de
3087 2710 3153 2749 eo
3178 2694 3464 2751 manifeste
3494 2693 3703 2749 conside-

2167 2796 2390 2841 rantes:
2424 2796 2479 2842 et
2519 2787 2862 2840 manifestam
2899 2787 3202 2842 doctrinam
3244 2789 3592 2858 prmdicantes
3618 2785 3708 2856 48

2164 2879 2305 2933 sicut
2343 2879 2635 2949 Apostolus
2670 2897 2683 2933 :
2732 2898 2751 2930 ι
2780 2878 2896 2933 Non
2926 2880 3067 2934 sicut
3094 2879 3310 2951 Moyses
3341 2882 3564 2950 ponebat
3593 2879 3708 2933 vela-

2167 2986 2285 3024 tnen
2313 2986 2475 3042 super
2526 2970 2722 3026 faciem
2770 2987 2945 3036 suam,
3007 2980 3067 3024 ut
3114 2986 3222 3024 non
3269 2971 3591 3026 intenderent
3635 2969 3707 3023 ﬁlii

2165 3063 2329 3119 lsrael
2383 3064 2435 3118 in
2477 3062 2671 3119 faciem
2724 3062 2841 3133 ejus
2890 3061 3035 3133 quod
3092 3072 3410 3128 evacuatur,
3446 3079 3464 3113 ι
3506 3056 3707 3129 etc.'(ll

2165 3156 2291 3213 Cor.
2319 3156 2542 3226 ut,.l5.)

2236 3248 2389 3316 Quod
2433 3259 2611 3303 autem
2661 3248 2955 3319 prophetas
3000 3248 3326 3305 tenebrosos
3364 3248 3512 3313 dicit,
3539 3259 3631 3300 non
3659 3240 3709 3295 ad

2165 3353 2352 3393 eorum
2375 3338 2779 3408 depressionem
2805 3338 3039 3409 pertinet
3064 3355 3076 3390 :
3111 3340 3203 3393 sed
3235 3350 3299 3393 ut
3328 3340 3429 3394 hoc
3452 3346 3648 3392 ostenso
3671 3332 3710 3384 in

2164 3431 2517 3500 sequentibus
2556 3432 2700 3487 dicat
2732 3446 2827 3502 per
2869 3430 3134 3487 caelorum
3172 3432 3477 3488 doctrinam
3518 3427 3710 3483 lucidam

2164 3540 2356 3579 eorum
2396 3524 2787 3579 obscuritatem
2831 3538 2953 3578 esse
2993 3512 3493 3578 manifestandam:
3540 3528 3590 3574 et
3632 3518 3709 3586 ipsi

2165 3628 2276 3683 prae
2305 3611 2515 3683 fulgore
2543 3612 2715 3667 nubes
2737 3627 2844 3668 non
2869 3612 3001 3668 solis
3020 3612 3221 3669 Judteis
3245 3612 3617 3684 przedicabunt,
3637 3608 3712 3661 sed

2164 3705 2503 3770 transierunt,
2544 3703 2596 3759 id
2632 3712 2717 3758 est
2754 3703 3055 3758 transibunt
3083 3704 3149 3757 ad
3185 3713 3379 3774 gentes
3416 3696 3715 3774 prmdicando

2163 3796 2262 3861 eis,
2294 3797 2433 3851 sicut
2453 3797 2533 3850 eis
2554 3795 2903 3867 prmeipietur
2930 3815 2941 3850 :
2971 3813 2992 3848 ι
3017 3795 3095 3851 Ite
3118 3796 3171 3850 in
3196 3796 3384 3851 orbem
3421 3794 3712 3849 universum.

2164 3887 2453 3957 praedicate
2494 3885 2844 3957 Evangelium
2893 3887 3041 3941 omni
3086 3895 3361 3941 creatum
3414 3884 3568 3957 (Mar.
3623 3894 3714 3937 xtl.

2165 3979 2274 4048 15),
2302 3998 2319 4029 i
2369 3988 2424 4033 et
2472 3979 2577 4033 hoc
2618 3979 2740 4033 ideo
2770 3979 2899 4033 dicit
2935 3996 2948 4031 :
3004 3988 3063 4033 ut
3096 3982 3352 4049 gentibus
3377 3971 3715 4034 convertendis

2161 4088 2348 4127 eorum
2372 4072 2673 4127 doctrinam
2696 4074 3058 4138 commendet,
3086 4087 3211 4128 cum
3235 4088 3334 4127 eos
3357 4086 3541 4128 earum
3562 4070 3716 4124 docto-

2163 4180 2251 4219 res
2274 4164 2485 4221 futuros
2511 4178 2632 4220 esse
2673 4165 2927 4234 praedicat
2966 4182 2979 4216 :
3012 4165 3134 4219 dico
3167 4165 3314 4233 quod
3369 4165 3534 4217 nubes
3566 4171 3715 4214 trans—

2162 4257 2336 4325 ibttnt,
2364 4257 2536 4311 nubes
2559 4257 2681 4319 dico
2704 4256 3003 4310 existentes
3023 4256 3227 4326 grando
3242 4266 3292 4310 et
3324 4256 3569 4309 carbones
3587 4250 3715 4320 ignis,

2164 4350 2215 4403 id
2244 4349 2408 4404 estin
2461 4348 2652 4417 primis
2693 4346 3001 4402 inﬁdelibus
3053 4347 3181 4401 vitia
3222 4345 3628 4407 contundentes,
3673 4347 3716 4391 et

3373 4439 3509 4494 sicut
3546 4432 3718 4506 grando

2161 4549 2365 4589 messes
2385 4533 2686 4595 contundit,
2717 4540 2764 4587 et
2795 4546 2916 4586 cum
2934 4531 3160 4605 strepitu
3184 4530 3454 4595 cadendo,
3478 4529 3714 4583 hesionem

2160 4622 2544 4675 comminatur.
2575 4620 2769 4676 Postea
2802 4635 2936 4675 vero
2975 4620 3055 4675 eis
3087 4619 3339 4674 ﬁdelibus
3394 4618 3583 4673 factis:
3614 4620 3718 4669 sunt

2161 4715 2428 4769 carbones
2479 4714 2656 4784 igniti,
2708 4713 2760 4767 id
2790 4722 2874 4768 est
2921 4714 3287 4767 accendentes
3323 4713 3501 4767 eosin
3553 4708 3718 4762 ardore

2161 4804 2283 4860 fidei
2317 4815 2374 4858 et
2408 4804 2730 4864 dilectionis.
2770 4804 2913 4859 sicut
2954 4803 3108 4874 igniti
3145 4804 3414 4858 carbones
3450 4800 3716 4857 exstinctos

2161 4899 2483 4952 accendunt.
2514 4896 2734 4952 Grande
2773 4895 2875 4952 fuit
2919 4896 3142 4962 Paulus,
3187 4911 3309 4950 cum
3351 4896 3523 4949 dixit:
3559 4912 3576 4943 ι
3605 4889 3717 4942 lior-

2161 4992 2386 5045 rendum
2424 5000 2507 5046 est
2532 4989 2771 5045 incidere
2799 4990 2852 5044 in
2894 5003 3088 5044 manus
3126 4989 3219 5043 Dei
3277 4987 3513 5042 viventis
3555 4981 3714 5055 (Hebr.

2160 5099 2216 5145 Χ,
2245 5082 2356 5152 51).
2386 5101 2405 5136 ι
2450 5082 2624 5137 Carbo
2669 5096 2801 5136 vero
2830 5082 3051 5151 ignitus,
3080 5094 3204 5134 cum
3245 5078 3387 5134 dixit
3415 5098 3428 5133 :
3459 5098 3479 5130 ι
3507 5077 3716 5132 Fratres.

2159 5174 2388 5229 obsecro
2424 5189 2523 5228 vos
2562 5188 2661 5243 per
2708 5170 3140 5227 misericordiam
3185 5170 3304 5235 Dei,
3335 5179 3395 5224 ut
3444 5163 3716 5225 exhibeatis

2158 5280 2385 5335 corpora
2405 5274 2583 5320 vestra
2606 5265 2837 5320 hostiam
2864 5263 3155 5329 viventem,
3173 5280 3192 5315 ι
3220 5275 3326 5317 etc.
3350 5260 3531 5332 (Rom.
3554 5252 3715 5319 xu,l.)

2158 5356 2290 5413 Dico
2324 5358 2465 5427 quod
2496 5358 2669 5412 nubes
2699 5356 2907 5428 grando
2942 5364 3070 5411 sunt
3099 5365 3147 5410 et
3174 5363 3484 5410 carbones:
3530 5363 3581 5406 et
3627 5350 3714 5403 hoc

2158 5466 2263 5505 non
2295 5466 2325 5505 a
2351 5466 2449 5506 se:
2480 5450 2573 5505 sed
2607 5449 2862 5504 Dominus
2908 5450 3149 5505 existens
3193 5448 3245 5502 in
3294 5447 3378 5502 eis
3436 5443 3631 5516 grando
3671 5447 3717 5492 et

2156 5545 2419 5599 carbones
2446 5543 2585 5613 ignis
2609 5543 2834 5597 intonuit
2863 5557 2961 5612 per
2983 5556 3097 5608 eos,
3131 5541 3182 5595 id
3207 5549 3286 5596 est
3316 5535 3717 5594 comminabitur

2156 5635 2221 5689 ad
2254 5636 2469 5690 modum
2500 5634 2721 5690 tonitrui
2754 5645 2815 5688 ut
2840 5632 3041 5688 Paulus
3068 5633 3236 5688 dicit:
3265 5650 3282 5682 ‹
3311 5631 3397 5685 An
3429 5628 3716 5696 exprimen-

2157 5744 2267 5789 tum
2310 5732 2556 5804 qumritis
2599 5732 2715 5804 ejus
2774 5730 2866 5802 qui
2910 5732 2961 5787 in
3010 5745 3096 5786 me
3158 5726 3397 5799 loquitur
3440 5715 3715 5779 Christus?
