3838 6328
88 411 156 465 τοι
957 406 1322 464 ΕΧΡΟΞΙἸΊΟ
1359 408 1423 464 IN
1460 408 1633 465 PSAL

1737 412 1805 467 lS.
1850 443 1918 454 —
1950 411 2144 468 PSAL
2179 412 2311 467 XVll

3193 417 3301 471 702

87 512 147 579 (11
162 523 265 580 Cor.
293 535 408 585 xnt,
438 520 551 591 5).»
584 520 650 575 Ει
676 529 795 593 post
825 520 941 591 ipse
977 522 1272 577 Altissimus
1303 523 1395 593 qui
1433 534 1624 594 potens
1657 532 1699 588 Α
1732 544 1829 583 sua
1869 530 2188 584 recedentes
2224 528 2431 598 accepit
2458 544 2470 581 :
2493 538 2569 597 et,
2598 540 2655 584 nt
2678 546 2740 586 ex
2775 531 2896 587 imis
2938 533 3073 589 altos
3103 535 3302 589 faceret

86 627 147 671 est
166 613 308 678 dedit,
339 611 389 665 id
439 619 527 665 est
573 612 717 665 dabit
749 628 844 682 per
870 627 963 666 eos
1003 604 1173 666 cocem
1218 630 1391 675 suam,
1436 614 1486 667 id
1530 624 1614 669 est

88 705 328 759 dmuinam
363 719 541 769 suam,
572 703 712 758 sicut
738 704 999 759 Dominus
1028 704 1080 758 in
1108 706 1402 776 Evangelio
1438 709 1569 764 dicit
1597 726 1611 764 :

92 798 216 853 «Non
242 797 375 850 enim
406 811 506 850 vos
548 805 629 851 est
673 797 718 850 is
762 796 854 865 qui
900 794 1205 866 loquimini,
1241 801 1334 854 sed
1378 798 1616 870 Spiritus

90 891 222 945 Patris
256 891 417 943 vestri
461 889 553 957 qui
601 888 837 958 loquitur
881 890 932 942 in
963 890 1116 943 vobis
1165 890 1324 962 (Mat.
1352 908 1408 955 x,
1440 892 1555 962 20).
1588 912 1606 944 ι

90 983 201 1047 Dico,
225 980 352 1050 quod
386 980 562 1033 nubes
598 980 928 1043 transibunt,
966 990 1021 1035 et
1053 996 1159 1035 non
1202 998 1233 1035 a
1279 998 1338 1037 se
1385 983 1489 1039 hoc
1522 985 1619 1039 ha-

91 1075 255 1139 bebunt,
285 1072 373 1126 sed
401 1073 520 1142 ipse
552 1074 692 1127 Deus
733 1074 899 1140 misit,
934 1074 984 1127 id
1033 1085 1116 1129 est
1153 1076 1330 1130 mittet
1372 1093 1468 1133 eos
1504 1078 1619 1133 exi-

92 1174 245 1220 stentes
274 1164 489 1234 sagittas
521 1182 668 1232 suas,
702 1164 753 1219 id
782 1175 864 1219 est
905 1180 1256 1234 percussores
1297 1169 1617 1236 infidelium,

93 1266 131 1308 ut
151 1242 327 1323 sagittte
354 1255 707 1325 percutiunt:
749 1264 805 1310 et
835 1257 914 1311 sic
952 1258 1247 1328 dissipavit,
1295 1260 1347 1314 id
1379 1270 1463 1316 est
1503 1263 1617 1318 dis-

94 1344 242 1414 sipabit
262 1358 351 1398 eos
373 1344 439 1397 ad
481 1360 618 1413 quos
646 1346 949 1413 mittentur,
984 1347 1035 1401 id
1062 1355 1144 1402 est
1181 1349 1385 1405 dividet
1409 1361 1619 1420 partem

94 1450 233 1487 eorum
276 1434 660 1502 praedicatione
705 1436 1051 1499 assumendo,
1090 1446 1408 1508 partemque
1452 1440 1623 1495 relin-

97 1527 256 1594 quendo
296 1534 383 1580 :et
421 1526 490 1579 ad
516 1526 929 1581 :edificationem
975 1542 1163 1582 eorum
1207 1530 1298 1598 qui
1345 1546 1624 1585 assumen-

99 1614 410 1683 Iurzfutgura
466 1614 870 1684 multiplicavit,
912 1615 964 1669 id
1007 1624 1087 1669 est
1150 1618 1315 1671 multa
1362 1618 1623 1673 miracula

100 1723 164 1777 per
192 1722 269 1762 eos
308 1708 625 1777 operabitur
674 1726 687 1761 :
744 1723 864 1778 quae
932 1709 1126 1764 merito
1175 1707 1384 1779 fulgura
1436 1711 1625 1766 dicun-

101 1811 174 1861 tur,
217 1814 274 1853 eo
313 1800 452 1868 quod
503 1798 575 1852 ad
628 1798 845 1853 modum
896 1799 1168 1869 fulgurum
1227 1802 1476 1857 videntes
1513 1812 1627 1857 stn-

1717 621 2031 690 assnmpsit.
2082 620 2147 673 Et
2188 620 2376 689 eripuit
2414 637 2521 683 me,
2560 621 2612 675 id
2652 630 2738 675 cst
2774 623 2968 690 eripiet
3008 624 3301 678 Ecclesium

1719 726 1892 765 meam
1937 711 2001 765 de
2039 712 2266 765 inimicis
2302 712 2451 775 meis,
2493 714 2545 766 id
2588 722 2671 767 εει
2711 714 2824 767 suis
2869 714 3194 782 fortissimis,
3237 715 3304 769 de

1721 803 1864 856 vitiis
1892 802 2099 857 scilicet
2136 812 2189 856 et
2230 804 2508 872 spiritibus
2540 804 2808 876 malignis,
2842 816 2897 861 et
2926 807 3087 860 etiam
3120 807 3183 858 ab
3222 808 3305 860 Itis

1717 894 1807 962 qui
1828 892 2051 946 oderunt
2082 909 2183 955 me,
2212 892 2263 945 id
2284 904 2368 946 est
2396 908 2424 945 a
2450 894 2756 948 visibilibus
2786 894 3052 961 hostibus,
3082 895 3171 964 qui
3199 912 3305 957 me,

1722 984 1773 1038 id
1801 993 1884 1039 est
1908 999 2081 1047 meos,
2118 984 2221 1039 sibi
2245 984 2435 1039 volunt
2471 986 2819 1056 incorporare
2846 1004 2858 1038 :
2885 997 2939 1041 et
2975 1002 3199 1042 necesse
3226 997 3309 1041 est

1721 1083 1780 1128 ut
1811 1073 2015 1143 eripias
2048 1074 2115 1127 ab
2149 1075 2233 1129 liis
2263 1075 2356 1144 qui
2398 1074 2630 1129 oderunt
2656 1090 2741 1129 me
2781 1094 2792 1128 :
2837 1077 2964 1145 quia
3018 1076 3307 1129 confurlati

1722 1172 1865 1226 sunt,
1903 1162 1957 1217 id
1992 1171 2075 1217 est
2111 1164 2281 1219 fortes
2322 1165 2450 1220 fient
2486 1182 2643 1235 super
2675 1183 2776 1230 me,
2819 1166 2868 1219 id
2908 1176 2990 1222 est
3042 1182 3190 1219 meos
3220 1185 3232 1219 :
3258 1175 3313 1221 ει

1722 1255 1945 1325 exponit
2003 1258 2275 1325 quomodo
2332 1255 2539 1311 scilicet
2586 1269 2944 1325 pra'renerunt
3001 1274 3082 1310 me
3134 1258 3312 1311 indie

1723 1347 2013 1420 aﬂiictionis
2038 1365 2187 1412 mete,
2218 1348 2267 1401 id
2296 1357 2379 1403 est
2407 1348 2775 1417 prtevalebunt
2814 1348 2950 1403 meis
2989 1350 3053 1401 ad
3094 1349 3312 1402 modum

1725 1438 1966 1492 cursoris
2001 1438 2378 1507 prtevenientis
2413 1440 2467 1491 in
2502 1448 2745 1507 tempore
2792 1438 2880 1492 illo
2912 1454 3018 1506 quo
3053 1439 3193 1492 Dens
3227 1453 3314 1491 me

1725 1530 2005 1599 permittet
2031 1528 2190 1600 aﬂligi
2220 1548 2231 1583 :
2260 1540 2315 1585 et
2345 1532 2396 1585 in
2432 1532 2519 1585 illa
2553 1530 2844 1586 afﬂictione
2868 1532 3119 1584 Dominus
3142 1532 3314 1599 factus

1725 1632 1822 1685 est,
1860 1622 1910 1675 id
1944 1630 2028 1675 est
2074 1621 2167 1676 fiet
2208 1633 2469 1691 protector
2507 1640 2652 1676 meus
2679 1664 2691 1681 .
2746 1623 2795 1676 id
2841 1632 2924 1676 est
2959 1637 3200 1677 meorum
3249 1636 3318 1675 ne

1728 1712 1946 1777 cedant,
1979 1720 2033 1765 et
2066 1726 2171 1765 non
2201 1710 2279 1765 sic
2310 1721 2586 1781 protector
2622 1722 2681 1765 ut
2711 1727 2815 1765 non
2852 1711 3181 1782 afﬂigantur,
3219 1711 3314 1763 sed

1728 1804 1808 1858 sic
1843 1802 1985 1871 quod
2028 1802 2230 1866 eduxit,
2270 1802 2323 1856 id
2361 1811 2444 1856 est
2486 1804 2680 1856 educet
2720 1818 2820 1867 me,
2861 1802 2912 1855 id
2948 1811 3031 1855 est
3066 1815 3212 1854 meos
3250 1816 3315 1853 ex

100 1892 211 1961 pidos
240 1893 460 1947 reddunt
511 1911 526 1947 :
560 1902 616 1948 et
656 1908 755 1963 per
810 1893 1036 1964 fulgura.
1073 1895 1421 1959 conturbavit,
1454 1896 1506 1949 id
1541 1905 1627 1951 est
1660 1871 1701 1932 θ
1731 1895 2022 1950 afﬂictione
2062 1895 2178 1964 ipsa
2221 1895 2274 1949 in
2308 1894 2639 1949 latitudinem
2676 1894 2795 1948 fidei
2836 1903 2891 1947 et
2924 1894 3225 1958 c'uaritatis,
3262 1904 3321 1945 ιιι

102 1982 377 2037 conturbabit
421 1999 540 2046 eos,
594 1984 645 2038 id
702 1994 784 2039 est
840 1995 1166 2056 compunget
1208 1986 1273 2040 ad
1322 1986 1480 2042 fidem
1522 2005 1536 2043 :
1572 1997 1626 2043 et

104 2075 156 2129 eis
174 2076 485 2131 conturbatis
523 2085 908 2146 apparuerunt,
936 2076 986 2131 id
1013 2084 1096 2132 est
1122 2077 1461 2146 apparebunt
1495 2080 1617 2148 fon-

105 2176 154 2221 tu
170 2184 412 2237 aquarum,
453 2169 506 2223 id
539 2178 625 2223 est
653 2184 780 2222 vasa
813 2184 959 2239 pura:
985 2170 1407 2238 prtediCationis.
1459 2170 1623 2238 Quasi

106 2257 226 2319 ditat.
248 2258 313 2313 illi
334 2260 421 2329 qui
449 2260 611 2330 prius
637 2260 706 2314 ab
738 2260 819 2315 eis
851 2258 1239 2330 judicabuntur
1272 2262 1585 2316 seductorcs
1608 2302 1625 2327 ,

110 2346 266 2402 tandem
314 2351 377 2404 ab
417 2350 527 2405 illis
567 2351 955 2421 judicabuntur
991 2353 1299 2423 purissima:
1344 2352 1626 2410 docti-inte.

109 2436 240 2507 Etper
277 2439 437 2508 {antes
469 2440 703 2519 revelata
739 2453 859 2495 sunt
892 2432 1235 2505 fundamenta
1294 2444 1433 2497 orbis
1463 2454 1629 2498 terra-

112 2546 208 2596 nutt,
252 2532 297 2586 id
331 2542 411 2588 est
465 2533 859 2590 revelabuntur
911 2536 1188 2606 prepltetre
1249 2535 1489 2598 obscuri,
1536 2536 1627 2606 qui

111 2620 272 2677 fuemnt
321 2623 676 2681 fundamenta
730 2627 1007 2692 Ecclesim,
1066 2643 1186 2697 quae
1235 2636 1320 2682 est
1369 2628 1519 2684 orbis
1561 2644 1628 2684 ex

112 2714 300 2769 omnibus
337 2718 496 2773 terris
552 2717 779 2783 electus,
809 2718 860 2771 id
890 2728 974 2773 est
1014 2733 1214 2773 corona
1262 2718 1377 2773 Dei.
1430 2718 1627 2774 Orbem

114 2804 318 2875 ponitpro
342 2822 572 2875 corona,
603 2824 727 2863 cum
751 2809 981 2864 rotunda
1008 2809 1097 2862 sit.
1126 2808 1252 2864 Dico
1278 2809 1421 2879 quod
1455 2808 1630 2865 fontes

116 2896 167 2949 eis
187 2900 516 2967 apparebunt,
547 2909 603 2955 et
631 2899 744 2957 haec
792 2902 1061 2971 apparitio
1100 2916 1205 2956 non
1256 2902 1510 2972 procedet
1562 2902 1630 2956 ab

117 2986 204 3055 ipsis
227 2990 455 3054 fontibus,
482 3008 520 3047 ο
567 2991 812 3059 Domine,
857 2994 950 3047 sed
974 2992 1038 3046 ab
1089 2991 1442 3062 increpatione
1491 3004 1581 3045 tua
1610 3010 1630 3048 :

118 3073 354 3147 increpabis
383 3082 536 3135 enim
560 3096 655 3137 eos
700 3081 934 3137 latenter
974 3081 1243 3137 interius:
1278 3091 1333 3137 et
1377 3083 1633 3154 exprimit

120 3164 465 3238 iucrepationem
512 3172 613 3227 sic.
667 3171 735 3227 Et
788 3188 886 3243 pro
924 3172 1131 3228 scilicet
1172 3173 1239 3226 ab
1282 3173 1633 3243 inspiratione

120 3252 286 3323 Spiritus
312 3263 399 3316 ira:
427 3274 561 3325 tute,
591 3264 644 3318 id
676 3274 758 3320 est
788 3265 914 3335 quia
944 3264 1236 3333 inspirabis
1268 3281 1362 3320 eos
1391 3282 1487 3335 per
1509 3265 1634 3336 Spi-

122 3346 233 3401 ritum
256 3360 490 3407 sanctum
519 3353 657 3407 iram
687 3362 833 3408 tuam
864 3364 1148 3409 venturam
1179 3355 1231 3408 in
1276 3354 1582 3409 incredulos
1616 3373 1631 3409 :

122 3437 215 3491 sicut
244 3444 488 3511 scriptum
523 3453 607 3498 est
638 3458 653 3497 :
709 3463 727 3496 ι
758 3443 815 3496 Si
876 3446 1000 3514 quis
1045 3446 1261 3517 ignorat
1299 3445 1638 3515 ignorabitur

122 3526 157 3585 li
177 3529 271 3585 Cor.
295 3550 396 3599 xw,
420 3536 572 3603 38),:
608 3551 765 3605 quem
791 3537 1053 3607 Spiritum
1087 3539 1249 3604 misit,
1281 3538 1332 3591 id
1357 3546 1438 3589 est
1462 3538 1640 3591 mittet

123 3615 599 3688 Deus.oanditorcs,
622 3628 686 3681 de
738 3643 965 3690 summo,
1003 3629 1055 3682 id
1107 3635 1190 3683 est
1227 3630 1292 3683 de
1326 3632 1639 3687 summitate

123 3706 353 3769 divinitatis
373 3732 484 3771 sua:
518 3735 532 3770 :
573 3728 630 3772 et
661 3719 763 3773 hoc
795 3719 925 3773 dicit
949 3720 1017 3773 ad
1058 3720 1470 3775 instructionem
1514 3722 1638 3778 fidei

123 3810 286 3869 nostra,
337 3807 477 3863 sicut
532 3817 587 3864 et
627 3825 723 3880 per
768 3808 973 3864 Joelem
1020 3811 1267 3865 dicitur:
1306 3830 1325 3862 ι
1356 3812 1638 3868 Effundam

124 3884 167 3941 de
187 3889 354 3961 Spiritu
383 3914 509 3953 meo
538 3913 702 3968 super
736 3914 951 3955 omnem
980 3915 1224 3966 carnem,
1258 3920 1276 3954 ι
1317 3911 1427 3957 ειε.
1475 3886 1636 3973 (Joel.

124 3980 273 4053 11.28.)
306 3987 363 4041 Et
402 4004 502 4058 per
535 3990 710 4059 ipsum
744 3989 1005 4060 Spiritum
1038 3992 1254 4061 accepit,
1293 3991 1346 4046 id
1382 4001 1464 4046 est
1501 3993 1641 4047 acci-

126 4072 312 4144 pietme,
338 4081 387 4135 id
430 4092 517 4137 est
560 4082 859 4137 Ecclesiam
911 4098 1109 4149 meam,
1150 4095 1201 4138 et
1247 4086 1552 4155 assumpsit,
1590 4085 1641 4140 id

127 4172 183 4216 est
204 4182 407 4227 assumet
441 4192 545 4239 me,
591 4174 644 4229 id
694 4184 777 4230 est
817 4175 1113 4230 Ecclesium
1161 4191 1335 4230 meam
1384 4178 1448 4230 de
1490 4178 1642 4248 aquis

127 4257 253 4313 multis
289 4263 528 4329 electam.
565 4267 616 4321 id
665 4276 748 4321 est
782 4268 847 4321 de
886 4267 1096 4336 populis
1127 4268 1261 4323 meis
1315 4268 1516 4335 multis,
1552 4270 1643 4338 qui

129 4361 235 4416 aqua
254 4354 485 4413 dicuntur
514 4374 579 4413 eo
606 4359 748 4428 quod
799 4358 1096 4413 decurrunt
1124 4359 1187 4412 de
1208 4360 1559 4430 generatione
1590 4360 1643 4415 in

130 4445 564 4511 generationem,ad
592 4449 808 4502 modum
828 4464 1089 4518 aquarum
1114 4451 1449 4503 currentium
1476 4468 1489 4503 :
1517 4451 1643 4505 utitt

1731 2002 1836 2041 non
1864 2001 1928 2041 ex
1959 1984 2248 2040 afﬂictione
2285 1986 2337 2040 in
2368 1986 2471 2040 fide
2502 1995 2559 2040 et
2594 1986 2883 2040 dilectione
2923 1985 3049 2038 fiant
3082 1983 3315 2055 augusti,

1728 2077 1824 2132 sed
1889 2078 2064 2148 magis
2122 2076 2405 2148 magisque
2468 2075 2678 2131 dilatati
2737 2074 2893 2144 juxta
2956 2075 3317 2145 Apostolum:

1740 2190 1757 2223 ‹
1803 2170 1941 2225 Cum
1974 2168 2225 2223 iufirmor
2249 2177 2376 2223 tunc
2407 2169 2602 2222 fortior
2632 2184 2749 2222 sum
2782 2179 2836 2222 et
2864 2177 3053 2237 potens
3084 2166 3163 2237 (II
3192 2165 3319 2219 Cor.

1729 2280 1827 2328 xu,
1857 2262 1969 2331 i0),
2005 2282 2024 2315 ι
2074 2271 2128 2316 ει
2167 2262 2269 2317 Ιιοε
2308 2261 2441 2315 dicit
2483 2261 2550 2315 ad
2580 2259 3032 2315 confurtatiouem
3084 2258 3319 2311 fidelium

1730 2353 2163 2425 aflligcndorutn.
2230 2351 2365 2418 Quia
2412 2352 2663 2421 superius
2708 2351 2954 2413 dixerat,
3006 2351 3221 2418 accipiet
3273 2357 3321 2402 et

1731 2452 1959 2496 assuutet
1999 2458 2103 2508 me,
2138 2449 2330 2496 etnon
2374 2440 2771 2504 declaraverat,
2818 2441 3014 2510 repetit
3064 2436 3325 2508 a'qttipol—

1731 2532 1908 2587 lenter
1935 2540 1994 2586 ut
2016 2531 2340 2587 determinet
2367 2532 2445 2587 sic
2472 2549 2486 2587 :
2518 2531 2629 2586 dixi
2658 2549 2670 2585 :
2701 2532 2946 2601 Accipiet
2982 2543 3035 2586 et
3061 2538 3324 2594 assumet,

1731 2633 1786 2680 ct
1809 2638 1934 2678 vere
1964 2623 2166 2678 salvum
2192 2640 2272 2677 me
2301 2623 2443 2692 fecit,
2479 2624 2528 2678 id
2561 2633 2643 2678 est
2672 2623 2851 2679 salvos
2880 2623 3041 2677 faciet
3079 2637 3225 2677 meos
3255 2620 3325 2675 ab

1734 2712 2051 2769 infidelitate
2074 2721 2128 2767 ει
2150 2713 2395 2784 originali
2418 2714 2667 2779 crimine,
2687 2724 2741 2769 et
2764 2715 2865 2769 hoc
2896 2729 3003 2767 non
3035 2729 3099 2767 cx
3131 2727 3319 2766 eorum

1735 2805 1967 2870 meritis,
1997 2805 2091 2860 sed
2121 2805 2377 2875 quoniam
2409 2805 2576 2859 voluit
2609 2820 2714 2871 me,
2745 2805 2795 2857 id
2826 2815 2912 2858 est
2946 2803 3056 2857 sola
3089 2802 3323 2872 gratuita

1735 2896 2035 2960 voluntate,
2071 2904 2129 2949 ιιι
2154 2895 2478 2966 Apostolus:
2519 2914 2536 2946 ι
2573 2894 2688 2949 Non
2726 2911 2790 2949 ex
2820 2893 3073 2963 operibus
3100 2892 3328 2962 iustitiae

1735 3005 1856 3061 qute
1905 2989 2132 3045 fecimus
2164 3004 2281 3054 nos,
2323 2988 2416 3042 sed
2464 2988 2761 3043 secuudmn
2811 2999 2965 3041 suam
3013 2985 3326 3039 misericor-

1736 3082 1879 3137 diam
1915 3082 2094 3137 salvos
2125 3097 2223 3135 nos
2251 3080 2376 3135 fecit
2405 3078 2532 3150 (Tit.
2559 3095 2640 3146 ιιι,
2668 3079 2722 3150 5)
2750 3096 2763 3132 :
2798 3098 2816 3130 ι
2850 3087 2905 3132 ει
2933 3078 3057 3148 quia
3088 3079 3327 3147 gratuito

1741 3173 1973 3229 salvabit
2011 3191 2023 3226 :
2067 3185 2183 3245 post
2225 3174 2469 3227 retribuet
2508 3174 2656 3237 milii,
2702 3173 2753 3227 id
2800 3180 2882 3227 est
2932 3172 3036 3225 mei
3071 3170 3326 3224 Dominus

1741 3266 2026 3320 secundum
2062 3265 2329 3335 justitiam
2372 3281 2563 3328 nteant,
2608 3264 2659 3318 id
2706 3272 2788 3319 est
2830 3278 3099 3325 meorum,
3148 3261 3199 3315 id
3244 3271 3329 3315 est

1740 3359 2031 3414 secundum
2061 3357 2201 3427 quod
2225 3356 2378 3424 juxta
2410 3372 2573 3426 opera
2614 3370 2707 3411 Sua
2753 3356 3223 3427 pron‘terelututnr,
3270 3364 3329 3408 ut

1740 3451 1831 3521 qui
1871 3450 2051 3518 justus
2087 3459 2171 3505 est
2205 3437 2533 3518 iustificetur
2568 3450 2744 3503 adhuc
2775 3468 2788 3503 :
2826 3449 2992 3503 illatio
3040 3463 3068 3500 a
3104 3446 3325 3515 majori:

1742 3551 1803 3596 ut
1839 3542 2267 3612 aitApostolus:
2298 3560 2316 3592 ι
2360 3542 2416 3596 Si
2452 3543 2594 3597 enim
2635 3558 2757 3597 cum
2812 3541 3015 3596 inimici
3062 3555 3326 3604 essemus,

1742 3630 2073 3686 reconciliati
2111 3630 2284 3685 simus
2312 3631 2421 3685 Deo
2453 3648 2549 3701 per
2577 3640 2806 3686 mortem
2839 3631 2958 3685 Filii
2991 3630 3128 3696 ejus,
3161 3629 3330 3682 multo

1743 3722 1915 3791 magis
1945 3721 2278 3776 reconciliati
2317 3721 2449 3776 salvi
2481 3722 2685 3777 erimus
2714 3722 2899 3776 invita
2940 3722 3107 3789 ipsius
3143 3718 3325 3791 (Rom.

1741 3829 1796 3879 v,
1826 3814 1933 3885 l0).
1965 3832 1983 3865 ι
2013 3812 2080 3867 Et
2105 3814 2269 3867 etiam
2293 3814 2539 3867 retribuet
2564 3815 2689 3867 mihi
2712 3815 2999 3867 secundum
3022 3814 3329 3881 puritatem,

1744 3902 1795 3956 id
1820 3913 1904 3955 est
1936 3901 2300 3957 innocentiam
2330 3918 2583 3955 manuum
2618 3919 2873 3967 mearum,
2902 3904 2952 3955 id
2986 3911 3068 3957 cst
3093 3900 3333 3956 aﬂcctio—

1744 4007 1873 4045 num
1912 4007 2153 4046 mearum
2192 4010 2204 4045 :
2236 4006 2355 4060 quas
2388 3992 2528 4046 bene
2558 3992 2814 4046 dicuntur
2845 4008 3061 4056 manus,
3092 4007 3155 4047 eo
3188 3992 3329 4061 quod

1744 4094 1923 4134 causa:
1953 4090 2078 4133 sunt
2114 4093 2336 4149 operum
2376 4080 2641 4134 bonorum
2670 4097 2683 4135 :
2722 4081 2864 4135 sicut
2905 4090 2959 4134 et
2987 4095 3178 4133 manus
3205 4094 3332 4147 ope-

1744 4186 1863 4226 rum
1902 4186 2080 4225 causa:
2120 4180 2266 4225 sunt.
2305 4171 2458 4238 Quod
2504 4181 2584 4227 est
2632 4173 2833 4237 dicere,
2867 4171 3145 4225 Retribuct
3196 4169 3332 4224 meis

1745 4264 2041 4318 secundum
2091 4264 2234 4333 quod
2287 4278 2475 4318 eorum
2545 4264 2848 4317 innocentia
2914 4262 3330 4332 promerebitur,

1746 4355 1955 4409 scilicet
1981 4355 2069 4422 qui
2103 4362 2264 4408 erunt
2310 4354 2648 4416 innocentes,
2681 4354 2734 4407 id
2767 4363 2850 4408 est
2893 4368 2923 4406 a
2957 4351 3140 4406 multis
3185 4350 3333 4404 vitiis

1746 4446 2103 4507 abstinentes,
2152 4445 2285 4499 fiant
2331 4446 2755 4509 innocentiores,
2804 4445 2854 4497 id
2900 4456 2982 4499 εει
3028 4459 3055 4496 a
3087 4442 3333 4513 pluribus

129 4528 377 4606 Apocalypsi
426 4540 655 4593 dicitur:
696 4559 713 4590 ι
747 4540 917 4610 Aqme
962 4542 1143 4594 multa:
1175 4541 1353 4611 populi
1403 4542 1590 4597 multi:
1620 4564 1637 4595 ι
1674 4537 2136 4615 Dabstinentes:
2182 4535 2381 4589 iterum
2431 4534 2600 4589 illatio
2654 4551 2681 4588 a
2735 4534 2943 4601 majori.
3002 4534 3067 4588 Et
3112 4534 3335 4603 exponit

131 4621 297 4681 velsie:
337 4630 467 4696 Quia
498 4634 712 4686 dixerat
741 4633 1173 4687 commovebitur
1214 4643 1356 4689 terra
1404 4644 1461 4689 et
1516 4650 1645 4690 con-

133 4713 390 4784 turbabitur,
477 4732 660 4793 posset
716 4725 883 4793 qtueri
946 4739 1042 4793 per
1106 4725 1259 4791 quid,
1323 4733 1375 4779 et
1423 4725 1541 4779 ltoc'
1567 4725 1646 4779 sic

132 4806 308 4862 ostendit
353 4829 365 4863 :
412 4813 531 4866 dico
586 4815 729 4883 quod
774 4814 1203 4869 commovebitur
1246 4824 1299 4869 et
1358 4815 1648 4869 conturba-

134 4887 267 4977 ιιὶιιιι,
316 4909 365 4953 ει
429 4903 532 4958 hoc
596 4920 693 4973 per
761 4920 888 4971 me;
949 4920 1074 4959 nam
1138 4906 1282 4960 Dens
1343 4906 1492 4959 misit
1537 4905 1648 4977 49

136 4976 311 5042 Verbum
364 5007 517 5047 suum
582 4994 649 5048 de
700 5010 942 5059 summo,
1007 4996 1059 5050 id
1098 4996 1281 5051 estde
1336 4976 1646 5066 aequalitate

136 5084 217 5124 θυαε
244 5077 297 5132 Ει
330 5082 493 5149 ipsum
524 5083 760 5139 Verbum
789 5085 984 5154 accepit
1014 5102 1135 5143 me:
1174 5084 1510 5139 Dominicnm
1551 5087 1647 5141 Ιιο-

138 5163 300 5233 minem,
337 5173 384 5225 id
424 5184 505 5229 est
542 5176 899 5241 personaliter
938 5177 1036 5230 sibi
1082 5177 1363 5246 conjunxit
1397 5193 1411 5229 :
1450 5187 1504 5232 et
1550 5192 1647 5247 per

142 5264 197 5304 me
226 5268 467 5332 assumpsit
510 5284 611 5332 me,
652 5267 701 5319 id
743 5276 827 5321 est
862 5267 1157 5322 Ecclesium
1190 5284 1364 5322 meam
1398 5269 1464 5323 de
1492 5269 1647 5339 aquis
1708 5264 1713 5269 θ

141 5344 287 5403 ιιιιιΙιιε.
317 5353 610 5412 Secundum
651 5368 830 5413 autem
860 5360 1092 5429 primam
1130 5363 1450 5416 sententiam
1486 5376 1644 5416 acce-

141 5432 194 5497 ιιῑι
216 5448 259 5492 ει
285 5451 554 5520 assumpsit
591 5450 733 5505 idem
765 5460 870 5518 est,
904 5452 998 5507 sed
1039 5453 1238 5523 duplici
1289 5453 1647 5510 similitudine

144 5524 315 5587 dicitur:
338 5540 585 5613 Accipere
616 5544 833 5613 quidem
870 5560 898 5597 a
933 5544 1291 5600 similitudine
1323 5545 1642 5615 fugientium

146 5618 207 5679 Qui
238 5624 505 5695 capiuntur.
542 5636 835 5690 Assumere
871 5652 1022 5702 vero,
1067 5651 1097 5690 a
1130 5636 1483 5692 similitudine
1528 5638 1645 5694 illo-

147 5722 229 5763 ﬁt!"
258 5720 350 5785 qui,
376 5739 486 5781 cum
524 5729 724 5783 infirmi
767 5730 895 5794 sint,
934 5745 962 5783 a
991 5731 1229 5799 quolibet
1264 5740 1554 5786 sumuntur
1585 5741 1645 5787 ut

147 5802 192 5855 ad
214 5804 296 5866 alta
322 5812 584 5874 ducantur.
635 5820 774 5874 Deus
811 5829 988 5874 autem
1020 5829 1071 5875 et
1115 5835 1211 5875 nos
1252 5836 1279 5875 a
1310 5821 1425 5891 lege
1454 5831 1508 5875 ει
1542 5823 1644 5878 fide

1747 4627 2041 4682 secundum
2076 4640 2237 4695 quam
2272 4624 2537 4693 justitiam
2572 4635 2625 4680 ct
2659 4626 2952 4678 secundum
2988 4640 3147 4694 quam
3178 4624 3329 4678 inuo-

1747 4722 2002 4775 ccntiam.
2030 4718 2337 4772 Secundum
2363 4718 2627 4789 justitiam
2644 4718 2873 4783 scilicet,
2902 4719 3025 4789 quia
3057 4707 3332 4779 custodiri,

1749 4813 1801 4866 id
1839 4821 1921 4864 est
1960 4811 2063 4864 mei
2102 4810 2411 4865 custodient
2451 4810 2558 4863 rias
2586 4809 2830 4876 Domini,
2867 4810 2915 4863 id
2955 4817 3037 4863 est
3067 4816 3331 4879 prauepta

1752 4902 1981 4964 Dmnini,
2019 4917 2115 4971 per
2149 4917 2267 4970 quae
2307 4902 2669 4973 completores
2707 4917 2896 4958 eorum
2938 4904 3006 4956 ad
3044 4902 3207 4954 vitam
3245 4914 3336 4953 vc-

1749 4996 1935 5048 nieut:
1963 4994 2189 5063 ideoque
2215 4994 2313 5048 vim
2341 4996 2596 5049 dicuntur
2624 5012 2636 5048 :
2665 5012 2787 5050 cum
2823 5011 3032 5050 summa
3063 4994 3333 5065 diligentia

1747 5098 1801 5141 ει
1828 5087 2072 5142 custodia
2108 5086 2480 5156 complelmnt.
2535 5087 2594 5142 Et
2629 5089 2925 5143 secundum
2971 5088 3333 5141 innocentiam

1748 5180 2035 5245 retribuet,
2085 5178 2211 5249 quia
2263 5194 2368 5233 non
2421 5181 2577 5250 impie
2616 5182 2751 5250 gessi
2788 5198 2820 5235 a
2846 5180 2953 5233 Deo
2995 5195 3128 5243 meo,
3170 5177 3336 5231 idest

1749 5288 1855 5326 non
1886 5272 2048 5342 impie
2078 5280 2233 5341 agent
2275 5287 2304 5325 a
2335 5271 2445 5327 Deo
2467 5286 2565 5326 suo
2596 5272 2918 5327 recedendo.
2949 5270 3008 5323 Et
3044 5269 3128 5323 luis
3157 5268 3335 5321 causis

1746 5364 2055 5419 Custodient
2083 5363 2199 5417 vias
2225 5363 2461 5425 Domini,
2494 5371 2549 5418 et
2580 5363 2741 5432 impie
2774 5377 2878 5414 non
2912 5367 3101 5430 gerent
3150 5373 3162 5410 :
3208 5357 3333 5424 quia

1748 5454 1925 5508 omnia
1962 5452 2170 5521 judicia
2214 5452 2330 5521 ejus
2373 5462 2500 5507 sunt
2547 5454 2600 5505 in
2648 5459 2924 5520 conspectu
2972 5463 3105 5511 meo,
3149 5446 3199 5499 id
3250 5454 3335 5498 est

1747 5543 1931 5598 omnia
1968 5543 2087 5613 ejus
2119 5543 2325 5612 judicia
2372 5543 2751 5611 conspiciunt:
2787 5541 2887 5595 hoc
2936 5539 3143 5594 scilicet
3190 5536 3333 5607 quod

1746 5634 1976 5690 occultis
2018 5634 2240 5705 jndiciis
2275 5636 2386 5689 suis
2425 5634 2689 5703 permittit
2733 5633 2819 5687 hic
2870 5632 3040 5686 malos
3080 5628 3331 5685 exaltari.

1747 5725 1919 5780 bonos
1945 5724 2175 5793 deprimi
2205 5741 2217 5777 :
2247 5733 2302 5777 et
2338 5724 2390 5778 in
2423 5721 2605 5777 futuro
2635 5723 2735 5777 bos
2763 5721 3014 5784 salvaltit,
3054 5720 3173 5774 illos
3203 5735 3333 5774 vero

1746 5820 2043 5884 damnabit,
2083 5828 2135 5873 et
2172 5817 2296 5887 quia
2334 5818 2448 5872 haec
2482 5832 2646 5872 causa
2673 5833 2776 5874 non
2819 5815 3111 5884 sufficeret,
3162 5815 3228 5869 ad
3252 5815 3333 5878 lit,
