  <div class='ocr_page' id='page_1' title='image "/cluster/home/n/w/nwhite01/storage/ocr_20150623/152/hvd.32044015473804/357.png"; bbox 0 0 3864 6320; ppageno 0'>
   <div class='ocr_carea' id='block_1_1' title="bbox 499 331 604 388">
    <p class='ocr_par' dir='ltr' id='par_1_1' title="bbox 499 331 604 388">
     <span class='ocr_line' id='line_1_1' title="bbox 499 331 604 388; baseline -0.019 0"><span class='ocrx_word' id='word_1_1' title='bbox 499 331 604 388; x_wconf 71' lang='lat'><strong>1’05</strong></span> 
     </span>
    </p>
   </div>
   <div class='ocr_carea' id='block_1_2' title="bbox 1073 327 2089 391">
    <p class='ocr_par' dir='ltr' id='par_1_2' title="bbox 1073 327 2089 391">
     <span class='ocr_line' id='line_1_2' title="bbox 1073 327 2089 391; baseline 0.002 -7"><span class='ocrx_word' id='word_1_2' title='bbox 1073 328 1132 385; x_wconf 87' lang='lat' dir='ltr'><strong>S.</strong></span> <span class='ocrx_word' id='word_1_3' title='bbox 1165 327 1516 387; x_wconf 74' lang='grc' dir='ltr'>ΒιιυΝοΝιε</span> <span class='ocrx_word' id='word_1_4' title='bbox 1555 332 2089 391; x_wconf 71' lang='lat' dir='ltr'><strong>CAIlTllUSIANOR</strong></span> 
     </span>
    </p>
   </div>
   <div class='ocr_carea' id='block_1_3' title="bbox 2194 327 3208 391">
    <p class='ocr_par' dir='ltr' id='par_1_3' title="bbox 2194 327 3208 388">
     <span class='ocr_line' id='line_1_3' title="bbox 2194 327 3208 388; baseline 0.004 -4"><span class='ocrx_word' id='word_1_5' title='bbox 2194 334 2196 384; x_wconf 77' lang='grc' dir='ltr'>ζ</span> <span class='ocrx_word' id='word_1_6' title='bbox 2245 327 2732 388; x_wconf 79' lang='lat' dir='ltr'><strong>lNSTlTUTORIS</strong></span> <span class='ocrx_word' id='word_1_7' title='bbox 2762 329 2913 388; x_wconf 84' lang='lat' dir='ltr'><strong>OPP.</strong></span> <span class='ocrx_word' id='word_1_8' title='bbox 2957 329 3136 388; x_wconf 77' lang='lat' dir='ltr'><strong>PARS</strong></span> <span class='ocrx_word' id='word_1_9' title='bbox 3164 330 3208 388; x_wconf 83' lang='grc'><strong>1.</strong></span> 
     </span>
    </p>
   </div>
   <div class='ocr_carea' id='block_1_4' title="bbox 3631 340 3709 402">
    <p class='ocr_par' dir='ltr' id='par_1_4' title="bbox 3631 340 3709 402">
     <span class='ocr_line' id='line_1_4' title="bbox 3631 340 3709 402; baseline 0.051 -5"><span class='ocrx_word' id='word_1_10' title='bbox 3631 340 3709 402; x_wconf 75' lang='grc' dir='ltr'><strong>τοι</strong></span> 
     </span>
    </p>
   </div>
   <div class='ocr_carea' id='block_1_5' title="bbox 495 449 3710 521">
    <p class='ocr_par' dir='ltr' id='par_1_5' title="bbox 495 449 3710 521">
     <span class='ocr_line' id='line_1_5' title="bbox 495 449 3710 521; baseline 0.001 -18"><span class='ocrx_word' id='word_1_11' title='bbox 495 459 548 503; x_wconf 89' lang='lat' dir='ltr'><strong>et</strong></span> <span class='ocrx_word' id='word_1_12' title='bbox 590 449 675 502; x_wconf 88' lang='lat' dir='ltr'><strong>illa</strong></span> <span class='ocrx_word' id='word_1_13' title='bbox 719 449 1144 505; x_wconf 64' lang='lat' dir='ltr'><strong>considerabunt</strong></span> <span class='ocrx_word' id='word_1_14' title='bbox 1181 451 1351 517; x_wconf 88' lang='lat' dir='ltr'><strong>justa.</strong></span> <span class='ocrx_word' id='word_1_15' title='bbox 1407 453 1472 506; x_wconf 87' lang='lat' dir='ltr'><strong>Et</strong></span> <span class='ocrx_word' id='word_1_16' title='bbox 1506 453 1608 508; x_wconf 93' lang='lat' dir='ltr'><strong>hoc</strong></span> <span class='ocrx_word' id='word_1_17' title='bbox 1647 469 1769 508; x_wconf 87' lang='lat' dir='ltr'><strong>cum</strong></span> <span class='ocrx_word' id='word_1_18' title='bbox 1811 453 1882 508; x_wconf 89' lang='lat' dir='ltr'><strong>sit</strong></span> <span class='ocrx_word' id='word_1_19' title='bbox 1924 462 2078 508; x_wconf 80' lang='lat' dir='ltr'><strong>extra</strong></span> <span class='ocrx_word' id='word_1_20' title='bbox 2110 455 2156 515; x_wconf 76' lang='grc' dir='ltr'><strong>Α</strong></span> <span class='ocrx_word' id='word_1_21' title='bbox 2187 452 2450 518; x_wconf 77' lang='lat' dir='ltr'><strong>Quoniam</strong></span> <span class='ocrx_word' id='word_1_22' title='bbox 2481 451 2532 504; x_wconf 92' lang='lat' dir='ltr'><strong>in</strong></span> <span class='ocrx_word' id='word_1_23' title='bbox 2565 451 2748 506; x_wconf 76' lang='lat' dir='ltr'><strong>futuro</strong></span> <span class='ocrx_word' id='word_1_24' title='bbox 2787 460 2838 505; x_wconf 92' lang='grc' dir='ltr'><strong>ιιι</strong></span> <span class='ocrx_word' id='word_1_25' title='bbox 2866 451 2958 520; x_wconf 90' lang='lat' dir='ltr'><strong>qui</strong></span> <span class='ocrx_word' id='word_1_26' title='bbox 3001 459 3192 521; x_wconf 87' lang='lat' dir='ltr'><strong>potens</strong></span> <span class='ocrx_word' id='word_1_27' title='bbox 3218 465 3300 513; x_wconf 89' lang='lat' dir='ltr'><strong>es,</strong></span> <span class='ocrx_word' id='word_1_28' title='bbox 3338 451 3534 506; x_wconf 75' lang='lat' dir='ltr'><strong>Salvum</strong></span> <span class='ocrx_word' id='word_1_29' title='bbox 3577 453 3710 514; x_wconf 73' lang='lat' dir='ltr'><strong>facies</strong></span> 
     </span>
    </p>
   </div>
   <div class='ocr_carea' id='block_1_6' title="bbox 495 541 2081 616">
    <p class='ocr_par' dir='ltr' id='par_1_6' title="bbox 495 541 2081 616">
     <span class='ocr_line' id='line_1_6' title="bbox 495 541 2081 616; baseline 0.007 -25"><span class='ocrx_word' id='word_1_30' title='bbox 495 542 713 601; x_wconf 86' lang='lat' dir='ltr'><strong>librum,</strong></span> <span class='ocrx_word' id='word_1_31' title='bbox 754 555 818 595; x_wconf 84' lang='lat' dir='ltr'><strong>ex</strong></span> <span class='ocrx_word' id='word_1_32' title='bbox 855 541 978 596; x_wconf 83' lang='lat' dir='ltr'><strong>libri</strong></span> <span class='ocrx_word' id='word_1_33' title='bbox 1009 543 1191 596; x_wconf 82' lang='lat' dir='ltr'><strong>verbis</strong></span> <span class='ocrx_word' id='word_1_34' title='bbox 1231 546 1585 612; x_wconf 74' lang='lat' dir='ltr'><strong>sequentibus</strong></span> <span class='ocrx_word' id='word_1_35' title='bbox 1619 548 1950 616; x_wconf 90' lang='lat' dir='ltr'><strong>concipitur,</strong></span> <span class='ocrx_word' id='word_1_36' title='bbox 1985 549 2081 603; x_wconf 89' lang='lat' dir='ltr'><strong>sed</strong></span> 
     </span>
    </p>
   </div>
   <div class='ocr_carea' id='block_1_7' title="bbox 491 634 2081 705">
    <p class='ocr_par' dir='ltr' id='par_1_7' title="bbox 491 634 2081 705">
     <span class='ocr_line' id='line_1_7' title="bbox 491 634 2081 705; baseline 0.006 -19"><span class='ocrx_word' id='word_1_37' title='bbox 491 634 748 703; x_wconf 87' lang='lat' dir='ltr'><strong>quoniam</strong></span> <span class='ocrx_word' id='word_1_38' title='bbox 801 635 976 688; x_wconf 90' lang='lat' dir='ltr'><strong>adhuc</strong></span> <span class='ocrx_word' id='word_1_39' title='bbox 1027 635 1141 689; x_wconf 60' lang='lat' dir='ltr'><strong>ha‘c</strong></span> <span class='ocrx_word' id='word_1_40' title='bbox 1182 637 1420 690; x_wconf 89' lang='lat' dir='ltr'><strong>secunda</strong></span> <span class='ocrx_word' id='word_1_41' title='bbox 1476 653 1637 694; x_wconf 86' lang='lat' dir='ltr'><strong>causa</strong></span> <span class='ocrx_word' id='word_1_42' title='bbox 1694 655 1798 694; x_wconf 91' lang='lat' dir='ltr'><strong>non</strong></span> <span class='ocrx_word' id='word_1_43' title='bbox 1860 639 2081 705; x_wconf 82' lang='lat' dir='ltr'><strong>sulhcit,</strong></span> 
     </span>
    </p>
   </div>
   <div class='ocr_carea' id='block_1_8' title="bbox 491 725 2084 803">
    <p class='ocr_par' dir='ltr' id='par_1_8' title="bbox 491 725 2084 803">
     <span class='ocr_line' id='line_1_8' title="bbox 491 725 2084 803; baseline 0.006 -25"><span class='ocrx_word' id='word_1_44' title='bbox 491 725 644 779; x_wconf 91' lang='lat' dir='ltr'><strong>addit</strong></span> <span class='ocrx_word' id='word_1_45' title='bbox 673 740 728 780; x_wconf 89' lang='lat' dir='ltr'><strong>et</strong></span> <span class='ocrx_word' id='word_1_46' title='bbox 761 727 1008 781; x_wconf 84' lang='lat' dir='ltr'><strong>tertiam:</strong></span> <span class='ocrx_word' id='word_1_47' title='bbox 1036 726 1104 781; x_wconf 86' lang='lat' dir='ltr'><strong>Et</strong></span> <span class='ocrx_word' id='word_1_48' title='bbox 1122 728 1363 798; x_wconf 78' lang='lat' dir='ltr'><strong>justitias</strong></span> <span class='ocrx_word' id='word_1_49' title='bbox 1387 729 1526 799; x_wconf 77' lang='lat' dir='ltr'><strong>ejus,</strong></span> <span class='ocrx_word' id='word_1_50' title='bbox 1551 730 1602 785; x_wconf 94' lang='lat' dir='ltr'><strong>id</strong></span> <span class='ocrx_word' id='word_1_51' title='bbox 1630 742 1710 787; x_wconf 99' lang='grc' dir='ltr'><strong>εει</strong></span> <span class='ocrx_word' id='word_1_52' title='bbox 1734 733 1937 802; x_wconf 85' lang='lat' dir='ltr'><strong>judicia</strong></span> <span class='ocrx_word' id='word_1_53' title='bbox 1964 738 2084 803; x_wconf 85' lang='lat' dir='ltr'><strong>ejus</strong></span> 
     </span>
    </p>
   </div>
   <div class='ocr_carea' id='block_1_9' title="bbox 488 819 2084 899">
    <p class='ocr_par' dir='ltr' id='par_1_9' title="bbox 488 819 2084 899">
     <span class='ocr_line' id='line_1_9' title="bbox 488 819 2084 899; baseline 0.008 -28"><span class='ocrx_word' id='word_1_54' title='bbox 488 823 626 890; x_wconf 74' lang='lat' dir='ltr'><strong>justa</strong></span> <span class='ocrx_word' id='word_1_55' title='bbox 651 819 993 874; x_wconf 86' lang='lat' dir='ltr'><strong>considerata</strong></span> <span class='ocrx_word' id='word_1_56' title='bbox 1019 837 1122 876; x_wconf 87' lang='lat' dir='ltr'><strong>non</strong></span> <span class='ocrx_word' id='word_1_57' title='bbox 1145 823 1312 892; x_wconf 83' lang='lat' dir='ltr'><strong>repuli</strong></span> <span class='ocrx_word' id='word_1_58' title='bbox 1334 841 1365 877; x_wconf 88' lang='lat' dir='ltr'><strong>a</strong></span> <span class='ocrx_word' id='word_1_59' title='bbox 1385 841 1486 890; x_wconf 88' lang='lat' dir='ltr'><strong>me,</strong></span> <span class='ocrx_word' id='word_1_60' title='bbox 1517 825 1568 878; x_wconf 88' lang='lat' dir='ltr'><strong>id</strong></span> <span class='ocrx_word' id='word_1_61' title='bbox 1591 833 1673 880; x_wconf 89' lang='lat' dir='ltr'><strong>est</strong></span> <span class='ocrx_word' id='word_1_62' title='bbox 1696 842 1800 880; x_wconf 92' lang='lat' dir='ltr'><strong>non</strong></span> <span class='ocrx_word' id='word_1_63' title='bbox 1827 828 2084 899; x_wconf 86' lang='lat' dir='ltr'><strong>repellent</strong></span> 
     </span>
    </p>
   </div>
   <div class='ocr_carea' id='block_1_10' title="bbox 491 912 2078 985">
    <p class='ocr_par' dir='ltr' id='par_1_10' title="bbox 491 912 2078 985">
     <span class='ocr_line' id='line_1_10' title="bbox 491 912 2078 985; baseline 0.006 -20"><span class='ocrx_word' id='word_1_64' title='bbox 491 929 518 965; x_wconf 91' lang='lat' dir='ltr'><strong>a</strong></span> <span class='ocrx_word' id='word_1_65' title='bbox 545 926 606 965; x_wconf 89' lang='lat' dir='ltr'><strong>se</strong></span> <span class='ocrx_word' id='word_1_66' title='bbox 630 951 645 974; x_wconf 95' lang='lat'><strong>,</strong></span> <span class='ocrx_word' id='word_1_67' title='bbox 670 912 814 980; x_wconf 91' lang='lat' dir='ltr'><strong>quod</strong></span> <span class='ocrx_word' id='word_1_68' title='bbox 854 922 938 966; x_wconf 91' lang='lat' dir='ltr'><strong>est</strong></span> <span class='ocrx_word' id='word_1_69' title='bbox 973 913 1158 967; x_wconf 88' lang='lat' dir='ltr'><strong>dicere</strong></span> <span class='ocrx_word' id='word_1_70' title='bbox 1203 930 1218 968; x_wconf 88' lang='lat'><strong>:</strong></span> <span class='ocrx_word' id='word_1_71' title='bbox 1263 931 1367 969; x_wconf 91' lang='lat' dir='ltr'><strong>non</strong></span> <span class='ocrx_word' id='word_1_72' title='bbox 1399 917 1761 985; x_wconf 78' lang='lat' dir='ltr'><strong>displicebant</strong></span> <span class='ocrx_word' id='word_1_73' title='bbox 1793 921 1894 982; x_wconf 91' lang='lat' dir='ltr'><strong>eis,</strong></span> <span class='ocrx_word' id='word_1_74' title='bbox 1940 937 1969 974; x_wconf 90' lang='lat' dir='ltr'><strong>a</strong></span> <span class='ocrx_word' id='word_1_75' title='bbox 2005 921 2078 976; x_wconf 92' lang='lat' dir='ltr'><strong>si-</strong></span> 
     </span>
    </p>
   </div>
   <div class='ocr_carea' id='block_1_11' title="bbox 496 1002 2084 1082">
    <p class='ocr_par' dir='ltr' id='par_1_11' title="bbox 496 1002 2084 1082">
     <span class='ocr_line' id='line_1_11' title="bbox 496 1002 2084 1082; baseline 0.009 -29"><span class='ocrx_word' id='word_1_76' title='bbox 496 1002 800 1058; x_wconf 67' lang='lat' dir='ltr'><strong>militudine</strong></span> <span class='ocrx_word' id='word_1_77' title='bbox 825 1003 1038 1059; x_wconf 91' lang='lat' dir='ltr'><strong>illornm</strong></span> <span class='ocrx_word' id='word_1_78' title='bbox 1067 1005 1326 1076; x_wconf 91' lang='lat' dir='ltr'><strong>quiquod</strong></span> <span class='ocrx_word' id='word_1_79' title='bbox 1352 1009 1478 1061; x_wconf 89' lang='lat' dir='ltr'><strong>odio</strong></span> <span class='ocrx_word' id='word_1_80' title='bbox 1503 1009 1723 1073; x_wconf 87' lang='lat' dir='ltr'><strong>habent,</strong></span> <span class='ocrx_word' id='word_1_81' title='bbox 1757 1027 1786 1064; x_wconf 90' lang='lat' dir='ltr'><strong>a</strong></span> <span class='ocrx_word' id='word_1_82' title='bbox 1819 1029 1878 1067; x_wconf 92' lang='lat' dir='ltr'><strong>se</strong></span> <span class='ocrx_word' id='word_1_83' title='bbox 1909 1015 2084 1082; x_wconf 89' lang='lat' dir='ltr'><strong>repel-</strong></span> 
     </span>
    </p>
   </div>
   <div class='ocr_carea' id='block_1_12' title="bbox 493 1092 2085 1170">
    <p class='ocr_par' dir='ltr' id='par_1_12' title="bbox 493 1092 2085 1170">
     <span class='ocr_line' id='line_1_12' title="bbox 493 1092 2085 1170; baseline 0.009 -25"><span class='ocrx_word' id='word_1_84' title='bbox 493 1092 613 1146; x_wconf 90' lang='lat' dir='ltr'><strong>lunt</strong></span> <span class='ocrx_word' id='word_1_85' title='bbox 637 1111 650 1146; x_wconf 91' lang='lat'><em>:</em></span> <span class='ocrx_word' id='word_1_86' title='bbox 675 1093 799 1148; x_wconf 88' lang='lat' dir='ltr'><strong>dico</strong></span> <span class='ocrx_word' id='word_1_87' title='bbox 825 1095 968 1164; x_wconf 91' lang='lat' dir='ltr'><strong>quod</strong></span> <span class='ocrx_word' id='word_1_88' title='bbox 1002 1097 1311 1151; x_wconf 86' lang='lat' dir='ltr'><strong>custodicnt</strong></span> <span class='ocrx_word' id='word_1_89' title='bbox 1341 1105 1396 1151; x_wconf 90' lang='lat' dir='ltr'><strong>et</strong></span> <span class='ocrx_word' id='word_1_90' title='bbox 1424 1097 1588 1168; x_wconf 86' lang='lat' dir='ltr'><strong>impie</strong></span> <span class='ocrx_word' id='word_1_91' title='bbox 1633 1116 1736 1154; x_wconf 91' lang='lat' dir='ltr'><strong>non</strong></span> <span class='ocrx_word' id='word_1_92' title='bbox 1763 1115 1951 1170; x_wconf 79' lang='lat' dir='ltr'><strong>gerent</strong></span> <span class='ocrx_word' id='word_1_93' title='bbox 1987 1121 1999 1156; x_wconf 89' lang='lat'>:</span> <span class='ocrx_word' id='word_1_94' title='bbox 2029 1114 2085 1159; x_wconf 90' lang='lat' dir='ltr'><strong>et</strong></span> 
     </span>
    </p>
   </div>
   <div class='ocr_carea' id='block_1_13' title="bbox 495 1184 2085 1262">
    <p class='ocr_par' dir='ltr' id='par_1_13' title="bbox 495 1184 2085 1262">
     <span class='ocr_line' id='line_1_13' title="bbox 495 1184 2085 1262; baseline 0.008 -25"><span class='ocrx_word' id='word_1_95' title='bbox 495 1184 599 1238; x_wconf 89' lang='lat' dir='ltr'><strong>hoc</strong></span> <span class='ocrx_word' id='word_1_96' title='bbox 619 1199 722 1237; x_wconf 92' lang='lat' dir='ltr'><strong>non</strong></span> <span class='ocrx_word' id='word_1_97' title='bbox 749 1185 968 1238; x_wconf 88' lang='lat' dir='ltr'><strong>horarie</strong></span> <span class='ocrx_word' id='word_1_98' title='bbox 993 1200 1006 1237; x_wconf 89' lang='lat'><strong>:</strong></span> <span class='ocrx_word' id='word_1_99' title='bbox 1030 1185 1122 1240; x_wconf 86' lang='lat' dir='ltr'><strong>sed</strong></span> <span class='ocrx_word' id='word_1_100' title='bbox 1151 1201 1270 1241; x_wconf 93' lang='lat' dir='ltr'><strong>cum</strong></span> <span class='ocrx_word' id='word_1_101' title='bbox 1295 1203 1380 1250; x_wconf 90' lang='lat' dir='ltr'><strong>co,</strong></span> <span class='ocrx_word' id='word_1_102' title='bbox 1407 1188 1458 1241; x_wconf 92' lang='lat' dir='ltr'><strong>id</strong></span> <span class='ocrx_word' id='word_1_103' title='bbox 1487 1200 1571 1242; x_wconf 90' lang='lat' dir='ltr'><strong>est</strong></span> <span class='ocrx_word' id='word_1_104' title='bbox 1598 1204 1720 1244; x_wconf 88' lang='lat' dir='ltr'><strong>cum</strong></span> <span class='ocrx_word' id='word_1_105' title='bbox 1741 1192 1942 1247; x_wconf 76' lang='lat' dir='ltr'><strong>auxilio</strong></span> <span class='ocrx_word' id='word_1_106' title='bbox 1968 1194 2085 1262; x_wconf 92' lang='lat' dir='ltr'><strong>ejus</strong></span> 
     </span>
    </p>
   </div>
   <div class='ocr_carea' id='block_1_14' title="bbox 492 1275 2086 1347">
    <p class='ocr_par' dir='ltr' id='par_1_14' title="bbox 492 1275 2086 1347">
     <span class='ocr_line' id='line_1_14' title="bbox 492 1275 2086 1347; baseline 0.009 -20"><span class='ocrx_word' id='word_1_107' title='bbox 492 1275 628 1328; x_wconf 83' lang='lat' dir='ltr'><strong>bene</strong></span> <span class='ocrx_word' id='word_1_108' title='bbox 663 1289 897 1342; x_wconf 86' lang='lat' dir='ltr'><strong>operans</strong></span> <span class='ocrx_word' id='word_1_109' title='bbox 935 1291 1032 1330; x_wconf 90' lang='lat' dir='ltr'><strong>cro</strong></span> <span class='ocrx_word' id='word_1_110' title='bbox 1062 1287 1475 1346; x_wconf 73' lang='lat' dir='ltr'><strong>perseveranter</strong></span> <span class='ocrx_word' id='word_1_111' title='bbox 1497 1280 1895 1347; x_wconf 87' lang='lat' dir='ltr'><strong>immaculatus,</strong></span> <span class='ocrx_word' id='word_1_112' title='bbox 1922 1285 1974 1340; x_wconf 87' lang='lat' dir='ltr'><strong>id</strong></span> <span class='ocrx_word' id='word_1_113' title='bbox 2002 1296 2086 1341; x_wconf 89' lang='lat' dir='ltr'><strong>est</strong></span> 
     </span>
    </p>
   </div>
   <div class='ocr_carea' id='block_1_15' title="bbox 493 1364 2085 1438">
    <p class='ocr_par' dir='ltr' id='par_1_15' title="bbox 493 1364 2085 1438">
     <span class='ocr_line' id='line_1_15' title="bbox 493 1364 2085 1438; baseline 0.009 -22"><span class='ocrx_word' id='word_1_114' title='bbox 493 1364 596 1418; x_wconf 90' lang='lat' dir='ltr'><strong>mei</strong></span> <span class='ocrx_word' id='word_1_115' title='bbox 635 1373 796 1418; x_wconf 90' lang='lat' dir='ltr'><strong>erunt</strong></span> <span class='ocrx_word' id='word_1_116' title='bbox 836 1365 1193 1422; x_wconf 86' lang='lat' dir='ltr'><strong>immaculati.</strong></span> <span class='ocrx_word' id='word_1_117' title='bbox 1235 1369 1302 1423; x_wconf 90' lang='lat' dir='ltr'><strong>Et</strong></span> <span class='ocrx_word' id='word_1_118' title='bbox 1335 1385 1456 1438; x_wconf 92' lang='lat' dir='ltr'><strong>pro,</strong></span> <span class='ocrx_word' id='word_1_119' title='bbox 1489 1371 1540 1425; x_wconf 93' lang='lat' dir='ltr'><strong>id</strong></span> <span class='ocrx_word' id='word_1_120' title='bbox 1571 1381 1655 1426; x_wconf 86' lang='lat' dir='ltr'><strong>est</strong></span> <span class='ocrx_word' id='word_1_121' title='bbox 1685 1373 1966 1430; x_wconf 82' lang='lat' dir='ltr'><strong>observabo</strong></span> <span class='ocrx_word' id='word_1_122' title='bbox 2003 1394 2085 1431; x_wconf 89' lang='lat' dir='ltr'><strong>me</strong></span> 
     </span>
    </p>
   </div>
   <div class='ocr_carea' id='block_1_16' title="bbox 493 1453 2084 1526">
    <p class='ocr_par' dir='ltr' id='par_1_16' title="bbox 493 1453 2084 1526">
     <span class='ocr_line' id='line_1_16' title="bbox 493 1453 2084 1526; baseline 0.011 -23"><span class='ocrx_word' id='word_1_123' title='bbox 493 1455 557 1506; x_wconf 72' lang='lat' dir='ltr'><strong>alt</strong></span> <span class='ocrx_word' id='word_1_124' title='bbox 581 1453 857 1524; x_wconf 90' lang='lat' dir='ltr'><strong>iniquitate</strong></span> <span class='ocrx_word' id='word_1_125' title='bbox 877 1455 986 1526; x_wconf 83' lang='lat' dir='ltr'><strong>5o</strong></span> <span class='ocrx_word' id='word_1_126' title='bbox 1015 1475 1151 1524; x_wconf 81' lang='lat' dir='ltr'><strong>mea,</strong></span> <span class='ocrx_word' id='word_1_127' title='bbox 1195 1459 1248 1514; x_wconf 92' lang='lat' dir='ltr'><strong>id</strong></span> <span class='ocrx_word' id='word_1_128' title='bbox 1275 1470 1357 1515; x_wconf 86' lang='lat' dir='ltr'><strong>est</strong></span> <span class='ocrx_word' id='word_1_129' title='bbox 1401 1463 1504 1516; x_wconf 86' lang='lat' dir='ltr'><strong>mei</strong></span> <span class='ocrx_word' id='word_1_130' title='bbox 1539 1463 1896 1520; x_wconf 78' lang='lat' dir='ltr'><strong>conlinebtlnt</strong></span> <span class='ocrx_word' id='word_1_131' title='bbox 1927 1483 1985 1521; x_wconf 90' lang='lat' dir='ltr'><strong>sc</strong></span> <span class='ocrx_word' id='word_1_132' title='bbox 2016 1469 2084 1520; x_wconf 85' lang='lat' dir='ltr'><strong>ab</strong></span> 
     </span>
    </p>
   </div>
   <div class='ocr_carea' id='block_1_17' title="bbox 491 1546 2082 1628">
    <p class='ocr_par' dir='ltr' id='par_1_17' title="bbox 491 1546 2082 1628">
     <span class='ocr_line' id='line_1_17' title="bbox 491 1546 2082 1628; baseline 0.01 -30"><span class='ocrx_word' id='word_1_133' title='bbox 491 1546 776 1615; x_wconf 84' lang='lat' dir='ltr'><strong>iniquitate</strong></span> <span class='ocrx_word' id='word_1_134' title='bbox 803 1563 898 1604; x_wconf 83' lang='lat' dir='ltr'><strong>sua</strong></span> <span class='ocrx_word' id='word_1_135' title='bbox 931 1550 1031 1605; x_wconf 88' lang='lat' dir='ltr'><strong>sibi</strong></span> <span class='ocrx_word' id='word_1_136' title='bbox 1063 1567 1091 1604; x_wconf 89' lang='lat' dir='ltr'><strong>a</strong></span> <span class='ocrx_word' id='word_1_137' title='bbox 1120 1551 1230 1606; x_wconf 89' lang='lat' dir='ltr'><strong>Deo</strong></span> <span class='ocrx_word' id='word_1_138' title='bbox 1257 1553 1547 1609; x_wconf 71' lang='lat' dir='ltr'><strong>indulta‘et</strong></span> <span class='ocrx_word' id='word_1_139' title='bbox 1580 1557 1803 1612; x_wconf 85' lang='lat' dir='ltr'><strong>remissa</strong></span> <span class='ocrx_word' id='word_1_140' title='bbox 1831 1577 1844 1612; x_wconf 82' lang='lat'><strong>:</strong></span> <span class='ocrx_word' id='word_1_141' title='bbox 1870 1569 1923 1614; x_wconf 90' lang='lat' dir='ltr'><strong>et</strong></span> <span class='ocrx_word' id='word_1_142' title='bbox 1959 1562 2082 1628; x_wconf 91' lang='lat' dir='ltr'><strong>quia</strong></span> 
     </span>
    </p>
   </div>
   <div class='ocr_carea' id='block_1_18' title="bbox 488 1639 2084 1712">
    <p class='ocr_par' dir='ltr' id='par_1_18' title="bbox 488 1639 2084 1712">
     <span class='ocr_line' id='line_1_18' title="bbox 488 1639 2084 1712; baseline 0.009 -21"><span class='ocrx_word' id='word_1_143' title='bbox 488 1639 850 1696; x_wconf 77' lang='lat' dir='ltr'><strong>observabant</strong></span> <span class='ocrx_word' id='word_1_144' title='bbox 881 1657 964 1705; x_wconf 90' lang='lat' dir='ltr'><strong>se,</strong></span> <span class='ocrx_word' id='word_1_145' title='bbox 994 1645 1240 1697; x_wconf 85' lang='lat' dir='ltr'><strong>retribuet</strong></span> <span class='ocrx_word' id='word_1_146' title='bbox 1263 1647 1412 1712; x_wconf 86' lang='lat' dir='ltr'><strong>mihi,</strong></span> <span class='ocrx_word' id='word_1_147' title='bbox 1440 1647 1492 1702; x_wconf 91' lang='lat' dir='ltr'><strong>id</strong></span> <span class='ocrx_word' id='word_1_148' title='bbox 1519 1657 1601 1701; x_wconf 89' lang='lat' dir='ltr'><strong>est</strong></span> <span class='ocrx_word' id='word_1_149' title='bbox 1630 1649 1884 1705; x_wconf 78' lang='lat' dir='ltr'><strong>Dominus</strong></span> <span class='ocrx_word' id='word_1_150' title='bbox 1917 1653 1968 1705; x_wconf 92' lang='lat' dir='ltr'><strong>in</strong></span> <span class='ocrx_word' id='word_1_151' title='bbox 2004 1653 2084 1706; x_wconf 84' lang='lat' dir='ltr'><strong>l&#39;u-</strong></span> 
     </span>
    </p>
   </div>
   <div class='ocr_carea' id='block_1_19' title="bbox 495 1733 2085 1807">
    <p class='ocr_par' dir='ltr' id='par_1_19' title="bbox 495 1733 2085 1807">
     <span class='ocr_line' id='line_1_19' title="bbox 495 1733 2085 1807; baseline 0.011 -24"><span class='ocrx_word' id='word_1_152' title='bbox 495 1740 617 1783; x_wconf 88' lang='lat' dir='ltr'><strong>turn</strong></span> <span class='ocrx_word' id='word_1_153' title='bbox 649 1733 1044 1788; x_wconf 89' lang='lat' dir='ltr'><strong>beatitudinem</strong></span> <span class='ocrx_word' id='word_1_154' title='bbox 1085 1736 1373 1790; x_wconf 80' lang='lat' dir='ltr'><strong>secundum</strong></span> <span class='ocrx_word' id='word_1_155' title='bbox 1398 1738 1666 1807; x_wconf 77' lang='lat' dir='ltr'><strong>justitiam</strong></span> <span class='ocrx_word' id='word_1_156' title='bbox 1702 1759 1890 1806; x_wconf 85' lang='lat' dir='ltr'><strong>meam,</strong></span> <span class='ocrx_word' id='word_1_157' title='bbox 1918 1745 1970 1798; x_wconf 89' lang='lat' dir='ltr'><strong>id</strong></span> <span class='ocrx_word' id='word_1_158' title='bbox 2000 1755 2085 1800; x_wconf 89' lang='lat' dir='ltr'><strong>est</strong></span> 
     </span>
    </p>
   </div>
   <div class='ocr_carea' id='block_1_20' title="bbox 2185 545 3710 615">
    <p class='ocr_par' dir='ltr' id='par_1_20' title="bbox 2185 545 3710 615">
     <span class='ocr_line' id='line_1_20' title="bbox 2185 545 3710 615; baseline 0.003 -16"><span class='ocrx_word' id='word_1_159' title='bbox 2185 546 2492 599; x_wconf 88' lang='lat' dir='ltr'><strong>reducendo</strong></span> <span class='ocrx_word' id='word_1_160' title='bbox 2521 545 2588 598; x_wconf 91' lang='lat' dir='ltr'><strong>ad</strong></span> <span class='ocrx_word' id='word_1_161' title='bbox 2620 545 2978 599; x_wconf 78' lang='lat' dir='ltr'><strong>aeternitatem</strong></span> <span class='ocrx_word' id='word_1_162' title='bbox 3001 545 3252 615; x_wconf 82' lang='lat' dir='ltr'><strong>populum</strong></span> <span class='ocrx_word' id='word_1_163' title='bbox 3285 559 3460 598; x_wconf 88' lang='lat' dir='ltr'><strong>meum</strong></span> <span class='ocrx_word' id='word_1_164' title='bbox 3484 546 3710 615; x_wconf 77' lang='lat' dir='ltr'><strong>humilem,</strong></span> 
     </span>
    </p>
   </div>
   <div class='ocr_carea' id='block_1_21' title="bbox 2183 632 3710 704">
    <p class='ocr_par' dir='ltr' id='par_1_21' title="bbox 2183 632 3710 704">
     <span class='ocr_line' id='line_1_21' title="bbox 2183 632 3710 704; baseline 0.005 -16"><span class='ocrx_word' id='word_1_165' title='bbox 2183 635 2235 688; x_wconf 89' lang='lat' dir='ltr'><strong>id</strong></span> <span class='ocrx_word' id='word_1_166' title='bbox 2265 644 2349 689; x_wconf 89' lang='lat' dir='ltr'><strong>est</strong></span> <span class='ocrx_word' id='word_1_167' title='bbox 2376 635 2466 704; x_wconf 90' lang='lat' dir='ltr'><strong>qui</strong></span> <span class='ocrx_word' id='word_1_168' title='bbox 2497 649 2626 704; x_wconf 84' lang='lat' dir='ltr'><strong>erga</strong></span> <span class='ocrx_word' id='word_1_169' title='bbox 2657 643 2708 688; x_wconf 89' lang='lat' dir='ltr'><strong>te</strong></span> <span class='ocrx_word' id='word_1_170' title='bbox 2737 634 2957 688; x_wconf 85' lang='lat' dir='ltr'><strong>humilis</strong></span> <span class='ocrx_word' id='word_1_171' title='bbox 2999 635 3124 697; x_wconf 89' lang='lat' dir='ltr'><strong>erit,</strong></span> <span class='ocrx_word' id='word_1_172' title='bbox 3158 632 3312 701; x_wconf 83' lang='lat' dir='ltr'><strong>juxta</strong></span> <span class='ocrx_word' id='word_1_173' title='bbox 3361 633 3524 688; x_wconf 89' lang='lat' dir='ltr'><strong>illud:</strong></span> <span class='ocrx_word' id='word_1_174' title='bbox 3565 655 3583 689; x_wconf 83' lang='grc' dir='ltr'><strong>ι</strong></span> <span class='ocrx_word' id='word_1_175' title='bbox 3605 637 3710 694; x_wconf 72' lang='lat' dir='ltr'><strong>iusti</strong></span> 
     </span>
    </p>
   </div>
   <div class='ocr_carea' id='block_1_22' title="bbox 2184 723 3714 794">
    <p class='ocr_par' dir='ltr' id='par_1_22' title="bbox 2184 723 3714 794">
     <span class='ocr_line' id='line_1_22' title="bbox 2184 723 3714 794; baseline 0.005 -15"><span class='ocrx_word' id='word_1_176' title='bbox 2184 725 2338 779; x_wconf 88' lang='lat' dir='ltr'><strong>ibunt</strong></span> <span class='ocrx_word' id='word_1_177' title='bbox 2379 726 2430 779; x_wconf 92' lang='lat' dir='ltr'><strong>in</strong></span> <span class='ocrx_word' id='word_1_178' title='bbox 2459 726 2621 778; x_wconf 85' lang='lat' dir='ltr'><strong>vitam</strong></span> <span class='ocrx_word' id='word_1_179' title='bbox 2665 734 2924 778; x_wconf 72' lang='lat' dir='ltr'><strong>aeternam</strong></span> <span class='ocrx_word' id='word_1_180' title='bbox 2971 723 3187 794; x_wconf 75' lang='lat' dir='ltr'><strong>(Matth.</strong></span> <span class='ocrx_word' id='word_1_181' title='bbox 3223 741 3354 788; x_wconf 78' lang='lat' dir='ltr'><strong>xxv,</strong></span> <span class='ocrx_word' id='word_1_182' title='bbox 3374 725 3466 794; x_wconf 73' lang='grc'><strong>46)</strong></span> <span class='ocrx_word' id='word_1_183' title='bbox 3491 745 3509 777; x_wconf 79' lang='grc' dir='ltr'><strong>ι</strong></span> <span class='ocrx_word' id='word_1_184' title='bbox 3534 743 3546 780; x_wconf 88' lang='lat'>:</span> <span class='ocrx_word' id='word_1_185' title='bbox 3573 739 3620 783; x_wconf 89' lang='grc' dir='ltr'><strong>ει</strong></span> <span class='ocrx_word' id='word_1_186' title='bbox 3637 729 3714 787; x_wconf 80' lang='lat' dir='ltr'><strong>hoc</strong></span> 
     </span>
    </p>
   </div>
   <div class='ocr_carea' id='block_1_23' title="bbox 2184 817 3712 887">
    <p class='ocr_par' dir='ltr' id='par_1_23' title="bbox 2184 817 3712 887">
     <span class='ocr_line' id='line_1_23' title="bbox 2184 817 3712 887; baseline 0.007 -19"><span class='ocrx_word' id='word_1_187' title='bbox 2184 819 2356 872; x_wconf 84' lang='lat' dir='ltr'><strong>videri</strong></span> <span class='ocrx_word' id='word_1_188' title='bbox 2401 827 2578 886; x_wconf 86' lang='lat' dir='ltr'><strong>potest</strong></span> <span class='ocrx_word' id='word_1_189' title='bbox 2615 833 2680 873; x_wconf 87' lang='lat' dir='ltr'><strong>ex</strong></span> <span class='ocrx_word' id='word_1_190' title='bbox 2718 817 3008 887; x_wconf 88' lang='lat' dir='ltr'><strong>opposito:</strong></span> <span class='ocrx_word' id='word_1_191' title='bbox 3039 817 3306 884; x_wconf 86' lang='lat' dir='ltr'><strong>Quoniam</strong></span> <span class='ocrx_word' id='word_1_192' title='bbox 3355 818 3552 873; x_wconf 89' lang='lat' dir='ltr'><strong>scilicet</strong></span> <span class='ocrx_word' id='word_1_193' title='bbox 3575 824 3712 878; x_wconf 73' lang='lat' dir='ltr'><strong>oculos</strong></span> 
     </span>
    </p>
   </div>
   <div class='ocr_carea' id='block_1_24' title="bbox 2183 911 3711 982">
    <p class='ocr_par' dir='ltr' id='par_1_24' title="bbox 2183 911 3711 982">
     <span class='ocr_line' id='line_1_24' title="bbox 2183 911 3711 982; baseline 0.003 -18"><span class='ocrx_word' id='word_1_194' title='bbox 2183 911 2544 979; x_wconf 78' lang='lat' dir='ltr'><strong>superborum,</strong></span> <span class='ocrx_word' id='word_1_195' title='bbox 2565 911 2615 964; x_wconf 90' lang='lat' dir='ltr'><strong>id</strong></span> <span class='ocrx_word' id='word_1_196' title='bbox 2629 921 2710 965; x_wconf 86' lang='lat' dir='ltr'><strong>est</strong></span> <span class='ocrx_word' id='word_1_197' title='bbox 2726 911 3031 979; x_wconf 87' lang='lat' dir='ltr'><strong>superbiam</strong></span> <span class='ocrx_word' id='word_1_198' title='bbox 3045 926 3233 964; x_wconf 81' lang='lat' dir='ltr'><strong>eorum</strong></span> <span class='ocrx_word' id='word_1_199' title='bbox 3256 927 3376 980; x_wconf 65' lang='lat' dir='ltr'><strong>qure</strong></span> <span class='ocrx_word' id='word_1_200' title='bbox 3403 928 3496 982; x_wconf 86' lang='lat' dir='ltr'><strong>per</strong></span> <span class='ocrx_word' id='word_1_201' title='bbox 3521 913 3711 969; x_wconf 88' lang='lat' dir='ltr'><strong>habitum</strong></span> 
     </span>
    </p>
   </div>
   <div class='ocr_carea' id='block_1_25' title="bbox 2184 1002 3712 1074">
    <p class='ocr_par' dir='ltr' id='par_1_25' title="bbox 2184 1002 3712 1074">
     <span class='ocr_line' id='line_1_25' title="bbox 2184 1002 3712 1074; baseline 0.007 -19"><span class='ocrx_word' id='word_1_202' title='bbox 2184 1003 2464 1056; x_wconf 90' lang='lat' dir='ltr'><strong>oculorum</strong></span> <span class='ocrx_word' id='word_1_203' title='bbox 2495 1003 2834 1074; x_wconf 77' lang='lat' dir='ltr'><strong>intelligitur,</strong></span> <span class='ocrx_word' id='word_1_204' title='bbox 2859 1002 3182 1067; x_wconf 77' lang='lat' dir='ltr'><strong>humiliabis,</strong></span> <span class='ocrx_word' id='word_1_205' title='bbox 3236 1005 3287 1058; x_wconf 87' lang='lat' dir='ltr'><strong>id</strong></span> <span class='ocrx_word' id='word_1_206' title='bbox 3310 1013 3394 1059; x_wconf 91' lang='lat' dir='ltr'><strong>est</strong></span> <span class='ocrx_word' id='word_1_207' title='bbox 3420 1006 3712 1065; x_wconf 83' lang='lat' dir='ltr'><strong>annihilabis.</strong></span> 
     </span>
    </p>
   </div>
   <div class='ocr_carea' id='block_1_26' title="bbox 2257 1091 3712 1166">
    <p class='ocr_par' dir='ltr' id='par_1_26' title="bbox 2257 1091 3712 1166">
     <span class='ocr_line' id='line_1_26' title="bbox 2257 1091 3712 1166; baseline 0.004 -19"><span class='ocrx_word' id='word_1_208' title='bbox 2257 1091 2505 1147; x_wconf 84' lang='lat' dir='ltr'><strong>Ostcusis</strong></span> <span class='ocrx_word' id='word_1_209' title='bbox 2549 1093 2850 1147; x_wconf 90' lang='lat' dir='ltr'><strong>commodis</strong></span> <span class='ocrx_word' id='word_1_210' title='bbox 2879 1093 2946 1146; x_wconf 88' lang='lat' dir='ltr'><strong>de</strong></span> <span class='ocrx_word' id='word_1_211' title='bbox 2975 1093 3231 1164; x_wconf 88' lang='lat' dir='ltr'><strong>passione</strong></span> <span class='ocrx_word' id='word_1_212' title='bbox 3265 1109 3361 1147; x_wconf 88' lang='lat' dir='ltr'><strong>sua</strong></span> <span class='ocrx_word' id='word_1_213' title='bbox 3396 1100 3712 1166; x_wconf 84' lang='lat' dir='ltr'><strong>proventuris,</strong></span> 
     </span>
    </p>
   </div>
   <div class='ocr_carea' id='block_1_27' title="bbox 2185 1181 3716 1254">
    <p class='ocr_par' dir='ltr' id='par_1_27' title="bbox 2185 1181 3716 1254">
     <span class='ocr_line' id='line_1_27' title="bbox 2185 1181 3716 1254; baseline 0.006 -18"><span class='ocrx_word' id='word_1_214' title='bbox 2185 1181 2359 1236; x_wconf 88' lang='lat' dir='ltr'><strong>salute</strong></span> <span class='ocrx_word' id='word_1_215' title='bbox 2390 1183 2598 1236; x_wconf 86' lang='lat' dir='ltr'><strong>scilicet</strong></span> <span class='ocrx_word' id='word_1_216' title='bbox 2639 1181 2934 1236; x_wconf 89' lang='lat' dir='ltr'><strong>inlidelium</strong></span> <span class='ocrx_word' id='word_1_217' title='bbox 2975 1222 2990 1250; x_wconf 84' lang='lat'><strong>,</strong></span> <span class='ocrx_word' id='word_1_218' title='bbox 3028 1192 3148 1239; x_wconf 89' lang='lat' dir='ltr'><strong>orat</strong></span> <span class='ocrx_word' id='word_1_219' title='bbox 3189 1199 3286 1254; x_wconf 93' lang='lat' dir='ltr'><strong>pro</strong></span> <span class='ocrx_word' id='word_1_220' title='bbox 3319 1184 3449 1254; x_wconf 90' lang='lat' dir='ltr'><strong>ipsis</strong></span> <span class='ocrx_word' id='word_1_221' title='bbox 3479 1195 3534 1238; x_wconf 91' lang='grc' dir='ltr'><strong>ιιι</strong></span> <span class='ocrx_word' id='word_1_222' title='bbox 3577 1197 3622 1240; x_wconf 92' lang='grc' dir='ltr'><strong>ει</strong></span> <span class='ocrx_word' id='word_1_223' title='bbox 3646 1206 3716 1245; x_wconf 87' lang='lat' dir='ltr'><strong>nos</strong></span> 
     </span>
    </p>
   </div>
   <div class='ocr_carea' id='block_1_28' title="bbox 2186 1274 3716 1349">
    <p class='ocr_par' dir='ltr' id='par_1_28' title="bbox 2186 1274 3716 1349">
     <span class='ocr_line' id='line_1_28' title="bbox 2186 1274 3716 1349; baseline 0.006 -23"><span class='ocrx_word' id='word_1_224' title='bbox 2186 1289 2282 1342; x_wconf 92' lang='lat' dir='ltr'><strong>pro</strong></span> <span class='ocrx_word' id='word_1_225' title='bbox 2330 1274 2564 1329; x_wconf 90' lang='lat' dir='ltr'><strong>inimicis</strong></span> <span class='ocrx_word' id='word_1_226' title='bbox 2609 1289 2771 1329; x_wconf 87' lang='lat' dir='ltr'><strong>orare</strong></span> <span class='ocrx_word' id='word_1_227' title='bbox 2816 1275 3048 1330; x_wconf 85' lang='lat' dir='ltr'><strong>instruat</strong></span> <span class='ocrx_word' id='word_1_228' title='bbox 3095 1275 3364 1330; x_wconf 81' lang='lat' dir='ltr'><strong>sic:Dixi</strong></span> <span class='ocrx_word' id='word_1_229' title='bbox 3398 1279 3534 1346; x_wconf 92' lang='lat' dir='ltr'><strong>quod</strong></span> <span class='ocrx_word' id='word_1_230' title='bbox 3563 1280 3716 1349; x_wconf 82' lang='lat' dir='ltr'><strong>mittet,</strong></span> 
     </span>
    </p>
   </div>
   <div class='ocr_carea' id='block_1_29' title="bbox 2186 1365 3718 1437">
    <p class='ocr_par' dir='ltr' id='par_1_29' title="bbox 2186 1365 3718 1437">
     <span class='ocr_line' id='line_1_29' title="bbox 2186 1365 3718 1437; baseline 0.006 -18"><span class='ocrx_word' id='word_1_231' title='bbox 2186 1374 2243 1420; x_wconf 91' lang='lat' dir='ltr'><strong>ct</strong></span> <span class='ocrx_word' id='word_1_232' title='bbox 2269 1365 2516 1435; x_wconf 88' lang='lat' dir='ltr'><strong>accipiet,</strong></span> <span class='ocrx_word' id='word_1_233' title='bbox 2545 1374 2599 1419; x_wconf 87' lang='lat' dir='ltr'><strong>et</strong></span> <span class='ocrx_word' id='word_1_234' title='bbox 2629 1375 2869 1420; x_wconf 86' lang='lat' dir='ltr'><strong>assumet</strong></span> <span class='ocrx_word' id='word_1_235' title='bbox 2902 1381 3052 1422; x_wconf 90' lang='lat' dir='ltr'><strong>meos</strong></span> <span class='ocrx_word' id='word_1_236' title='bbox 3079 1368 3146 1421; x_wconf 90' lang='lat' dir='ltr'><strong>de</strong></span> <span class='ocrx_word' id='word_1_237' title='bbox 3171 1369 3328 1437; x_wconf 83' lang='lat' dir='ltr'><strong>aquis</strong></span> <span class='ocrx_word' id='word_1_238' title='bbox 3362 1367 3542 1424; x_wconf 90' lang='lat' dir='ltr'><strong>multis</strong></span> <span class='ocrx_word' id='word_1_239' title='bbox 3567 1381 3643 1424; x_wconf 87' lang='lat' dir='ltr'><strong>:et</strong></span> <span class='ocrx_word' id='word_1_240' title='bbox 3663 1375 3718 1429; x_wconf 87' lang='lat' dir='ltr'><strong>sic</strong></span> 
     </span>
    </p>
   </div>
   <div class='ocr_carea' id='block_1_30' title="bbox 2188 1453 3720 1520">
    <p class='ocr_par' dir='ltr' id='par_1_30' title="bbox 2188 1453 3720 1520">
     <span class='ocr_line' id='line_1_30' title="bbox 2188 1453 3720 1520; baseline 0.005 -12"><span class='ocrx_word' id='word_1_241' title='bbox 2188 1454 2304 1520; x_wconf 86' lang='lat' dir='ltr'><strong>liat,</strong></span> <span class='ocrx_word' id='word_1_242' title='bbox 2349 1469 2382 1508; x_wconf 92' lang='grc' dir='ltr'><strong>ο</strong></span> <span class='ocrx_word' id='word_1_243' title='bbox 2410 1454 2553 1509; x_wconf 86' lang='lat' dir='ltr'><strong>Deus</strong></span> <span class='ocrx_word' id='word_1_244' title='bbox 2586 1471 2759 1516; x_wconf 88' lang='lat' dir='ltr'><strong>meus,</strong></span> <span class='ocrx_word' id='word_1_245' title='bbox 2789 1457 2874 1510; x_wconf 91' lang='lat' dir='ltr'><strong>cui</strong></span> <span class='ocrx_word' id='word_1_246' title='bbox 2906 1472 3010 1510; x_wconf 91' lang='lat' dir='ltr'><strong>non</strong></span> <span class='ocrx_word' id='word_1_247' title='bbox 3043 1453 3230 1511; x_wconf 81' lang='lat' dir='ltr'><strong>aufero</strong></span> <span class='ocrx_word' id='word_1_248' title='bbox 3265 1458 3442 1512; x_wconf 88' lang='lat' dir='ltr'><strong>locmn</strong></span> <span class='ocrx_word' id='word_1_249' title='bbox 3472 1459 3720 1516; x_wconf 85' lang='lat' dir='ltr'><strong>divinitatis</strong></span> 
     </span>
    </p>
   </div>
   <div class='ocr_carea' id='block_1_31' title="bbox 2190 1545 3719 1618">
    <p class='ocr_par' dir='ltr' id='par_1_31' title="bbox 2190 1545 3719 1618">
     <span class='ocr_line' id='line_1_31' title="bbox 2190 1545 3719 1618; baseline 0.007 -20"><span class='ocrx_word' id='word_1_250' title='bbox 2190 1547 2240 1598; x_wconf 92' lang='lat' dir='ltr'><strong>in</strong></span> <span class='ocrx_word' id='word_1_251' title='bbox 2271 1561 2357 1598; x_wconf 88' lang='lat' dir='ltr'><strong>me</strong></span> <span class='ocrx_word' id='word_1_252' title='bbox 2389 1555 2447 1598; x_wconf 91' lang='lat' dir='ltr'><strong>ut</strong></span> <span class='ocrx_word' id='word_1_253' title='bbox 2467 1545 2638 1600; x_wconf 83' lang='lat' dir='ltr'><strong>Adam</strong></span> <span class='ocrx_word' id='word_1_254' title='bbox 2666 1564 2678 1600; x_wconf 94' lang='lat'><strong>:</strong></span> <span class='ocrx_word' id='word_1_255' title='bbox 2705 1547 2945 1601; x_wconf 88' lang='lat' dir='ltr'><strong>illumina</strong></span> <span class='ocrx_word' id='word_1_256' title='bbox 2976 1547 3094 1602; x_wconf 91' lang='lat' dir='ltr'><strong>lucc</strong></span> <span class='ocrx_word' id='word_1_257' title='bbox 3118 1547 3238 1603; x_wconf 87' lang='lat' dir='ltr'><strong>lidei</strong></span> <span class='ocrx_word' id='word_1_258' title='bbox 3270 1549 3507 1604; x_wconf 72' lang='lat' dir='ltr'><strong>tenebras</strong></span> <span class='ocrx_word' id='word_1_259' title='bbox 3528 1569 3668 1618; x_wconf 73' lang='lat' dir='ltr'><strong>nicas,</strong></span> <span class='ocrx_word' id='word_1_260' title='bbox 3684 1555 3719 1608; x_wconf 83' lang='lat' dir='ltr'><strong>id</strong></span> 
     </span>
    </p>
   </div>
   <div class='ocr_carea' id='block_1_32' title="bbox 2187 1637 3721 1708">
    <p class='ocr_par' dir='ltr' id='par_1_32' title="bbox 2187 1637 3721 1708">
     <span class='ocr_line' id='line_1_32' title="bbox 2187 1637 3721 1708; baseline 0.006 -17"><span class='ocrx_word' id='word_1_261' title='bbox 2187 1648 2268 1691; x_wconf 59' lang='lat' dir='ltr'><strong>est</strong></span> <span class='ocrx_word' id='word_1_262' title='bbox 2305 1637 2422 1691; x_wconf 91' lang='lat' dir='ltr'><strong>illos</strong></span> <span class='ocrx_word' id='word_1_263' title='bbox 2460 1639 2776 1693; x_wconf 87' lang='lat' dir='ltr'><strong>tenebrosos</strong></span> <span class='ocrx_word' id='word_1_264' title='bbox 2801 1639 2890 1708; x_wconf 85' lang='lat' dir='ltr'><strong>qui</strong></span> <span class='ocrx_word' id='word_1_265' title='bbox 2924 1639 3027 1692; x_wconf 80' lang='lat' dir='ltr'><strong>tnci</strong></span> <span class='ocrx_word' id='word_1_266' title='bbox 3071 1649 3198 1694; x_wconf 90' lang='lat' dir='ltr'><strong>sunt</strong></span> <span class='ocrx_word' id='word_1_267' title='bbox 3239 1639 3430 1704; x_wconf 79' lang='lat' dir='ltr'><strong>futuri,</strong></span> <span class='ocrx_word' id='word_1_268' title='bbox 3462 1650 3517 1695; x_wconf 89' lang='lat' dir='ltr'><strong>et</strong></span> <span class='ocrx_word' id='word_1_269' title='bbox 3545 1657 3721 1700; x_wconf 84' lang='lat' dir='ltr'><strong>necesse</strong></span> 
     </span>
    </p>
   </div>
   <div class='ocr_carea' id='block_1_33' title="bbox 2189 1730 3722 1802">
    <p class='ocr_par' dir='ltr' id='par_1_33' title="bbox 2189 1730 3722 1802">
     <span class='ocr_line' id='line_1_33' title="bbox 2189 1730 3722 1802; baseline 0.005 -19"><span class='ocrx_word' id='word_1_270' title='bbox 2189 1739 2273 1783; x_wconf 90' lang='lat' dir='ltr'><strong>cst</strong></span> <span class='ocrx_word' id='word_1_271' title='bbox 2305 1738 2362 1784; x_wconf 90' lang='lat' dir='ltr'><strong>ut</strong></span> <span class='ocrx_word' id='word_1_272' title='bbox 2389 1731 2492 1784; x_wconf 89' lang='lat' dir='ltr'><strong>hoc</strong></span> <span class='ocrx_word' id='word_1_273' title='bbox 2523 1745 2675 1784; x_wconf 90' lang='lat' dir='ltr'><strong>orem</strong></span> <span class='ocrx_word' id='word_1_274' title='bbox 2709 1745 2829 1784; x_wconf 91' lang='lat' dir='ltr'><strong>cum</strong></span> <span class='ocrx_word' id='word_1_275' title='bbox 2863 1746 2960 1800; x_wconf 87' lang='lat' dir='ltr'><strong>per</strong></span> <span class='ocrx_word' id='word_1_276' title='bbox 2987 1730 3152 1784; x_wconf 89' lang='lat' dir='ltr'><strong>alium</strong></span> <span class='ocrx_word' id='word_1_277' title='bbox 3186 1747 3290 1786; x_wconf 91' lang='lat' dir='ltr'><strong>non</strong></span> <span class='ocrx_word' id='word_1_278' title='bbox 3322 1733 3527 1802; x_wconf 87' lang='lat' dir='ltr'><strong>possint</strong></span> <span class='ocrx_word' id='word_1_279' title='bbox 3568 1734 3722 1790; x_wconf 89' lang='lat' dir='ltr'><strong>illumi-</strong></span> 
     </span>
    </p>
   </div>
   <div class='ocr_carea' id='block_1_34' title="bbox 494 1822 2089 1899">
    <p class='ocr_par' dir='ltr' id='par_1_34' title="bbox 494 1826 2082 1899">
     <span class='ocr_line' id='line_1_34' title="bbox 494 1826 2082 1899; baseline 0.009 -21"><span class='ocrx_word' id='word_1_280' title='bbox 494 1826 795 1880; x_wconf 62' lang='lat' dir='ltr'><strong>secundum</strong></span> <span class='ocrx_word' id='word_1_281' title='bbox 845 1827 1099 1880; x_wconf 88' lang='lat' dir='ltr'><strong>meritum</strong></span> <span class='ocrx_word' id='word_1_282' title='bbox 1138 1827 1367 1896; x_wconf 70' lang='lat' dir='ltr'><strong>jllSlili:B</strong></span> <span class='ocrx_word' id='word_1_283' title='bbox 1409 1847 1674 1899; x_wconf 89' lang='lat' dir='ltr'><strong>meorum,</strong></span> <span class='ocrx_word' id='word_1_284' title='bbox 1713 1848 1760 1888; x_wconf 89' lang='lat' dir='ltr'><strong>et</strong></span> <span class='ocrx_word' id='word_1_285' title='bbox 1798 1838 2082 1892; x_wconf 79' lang='lat' dir='ltr'><strong>secundum</strong></span> 
     </span>
    </p>
   </div>
   <div class='ocr_carea' id='block_1_35' title="bbox 2194 1822 3722 1899">
    <p class='ocr_par' dir='ltr' id='par_1_35' title="bbox 2194 1822 3722 1893">
     <span class='ocr_line' id='line_1_35' title="bbox 2194 1822 3722 1893; baseline 0.007 -19"><span class='ocrx_word' id='word_1_286' title='bbox 2194 1822 2328 1888; x_wconf 88' lang='lat' dir='ltr'><strong>nari,</strong></span> <span class='ocrx_word' id='word_1_287' title='bbox 2359 1823 2607 1891; x_wconf 88' lang='lat' dir='ltr'><strong>quoniam</strong></span> <span class='ocrx_word' id='word_1_288' title='bbox 2645 1832 2701 1875; x_wconf 92' lang='lat' dir='ltr'><strong>tu</strong></span> <span class='ocrx_word' id='word_1_289' title='bbox 2732 1822 2880 1878; x_wconf 91' lang='lat' dir='ltr'><strong>solus</strong></span> <span class='ocrx_word' id='word_1_290' title='bbox 2905 1838 2965 1877; x_wconf 88' lang='lat' dir='ltr'><strong>es</strong></span> <span class='ocrx_word' id='word_1_291' title='bbox 2995 1823 3082 1879; x_wconf 88' lang='lat' dir='ltr'><strong>ille</strong></span> <span class='ocrx_word' id='word_1_292' title='bbox 3111 1824 3202 1893; x_wconf 89' lang='lat' dir='ltr'><strong>qui</strong></span> <span class='ocrx_word' id='word_1_293' title='bbox 3237 1824 3350 1892; x_wconf 87' lang='lat' dir='ltr'><strong>jam</strong></span> <span class='ocrx_word' id='word_1_294' title='bbox 3378 1825 3629 1881; x_wconf 74' lang='lat' dir='ltr'><strong>illuminas</strong></span> <span class='ocrx_word' id='word_1_295' title='bbox 3648 1828 3722 1884; x_wconf 81' lang='lat' dir='ltr'><strong>ﬁde</strong></span> 
     </span>
    </p>
   </div>
   <div class='ocr_carea' id='block_1_36' title="bbox 489 1917 2084 1988">
    <p class='ocr_par' dir='ltr' id='par_1_36' title="bbox 489 1917 2084 1988">
     <span class='ocr_line' id='line_1_36' title="bbox 489 1917 2084 1988; baseline 0.01 -22"><span class='ocrx_word' id='word_1_296' title='bbox 489 1917 868 1980; x_wconf 81' lang='lat' dir='ltr'><strong>puritatem,id</strong></span> <span class='ocrx_word' id='word_1_297' title='bbox 885 1926 968 1972; x_wconf 88' lang='lat' dir='ltr'><strong>est</strong></span> <span class='ocrx_word' id='word_1_298' title='bbox 994 1919 1354 1974; x_wconf 86' lang='lat' dir='ltr'><strong>innocentiam</strong></span> <span class='ocrx_word' id='word_1_299' title='bbox 1369 1939 1622 1976; x_wconf 85' lang='lat' dir='ltr'><strong>manuum</strong></span> <span class='ocrx_word' id='word_1_300' title='bbox 1651 1941 1907 1988; x_wconf 85' lang='lat' dir='ltr'><strong>mearum,</strong></span> <span class='ocrx_word' id='word_1_301' title='bbox 1933 1927 2084 1982; x_wconf 91' lang='lat' dir='ltr'><strong>idest</strong></span> 
     </span>
    </p>
   </div>
   <div class='ocr_carea' id='block_1_37' title="bbox 490 2005 2086 2083">
    <p class='ocr_par' dir='ltr' id='par_1_37' title="bbox 490 2005 2086 2083">
     <span class='ocr_line' id='line_1_37' title="bbox 490 2005 2086 2083; baseline 0.005 -23"><span class='ocrx_word' id='word_1_302' title='bbox 490 2005 838 2061; x_wconf 83' lang='lat' dir='ltr'><strong>all&#39;ectionum</strong></span> <span class='ocrx_word' id='word_1_303' title='bbox 868 2024 1146 2073; x_wconf 87' lang='lat' dir='ltr'><strong>mearum,</strong></span> <span class='ocrx_word' id='word_1_304' title='bbox 1185 2011 1533 2067; x_wconf 81' lang='lat' dir='ltr'><strong>existentium</strong></span> <span class='ocrx_word' id='word_1_305' title='bbox 1571 2014 1625 2066; x_wconf 82' lang='lat' dir='ltr'><strong>in</strong></span> <span class='ocrx_word' id='word_1_306' title='bbox 1664 2028 2086 2083; x_wconf 77' lang='lat' dir='ltr'><strong>eonspectuocu-</strong></span> 
     </span>
    </p>
   </div>
   <div class='ocr_carea' id='block_1_38' title="bbox 493 2096 2079 2172">
    <p class='ocr_par' dir='ltr' id='par_1_38' title="bbox 493 2096 2079 2172">
     <span class='ocr_line' id='line_1_38' title="bbox 493 2096 2079 2172; baseline 0.008 -24"><span class='ocrx_word' id='word_1_307' title='bbox 493 2096 666 2149; x_wconf 82' lang='lat' dir='ltr'><strong>larunt</strong></span> <span class='ocrx_word' id='word_1_308' title='bbox 688 2096 826 2165; x_wconf 81' lang='lat' dir='ltr'><strong>ejus,</strong></span> <span class='ocrx_word' id='word_1_309' title='bbox 854 2096 904 2150; x_wconf 90' lang='lat' dir='ltr'><strong>id</strong></span> <span class='ocrx_word' id='word_1_310' title='bbox 929 2105 1014 2152; x_wconf 87' lang='lat' dir='ltr'><strong>est</strong></span> <span class='ocrx_word' id='word_1_311' title='bbox 1034 2098 1084 2152; x_wconf 90' lang='lat' dir='ltr'><strong>in</strong></span> <span class='ocrx_word' id='word_1_312' title='bbox 1111 2100 1514 2170; x_wconf 87' lang='lat' dir='ltr'><strong>heneplacentia</strong></span> <span class='ocrx_word' id='word_1_313' title='bbox 1541 2105 1676 2171; x_wconf 86' lang='lat' dir='ltr'><strong>ejus.</strong></span> <span class='ocrx_word' id='word_1_314' title='bbox 1707 2104 1870 2172; x_wconf 83' lang='lat' dir='ltr'><strong>Quasi</strong></span> <span class='ocrx_word' id='word_1_315' title='bbox 1896 2108 2041 2162; x_wconf 88' lang='lat' dir='ltr'><strong>dicat</strong></span> <span class='ocrx_word' id='word_1_316' title='bbox 2067 2127 2079 2160; x_wconf 91' lang='lat'>:</span> 
     </span>
    </p>
   </div>
   <div class='ocr_carea' id='block_1_39' title="bbox 495 2187 2082 2268">
    <p class='ocr_par' dir='ltr' id='par_1_39' title="bbox 495 2187 2082 2268">
     <span class='ocr_line' id='line_1_39' title="bbox 495 2187 2082 2268; baseline 0.007 -27"><span class='ocrx_word' id='word_1_317' title='bbox 495 2187 806 2244; x_wconf 83' lang='lat' dir='ltr'><strong>Secundum</strong></span> <span class='ocrx_word' id='word_1_318' title='bbox 861 2190 1114 2244; x_wconf 87' lang='lat' dir='ltr'><strong>meritum</strong></span> <span class='ocrx_word' id='word_1_319' title='bbox 1170 2191 1496 2247; x_wconf 71' lang='lat' dir='ltr'><strong>innocentiae</strong></span> <span class='ocrx_word' id='word_1_320' title='bbox 1546 2210 1788 2249; x_wconf 87' lang='lat' dir='ltr'><strong>mcormn</strong></span> <span class='ocrx_word' id='word_1_321' title='bbox 1836 2198 1928 2266; x_wconf 86' lang='lat' dir='ltr'><strong>qui</strong></span> <span class='ocrx_word' id='word_1_322' title='bbox 1983 2199 2082 2268; x_wconf 89' lang='lat' dir='ltr'><strong>ipsi</strong></span> 
     </span>
    </p>
   </div>
   <div class='ocr_carea' id='block_1_40' title="bbox 494 2279 2086 2357">
    <p class='ocr_par' dir='ltr' id='par_1_40' title="bbox 494 2279 2086 2357">
     <span class='ocr_line' id='line_1_40' title="bbox 494 2279 2086 2357; baseline 0.009 -29"><span class='ocrx_word' id='word_1_323' title='bbox 494 2279 734 2347; x_wconf 87' lang='lat' dir='ltr'><strong>placent,</strong></span> <span class='ocrx_word' id='word_1_324' title='bbox 768 2290 828 2334; x_wconf 92' lang='lat' dir='ltr'><strong>ut</strong></span> <span class='ocrx_word' id='word_1_325' title='bbox 860 2281 1000 2334; x_wconf 89' lang='lat' dir='ltr'><strong>idem</strong></span> <span class='ocrx_word' id='word_1_326' title='bbox 1051 2281 1104 2334; x_wconf 91' lang='lat' dir='ltr'><strong>in</strong></span> <span class='ocrx_word' id='word_1_327' title='bbox 1141 2283 1434 2354; x_wconf 82' lang='lat' dir='ltr'><strong>Evangelio</strong></span> <span class='ocrx_word' id='word_1_328' title='bbox 1473 2292 1741 2339; x_wconf 88' lang='lat' dir='ltr'><strong>testatur:</strong></span> <span class='ocrx_word' id='word_1_329' title='bbox 1769 2286 1872 2352; x_wconf 82' lang='lat' dir='ltr'><strong>Qui</strong></span> <span class='ocrx_word' id='word_1_330' title='bbox 1913 2305 2086 2357; x_wconf 82' lang='lat' dir='ltr'><strong>perse-</strong></span> 
     </span>
    </p>
   </div>
   <div class='ocr_carea' id='block_1_41' title="bbox 493 2371 2083 2447">
    <p class='ocr_par' dir='ltr' id='par_1_41' title="bbox 493 2371 2083 2447">
     <span class='ocr_line' id='line_1_41' title="bbox 493 2371 2083 2447; baseline 0.005 -25"><span class='ocrx_word' id='word_1_331' title='bbox 493 2371 746 2424; x_wconf 82' lang='lat' dir='ltr'><strong>veraverit</strong></span> <span class='ocrx_word' id='word_1_332' title='bbox 775 2387 938 2442; x_wconf 81' lang='lat' dir='ltr'><strong>usque</strong></span> <span class='ocrx_word' id='word_1_333' title='bbox 972 2373 1024 2427; x_wconf 86' lang='lat' dir='ltr'><strong>in</strong></span> <span class='ocrx_word' id='word_1_334' title='bbox 1047 2372 1227 2441; x_wconf 82' lang='lat' dir='ltr'><strong>ﬁnem,</strong></span> <span class='ocrx_word' id='word_1_335' title='bbox 1251 2375 1334 2427; x_wconf 87' lang='lat' dir='ltr'><strong>hic</strong></span> <span class='ocrx_word' id='word_1_336' title='bbox 1363 2375 1536 2429; x_wconf 74' lang='lat' dir='ltr'><strong>salvus</strong></span> <span class='ocrx_word' id='word_1_337' title='bbox 1567 2378 1663 2430; x_wconf 86' lang='lat' dir='ltr'><strong>erit</strong></span> <span class='ocrx_word' id='word_1_338' title='bbox 1689 2376 1906 2447; x_wconf 83' lang='lat' dir='ltr'><strong>(Matth.</strong></span> <span class='ocrx_word' id='word_1_339' title='bbox 1932 2396 2083 2444; x_wconf 64' lang='lat' dir='ltr'><strong>sxw,</strong></span> 
     </span>
    </p>
   </div>
   <div class='ocr_carea' id='block_1_42' title="bbox 497 2461 2084 2538">
    <p class='ocr_par' dir='ltr' id='par_1_42' title="bbox 497 2461 2084 2538">
     <span class='ocr_line' id='line_1_42' title="bbox 497 2461 2084 2538; baseline 0.008 -24"><span class='ocrx_word' id='word_1_340' title='bbox 497 2461 586 2522; x_wconf 76' lang='lat'><strong>13)</strong></span> <span class='ocrx_word' id='word_1_341' title='bbox 613 2479 627 2526; x_wconf 85' lang='lat'><strong>;</strong></span> <span class='ocrx_word' id='word_1_342' title='bbox 653 2472 707 2518; x_wconf 88' lang='lat' dir='ltr'><strong>et</strong></span> <span class='ocrx_word' id='word_1_343' title='bbox 734 2463 1027 2532; x_wconf 81' lang='lat' dir='ltr'><strong>Apostolus</strong></span> <span class='ocrx_word' id='word_1_344' title='bbox 1059 2467 1124 2522; x_wconf 87' lang='lat' dir='ltr'><strong>de</strong></span> <span class='ocrx_word' id='word_1_345' title='bbox 1158 2483 1216 2521; x_wconf 88' lang='lat' dir='ltr'><strong>se</strong></span> <span class='ocrx_word' id='word_1_346' title='bbox 1238 2468 1372 2522; x_wconf 89' lang='lat' dir='ltr'><strong>dicit</strong></span> <span class='ocrx_word' id='word_1_347' title='bbox 1395 2484 1414 2523; x_wconf 89' lang='lat'><strong><em>:</em></strong></span> <span class='ocrx_word' id='word_1_348' title='bbox 1443 2467 1517 2522; x_wconf 81' lang='lat' dir='ltr'><strong>De</strong></span> <span class='ocrx_word' id='word_1_349' title='bbox 1541 2478 1728 2523; x_wconf 66' lang='lat' dir='ltr'><strong>ca’tero</strong></span> <span class='ocrx_word' id='word_1_350' title='bbox 1761 2472 1988 2538; x_wconf 82' lang='lat' dir='ltr'><strong>reposita</strong></span> <span class='ocrx_word' id='word_1_351' title='bbox 2010 2484 2084 2526; x_wconf 80' lang='lat' dir='ltr'><strong>est</strong></span> 
     </span>
    </p>
   </div>
   <div class='ocr_carea' id='block_1_43' title="bbox 495 2557 2086 2635">
    <p class='ocr_par' dir='ltr' id='par_1_43' title="bbox 495 2557 2086 2635">
     <span class='ocr_line' id='line_1_43' title="bbox 495 2557 2086 2635; baseline 0.007 -28"><span class='ocrx_word' id='word_1_352' title='bbox 495 2557 625 2608; x_wconf 86' lang='lat' dir='ltr'><strong>mihi</strong></span> <span class='ocrx_word' id='word_1_353' title='bbox 656 2573 851 2611; x_wconf 85' lang='lat' dir='ltr'><strong>corona</strong></span> <span class='ocrx_word' id='word_1_354' title='bbox 879 2558 1127 2628; x_wconf 69' lang='lat' dir='ltr'><strong>justitia&#39;,</strong></span> <span class='ocrx_word' id='word_1_355' title='bbox 1163 2577 1321 2630; x_wconf 88' lang='lat' dir='ltr'><strong>quam</strong></span> <span class='ocrx_word' id='word_1_356' title='bbox 1356 2560 1535 2614; x_wconf 81' lang='lat' dir='ltr'><strong>reddet</strong></span> <span class='ocrx_word' id='word_1_357' title='bbox 1565 2561 1964 2617; x_wconf 78' lang='lat' dir='ltr'><strong>mihiDominus</strong></span> <span class='ocrx_word' id='word_1_358' title='bbox 1986 2565 2086 2635; x_wconf 85' lang='lat' dir='ltr'><strong>ju-</strong></span> 
     </span>
    </p>
   </div>
   <div class='ocr_carea' id='block_1_44' title="bbox 491 2647 2084 2718">
    <p class='ocr_par' dir='ltr' id='par_1_44' title="bbox 491 2647 2084 2718">
     <span class='ocr_line' id='line_1_44' title="bbox 491 2647 2084 2718; baseline 0.006 -17"><span class='ocrx_word' id='word_1_359' title='bbox 491 2657 602 2701; x_wconf 64' lang='lat' dir='ltr'><strong>Ilus</strong></span> <span class='ocrx_word' id='word_1_360' title='bbox 619 2647 791 2716; x_wconf 78' lang='lat' dir='ltr'><strong>judea:</strong></span> <span class='ocrx_word' id='word_1_361' title='bbox 818 2647 906 2717; x_wconf 89' lang='lat' dir='ltr'><strong>(II</strong></span> <span class='ocrx_word' id='word_1_362' title='bbox 925 2649 1059 2704; x_wconf 86' lang='lat' dir='ltr'><strong>Tim.</strong></span> <span class='ocrx_word' id='word_1_363' title='bbox 1088 2666 1165 2716; x_wconf 82' lang='grc' dir='ltr'>ιν,</span> <span class='ocrx_word' id='word_1_364' title='bbox 1193 2650 1268 2718; x_wconf 83' lang='grc'><strong>8).</strong></span> <span class='ocrx_word' id='word_1_365' title='bbox 1302 2650 1368 2706; x_wconf 84' lang='lat' dir='ltr'><strong>Et</strong></span> <span class='ocrx_word' id='word_1_366' title='bbox 1394 2652 1447 2706; x_wconf 90' lang='lat' dir='ltr'><strong>in</strong></span> <span class='ocrx_word' id='word_1_367' title='bbox 1479 2652 1718 2708; x_wconf 85' lang='lat' dir='ltr'><strong>Canticis</strong></span> <span class='ocrx_word' id='word_1_368' title='bbox 1748 2656 2084 2710; x_wconf 88' lang='lat' dir='ltr'><strong>canticorum</strong></span> 
     </span>
    </p>
   </div>
   <div class='ocr_carea' id='block_1_45' title="bbox 495 2745 2088 2816">
    <p class='ocr_par' dir='ltr' id='par_1_45' title="bbox 495 2745 2088 2816">
     <span class='ocr_line' id='line_1_45' title="bbox 495 2745 2088 2816; baseline 0.009 -26"><span class='ocrx_word' id='word_1_369' title='bbox 495 2755 729 2808; x_wconf 83' lang='lat' dir='ltr'><strong>sponsus</strong></span> <span class='ocrx_word' id='word_1_370' title='bbox 791 2756 1004 2810; x_wconf 69' lang='lat' dir='ltr'><strong>sponsae</strong></span> <span class='ocrx_word' id='word_1_371' title='bbox 1054 2762 1066 2798; x_wconf 91' lang='lat'>:</span> <span class='ocrx_word' id='word_1_372' title='bbox 1119 2762 1137 2796; x_wconf 86' lang='grc' dir='ltr'><strong>ι</strong></span> <span class='ocrx_word' id='word_1_373' title='bbox 1185 2745 1345 2810; x_wconf 71' lang='lat' dir='ltr'><strong>V&#39;cni,</strong></span> <span class='ocrx_word' id='word_1_374' title='bbox 1408 2745 1763 2800; x_wconf 89' lang='lat' dir='ltr'><strong>coronaberis</strong></span> <span class='ocrx_word' id='word_1_375' title='bbox 1807 2746 1874 2800; x_wconf 91' lang='lat' dir='ltr'><strong>de</strong></span> <span class='ocrx_word' id='word_1_376' title='bbox 1910 2747 2088 2816; x_wconf 89' lang='lat' dir='ltr'><strong>capite</strong></span> 
     </span>
    </p>
   </div>
   <div class='ocr_carea' id='block_1_46' title="bbox 495 2833 2088 2902">
    <p class='ocr_par' dir='ltr' id='par_1_46' title="bbox 495 2833 2088 2902">
     <span class='ocr_line' id='line_1_46' title="bbox 495 2833 2088 2902; baseline 0.007 -18"><span class='ocrx_word' id='word_1_377' title='bbox 495 2833 724 2900; x_wconf 78' lang='lat' dir='ltr'><strong>Amana,</strong></span> <span class='ocrx_word' id='word_1_378' title='bbox 757 2835 825 2890; x_wconf 84' lang='lat' dir='ltr'><strong>de</strong></span> <span class='ocrx_word' id='word_1_379' title='bbox 855 2836 1058 2890; x_wconf 89' lang='lat' dir='ltr'><strong>vertice</strong></span> <span class='ocrx_word' id='word_1_380' title='bbox 1091 2835 1255 2892; x_wconf 89' lang='lat' dir='ltr'><strong>Sanir</strong></span> <span class='ocrx_word' id='word_1_381' title='bbox 1297 2846 1352 2892; x_wconf 90' lang='lat' dir='ltr'><strong>et</strong></span> <span class='ocrx_word' id='word_1_382' title='bbox 1397 2836 1660 2902; x_wconf 83' lang='lat' dir='ltr'><strong>licrmon,</strong></span> <span class='ocrx_word' id='word_1_383' title='bbox 1709 2839 1777 2893; x_wconf 90' lang='lat' dir='ltr'><strong>de</strong></span> <span class='ocrx_word' id='word_1_384' title='bbox 1822 2839 2088 2895; x_wconf 88' lang='lat' dir='ltr'><strong>cubilibus</strong></span> 
     </span>
    </p>
   </div>
   <div class='ocr_carea' id='block_1_47' title="bbox 495 2923 2086 3001">
    <p class='ocr_par' dir='ltr' id='par_1_47' title="bbox 495 2923 2086 3001">
     <span class='ocr_line' id='line_1_47' title="bbox 495 2923 2086 3001; baseline 0.006 -23"><span class='ocrx_word' id='word_1_385' title='bbox 495 2923 729 2994; x_wconf 84' lang='lat' dir='ltr'><strong>leonum,</strong></span> <span class='ocrx_word' id='word_1_386' title='bbox 753 2928 818 2984; x_wconf 90' lang='lat' dir='ltr'><strong>de</strong></span> <span class='ocrx_word' id='word_1_387' title='bbox 847 2930 1123 2984; x_wconf 88' lang='lat' dir='ltr'><strong>montibus</strong></span> <span class='ocrx_word' id='word_1_388' title='bbox 1147 2931 1440 2998; x_wconf 88' lang='lat' dir='ltr'><strong>pardorum</strong></span> <span class='ocrx_word' id='word_1_389' title='bbox 1471 2929 1648 3001; x_wconf 83' lang='lat' dir='ltr'><strong>(Cant.</strong></span> <span class='ocrx_word' id='word_1_390' title='bbox 1677 2947 1751 2997; x_wconf 86' lang='lat' dir='ltr'><strong>tv,</strong></span> <span class='ocrx_word' id='word_1_391' title='bbox 1780 2931 1892 2988; x_wconf 64' lang='lat' dir='ltr'><strong>8i.»</strong></span> <span class='ocrx_word' id='word_1_392' title='bbox 1933 2931 2086 2996; x_wconf 87' lang='lat' dir='ltr'><strong>Quod</strong></span> 
     </span>
    </p>
   </div>
   <div class='ocr_carea' id='block_1_48' title="bbox 495 3021 2088 3093">
    <p class='ocr_par' dir='ltr' id='par_1_48' title="bbox 495 3021 2088 3093">
     <span class='ocr_line' id='line_1_48' title="bbox 495 3021 2088 3093; baseline 0.006 -24"><span class='ocrx_word' id='word_1_393' title='bbox 495 3032 624 3071; x_wconf 74' lang='lat' dir='ltr'><strong>vero</strong></span> <span class='ocrx_word' id='word_1_394' title='bbox 649 3021 819 3088; x_wconf 89' lang='lat' dir='ltr'><strong>ponit,</strong></span> <span class='ocrx_word' id='word_1_395' title='bbox 847 3022 902 3076; x_wconf 86' lang='lat' dir='ltr'><strong>in</strong></span> <span class='ocrx_word' id='word_1_396' title='bbox 922 3034 1197 3093; x_wconf 82' lang='lat' dir='ltr'><strong>conspectu</strong></span> <span class='ocrx_word' id='word_1_397' title='bbox 1220 3024 1491 3077; x_wconf 88' lang='lat' dir='ltr'><strong>oculorum</strong></span> <span class='ocrx_word' id='word_1_398' title='bbox 1513 3023 1648 3092; x_wconf 75' lang='lat' dir='ltr'><strong>ejus,</strong></span> <span class='ocrx_word' id='word_1_399' title='bbox 1681 3039 1710 3077; x_wconf 82' lang='grc' dir='ltr'><strong>ιι</strong></span> <span class='ocrx_word' id='word_1_400' title='bbox 1735 3023 2088 3078; x_wconf 86' lang='lat' dir='ltr'><strong>similitudine</strong></span> 
     </span>
    </p>
   </div>
   <div class='ocr_carea' id='block_1_49' title="bbox 495 3110 2087 3186">
    <p class='ocr_par' dir='ltr' id='par_1_49' title="bbox 495 3110 2087 3186">
     <span class='ocr_line' id='line_1_49' title="bbox 495 3110 2087 3186; baseline 0.008 -25"><span class='ocrx_word' id='word_1_401' title='bbox 495 3110 628 3163; x_wconf 78' lang='lat' dir='ltr'><strong>dicit</strong></span> <span class='ocrx_word' id='word_1_402' title='bbox 655 3129 666 3164; x_wconf 94' lang='lat'>:</span> <span class='ocrx_word' id='word_1_403' title='bbox 692 3115 835 3180; x_wconf 90' lang='lat' dir='ltr'><strong>quod</strong></span> <span class='ocrx_word' id='word_1_404' title='bbox 864 3114 1009 3168; x_wconf 89' lang='lat' dir='ltr'><strong>enim</strong></span> <span class='ocrx_word' id='word_1_405' title='bbox 1051 3116 1207 3170; x_wconf 92' lang='lat' dir='ltr'><strong>nobis</strong></span> <span class='ocrx_word' id='word_1_406' title='bbox 1237 3116 1430 3185; x_wconf 86' lang='lat' dir='ltr'><strong>placet,</strong></span> <span class='ocrx_word' id='word_1_407' title='bbox 1466 3132 1610 3186; x_wconf 61' lang='lat' dir='ltr'><strong>saepe</strong></span> <span class='ocrx_word' id='word_1_408' title='bbox 1638 3116 1809 3172; x_wconf 90' lang='lat' dir='ltr'><strong>oculis</strong></span> <span class='ocrx_word' id='word_1_409' title='bbox 1844 3118 2087 3186; x_wconf 88' lang='lat' dir='ltr'><strong>corporis</strong></span> 
     </span>
    </p>
   </div>
   <div class='ocr_carea' id='block_1_50' title="bbox 493 3203 2090 3278">
    <p class='ocr_par' dir='ltr' id='par_1_50' title="bbox 493 3203 2090 3278">
     <span class='ocr_line' id='line_1_50' title="bbox 493 3203 2090 3278; baseline 0.003 -21"><span class='ocrx_word' id='word_1_410' title='bbox 493 3203 884 3273; x_wconf 80' lang='lat' dir='ltr'><strong>ConSpicimus.</strong></span> <span class='ocrx_word' id='word_1_411' title='bbox 928 3206 1069 3274; x_wconf 86' lang='lat' dir='ltr'><strong>Quia</strong></span> <span class='ocrx_word' id='word_1_412' title='bbox 1122 3209 1371 3278; x_wconf 77' lang='lat' dir='ltr'><strong>superius</strong></span> <span class='ocrx_word' id='word_1_413' title='bbox 1409 3206 1495 3262; x_wconf 86' lang='lat' dir='ltr'><strong>bis</strong></span> <span class='ocrx_word' id='word_1_414' title='bbox 1526 3210 1778 3276; x_wconf 88' lang='lat' dir='ltr'><strong>ponendo</strong></span> <span class='ocrx_word' id='word_1_415' title='bbox 1827 3207 2090 3262; x_wconf 87' lang='lat' dir='ltr'><strong>retribuet</strong></span> 
     </span>
    </p>
   </div>
   <div class='ocr_carea' id='block_1_51' title="bbox 499 3291 2086 3365">
    <p class='ocr_par' dir='ltr' id='par_1_51' title="bbox 499 3291 2086 3365">
     <span class='ocr_line' id='line_1_51' title="bbox 499 3291 2086 3365; baseline 0.006 -25"><span class='ocrx_word' id='word_1_416' title='bbox 499 3291 628 3346; x_wconf 89' lang='lat' dir='ltr'><strong>mihi</strong></span> <span class='ocrx_word' id='word_1_417' title='bbox 665 3291 944 3360; x_wconf 76' lang='lat' dir='ltr'><strong>Dominus,</strong></span> <span class='ocrx_word' id='word_1_418' title='bbox 975 3293 1124 3362; x_wconf 89' lang='lat' dir='ltr'><strong>ipsas</strong></span> <span class='ocrx_word' id='word_1_419' title='bbox 1170 3293 1556 3349; x_wconf 85' lang='lat' dir='ltr'><strong>retributiones</strong></span> <span class='ocrx_word' id='word_1_420' title='bbox 1594 3310 1698 3349; x_wconf 90' lang='lat' dir='ltr'><strong>non</strong></span> <span class='ocrx_word' id='word_1_421' title='bbox 1730 3305 2086 3365; x_wconf 79' lang='lat' dir='ltr'><strong>exposuerat:</strong></span> 
     </span>
    </p>
   </div>
   <div class='ocr_carea' id='block_1_52' title="bbox 503 3383 2091 3457">
    <p class='ocr_par' dir='ltr' id='par_1_52' title="bbox 503 3383 2091 3457">
     <span class='ocr_line' id='line_1_52' title="bbox 503 3383 2091 3457; baseline 0.003 -22"><span class='ocrx_word' id='word_1_422' title='bbox 503 3383 734 3440; x_wconf 89' lang='lat' dir='ltr'><strong>intendit</strong></span> <span class='ocrx_word' id='word_1_423' title='bbox 780 3385 878 3442; x_wconf 83' lang='lat' dir='ltr'><strong>has</strong></span> <span class='ocrx_word' id='word_1_424' title='bbox 913 3402 1188 3457; x_wconf 75' lang='lat' dir='ltr'><strong>exponere</strong></span> <span class='ocrx_word' id='word_1_425' title='bbox 1229 3386 1436 3441; x_wconf 78' lang='lat' dir='ltr'><strong>faciens</strong></span> <span class='ocrx_word' id='word_1_426' title='bbox 1481 3387 1562 3440; x_wconf 89' lang='lat' dir='ltr'><strong>sic</strong></span> <span class='ocrx_word' id='word_1_427' title='bbox 1606 3389 1970 3456; x_wconf 86' lang='lat' dir='ltr'><strong>apostrophen</strong></span> <span class='ocrx_word' id='word_1_428' title='bbox 2022 3387 2091 3441; x_wconf 87' lang='lat' dir='ltr'><strong>ad</strong></span> 
     </span>
    </p>
   </div>
   <div class='ocr_carea' id='block_1_53' title="bbox 503 3477 2092 3550">
    <p class='ocr_par' dir='ltr' id='par_1_53' title="bbox 503 3477 2092 3550">
     <span class='ocr_line' id='line_1_53' title="bbox 503 3477 2092 3550; baseline 0.003 -21"><span class='ocrx_word' id='word_1_429' title='bbox 503 3477 668 3530; x_wconf 88' lang='lat' dir='ltr'><strong>Deum</strong></span> <span class='ocrx_word' id='word_1_430' title='bbox 700 3494 822 3532; x_wconf 93' lang='lat' dir='ltr'><strong>cum</strong></span> <span class='ocrx_word' id='word_1_431' title='bbox 855 3482 1155 3550; x_wconf 82' lang='lat' dir='ltr'><strong>gratiarum</strong></span> <span class='ocrx_word' id='word_1_432' title='bbox 1205 3480 1440 3534; x_wconf 89' lang='lat' dir='ltr'><strong>actione.</strong></span> <span class='ocrx_word' id='word_1_433' title='bbox 1481 3479 1600 3533; x_wconf 79' lang='lat' dir='ltr'><strong>Dixi</strong></span> <span class='ocrx_word' id='word_1_434' title='bbox 1649 3479 1790 3548; x_wconf 91' lang='lat' dir='ltr'><strong>quod</strong></span> <span class='ocrx_word' id='word_1_435' title='bbox 1834 3479 2092 3533; x_wconf 88' lang='lat' dir='ltr'><strong>Dominus</strong></span> 
     </span>
    </p>
   </div>
   <div class='ocr_carea' id='block_1_54' title="bbox 497 3568 2093 3638">
    <p class='ocr_par' dir='ltr' id='par_1_54' title="bbox 497 3568 2093 3638">
     <span class='ocr_line' id='line_1_54' title="bbox 497 3568 2093 3638; baseline 0.003 -17"><span class='ocrx_word' id='word_1_436' title='bbox 497 3568 763 3624; x_wconf 86' lang='lat' dir='ltr'><strong>retribuet</strong></span> <span class='ocrx_word' id='word_1_437' title='bbox 799 3571 884 3624; x_wconf 92' lang='lat' dir='ltr'><strong>hic</strong></span> <span class='ocrx_word' id='word_1_438' title='bbox 915 3573 1173 3629; x_wconf 65' lang='lat' dir='ltr'><strong>Ecclesia:</strong></span> <span class='ocrx_word' id='word_1_439' title='bbox 1207 3587 1340 3627; x_wconf 79' lang='lat' dir='ltr'><strong>meae</strong></span> <span class='ocrx_word' id='word_1_440' title='bbox 1374 3571 1671 3626; x_wconf 80' lang='lat' dir='ltr'><strong>scentulum</strong></span> <span class='ocrx_word' id='word_1_441' title='bbox 1703 3571 1972 3638; x_wconf 88' lang='lat' dir='ltr'><strong>justitiam</strong></span> <span class='ocrx_word' id='word_1_442' title='bbox 2001 3581 2093 3626; x_wconf 88' lang='lat' dir='ltr'><strong>:et</strong></span> 
     </span>
    </p>
   </div>
   <div class='ocr_carea' id='block_1_55' title="bbox 499 3663 2091 3722">
    <p class='ocr_par' dir='ltr' id='par_1_55' title="bbox 499 3663 2091 3722">
     <span class='ocr_line' id='line_1_55' title="bbox 499 3663 2091 3722; baseline 0.001 -8"><span class='ocrx_word' id='word_1_443' title='bbox 499 3674 689 3715; x_wconf 82' lang='lat' dir='ltr'><strong>verum</strong></span> <span class='ocrx_word' id='word_1_444' title='bbox 721 3671 825 3716; x_wconf 88' lang='lat' dir='ltr'><strong>est.</strong></span> <span class='ocrx_word' id='word_1_445' title='bbox 869 3663 1016 3718; x_wconf 74' lang='lat' dir='ltr'><strong>Nam.</strong></span> <span class='ocrx_word' id='word_1_446' title='bbox 1047 3667 1186 3721; x_wconf 90' lang='lat' dir='ltr'><strong>Deus</strong></span> <span class='ocrx_word' id='word_1_447' title='bbox 1209 3665 1370 3722; x_wconf 84' lang='lat' dir='ltr'><strong>Pater</strong></span> <span class='ocrx_word' id='word_1_448' title='bbox 1416 3673 1469 3719; x_wconf 92' lang='lat' dir='ltr'><strong>tu</strong></span> <span class='ocrx_word' id='word_1_449' title='bbox 1512 3674 1724 3718; x_wconf 76' lang='lat' dir='ltr'><strong>sartctus</strong></span> <span class='ocrx_word' id='word_1_450' title='bbox 1767 3672 2091 3718; x_wconf 88' lang='lat' dir='ltr'><strong>antonoma-</strong></span> 
     </span>
    </p>
   </div>
   <div class='ocr_carea' id='block_1_56' title="bbox 497 3740 2091 3829">
    <p class='ocr_par' dir='ltr' id='par_1_56' title="bbox 497 3740 2091 3829">
     <span class='ocr_line' id='line_1_56' title="bbox 497 3740 2091 3829; baseline 0.004 -26"><span class='ocrx_word' id='word_1_451' title='bbox 497 3750 636 3805; x_wconf 73' lang='lat' dir='ltr'><strong>Siice</strong></span> <span class='ocrx_word' id='word_1_452' title='bbox 661 3753 764 3808; x_wconf 79' lang='lat' dir='ltr'><strong>eris</strong></span> <span class='ocrx_word' id='word_1_453' title='bbox 791 3769 914 3810; x_wconf 91' lang='lat' dir='ltr'><strong>cum</strong></span> <span class='ocrx_word' id='word_1_454' title='bbox 949 3757 1005 3810; x_wconf 89' lang='lat' dir='ltr'><strong>S.</strong></span> <span class='ocrx_word' id='word_1_455' title='bbox 1027 3740 1231 3826; x_wconf 80' lang='lat' dir='ltr'><strong>spiritu</strong></span> <span class='ocrx_word' id='word_1_456' title='bbox 1261 3773 1582 3829; x_wconf 88' lang='lat' dir='ltr'><strong>cooperans,</strong></span> <span class='ocrx_word' id='word_1_457' title='bbox 1627 3767 1685 3810; x_wconf 90' lang='lat' dir='ltr'><strong>ut</strong></span> <span class='ocrx_word' id='word_1_458' title='bbox 1711 3757 1948 3810; x_wconf 86' lang='lat' dir='ltr'><strong>sanctior</strong></span> <span class='ocrx_word' id='word_1_459' title='bbox 1978 3756 2091 3810; x_wconf 90' lang='lat' dir='ltr'><strong>liat.</strong></span> 
     </span>
    </p>
   </div>
   <div class='ocr_carea' id='block_1_57' title="bbox 499 3843 2088 3916">
    <p class='ocr_par' dir='ltr' id='par_1_57' title="bbox 499 3843 2088 3916">
     <span class='ocr_line' id='line_1_57' title="bbox 499 3843 2088 3916; baseline 0.002 -19"><span class='ocrx_word' id='word_1_460' title='bbox 499 3843 703 3899; x_wconf 65' lang='lat' dir='ltr'><strong>Etdiai</strong></span> <span class='ocrx_word' id='word_1_461' title='bbox 730 3847 872 3916; x_wconf 88' lang='lat' dir='ltr'><strong>quod</strong></span> <span class='ocrx_word' id='word_1_462' title='bbox 907 3850 1173 3905; x_wconf 86' lang='lat' dir='ltr'><strong>retribuet</strong></span> <span class='ocrx_word' id='word_1_463' title='bbox 1214 3852 1302 3906; x_wconf 89' lang='lat' dir='ltr'><strong>hic</strong></span> <span class='ocrx_word' id='word_1_464' title='bbox 1342 3852 1640 3906; x_wconf 87' lang='lat' dir='ltr'><strong>secundum</strong></span> <span class='ocrx_word' id='word_1_465' title='bbox 1691 3849 2088 3902; x_wconf 81' lang='lat' dir='ltr'><strong>innocentiam:</strong></span> 
     </span>
    </p>
   </div>
   <div class='ocr_carea' id='block_1_58' title="bbox 498 3939 2093 4008">
    <p class='ocr_par' dir='ltr' id='par_1_58' title="bbox 498 3939 2093 4008">
     <span class='ocr_line' id='line_1_58' title="bbox 498 3939 2093 4008; baseline 0.002 -20"><span class='ocrx_word' id='word_1_466' title='bbox 498 3943 558 3988; x_wconf 82' lang='lat' dir='ltr'><strong>et</strong></span> <span class='ocrx_word' id='word_1_467' title='bbox 587 3950 773 3990; x_wconf 86' lang='lat' dir='ltr'><strong>verum</strong></span> <span class='ocrx_word' id='word_1_468' title='bbox 804 3947 928 3995; x_wconf 88' lang='lat' dir='ltr'><strong>cst:</strong></span> <span class='ocrx_word' id='word_1_469' title='bbox 963 3957 1087 3994; x_wconf 91' lang='lat' dir='ltr'><strong>nam</strong></span> <span class='ocrx_word' id='word_1_470' title='bbox 1131 3950 1186 3996; x_wconf 94' lang='lat' dir='ltr'><strong>tu</strong></span> <span class='ocrx_word' id='word_1_471' title='bbox 1221 3942 1656 4008; x_wconf 60' lang='lat' dir='ltr'><strong>{antonomasice</strong></span> <span class='ocrx_word' id='word_1_472' title='bbox 1700 3940 1948 3994; x_wconf 84' lang='lat' dir='ltr'><strong>innocens</strong></span> <span class='ocrx_word' id='word_1_473' title='bbox 1991 3939 2093 3992; x_wconf 80' lang='lat' dir='ltr'><strong>eris</strong></span> 
     </span>
    </p>
   </div>
   <div class='ocr_carea' id='block_1_59' title="bbox 499 4027 2091 4102">
    <p class='ocr_par' dir='ltr' id='par_1_59' title="bbox 499 4027 2091 4102">
     <span class='ocr_line' id='line_1_59' title="bbox 499 4027 2091 4102; baseline 0.006 -26"><span class='ocrx_word' id='word_1_474' title='bbox 499 4041 620 4079; x_wconf 88' lang='lat' dir='ltr'><strong>cum</strong></span> <span class='ocrx_word' id='word_1_475' title='bbox 651 4027 758 4081; x_wconf 85' lang='lat' dir='ltr'><strong>viro</strong></span> <span class='ocrx_word' id='word_1_476' title='bbox 791 4030 1064 4087; x_wconf 87' lang='lat' dir='ltr'><strong>innocente</strong></span> <span class='ocrx_word' id='word_1_477' title='bbox 1098 4048 1402 4102; x_wconf 86' lang='lat' dir='ltr'><strong>cooperans</strong></span> <span class='ocrx_word' id='word_1_478' title='bbox 1435 4043 1494 4086; x_wconf 90' lang='lat' dir='ltr'><strong>ut</strong></span> <span class='ocrx_word' id='word_1_479' title='bbox 1521 4033 1608 4086; x_wconf 88' lang='lat' dir='ltr'><strong>liat</strong></span> <span class='ocrx_word' id='word_1_480' title='bbox 1645 4031 2006 4094; x_wconf 86' lang='lat' dir='ltr'><strong>innocentior,</strong></span> <span class='ocrx_word' id='word_1_481' title='bbox 2040 4029 2091 4085; x_wconf 92' lang='lat' dir='ltr'><strong>id</strong></span> 
     </span>
    </p>
   </div>
   <div class='ocr_carea' id='block_1_60' title="bbox 498 4119 2096 4189">
    <p class='ocr_par' dir='ltr' id='par_1_60' title="bbox 498 4119 2096 4189">
     <span class='ocr_line' id='line_1_60' title="bbox 498 4119 2096 4189; baseline 0.004 -20"><span class='ocrx_word' id='word_1_482' title='bbox 498 4127 586 4170; x_wconf 87' lang='lat' dir='ltr'><strong>est</strong></span> <span class='ocrx_word' id='word_1_483' title='bbox 613 4134 642 4170; x_wconf 78' lang='grc' dir='ltr'><strong>ιι</strong></span> <span class='ocrx_word' id='word_1_484' title='bbox 669 4119 914 4188; x_wconf 88' lang='lat' dir='ltr'><strong>pluribus</strong></span> <span class='ocrx_word' id='word_1_485' title='bbox 939 4123 1086 4179; x_wconf 80' lang='lat' dir='ltr'><strong>vitiis</strong></span> <span class='ocrx_word' id='word_1_486' title='bbox 1109 4124 1404 4178; x_wconf 80' lang='lat' dir='ltr'><strong>abstinens.</strong></span> <span class='ocrx_word' id='word_1_487' title='bbox 1431 4123 1596 4189; x_wconf 87' lang='lat' dir='ltr'><strong>Quasi</strong></span> <span class='ocrx_word' id='word_1_488' title='bbox 1617 4123 1854 4178; x_wconf 86' lang='lat' dir='ltr'><strong>diceret:</strong></span> <span class='ocrx_word' id='word_1_489' title='bbox 1881 4121 2096 4177; x_wconf 84' lang='lat' dir='ltr'><strong>Sancti-</strong></span> 
     </span>
    </p>
   </div>
   <div class='ocr_carea' id='block_1_61' title="bbox 501 4209 2096 4283">
    <p class='ocr_par' dir='ltr' id='par_1_61' title="bbox 501 4209 2096 4283">
     <span class='ocr_line' id='line_1_61' title="bbox 501 4209 2096 4283; baseline 0.006 -25"><span class='ocrx_word' id='word_1_490' title='bbox 501 4213 614 4262; x_wconf 85' lang='lat' dir='ltr'><strong>tate</strong></span> <span class='ocrx_word' id='word_1_491' title='bbox 659 4217 713 4264; x_wconf 82' lang='lat' dir='ltr'><strong>et</strong></span> <span class='ocrx_word' id='word_1_492' title='bbox 751 4209 1028 4266; x_wconf 87' lang='lat' dir='ltr'><strong>innocenti</strong></span> <span class='ocrx_word' id='word_1_493' title='bbox 1067 4211 1185 4282; x_wconf 91' lang='lat' dir='ltr'><strong>ejus</strong></span> <span class='ocrx_word' id='word_1_494' title='bbox 1211 4214 1650 4281; x_wconf 81' lang='lat' dir='ltr'><strong>promcrentibus</strong></span> <span class='ocrx_word' id='word_1_495' title='bbox 1687 4215 1735 4267; x_wconf 92' lang='lat' dir='ltr'><strong>ei</strong></span> <span class='ocrx_word' id='word_1_496' title='bbox 1768 4213 2096 4283; x_wconf 85' lang='lat' dir='ltr'><strong>cooperahe-</strong></span> 
     </span>
    </p>
   </div>
   <div class='ocr_carea' id='block_1_62' title="bbox 506 4298 2092 4374">
    <p class='ocr_par' dir='ltr' id='par_1_62' title="bbox 506 4298 2092 4374">
     <span class='ocr_line' id='line_1_62' title="bbox 506 4298 2092 4374; baseline 0.005 -23"><span class='ocrx_word' id='word_1_497' title='bbox 506 4298 606 4363; x_wconf 88' lang='lat' dir='ltr'><strong>ris,</strong></span> <span class='ocrx_word' id='word_1_498' title='bbox 653 4311 706 4354; x_wconf 90' lang='lat' dir='ltr'><strong>ct</strong></span> <span class='ocrx_word' id='word_1_499' title='bbox 737 4302 916 4357; x_wconf 86' lang='lat' dir='ltr'><strong>adhuc</strong></span> <span class='ocrx_word' id='word_1_500' title='bbox 944 4304 1089 4357; x_wconf 91' lang='lat' dir='ltr'><strong>aliud</strong></span> <span class='ocrx_word' id='word_1_501' title='bbox 1120 4305 1326 4359; x_wconf 82' lang='lat' dir='ltr'><strong>facies:</strong></span> <span class='ocrx_word' id='word_1_502' title='bbox 1361 4313 1412 4359; x_wconf 91' lang='lat' dir='ltr'><strong>tu</strong></span> <span class='ocrx_word' id='word_1_503' title='bbox 1439 4304 1630 4358; x_wconf 83' lang='lat' dir='ltr'><strong>electus</strong></span> <span class='ocrx_word' id='word_1_504' title='bbox 1661 4320 1818 4374; x_wconf 86' lang='lat' dir='ltr'><strong>quem</strong></span> <span class='ocrx_word' id='word_1_505' title='bbox 1857 4307 1959 4360; x_wconf 82' lang='lat' dir='ltr'><strong>luci</strong></span> <span class='ocrx_word' id='word_1_506' title='bbox 1990 4307 2092 4361; x_wconf 85' lang='lat' dir='ltr'><strong>eli-</strong></span> 
     </span>
    </p>
   </div>
   <div class='ocr_carea' id='block_1_63' title="bbox 502 4395 2090 4462">
    <p class='ocr_par' dir='ltr' id='par_1_63' title="bbox 502 4395 2090 4462">
     <span class='ocr_line' id='line_1_63' title="bbox 502 4395 2090 4462; baseline 0.004 -16"><span class='ocrx_word' id='word_1_507' title='bbox 502 4401 632 4462; x_wconf 81' lang='lat' dir='ltr'><strong>gent</strong></span> <span class='ocrx_word' id='word_1_508' title='bbox 668 4402 726 4446; x_wconf 91' lang='lat' dir='ltr'><strong>ut</strong></span> <span class='ocrx_word' id='word_1_509' title='bbox 757 4395 1014 4451; x_wconf 87' lang='lat' dir='ltr'><strong>obediant</strong></span> <span class='ocrx_word' id='word_1_510' title='bbox 1053 4397 1148 4452; x_wconf 88' lang='lat' dir='ltr'><strong>tibi</strong></span> <span class='ocrx_word' id='word_1_511' title='bbox 1177 4415 1190 4451; x_wconf 88' lang='lat'><strong>:</strong></span> <span class='ocrx_word' id='word_1_512' title='bbox 1219 4399 1321 4453; x_wconf 77' lang='lat' dir='ltr'><strong>eris</strong></span> <span class='ocrx_word' id='word_1_513' title='bbox 1361 4415 1479 4452; x_wconf 89' lang='lat' dir='ltr'><strong>cum</strong></span> <span class='ocrx_word' id='word_1_514' title='bbox 1519 4397 1701 4462; x_wconf 79' lang='lat' dir='ltr'><strong>electo,</strong></span> <span class='ocrx_word' id='word_1_515' title='bbox 1754 4398 1801 4452; x_wconf 88' lang='lat' dir='ltr'><strong>id</strong></span> <span class='ocrx_word' id='word_1_516' title='bbox 1835 4407 1939 4462; x_wconf 87' lang='lat' dir='ltr'><strong>est,</strong></span> <span class='ocrx_word' id='word_1_517' title='bbox 1968 4415 2090 4452; x_wconf 90' lang='lat' dir='ltr'><strong>cum</strong></span> 
     </span>
    </p>
   </div>
   <div class='ocr_carea' id='block_1_64' title="bbox 502 4484 2092 4557">
    <p class='ocr_par' dir='ltr' id='par_1_64' title="bbox 502 4484 2092 4557">
     <span class='ocr_line' id='line_1_64' title="bbox 502 4484 2092 4557; baseline 0.006 -24"><span class='ocrx_word' id='word_1_518' title='bbox 502 4495 697 4538; x_wconf 81' lang='lat' dir='ltr'><strong>vocato</strong></span> <span class='ocrx_word' id='word_1_519' title='bbox 719 4484 784 4539; x_wconf 90' lang='lat' dir='ltr'><strong>ad</strong></span> <span class='ocrx_word' id='word_1_520' title='bbox 818 4485 1047 4542; x_wconf 85' lang='lat' dir='ltr'><strong>salutem</strong></span> <span class='ocrx_word' id='word_1_521' title='bbox 1077 4503 1380 4557; x_wconf 90' lang='lat' dir='ltr'><strong>cooperans</strong></span> <span class='ocrx_word' id='word_1_522' title='bbox 1409 4499 1467 4542; x_wconf 89' lang='grc' dir='ltr'><strong>ιιι</strong></span> <span class='ocrx_word' id='word_1_523' title='bbox 1496 4489 1758 4543; x_wconf 80' lang='lat' dir='ltr'><strong>innocens</strong></span> <span class='ocrx_word' id='word_1_524' title='bbox 1790 4489 1904 4553; x_wconf 80' lang='lat' dir='ltr'><strong>ﬁat,</strong></span> <span class='ocrx_word' id='word_1_525' title='bbox 1932 4489 1981 4544; x_wconf 92' lang='lat' dir='ltr'><strong>id</strong></span> <span class='ocrx_word' id='word_1_526' title='bbox 2010 4499 2092 4544; x_wconf 91' lang='lat' dir='ltr'><strong>cst</strong></span> 
     </span>
    </p>
   </div>
   <div class='ocr_carea' id='block_1_65' title="bbox 505 4573 2094 4650">
    <p class='ocr_par' dir='ltr' id='par_1_65' title="bbox 505 4573 2094 4650">
     <span class='ocr_line' id='line_1_65' title="bbox 505 4573 2094 4650; baseline 0.006 -26"><span class='ocrx_word' id='word_1_527' title='bbox 505 4588 606 4627; x_wconf 88' lang='lat' dir='ltr'><strong>nec</strong></span> <span class='ocrx_word' id='word_1_528' title='bbox 630 4573 733 4630; x_wconf 93' lang='lat' dir='ltr'><strong>hoc</strong></span> <span class='ocrx_word' id='word_1_529' title='bbox 761 4578 980 4648; x_wconf 88' lang='lat' dir='ltr'><strong>quidem</strong></span> <span class='ocrx_word' id='word_1_530' title='bbox 1011 4579 1234 4634; x_wconf 89' lang='lat' dir='ltr'><strong>habebit</strong></span> <span class='ocrx_word' id='word_1_531' title='bbox 1267 4596 1295 4633; x_wconf 92' lang='lat' dir='ltr'><strong>a</strong></span> <span class='ocrx_word' id='word_1_532' title='bbox 1325 4579 1499 4634; x_wconf 90' lang='lat' dir='ltr'><strong>libero</strong></span> <span class='ocrx_word' id='word_1_533' title='bbox 1528 4581 1756 4635; x_wconf 88' lang='lat' dir='ltr'><strong>arbitrio</strong></span> <span class='ocrx_word' id='word_1_534' title='bbox 1784 4579 1926 4650; x_wconf 89' lang='lat' dir='ltr'><strong>quod</strong></span> <span class='ocrx_word' id='word_1_535' title='bbox 1975 4589 2094 4650; x_wconf 90' lang='lat' dir='ltr'><strong>post</strong></span> 
     </span>
    </p>
   </div>
   <div class='ocr_carea' id='block_1_66' title="bbox 504 4663 2091 4740">
    <p class='ocr_par' dir='ltr' id='par_1_66' title="bbox 504 4663 2091 4740">
     <span class='ocr_line' id='line_1_66' title="bbox 504 4663 2091 4740; baseline 0.007 -28"><span class='ocrx_word' id='word_1_536' title='bbox 504 4663 868 4732; x_wconf 83' lang='lat' dir='ltr'><strong>vocationem,</strong></span> <span class='ocrx_word' id='word_1_537' title='bbox 903 4668 1164 4724; x_wconf 89' lang='lat' dir='ltr'><strong>innocens</strong></span> <span class='ocrx_word' id='word_1_538' title='bbox 1195 4670 1308 4736; x_wconf 88' lang='lat' dir='ltr'><strong>lict,</strong></span> <span class='ocrx_word' id='word_1_539' title='bbox 1340 4671 1434 4726; x_wconf 87' lang='lat' dir='ltr'><strong>sed</strong></span> <span class='ocrx_word' id='word_1_540' title='bbox 1471 4679 1526 4724; x_wconf 89' lang='lat' dir='ltr'><strong>tu</strong></span> <span class='ocrx_word' id='word_1_541' title='bbox 1557 4670 1660 4724; x_wconf 91' lang='lat' dir='ltr'><strong>hoc</strong></span> <span class='ocrx_word' id='word_1_542' title='bbox 1689 4670 2091 4740; x_wconf 83' lang='lat' dir='ltr'><strong>cooperaberis,</strong></span> 
     </span>
    </p>
   </div>
   <div class='ocr_carea' id='block_1_67' title="bbox 506 4743 2096 4830">
    <p class='ocr_par' dir='ltr' id='par_1_67' title="bbox 506 4743 2096 4830">
     <span class='ocr_line' id='line_1_67' title="bbox 506 4743 2096 4830; baseline 0.006 -23"><span class='ocrx_word' id='word_1_543' title='bbox 506 4754 614 4812; x_wconf 88' lang='lat' dir='ltr'><strong>lide</strong></span> <span class='ocrx_word' id='word_1_544' title='bbox 641 4767 818 4812; x_wconf 88' lang='lat' dir='ltr'><strong>tamen</strong></span> <span class='ocrx_word' id='word_1_545' title='bbox 848 4743 1357 4828; x_wconf 60' lang='lat' dir='ltr'><strong>ejus&#39;promerente.</strong></span> <span class='ocrx_word' id='word_1_546' title='bbox 1388 4761 1452 4815; x_wconf 78' lang='lat' dir='ltr'><strong>Et</strong></span> <span class='ocrx_word' id='word_1_547' title='bbox 1479 4762 1621 4830; x_wconf 91' lang='lat' dir='ltr'><strong>quod</strong></span> <span class='ocrx_word' id='word_1_548' title='bbox 1653 4771 1708 4814; x_wconf 90' lang='lat' dir='ltr'><strong>tu</strong></span> <span class='ocrx_word' id='word_1_549' title='bbox 1739 4772 1962 4817; x_wconf 89' lang='lat' dir='ltr'><strong>sanctus</strong></span> <span class='ocrx_word' id='word_1_550' title='bbox 1986 4763 2096 4817; x_wconf 86' lang='lat' dir='ltr'><strong>eris</strong></span> 
     </span>
    </p>
   </div>
   <div class='ocr_carea' id='block_1_68' title="bbox 501 4849 2095 4916">
    <p class='ocr_par' dir='ltr' id='par_1_68' title="bbox 501 4849 2095 4916">
     <span class='ocr_line' id='line_1_68' title="bbox 501 4849 2095 4916; baseline 0.004 -17"><span class='ocrx_word' id='word_1_551' title='bbox 501 4861 632 4900; x_wconf 81' lang='lat' dir='ltr'><strong>cum</strong></span> <span class='ocrx_word' id='word_1_552' title='bbox 666 4859 882 4916; x_wconf 78' lang='lat' dir='ltr'><strong>sancto,</strong></span> <span class='ocrx_word' id='word_1_553' title='bbox 914 4859 970 4905; x_wconf 92' lang='lat' dir='ltr'><strong>et</strong></span> <span class='ocrx_word' id='word_1_554' title='bbox 1010 4850 1269 4906; x_wconf 89' lang='lat' dir='ltr'><strong>innocens</strong></span> <span class='ocrx_word' id='word_1_555' title='bbox 1301 4867 1426 4906; x_wconf 90' lang='lat' dir='ltr'><strong>cum</strong></span> <span class='ocrx_word' id='word_1_556' title='bbox 1461 4851 1778 4913; x_wconf 75' lang='lat' dir='ltr'><strong>innocente,</strong></span> <span class='ocrx_word' id='word_1_557' title='bbox 1808 4860 1864 4904; x_wconf 87' lang='lat' dir='ltr'><strong>et</strong></span> <span class='ocrx_word' id='word_1_558' title='bbox 1889 4849 2095 4906; x_wconf 85' lang='lat' dir='ltr'><strong>electus</strong></span> 
     </span>
    </p>
   </div>
   <div class='ocr_carea' id='block_1_69' title="bbox 501 4941 2091 5014">
    <p class='ocr_par' dir='ltr' id='par_1_69' title="bbox 501 4941 2091 5014">
     <span class='ocr_line' id='line_1_69' title="bbox 501 4941 2091 5014; baseline 0.001 -21"><span class='ocrx_word' id='word_1_559' title='bbox 501 4953 632 4993; x_wconf 84' lang='lat' dir='ltr'><strong>cum</strong></span> <span class='ocrx_word' id='word_1_560' title='bbox 661 4941 856 5011; x_wconf 86' lang='lat' dir='ltr'><strong>electo,</strong></span> <span class='ocrx_word' id='word_1_561' title='bbox 888 4957 956 4998; x_wconf 73' lang='lat' dir='ltr'><strong>ex</strong></span> <span class='ocrx_word' id='word_1_562' title='bbox 984 4943 1235 5012; x_wconf 90' lang='lat' dir='ltr'><strong>opposito</strong></span> <span class='ocrx_word' id='word_1_563' title='bbox 1263 4943 1431 4998; x_wconf 88' lang='lat' dir='ltr'><strong>videri</strong></span> <span class='ocrx_word' id='word_1_564' title='bbox 1462 4950 1640 5014; x_wconf 88' lang='lat' dir='ltr'><strong>potest</strong></span> <span class='ocrx_word' id='word_1_565' title='bbox 1677 4959 1692 4996; x_wconf 87' lang='lat'><strong>:</strong></span> <span class='ocrx_word' id='word_1_566' title='bbox 1724 4957 1846 4995; x_wconf 90' lang='lat' dir='ltr'><strong>nam</strong></span> <span class='ocrx_word' id='word_1_567' title='bbox 1880 4958 2091 5010; x_wconf 85' lang='lat' dir='ltr'><strong>perver-</strong></span> 
     </span>
    </p>
   </div>
   <div class='ocr_carea' id='block_1_70' title="bbox 508 5033 2094 5105">
    <p class='ocr_par' dir='ltr' id='par_1_70' title="bbox 508 5033 2094 5105">
     <span class='ocr_line' id='line_1_70' title="bbox 508 5033 2094 5105; baseline 0.003 -21"><span class='ocrx_word' id='word_1_568' title='bbox 508 5033 633 5088; x_wconf 74' lang='lat' dir='ltr'><strong>teris</strong></span> <span class='ocrx_word' id='word_1_569' title='bbox 649 5034 774 5087; x_wconf 74' lang='lat' dir='ltr'><strong>&#39;cum</strong></span> <span class='ocrx_word' id='word_1_570' title='bbox 797 5052 1060 5105; x_wconf 79' lang='lat' dir='ltr'><strong>perverso,</strong></span> <span class='ocrx_word' id='word_1_571' title='bbox 1083 5051 1384 5104; x_wconf 88' lang='lat' dir='ltr'><strong>cooperans</strong></span> <span class='ocrx_word' id='word_1_572' title='bbox 1409 5035 1814 5101; x_wconf 81' lang='lat' dir='ltr'><strong>perversionem</strong></span> <span class='ocrx_word' id='word_1_573' title='bbox 1839 5049 2015 5096; x_wconf 86' lang='lat' dir='ltr'><strong>suam,</strong></span> <span class='ocrx_word' id='word_1_574' title='bbox 2043 5034 2094 5088; x_wconf 91' lang='lat' dir='ltr'><strong>id</strong></span> 
     </span>
    </p>
   </div>
   <div class='ocr_carea' id='block_1_71' title="bbox 505 5132 2096 5204">
    <p class='ocr_par' dir='ltr' id='par_1_71' title="bbox 505 5132 2096 5204">
     <span class='ocr_line' id='line_1_71' title="bbox 505 5132 2096 5204; baseline 0.001 -19"><span class='ocrx_word' id='word_1_575' title='bbox 505 5143 596 5187; x_wconf 79' lang='lat' dir='ltr'><strong>est</strong></span> <span class='ocrx_word' id='word_1_576' title='bbox 621 5133 948 5203; x_wconf 80' lang='lat' dir='ltr'><strong>perveneris</strong></span> <span class='ocrx_word' id='word_1_577' title='bbox 983 5136 1051 5188; x_wconf 89' lang='lat' dir='ltr'><strong>ah</strong></span> <span class='ocrx_word' id='word_1_578' title='bbox 1078 5133 1282 5189; x_wconf 79' lang='lat' dir='ltr'><strong>auxilio</strong></span> <span class='ocrx_word' id='word_1_579' title='bbox 1313 5136 1366 5188; x_wconf 91' lang='lat' dir='ltr'><strong>in</strong></span> <span class='ocrx_word' id='word_1_580' title='bbox 1397 5135 1801 5204; x_wconf 87' lang='lat' dir='ltr'><strong>perversionem</strong></span> <span class='ocrx_word' id='word_1_581' title='bbox 1837 5148 1962 5187; x_wconf 92' lang='lat' dir='ltr'><strong>cum</strong></span> <span class='ocrx_word' id='word_1_582' title='bbox 2004 5132 2096 5186; x_wconf 93' lang='lat' dir='ltr'><strong>illo</strong></span> 
     </span>
    </p>
   </div>
   <div class='ocr_carea' id='block_1_72' title="bbox 513 5223 2096 5298">
    <p class='ocr_par' dir='ltr' id='par_1_72' title="bbox 513 5223 2096 5298">
     <span class='ocr_line' id='line_1_72' title="bbox 513 5223 2096 5298; baseline 0.003 -23"><span class='ocrx_word' id='word_1_583' title='bbox 513 5227 688 5294; x_wconf 89' lang='lat' dir='ltr'><strong>quise</strong></span> <span class='ocrx_word' id='word_1_584' title='bbox 709 5242 736 5280; x_wconf 86' lang='lat' dir='ltr'><strong>a</strong></span> <span class='ocrx_word' id='word_1_585' title='bbox 763 5235 814 5282; x_wconf 87' lang='lat' dir='ltr'><strong>te</strong></span> <span class='ocrx_word' id='word_1_586' title='bbox 838 5226 1122 5298; x_wconf 86' lang='lat' dir='ltr'><strong>pervertit.</strong></span> <span class='ocrx_word' id='word_1_587' title='bbox 1149 5223 1302 5292; x_wconf 88' lang='lat' dir='ltr'><strong>Quod</strong></span> <span class='ocrx_word' id='word_1_588' title='bbox 1331 5234 1415 5279; x_wconf 89' lang='lat' dir='ltr'><strong>est</strong></span> <span class='ocrx_word' id='word_1_589' title='bbox 1437 5225 1640 5288; x_wconf 90' lang='lat' dir='ltr'><strong>dicere,</strong></span> <span class='ocrx_word' id='word_1_590' title='bbox 1674 5224 1774 5279; x_wconf 91' lang='lat' dir='ltr'><strong>nisi</strong></span> <span class='ocrx_word' id='word_1_591' title='bbox 1807 5239 2096 5290; x_wconf 77' lang='lat' dir='ltr'><strong>perversos</strong></span> 
     </span>
    </p>
   </div>
   <div class='ocr_carea' id='block_1_73' title="bbox 508 5314 2100 5385">
    <p class='ocr_par' dir='ltr' id='par_1_73' title="bbox 508 5314 2100 5385">
     <span class='ocr_line' id='line_1_73' title="bbox 508 5314 2100 5385; baseline -0.001 -16"><span class='ocrx_word' id='word_1_592' title='bbox 508 5323 658 5370; x_wconf 86' lang='lat' dir='ltr'><strong>esset</strong></span> <span class='ocrx_word' id='word_1_593' title='bbox 685 5332 714 5371; x_wconf 90' lang='lat' dir='ltr'><strong>a</strong></span> <span class='ocrx_word' id='word_1_594' title='bbox 745 5327 820 5381; x_wconf 89' lang='lat' dir='ltr'><strong>te,</strong></span> <span class='ocrx_word' id='word_1_595' title='bbox 842 5317 1189 5373; x_wconf 77' lang='lat' dir='ltr'><strong>auxiliarcris</strong></span> <span class='ocrx_word' id='word_1_596' title='bbox 1215 5317 1290 5371; x_wconf 85' lang='lat' dir='ltr'><strong>ei:</strong></span> <span class='ocrx_word' id='word_1_597' title='bbox 1322 5317 1415 5371; x_wconf 82' lang='lat' dir='ltr'><strong>sed</strong></span> <span class='ocrx_word' id='word_1_598' title='bbox 1445 5317 1570 5385; x_wconf 87' lang='lat' dir='ltr'><strong>quia</strong></span> <span class='ocrx_word' id='word_1_599' title='bbox 1602 5330 1661 5369; x_wconf 90' lang='lat' dir='ltr'><strong>se</strong></span> <span class='ocrx_word' id='word_1_600' title='bbox 1689 5331 1718 5368; x_wconf 89' lang='lat' dir='ltr'><strong>a</strong></span> <span class='ocrx_word' id='word_1_601' title='bbox 1756 5323 1810 5370; x_wconf 88' lang='lat' dir='ltr'><strong>te</strong></span> <span class='ocrx_word' id='word_1_602' title='bbox 1839 5314 2100 5384; x_wconf 88' lang='lat' dir='ltr'><strong>pervertit</strong></span> 
     </span>
    </p>
   </div>
   <div class='ocr_carea' id='block_1_74' title="bbox 513 5392 2102 5478">
    <p class='ocr_par' dir='ltr' id='par_1_74' title="bbox 513 5392 2102 5478">
     <span class='ocr_line' id='line_1_74' title="bbox 513 5392 2102 5478; baseline -0.002 -16"><span class='ocrx_word' id='word_1_603' title='bbox 513 5408 586 5464; x_wconf 85' lang='lat' dir='ltr'><strong>ab</strong></span> <span class='ocrx_word' id='word_1_604' title='bbox 621 5409 826 5464; x_wconf 78' lang='lat' dir='ltr'><strong>auxilio</strong></span> <span class='ocrx_word' id='word_1_605' title='bbox 855 5410 997 5478; x_wconf 87' lang='lat' dir='ltr'><strong>quod</strong></span> <span class='ocrx_word' id='word_1_606' title='bbox 1042 5410 1092 5464; x_wconf 88' lang='lat' dir='ltr'><strong>ei</strong></span> <span class='ocrx_word' id='word_1_607' title='bbox 1135 5392 1495 5476; x_wconf 89' lang='lat' dir='ltr'><strong>impenderes,</strong></span> <span class='ocrx_word' id='word_1_608' title='bbox 1529 5407 1879 5477; x_wconf 79' lang='lat' dir='ltr'><strong>perveneris,</strong></span> <span class='ocrx_word' id='word_1_609' title='bbox 1932 5405 1982 5460; x_wconf 90' lang='lat' dir='ltr'><strong>id</strong></span> <span class='ocrx_word' id='word_1_610' title='bbox 2019 5413 2102 5459; x_wconf 91' lang='lat' dir='ltr'><strong>est</strong></span> 
     </span>
    </p>
   </div>
   <div class='ocr_carea' id='block_1_75' title="bbox 510 5496 2097 5566">
    <p class='ocr_par' dir='ltr' id='par_1_75' title="bbox 510 5496 2097 5566">
     <span class='ocr_line' id='line_1_75' title="bbox 510 5496 2097 5566; baseline -0.003 -13"><span class='ocrx_word' id='word_1_611' title='bbox 510 5502 848 5555; x_wconf 84' lang='lat' dir='ltr'><strong>converteris</strong></span> <span class='ocrx_word' id='word_1_612' title='bbox 872 5501 936 5554; x_wconf 85' lang='lat' dir='ltr'><strong>ad</strong></span> <span class='ocrx_word' id='word_1_613' title='bbox 961 5501 1063 5554; x_wconf 91' lang='lat' dir='ltr'><strong>hoc</strong></span> <span class='ocrx_word' id='word_1_614' title='bbox 1085 5508 1144 5551; x_wconf 93' lang='lat' dir='ltr'><strong>ut</strong></span> <span class='ocrx_word' id='word_1_615' title='bbox 1163 5513 1284 5552; x_wconf 88' lang='lat' dir='ltr'><strong>eum</strong></span> <span class='ocrx_word' id='word_1_616' title='bbox 1310 5507 1589 5566; x_wconf 87' lang='lat' dir='ltr'><strong>pervertas</strong></span> <span class='ocrx_word' id='word_1_617' title='bbox 1615 5496 1732 5566; x_wconf 91' lang='lat' dir='ltr'><strong>plus</strong></span> <span class='ocrx_word' id='word_1_618' title='bbox 1753 5497 2097 5550; x_wconf 68' lang='lat' dir='ltr'><strong>exc-amando.</strong></span> 
     </span>
    </p>
   </div>
   <div class='ocr_carea' id='block_1_76' title="bbox 517 5586 2101 5662">
    <p class='ocr_par' dir='ltr' id='par_1_76' title="bbox 517 5586 2101 5662">
     <span class='ocr_line' id='line_1_76' title="bbox 517 5586 2101 5662; baseline -0.002 -17"><span class='ocrx_word' id='word_1_619' title='bbox 517 5591 751 5662; x_wconf 79' lang='lat' dir='ltr'><strong>Exponit</strong></span> <span class='ocrx_word' id='word_1_620' title='bbox 791 5605 1006 5659; x_wconf 86' lang='lat' dir='ltr'><strong>quoque</strong></span> <span class='ocrx_word' id='word_1_621' title='bbox 1042 5587 1278 5641; x_wconf 80' lang='lat' dir='ltr'><strong>futuram</strong></span> <span class='ocrx_word' id='word_1_622' title='bbox 1327 5589 1769 5655; x_wconf 88' lang='lat' dir='ltr'><strong>retributionem,</strong></span> <span class='ocrx_word' id='word_1_623' title='bbox 1807 5588 1888 5643; x_wconf 85' lang='lat' dir='ltr'><strong>sic</strong></span> <span class='ocrx_word' id='word_1_624' title='bbox 1928 5603 1942 5640; x_wconf 89' lang='lat'><strong>:</strong></span> <span class='ocrx_word' id='word_1_625' title='bbox 1982 5586 2101 5642; x_wconf 76' lang='lat' dir='ltr'><strong>Dixi</strong></span> 
     </span>
    </p>
   </div>
   <div class='ocr_carea' id='block_1_77' title="bbox 513 5678 2096 5752">
    <p class='ocr_par' dir='ltr' id='par_1_77' title="bbox 513 5678 2096 5752">
     <span class='ocr_line' id='line_1_77' title="bbox 513 5678 2096 5752; baseline -0.001 -16"><span class='ocrx_word' id='word_1_626' title='bbox 513 5684 662 5752; x_wconf 88' lang='lat' dir='ltr'><strong>quod</strong></span> <span class='ocrx_word' id='word_1_627' title='bbox 698 5681 960 5735; x_wconf 87' lang='lat' dir='ltr'><strong>Dominus</strong></span> <span class='ocrx_word' id='word_1_628' title='bbox 1007 5678 1272 5734; x_wconf 85' lang='lat' dir='ltr'><strong>retribuet</strong></span> <span class='ocrx_word' id='word_1_629' title='bbox 1309 5679 1443 5734; x_wconf 87' lang='lat' dir='ltr'><strong>meis</strong></span> <span class='ocrx_word' id='word_1_630' title='bbox 1484 5680 1538 5734; x_wconf 91' lang='lat' dir='ltr'><strong>iu</strong></span> <span class='ocrx_word' id='word_1_631' title='bbox 1577 5682 1760 5735; x_wconf 89' lang='lat' dir='ltr'><strong>luturo</strong></span> <span class='ocrx_word' id='word_1_632' title='bbox 1798 5679 2096 5735; x_wconf 89' lang='lat' dir='ltr'><strong>secundum</strong></span> 
     </span>
    </p>
   </div>
   <div class='ocr_carea' id='block_1_78' title="bbox 507 5769 2098 5846">
    <p class='ocr_par' dir='ltr' id='par_1_78' title="bbox 507 5769 2098 5846">
     <span class='ocr_line' id='line_1_78' title="bbox 507 5769 2098 5846; baseline -0.003 -17"><span class='ocrx_word' id='word_1_633' title='bbox 507 5773 781 5846; x_wconf 77' lang='lat' dir='ltr'><strong>justitiam</strong></span> <span class='ocrx_word' id='word_1_634' title='bbox 807 5781 860 5826; x_wconf 86' lang='lat' dir='ltr'><strong>et</strong></span> <span class='ocrx_word' id='word_1_635' title='bbox 884 5771 1172 5841; x_wconf 81' lang='lat' dir='ltr'><strong>puritatem</strong></span> <span class='ocrx_word' id='word_1_636' title='bbox 1197 5783 1415 5838; x_wconf 87' lang='lat' dir='ltr'><strong>eorum;</strong></span> <span class='ocrx_word' id='word_1_637' title='bbox 1441 5780 1498 5826; x_wconf 86' lang='lat' dir='ltr'><strong>et</strong></span> <span class='ocrx_word' id='word_1_638' title='bbox 1519 5787 1702 5826; x_wconf 83' lang='lat' dir='ltr'><strong>verum</strong></span> <span class='ocrx_word' id='word_1_639' title='bbox 1728 5779 1831 5838; x_wconf 84' lang='lat' dir='ltr'><strong>est,</strong></span> <span class='ocrx_word' id='word_1_640' title='bbox 1853 5769 2098 5826; x_wconf 88' lang='lat' dir='ltr'><strong>Domine.</strong></span> 
     </span>
    </p>
   </div>
   <div class='ocr_carea' id='block_1_79' title="bbox 2129 4531 2169 4584">
    <p class='ocr_par' dir='ltr' id='par_1_79' title="bbox 2129 4531 2169 4584">
     <span class='ocr_line' id='line_1_79' title="bbox 2129 4531 2169 4584; baseline 0 0"><span class='ocrx_word' id='word_1_641' title='bbox 2129 4531 2169 4584; x_wconf 92' lang='lat' dir='ltr'><strong>D</strong></span> 
     </span>
    </p>
   </div>
   <div class='ocr_carea' id='block_1_80' title="bbox 2184 1913 3720 1992">
    <p class='ocr_par' dir='ltr' id='par_1_80' title="bbox 2184 1913 3720 1992">
     <span class='ocr_line' id='line_1_80' title="bbox 2184 1913 3720 1992; baseline 0.005 -25"><span class='ocrx_word' id='word_1_642' title='bbox 2184 1923 2237 1967; x_wconf 88' lang='lat' dir='ltr'><strong>et</strong></span> <span class='ocrx_word' id='word_1_643' title='bbox 2267 1913 2536 1968; x_wconf 87' lang='lat' dir='ltr'><strong>charitate</strong></span> <span class='ocrx_word' id='word_1_644' title='bbox 2575 1913 2843 1968; x_wconf 84' lang='lat' dir='ltr'><strong>lucernam</strong></span> <span class='ocrx_word' id='word_1_645' title='bbox 2887 1933 3078 1980; x_wconf 80' lang='lat' dir='ltr'><strong>meum,</strong></span> <span class='ocrx_word' id='word_1_646' title='bbox 3115 1918 3166 1971; x_wconf 91' lang='lat' dir='ltr'><strong>id</strong></span> <span class='ocrx_word' id='word_1_647' title='bbox 3212 1927 3297 1972; x_wconf 88' lang='lat' dir='ltr'><strong>est</strong></span> <span class='ocrx_word' id='word_1_648' title='bbox 3338 1919 3620 1989; x_wconf 77' lang='lat' dir='ltr'><strong>apostolos,</strong></span> <span class='ocrx_word' id='word_1_649' title='bbox 3655 1927 3720 1992; x_wconf 87' lang='lat' dir='ltr'><strong>qui</strong></span> 
     </span>
    </p>
   </div>
   <div class='ocr_carea' id='block_1_81' title="bbox 2184 2003 3721 2070">
    <p class='ocr_par' dir='ltr' id='par_1_81' title="bbox 2184 2003 3721 2070">
     <span class='ocr_line' id='line_1_81' title="bbox 2184 2003 3721 2070; baseline 0.007 -12"><span class='ocrx_word' id='word_1_650' title='bbox 2184 2013 2311 2058; x_wconf 84' lang='lat' dir='ltr'><strong>sunt</strong></span> <span class='ocrx_word' id='word_1_651' title='bbox 2353 2003 2572 2059; x_wconf 90' lang='lat' dir='ltr'><strong>lucerna</strong></span> <span class='ocrx_word' id='word_1_652' title='bbox 2616 2019 2769 2070; x_wconf 88' lang='lat' dir='ltr'><strong>mea,</strong></span> <span class='ocrx_word' id='word_1_653' title='bbox 2820 2005 2872 2059; x_wconf 92' lang='lat' dir='ltr'><strong>id</strong></span> <span class='ocrx_word' id='word_1_654' title='bbox 2915 2016 2998 2060; x_wconf 88' lang='lat' dir='ltr'><strong>est</strong></span> <span class='ocrx_word' id='word_1_655' title='bbox 3037 2022 3161 2061; x_wconf 83' lang='lat' dir='ltr'><strong>vasa</strong></span> <span class='ocrx_word' id='word_1_656' title='bbox 3210 2008 3349 2064; x_wconf 89' lang='lat' dir='ltr'><strong>lucis</strong></span> <span class='ocrx_word' id='word_1_657' title='bbox 3396 2025 3544 2065; x_wconf 67' lang='grc' dir='ltr'>ιιιειε.</span> <span class='ocrx_word' id='word_1_658' title='bbox 3597 2011 3721 2068; x_wconf 77' lang='lat' dir='ltr'><strong>Juxta</strong></span> 
     </span>
    </p>
   </div>
   <div class='ocr_carea' id='block_1_82' title="bbox 2186 2095 3721 2169">
    <p class='ocr_par' dir='ltr' id='par_1_82' title="bbox 2186 2095 3721 2169">
     <span class='ocr_line' id='line_1_82' title="bbox 2186 2095 3721 2169; baseline 0.007 -19"><span class='ocrx_word' id='word_1_659' title='bbox 2186 2096 2314 2150; x_wconf 89' lang='lat' dir='ltr'><strong>illud</strong></span> <span class='ocrx_word' id='word_1_660' title='bbox 2343 2114 2355 2150; x_wconf 75' lang='grc' dir='ltr'><strong>ε</strong></span> <span class='ocrx_word' id='word_1_661' title='bbox 2391 2114 2410 2148; x_wconf 81' lang='grc' dir='ltr'><strong>ι</strong></span> <span class='ocrx_word' id='word_1_662' title='bbox 2441 2095 2644 2151; x_wconf 85' lang='lat' dir='ltr'><strong>Luceat</strong></span> <span class='ocrx_word' id='word_1_663' title='bbox 2679 2096 2768 2151; x_wconf 79' lang='lat' dir='ltr'><strong>lux</strong></span> <span class='ocrx_word' id='word_1_664' title='bbox 2820 2108 2998 2153; x_wconf 87' lang='lat' dir='ltr'><strong>vestra</strong></span> <span class='ocrx_word' id='word_1_665' title='bbox 3033 2115 3217 2155; x_wconf 87' lang='lat' dir='ltr'><strong>coram</strong></span> <span class='ocrx_word' id='word_1_666' title='bbox 3275 2100 3609 2169; x_wconf 91' lang='lat' dir='ltr'><strong>hominibus,</strong></span> <span class='ocrx_word' id='word_1_667' title='bbox 3643 2117 3721 2162; x_wconf 88' lang='lat' dir='ltr'><strong>etc.</strong></span> 
     </span>
    </p>
   </div>
   <div class='ocr_carea' id='block_1_83' title="bbox 2188 2183 3722 2256">
    <p class='ocr_par' dir='ltr' id='par_1_83' title="bbox 2188 2183 3722 2256">
     <span class='ocr_line' id='line_1_83' title="bbox 2188 2183 3722 2256; baseline 0.006 -19"><span class='ocrx_word' id='word_1_668' title='bbox 2188 2183 2404 2254; x_wconf 82' lang='lat' dir='ltr'><strong>(Matth.</strong></span> <span class='ocrx_word' id='word_1_669' title='bbox 2437 2200 2490 2248; x_wconf 76' lang='grc' dir='ltr'>ν,</span> <span class='ocrx_word' id='word_1_670' title='bbox 2521 2184 2628 2255; x_wconf 71' lang='lat' dir='ltr'><strong>lli).</strong></span> <span class='ocrx_word' id='word_1_671' title='bbox 2666 2204 2684 2238; x_wconf 82' lang='grc' dir='ltr'><strong>ι</strong></span> <span class='ocrx_word' id='word_1_672' title='bbox 2745 2185 2808 2240; x_wconf 83' lang='grc' dir='ltr'>Ει</span> <span class='ocrx_word' id='word_1_673' title='bbox 2832 2187 2898 2240; x_wconf 88' lang='lat' dir='ltr'><strong>de</strong></span> <span class='ocrx_word' id='word_1_674' title='bbox 2917 2186 3124 2242; x_wconf 84' lang='lat' dir='ltr'><strong>Joanne</strong></span> <span class='ocrx_word' id='word_1_675' title='bbox 3155 2188 3394 2256; x_wconf 81' lang='lat' dir='ltr'><strong>Baptista</strong></span> <span class='ocrx_word' id='word_1_676' title='bbox 3427 2190 3615 2245; x_wconf 87' lang='lat' dir='ltr'><strong>dictum</strong></span> <span class='ocrx_word' id='word_1_677' title='bbox 3636 2203 3722 2246; x_wconf 85' lang='lat' dir='ltr'><strong>est:</strong></span> 
     </span>
    </p>
   </div>
   <div class='ocr_carea' id='block_1_84' title="bbox 2192 2275 3722 2337">
    <p class='ocr_par' dir='ltr' id='par_1_84' title="bbox 2192 2275 3722 2337">
     <span class='ocr_line' id='line_1_84' title="bbox 2192 2275 3722 2337; baseline 0.006 -10"><span class='ocrx_word' id='word_1_678' title='bbox 2192 2293 2214 2327; x_wconf 87' lang='grc'><em>‹</em></span> <span class='ocrx_word' id='word_1_679' title='bbox 2250 2277 2378 2332; x_wconf 83' lang='lat' dir='ltr'><strong>Erat</strong></span> <span class='ocrx_word' id='word_1_680' title='bbox 2427 2275 2654 2332; x_wconf 89' lang='lat' dir='ltr'><strong>lucerna</strong></span> <span class='ocrx_word' id='word_1_681' title='bbox 2699 2277 2900 2332; x_wconf 85' lang='lat' dir='ltr'><strong>ardens</strong></span> <span class='ocrx_word' id='word_1_682' title='bbox 2954 2288 3008 2332; x_wconf 88' lang='lat' dir='ltr'><strong>et</strong></span> <span class='ocrx_word' id='word_1_683' title='bbox 3063 2278 3254 2334; x_wconf 91' lang='lat' dir='ltr'><strong>lucens</strong></span> <span class='ocrx_word' id='word_1_684' title='bbox 3321 2290 3446 2334; x_wconf 88' lang='lat' dir='ltr'><strong>ante</strong></span> <span class='ocrx_word' id='word_1_685' title='bbox 3482 2281 3722 2337; x_wconf 84' lang='lat' dir='ltr'><strong>Dominum</strong></span> 
     </span>
    </p>
   </div>
   <div class='ocr_carea' id='block_1_85' title="bbox 2188 2370 3726 2443">
    <p class='ocr_par' dir='ltr' id='par_1_85' title="bbox 2188 2370 3726 2443">
     <span class='ocr_line' id='line_1_85' title="bbox 2188 2370 3726 2443; baseline 0.005 -17"><span class='ocrx_word' id='word_1_686' title='bbox 2188 2373 2371 2443; x_wconf 84' lang='lat' dir='ltr'><strong>(Joan.</strong></span> <span class='ocrx_word' id='word_1_687' title='bbox 2398 2387 2448 2433; x_wconf 77' lang='grc' dir='ltr'>ν,</span> <span class='ocrx_word' id='word_1_688' title='bbox 2483 2371 2598 2440; x_wconf 77' lang='grc'><strong>35).</strong></span> <span class='ocrx_word' id='word_1_689' title='bbox 2630 2391 2650 2423; x_wconf 72' lang='grc' dir='ltr'><strong>ι</strong></span> <span class='ocrx_word' id='word_1_690' title='bbox 2704 2370 2957 2429; x_wconf 74' lang='lat' dir='ltr'><strong>Ostensio</strong></span> <span class='ocrx_word' id='word_1_691' title='bbox 2989 2389 3016 2427; x_wconf 85' lang='lat' dir='ltr'><strong>a</strong></span> <span class='ocrx_word' id='word_1_692' title='bbox 3047 2373 3231 2439; x_wconf 90' lang='lat' dir='ltr'><strong>simili,</strong></span> <span class='ocrx_word' id='word_1_693' title='bbox 3261 2374 3384 2428; x_wconf 83' lang='lat' dir='ltr'><strong>dico</strong></span> <span class='ocrx_word' id='word_1_694' title='bbox 3416 2375 3632 2430; x_wconf 84' lang='lat' dir='ltr'><strong>illumina</strong></span> <span class='ocrx_word' id='word_1_695' title='bbox 3666 2388 3726 2432; x_wconf 86' lang='lat' dir='ltr'><strong>te-</strong></span> 
     </span>
    </p>
   </div>
   <div class='ocr_carea' id='block_1_86' title="bbox 2190 2463 3727 2534">
    <p class='ocr_par' dir='ltr' id='par_1_86' title="bbox 2190 2463 3727 2534">
     <span class='ocr_line' id='line_1_86' title="bbox 2190 2463 3727 2534; baseline 0.001 -15"><span class='ocrx_word' id='word_1_696' title='bbox 2190 2465 2410 2528; x_wconf 89' lang='lat' dir='ltr'><strong>nebras,</strong></span> <span class='ocrx_word' id='word_1_697' title='bbox 2435 2473 2488 2518; x_wconf 90' lang='lat' dir='ltr'><strong>et</strong></span> <span class='ocrx_word' id='word_1_698' title='bbox 2516 2463 2645 2519; x_wconf 86' lang='lat' dir='ltr'><strong>utile</strong></span> <span class='ocrx_word' id='word_1_699' title='bbox 2667 2473 2748 2518; x_wconf 86' lang='lat' dir='ltr'><strong>est</strong></span> <span class='ocrx_word' id='word_1_700' title='bbox 2769 2464 2849 2518; x_wconf 89' lang='lat' dir='ltr'><strong>eis</strong></span> <span class='ocrx_word' id='word_1_701' title='bbox 2874 2474 2931 2518; x_wconf 91' lang='grc' dir='ltr'><strong>ιιι</strong></span> <span class='ocrx_word' id='word_1_702' title='bbox 2952 2464 3053 2520; x_wconf 84' lang='grc' dir='ltr'>Ιιοε</span> <span class='ocrx_word' id='word_1_703' title='bbox 3077 2479 3250 2530; x_wconf 87' lang='grc' dir='ltr'>οι·ειιι,</span> <span class='ocrx_word' id='word_1_704' title='bbox 3278 2467 3525 2534; x_wconf 87' lang='lat' dir='ltr'><strong>quoniam</strong></span> <span class='ocrx_word' id='word_1_705' title='bbox 3548 2467 3616 2521; x_wconf 90' lang='lat' dir='ltr'><strong>sic</strong></span> <span class='ocrx_word' id='word_1_706' title='bbox 3634 2470 3727 2521; x_wconf 81' lang='lat' dir='ltr'><strong>inte</strong></span> 
     </span>
    </p>
   </div>
   <div class='ocr_carea' id='block_1_87' title="bbox 2188 2556 3728 2624">
    <p class='ocr_par' dir='ltr' id='par_1_87' title="bbox 2188 2556 3728 2624">
     <span class='ocr_line' id='line_1_87' title="bbox 2188 2556 3728 2624; baseline 0.002 -15"><span class='ocrx_word' id='word_1_707' title='bbox 2188 2556 2386 2624; x_wconf 82' lang='lat' dir='ltr'><strong>cripiar</strong></span> <span class='ocrx_word' id='word_1_708' title='bbox 2413 2573 2445 2608; x_wconf 91' lang='lat' dir='ltr'><strong>a</strong></span> <span class='ocrx_word' id='word_1_709' title='bbox 2469 2557 2773 2619; x_wconf 85' lang='lat' dir='ltr'><strong>tentatione,</strong></span> <span class='ocrx_word' id='word_1_710' title='bbox 2809 2556 2859 2610; x_wconf 89' lang='lat' dir='ltr'><strong>id</strong></span> <span class='ocrx_word' id='word_1_711' title='bbox 2885 2566 2967 2611; x_wconf 88' lang='lat' dir='ltr'><strong>est</strong></span> <span class='ocrx_word' id='word_1_712' title='bbox 2997 2557 3100 2612; x_wconf 90' lang='lat' dir='ltr'><strong>mei</strong></span> <span class='ocrx_word' id='word_1_713' title='bbox 3133 2557 3421 2612; x_wconf 88' lang='lat' dir='ltr'><strong>illuminati</strong></span> <span class='ocrx_word' id='word_1_714' title='bbox 3455 2559 3504 2612; x_wconf 91' lang='lat' dir='ltr'><strong>in</strong></span> <span class='ocrx_word' id='word_1_715' title='bbox 3535 2567 3580 2612; x_wconf 85' lang='lat' dir='ltr'><strong>te</strong></span> <span class='ocrx_word' id='word_1_716' title='bbox 3598 2559 3728 2613; x_wconf 82' lang='lat' dir='ltr'><strong>conli-</strong></span> 
     </span>
    </p>
   </div>
   <div class='ocr_carea' id='block_1_88' title="bbox 2188 2646 3726 2728">
    <p class='ocr_par' dir='ltr' id='par_1_88' title="bbox 2188 2646 3726 2728">
     <span class='ocr_line' id='line_1_88' title="bbox 2188 2646 3726 2728; baseline 0.002 -29"><span class='ocrx_word' id='word_1_717' title='bbox 2188 2646 2369 2700; x_wconf 87' lang='lat' dir='ltr'><strong>dcndo</strong></span> <span class='ocrx_word' id='word_1_718' title='bbox 2411 2647 2712 2717; x_wconf 89' lang='lat' dir='ltr'><strong>eripientur</strong></span> <span class='ocrx_word' id='word_1_719' title='bbox 2754 2663 2782 2699; x_wconf 89' lang='lat' dir='ltr'><strong>a</strong></span> <span class='ocrx_word' id='word_1_720' title='bbox 2821 2649 3140 2712; x_wconf 87' lang='lat' dir='ltr'><strong>tentatione,</strong></span> <span class='ocrx_word' id='word_1_721' title='bbox 3175 2658 3243 2728; x_wconf 52' lang='lat' dir='ltr'><strong>et.</strong></span> <span class='ocrx_word' id='word_1_722' title='bbox 3269 2665 3377 2703; x_wconf 87' lang='lat' dir='ltr'><strong>non</strong></span> <span class='ocrx_word' id='word_1_723' title='bbox 3421 2651 3496 2704; x_wconf 90' lang='lat' dir='ltr'><strong>sic</strong></span> <span class='ocrx_word' id='word_1_724' title='bbox 3541 2661 3590 2704; x_wconf 90' lang='lat' dir='ltr'><strong>ut</strong></span> <span class='ocrx_word' id='word_1_725' title='bbox 3615 2651 3726 2719; x_wconf 72' lang='lat' dir='ltr'><strong>quoi</strong></span> 
     </span>
    </p>
   </div>
   <div class='ocr_carea' id='block_1_89' title="bbox 2190 2742 3728 2816">
    <p class='ocr_par' dir='ltr' id='par_1_89' title="bbox 2190 2742 3728 2816">
     <span class='ocr_line' id='line_1_89' title="bbox 2190 2742 3728 2816; baseline 0 -20"><span class='ocrx_word' id='word_1_726' title='bbox 2190 2742 2336 2796; x_wconf 90' lang='lat' dir='ltr'><strong>nullo</strong></span> <span class='ocrx_word' id='word_1_727' title='bbox 2369 2743 2528 2798; x_wconf 91' lang='lat' dir='ltr'><strong>modo</strong></span> <span class='ocrx_word' id='word_1_728' title='bbox 2559 2752 2858 2806; x_wconf 87' lang='lat' dir='ltr'><strong>teutentur,</strong></span> <span class='ocrx_word' id='word_1_729' title='bbox 2911 2745 3003 2797; x_wconf 87' lang='lat' dir='ltr'><strong>sed</strong></span> <span class='ocrx_word' id='word_1_730' title='bbox 3041 2745 3092 2797; x_wconf 85' lang='lat' dir='ltr'><strong>in</strong></span> <span class='ocrx_word' id='word_1_731' title='bbox 3120 2743 3230 2798; x_wconf 86' lang='lat' dir='ltr'><strong>Deo</strong></span> <span class='ocrx_word' id='word_1_732' title='bbox 3267 2762 3382 2799; x_wconf 91' lang='lat' dir='ltr'><strong>meo</strong></span> <span class='ocrx_word' id='word_1_733' title='bbox 3421 2747 3728 2816; x_wconf 76' lang='lat' dir='ltr'><strong>transgrediar</strong></span> 
     </span>
    </p>
   </div>
   <div class='ocr_carea' id='block_1_90' title="bbox 2190 2835 3726 2907">
    <p class='ocr_par' dir='ltr' id='par_1_90' title="bbox 2190 2835 3726 2907">
     <span class='ocr_line' id='line_1_90' title="bbox 2190 2835 3726 2907; baseline 0.002 -21"><span class='ocrx_word' id='word_1_734' title='bbox 2190 2851 2421 2900; x_wconf 88' lang='lat' dir='ltr'><strong>murum,</strong></span> <span class='ocrx_word' id='word_1_735' title='bbox 2468 2835 2519 2889; x_wconf 91' lang='lat' dir='ltr'><strong>id</strong></span> <span class='ocrx_word' id='word_1_736' title='bbox 2559 2846 2642 2890; x_wconf 84' lang='lat' dir='ltr'><strong>est</strong></span> <span class='ocrx_word' id='word_1_737' title='bbox 2686 2835 2935 2906; x_wconf 79' lang='lat' dir='ltr'><strong>quamvis</strong></span> <span class='ocrx_word' id='word_1_738' title='bbox 2981 2844 3258 2890; x_wconf 72' lang='lat' dir='ltr'><strong>tentantur</strong></span> <span class='ocrx_word' id='word_1_739' title='bbox 3307 2853 3414 2891; x_wconf 91' lang='lat' dir='ltr'><strong>non</strong></span> <span class='ocrx_word' id='word_1_740' title='bbox 3448 2837 3726 2907; x_wconf 79' lang='lat' dir='ltr'><strong>peccabant:</strong></span> 
     </span>
    </p>
   </div>
   <div class='ocr_carea' id='block_1_91' title="bbox 2191 2927 3728 2997">
    <p class='ocr_par' dir='ltr' id='par_1_91' title="bbox 2191 2927 3728 2997">
     <span class='ocr_line' id='line_1_91' title="bbox 2191 2927 3728 2997; baseline 0.001 -17"><span class='ocrx_word' id='word_1_741' title='bbox 2191 2927 2284 2980; x_wconf 84' lang='lat' dir='ltr'><strong>sed</strong></span> <span class='ocrx_word' id='word_1_742' title='bbox 2320 2942 2416 2997; x_wconf 88' lang='lat' dir='ltr'><strong>per</strong></span> <span class='ocrx_word' id='word_1_743' title='bbox 2445 2936 2494 2980; x_wconf 89' lang='lat' dir='ltr'><strong>te</strong></span> <span class='ocrx_word' id='word_1_744' title='bbox 2519 2942 2678 2997; x_wconf 86' lang='lat' dir='ltr'><strong>quem</strong></span> <span class='ocrx_word' id='word_1_745' title='bbox 2706 2927 2870 2982; x_wconf 89' lang='lat' dir='ltr'><strong>Deum</strong></span> <span class='ocrx_word' id='word_1_746' title='bbox 2920 2942 3075 2982; x_wconf 87' lang='lat' dir='ltr'><strong>suum</strong></span> <span class='ocrx_word' id='word_1_747' title='bbox 3124 2929 3454 2997; x_wconf 75' lang='lat' dir='ltr'><strong>reputabant</strong></span> <span class='ocrx_word' id='word_1_748' title='bbox 3503 2937 3728 2997; x_wconf 67' lang='lat' dir='ltr'><strong>transgre-</strong></span> 
     </span>
    </p>
   </div>
   <div class='ocr_carea' id='block_1_92' title="bbox 2193 3018 3728 3092">
    <p class='ocr_par' dir='ltr' id='par_1_92' title="bbox 2193 3018 3728 3092">
     <span class='ocr_line' id='line_1_92' title="bbox 2193 3018 3728 3092; baseline 0.004 -22"><span class='ocrx_word' id='word_1_749' title='bbox 2193 3018 2409 3074; x_wconf 90' lang='lat' dir='ltr'><strong>dieutur</strong></span> <span class='ocrx_word' id='word_1_750' title='bbox 2437 3035 2674 3074; x_wconf 90' lang='lat' dir='ltr'><strong>massam</strong></span> <span class='ocrx_word' id='word_1_751' title='bbox 2705 3029 3076 3090; x_wconf 82' lang='lat' dir='ltr'><strong>peccatorum,</strong></span> <span class='ocrx_word' id='word_1_752' title='bbox 3110 3021 3200 3089; x_wconf 88' lang='lat' dir='ltr'><strong>qui</strong></span> <span class='ocrx_word' id='word_1_753' title='bbox 3233 3036 3422 3076; x_wconf 91' lang='lat' dir='ltr'><strong>murus</strong></span> <span class='ocrx_word' id='word_1_754' title='bbox 3459 3032 3536 3076; x_wconf 89' lang='lat' dir='ltr'><strong>est</strong></span> <span class='ocrx_word' id='word_1_755' title='bbox 3559 3023 3728 3092; x_wconf 83' lang='lat' dir='ltr'><strong>opposi-</strong></span> 
     </span>
    </p>
   </div>
   <div class='ocr_carea' id='block_1_93' title="bbox 2195 3109 3728 3181">
    <p class='ocr_par' dir='ltr' id='par_1_93' title="bbox 2195 3109 3728 3181">
     <span class='ocr_line' id='line_1_93' title="bbox 2195 3109 3728 3181; baseline -0.001 -16"><span class='ocrx_word' id='word_1_756' title='bbox 2195 3123 2280 3168; x_wconf 87' lang='lat' dir='ltr'><strong>tus</strong></span> <span class='ocrx_word' id='word_1_757' title='bbox 2309 3111 2449 3164; x_wconf 89' lang='lat' dir='ltr'><strong>inter</strong></span> <span class='ocrx_word' id='word_1_758' title='bbox 2473 3118 2762 3181; x_wconf 76' lang='lat' dir='ltr'><strong>peccantes</strong></span> <span class='ocrx_word' id='word_1_759' title='bbox 2790 3109 2891 3181; x_wconf 76' lang='lat'><strong>51</strong></span> <span class='ocrx_word' id='word_1_760' title='bbox 2921 3121 2973 3163; x_wconf 88' lang='lat' dir='ltr'><strong>et</strong></span> <span class='ocrx_word' id='word_1_761' title='bbox 3004 3110 3202 3164; x_wconf 85' lang='lat' dir='ltr'><strong>Deum:</strong></span> <span class='ocrx_word' id='word_1_762' title='bbox 3228 3110 3294 3166; x_wconf 91' lang='lat' dir='ltr'><strong>de</strong></span> <span class='ocrx_word' id='word_1_763' title='bbox 3317 3127 3429 3181; x_wconf 91' lang='lat' dir='ltr'><strong>quo</strong></span> <span class='ocrx_word' id='word_1_764' title='bbox 3457 3127 3598 3166; x_wconf 88' lang='lat' dir='ltr'><strong>muro</strong></span> <span class='ocrx_word' id='word_1_765' title='bbox 3621 3111 3728 3164; x_wconf 86' lang='lat' dir='ltr'><strong>dici-</strong></span> 
     </span>
    </p>
   </div>
   <div class='ocr_carea' id='block_1_94' title="bbox 2194 3201 3728 3276">
    <p class='ocr_par' dir='ltr' id='par_1_94' title="bbox 2194 3201 3728 3276">
     <span class='ocr_line' id='line_1_94' title="bbox 2194 3201 3728 3276; baseline -0.001 -16"><span class='ocrx_word' id='word_1_766' title='bbox 2194 3215 2283 3260; x_wconf 90' lang='lat' dir='ltr'><strong>tur</strong></span> <span class='ocrx_word' id='word_1_767' title='bbox 2324 3221 2420 3276; x_wconf 89' lang='lat' dir='ltr'><strong>per</strong></span> <span class='ocrx_word' id='word_1_768' title='bbox 2459 3205 2777 3274; x_wconf 88' lang='lat' dir='ltr'><strong>prophetam</strong></span> <span class='ocrx_word' id='word_1_769' title='bbox 2815 3221 2828 3256; x_wconf 93' lang='lat'>:</span> <span class='ocrx_word' id='word_1_770' title='bbox 2904 3223 2920 3256; x_wconf 82' lang='grc' dir='ltr'><strong>ι</strong></span> <span class='ocrx_word' id='word_1_771' title='bbox 2959 3201 3269 3274; x_wconf 86' lang='lat' dir='ltr'><strong>Opposuisti</strong></span> <span class='ocrx_word' id='word_1_772' title='bbox 3315 3207 3512 3260; x_wconf 90' lang='lat' dir='ltr'><strong>nubem</strong></span> <span class='ocrx_word' id='word_1_773' title='bbox 3560 3205 3638 3259; x_wconf 89' lang='lat' dir='ltr'><strong>tibi</strong></span> <span class='ocrx_word' id='word_1_774' title='bbox 3680 3219 3728 3258; x_wconf 86' lang='lat' dir='ltr'><strong>ne</strong></span> 
     </span>
    </p>
   </div>
   <div class='ocr_carea' id='block_1_95' title="bbox 2195 3287 3728 3366">
    <p class='ocr_par' dir='ltr' id='par_1_95' title="bbox 2195 3287 3728 3366">
     <span class='ocr_line' id='line_1_95' title="bbox 2195 3287 3728 3366; baseline -0.001 -16"><span class='ocrx_word' id='word_1_775' title='bbox 2195 3287 2440 3350; x_wconf 82' lang='lat' dir='ltr'><strong>transeat</strong></span> <span class='ocrx_word' id='word_1_776' title='bbox 2473 3295 2648 3349; x_wconf 88' lang='lat' dir='ltr'><strong>oratio</strong></span> <span class='ocrx_word' id='word_1_777' title='bbox 2675 3293 2896 3365; x_wconf 85' lang='lat' dir='ltr'><strong>(Thren.</strong></span> <span class='ocrx_word' id='word_1_778' title='bbox 2927 3311 3006 3358; x_wconf 86' lang='grc' dir='ltr'>ιιι,</span> <span class='ocrx_word' id='word_1_779' title='bbox 3033 3294 3146 3366; x_wconf 69' lang='grc' dir='ltr'><strong>Μ).</strong></span> <span class='ocrx_word' id='word_1_780' title='bbox 3184 3315 3203 3347; x_wconf 76' lang='grc' dir='ltr'><strong>ι</strong></span> <span class='ocrx_word' id='word_1_781' title='bbox 3243 3295 3317 3350; x_wconf 85' lang='lat' dir='ltr'><strong>De</strong></span> <span class='ocrx_word' id='word_1_782' title='bbox 3342 3297 3608 3366; x_wconf 81' lang='lat' dir='ltr'><strong>ereptione</strong></span> <span class='ocrx_word' id='word_1_783' title='bbox 3629 3309 3728 3351; x_wconf 70' lang='lat' dir='ltr'><strong>rem</strong></span> 
     </span>
    </p>
   </div>
   <div class='ocr_carea' id='block_1_96' title="bbox 2194 3387 3728 3457">
    <p class='ocr_par' dir='ltr' id='par_1_96' title="bbox 2194 3387 3728 3457">
     <span class='ocr_line' id='line_1_96' title="bbox 2194 3387 3728 3457; baseline -0.002 -13"><span class='ocrx_word' id='word_1_784' title='bbox 2194 3390 2335 3444; x_wconf 89' lang='lat' dir='ltr'><strong>muri</strong></span> <span class='ocrx_word' id='word_1_785' title='bbox 2366 3388 2497 3442; x_wconf 87' lang='lat' dir='ltr'><strong>dicit</strong></span> <span class='ocrx_word' id='word_1_786' title='bbox 2523 3387 2851 3457; x_wconf 85' lang='lat' dir='ltr'><strong>Apostolus:</strong></span> <span class='ocrx_word' id='word_1_787' title='bbox 2895 3406 2911 3437; x_wconf 81' lang='grc' dir='ltr'><strong>ι</strong></span> <span class='ocrx_word' id='word_1_788' title='bbox 2945 3387 3130 3442; x_wconf 82' lang='lat' dir='ltr'><strong>Faciet</strong></span> <span class='ocrx_word' id='word_1_789' title='bbox 3167 3403 3292 3443; x_wconf 88' lang='lat' dir='ltr'><strong>cum</strong></span> <span class='ocrx_word' id='word_1_790' title='bbox 3335 3389 3613 3442; x_wconf 87' lang='lat' dir='ltr'><strong>tcntatione</strong></span> <span class='ocrx_word' id='word_1_791' title='bbox 3636 3404 3728 3457; x_wconf 87' lang='lat' dir='ltr'><strong>pm-</strong></span> 
     </span>
    </p>
   </div>
   <div class='ocr_carea' id='block_1_97' title="bbox 2195 3477 3730 3547">
    <p class='ocr_par' dir='ltr' id='par_1_97' title="bbox 2195 3477 3730 3547">
     <span class='ocr_line' id='line_1_97' title="bbox 2195 3477 3730 3547; baseline -0.001 -13"><span class='ocrx_word' id='word_1_792' title='bbox 2195 3488 2438 3543; x_wconf 83' lang='lat' dir='ltr'><strong>ventum,</strong></span> <span class='ocrx_word' id='word_1_793' title='bbox 2475 3487 2532 3531; x_wconf 90' lang='lat' dir='ltr'><strong>ut</strong></span> <span class='ocrx_word' id='word_1_794' title='bbox 2572 3479 2790 3547; x_wconf 89' lang='lat' dir='ltr'><strong>possitis</strong></span> <span class='ocrx_word' id='word_1_795' title='bbox 2821 3479 3090 3532; x_wconf 87' lang='lat' dir='ltr'><strong>sustinere</strong></span> <span class='ocrx_word' id='word_1_796' title='bbox 3119 3477 3172 3547; x_wconf 89' lang='grc' dir='ltr'><strong>(Ι</strong></span> <span class='ocrx_word' id='word_1_797' title='bbox 3209 3477 3335 3531; x_wconf 90' lang='lat' dir='ltr'><strong>Cor.</strong></span> <span class='ocrx_word' id='word_1_798' title='bbox 3372 3493 3429 3543; x_wconf 84' lang='lat' dir='ltr'><strong>x,</strong></span> <span class='ocrx_word' id='word_1_799' title='bbox 3459 3479 3602 3547; x_wconf 73' lang='grc'><strong>13).»</strong></span> <span class='ocrx_word' id='word_1_800' title='bbox 3634 3478 3730 3533; x_wconf 82' lang='lat' dir='ltr'><strong>Post</strong></span> 
     </span>
    </p>
   </div>
   <div class='ocr_carea' id='block_1_98' title="bbox 2196 3561 3730 3640">
    <p class='ocr_par' dir='ltr' id='par_1_98' title="bbox 2196 3561 3730 3640">
     <span class='ocr_line' id='line_1_98' title="bbox 2196 3561 3730 3640; baseline -0.003 -16"><span class='ocrx_word' id='word_1_801' title='bbox 2196 3570 2326 3624; x_wconf 68' lang='lat' dir='ltr'><strong>facit</strong></span> <span class='ocrx_word' id='word_1_802' title='bbox 2375 3569 2734 3640; x_wconf 87' lang='lat' dir='ltr'><strong>apostrophen</strong></span> <span class='ocrx_word' id='word_1_803' title='bbox 2787 3569 2858 3624; x_wconf 88' lang='lat' dir='ltr'><strong>ad</strong></span> <span class='ocrx_word' id='word_1_804' title='bbox 2911 3561 3228 3634; x_wconf 79' lang='lat' dir='ltr'><strong>auditares,</strong></span> <span class='ocrx_word' id='word_1_805' title='bbox 3311 3568 3578 3623; x_wconf 90' lang='lat' dir='ltr'><strong>instruens</strong></span> <span class='ocrx_word' id='word_1_806' title='bbox 3620 3569 3730 3638; x_wconf 78' lang='lat' dir='ltr'><strong>quod</strong></span> 
     </span>
    </p>
   </div>
   <div class='ocr_carea' id='block_1_99' title="bbox 2195 3661 3731 3732">
    <p class='ocr_par' dir='ltr' id='par_1_99' title="bbox 2195 3661 3731 3732">
     <span class='ocr_line' id='line_1_99' title="bbox 2195 3661 3731 3732; baseline -0.001 -17"><span class='ocrx_word' id='word_1_807' title='bbox 2195 3661 2400 3732; x_wconf 84' lang='lat' dir='ltr'><strong>debent</strong></span> <span class='ocrx_word' id='word_1_808' title='bbox 2447 3677 2571 3716; x_wconf 77' lang='lat' dir='ltr'><strong>etim</strong></span> <span class='ocrx_word' id='word_1_809' title='bbox 2642 3662 2846 3715; x_wconf 89' lang='lat' dir='ltr'><strong>habere</strong></span> <span class='ocrx_word' id='word_1_810' title='bbox 2891 3661 3100 3726; x_wconf 90' lang='lat' dir='ltr'><strong>Deum,</strong></span> <span class='ocrx_word' id='word_1_811' title='bbox 3147 3661 3440 3716; x_wconf 88' lang='lat' dir='ltr'><strong>ostendens</strong></span> <span class='ocrx_word' id='word_1_812' title='bbox 3493 3662 3620 3715; x_wconf 74' lang='lat' dir='ltr'><strong>unde</strong></span> <span class='ocrx_word' id='word_1_813' title='bbox 3655 3661 3731 3714; x_wconf 88' lang='lat' dir='ltr'><strong>hoc</strong></span> 
     </span>
    </p>
   </div>
   <div class='ocr_carea' id='block_1_100' title="bbox 2195 3752 3730 3823">
    <p class='ocr_par' dir='ltr' id='par_1_100' title="bbox 2195 3752 3730 3823">
     <span class='ocr_line' id='line_1_100' title="bbox 2195 3752 3730 3823; baseline -0.004 -16"><span class='ocrx_word' id='word_1_814' title='bbox 2195 3757 2368 3822; x_wconf 86' lang='lat' dir='ltr'><strong>possit</strong></span> <span class='ocrx_word' id='word_1_815' title='bbox 2415 3752 2688 3823; x_wconf 78' lang='lat' dir='ltr'><strong>cognosci.</strong></span> <span class='ocrx_word' id='word_1_816' title='bbox 2730 3752 2859 3807; x_wconf 92' lang='lat' dir='ltr'><strong>Dico</strong></span> <span class='ocrx_word' id='word_1_817' title='bbox 2902 3752 2954 3806; x_wconf 91' lang='lat' dir='ltr'><strong>in</strong></span> <span class='ocrx_word' id='word_1_818' title='bbox 2988 3753 3099 3806; x_wconf 90' lang='lat' dir='ltr'><strong>Deo</strong></span> <span class='ocrx_word' id='word_1_819' title='bbox 3129 3767 3269 3816; x_wconf 89' lang='lat' dir='ltr'><strong>meo,</strong></span> <span class='ocrx_word' id='word_1_820' title='bbox 3305 3752 3355 3806; x_wconf 90' lang='lat' dir='ltr'><strong>id</strong></span> <span class='ocrx_word' id='word_1_821' title='bbox 3398 3761 3481 3808; x_wconf 90' lang='lat' dir='ltr'><strong>est</strong></span> <span class='ocrx_word' id='word_1_822' title='bbox 3513 3767 3730 3818; x_wconf 87' lang='lat' dir='ltr'><strong>meorum,</strong></span> 
     </span>
    </p>
   </div>
   <div class='ocr_carea' id='block_1_101' title="bbox 2197 3846 3729 3917">
    <p class='ocr_par' dir='ltr' id='par_1_101' title="bbox 2197 3846 3729 3917">
     <span class='ocr_line' id='line_1_101' title="bbox 2197 3846 3729 3917; baseline -0.003 -16"><span class='ocrx_word' id='word_1_823' title='bbox 2197 3847 2684 3917; x_wconf 81' lang='lat' dir='ltr'><strong>transgrcdicntur,</strong></span> <span class='ocrx_word' id='word_1_824' title='bbox 2732 3855 2787 3901; x_wconf 90' lang='grc' dir='ltr'><strong>ει</strong></span> <span class='ocrx_word' id='word_1_825' title='bbox 2830 3847 2968 3900; x_wconf 86' lang='lat' dir='ltr'><strong>bene</strong></span> <span class='ocrx_word' id='word_1_826' title='bbox 3006 3861 3147 3915; x_wconf 89' lang='lat' dir='ltr'><strong>pono</strong></span> <span class='ocrx_word' id='word_1_827' title='bbox 3178 3846 3232 3900; x_wconf 92' lang='lat' dir='ltr'><strong>in</strong></span> <span class='ocrx_word' id='word_1_828' title='bbox 3265 3861 3332 3900; x_wconf 90' lang='lat' dir='ltr'><strong>eo</strong></span> <span class='ocrx_word' id='word_1_829' title='bbox 3375 3861 3523 3916; x_wconf 84' lang='lat' dir='ltr'><strong>spem</strong></span> <span class='ocrx_word' id='word_1_830' title='bbox 3567 3858 3729 3909; x_wconf 83' lang='lat' dir='ltr'><strong>meam,</strong></span> 
     </span>
    </p>
   </div>
   <div class='ocr_carea' id='block_1_102' title="bbox 2195 3935 3733 4000">
    <p class='ocr_par' dir='ltr' id='par_1_102' title="bbox 2195 3935 3733 4000">
     <span class='ocr_line' id='line_1_102' title="bbox 2195 3935 3733 4000; baseline -0.007 -6"><span class='ocrx_word' id='word_1_831' title='bbox 2195 3955 2227 3994; x_wconf 93' lang='lat'><strong>0</strong></span> <span class='ocrx_word' id='word_1_832' title='bbox 2251 3939 2523 3991; x_wconf 87' lang='lat' dir='ltr'><strong>auditores</strong></span> <span class='ocrx_word' id='word_1_833' title='bbox 2549 3955 2563 3992; x_wconf 93' lang='lat'><strong>:</strong></span> <span class='ocrx_word' id='word_1_834' title='bbox 2596 3954 2717 3992; x_wconf 90' lang='lat' dir='ltr'><strong>nam</strong></span> <span class='ocrx_word' id='word_1_835' title='bbox 2747 3937 2888 3991; x_wconf 84' lang='lat' dir='ltr'><strong>Deus</strong></span> <span class='ocrx_word' id='word_1_836' title='bbox 2931 3953 3074 3990; x_wconf 82' lang='lat' dir='ltr'><strong>meus</strong></span> <span class='ocrx_word' id='word_1_837' title='bbox 3101 3947 3206 4000; x_wconf 89' lang='lat' dir='ltr'><strong>est,</strong></span> <span class='ocrx_word' id='word_1_838' title='bbox 3242 3936 3295 3990; x_wconf 92' lang='lat' dir='ltr'><strong>id</strong></span> <span class='ocrx_word' id='word_1_839' title='bbox 3333 3947 3418 3992; x_wconf 90' lang='lat' dir='ltr'><strong>est</strong></span> <span class='ocrx_word' id='word_1_840' title='bbox 3449 3937 3549 3990; x_wconf 81' lang='lat' dir='ltr'><strong>mei</strong></span> <span class='ocrx_word' id='word_1_841' title='bbox 3579 3935 3733 3990; x_wconf 71' lang='lat' dir='ltr'><strong>debent</strong></span> 
     </span>
    </p>
   </div>
   <div class='ocr_carea' id='block_1_103' title="bbox 2194 4025 3731 4095">
    <p class='ocr_par' dir='ltr' id='par_1_103' title="bbox 2194 4025 3731 4095">
     <span class='ocr_line' id='line_1_103' title="bbox 2194 4025 3731 4095; baseline -0.005 -12"><span class='ocrx_word' id='word_1_842' title='bbox 2194 4046 2316 4083; x_wconf 91' lang='lat' dir='ltr'><strong>eum</strong></span> <span class='ocrx_word' id='word_1_843' title='bbox 2340 4031 2542 4084; x_wconf 87' lang='lat' dir='ltr'><strong>habere</strong></span> <span class='ocrx_word' id='word_1_844' title='bbox 2569 4030 2758 4094; x_wconf 88' lang='lat' dir='ltr'><strong>Detnn,</strong></span> <span class='ocrx_word' id='word_1_845' title='bbox 2789 4035 2844 4082; x_wconf 88' lang='lat' dir='ltr'><strong>et</strong></span> <span class='ocrx_word' id='word_1_846' title='bbox 2872 4029 2993 4082; x_wconf 91' lang='lat' dir='ltr'><strong>inde</strong></span> <span class='ocrx_word' id='word_1_847' title='bbox 3024 4030 3126 4082; x_wconf 89' lang='lat' dir='ltr'><strong>hoc</strong></span> <span class='ocrx_word' id='word_1_848' title='bbox 3156 4037 3384 4095; x_wconf 73' lang='lat' dir='ltr'><strong>possunt</strong></span> <span class='ocrx_word' id='word_1_849' title='bbox 3412 4028 3586 4080; x_wconf 86' lang='lat' dir='ltr'><strong>videre</strong></span> <span class='ocrx_word' id='word_1_850' title='bbox 3609 4045 3620 4079; x_wconf 90' lang='lat'><strong>:</strong></span> <span class='ocrx_word' id='word_1_851' title='bbox 3640 4025 3731 4093; x_wconf 83' lang='lat' dir='ltr'><strong>quia</strong></span> 
     </span>
    </p>
   </div>
   <div class='ocr_carea' id='block_1_104' title="bbox 2195 4116 3731 4191">
    <p class='ocr_par' dir='ltr' id='par_1_104' title="bbox 2195 4116 3731 4191">
     <span class='ocr_line' id='line_1_104' title="bbox 2195 4116 3731 4191; baseline -0.004 -17"><span class='ocrx_word' id='word_1_852' title='bbox 2195 4121 2469 4191; x_wconf 82' lang='lat' dir='ltr'><strong>impolluta</strong></span> <span class='ocrx_word' id='word_1_853' title='bbox 2517 4129 2604 4175; x_wconf 88' lang='lat' dir='ltr'><strong>est</strong></span> <span class='ocrx_word' id='word_1_854' title='bbox 2653 4120 2734 4173; x_wconf 77' lang='lat' dir='ltr'><strong>cia</strong></span> <span class='ocrx_word' id='word_1_855' title='bbox 2783 4120 2917 4189; x_wconf 79' lang='lat' dir='ltr'><strong>ejus,</strong></span> <span class='ocrx_word' id='word_1_856' title='bbox 2977 4119 3026 4172; x_wconf 90' lang='lat' dir='ltr'><strong>id</strong></span> <span class='ocrx_word' id='word_1_857' title='bbox 3079 4129 3163 4174; x_wconf 89' lang='lat' dir='ltr'><strong>est</strong></span> <span class='ocrx_word' id='word_1_858' title='bbox 3211 4120 3413 4172; x_wconf 84' lang='lat' dir='ltr'><strong>munda</strong></span> <span class='ocrx_word' id='word_1_859' title='bbox 3477 4116 3731 4172; x_wconf 76' lang='lat' dir='ltr'><strong>innocentia</strong></span> 
     </span>
    </p>
   </div>
   <div class='ocr_carea' id='block_1_105' title="bbox 2196 4205 3732 4279">
    <p class='ocr_par' dir='ltr' id='par_1_105' title="bbox 2196 4205 3732 4279">
     <span class='ocr_line' id='line_1_105' title="bbox 2196 4205 3732 4279; baseline -0.007 -13"><span class='ocrx_word' id='word_1_860' title='bbox 2196 4211 2402 4266; x_wconf 86' lang='lat' dir='ltr'><strong>scilicet</strong></span> <span class='ocrx_word' id='word_1_861' title='bbox 2430 4225 2525 4278; x_wconf 86' lang='lat' dir='ltr'><strong>per</strong></span> <span class='ocrx_word' id='word_1_862' title='bbox 2552 4225 2713 4279; x_wconf 90' lang='lat' dir='ltr'><strong>quam</strong></span> <span class='ocrx_word' id='word_1_863' title='bbox 2750 4210 2816 4263; x_wconf 89' lang='lat' dir='ltr'><strong>ad</strong></span> <span class='ocrx_word' id='word_1_864' title='bbox 2847 4224 2968 4264; x_wconf 88' lang='lat' dir='ltr'><strong>eum</strong></span> <span class='ocrx_word' id='word_1_865' title='bbox 3004 4209 3318 4279; x_wconf 87' lang='lat' dir='ltr'><strong>pervenitur</strong></span> <span class='ocrx_word' id='word_1_866' title='bbox 3347 4226 3358 4260; x_wconf 93' lang='lat'>:</span> <span class='ocrx_word' id='word_1_867' title='bbox 3388 4217 3442 4262; x_wconf 90' lang='lat' dir='ltr'><strong>et</strong></span> <span class='ocrx_word' id='word_1_868' title='bbox 3472 4209 3587 4261; x_wconf 72' lang='lat' dir='ltr'><strong>unde</strong></span> <span class='ocrx_word' id='word_1_869' title='bbox 3609 4205 3732 4260; x_wconf 68' lang='lat' dir='ltr'><strong>etiam</strong></span> 
     </span>
    </p>
   </div>
   <div class='ocr_carea' id='block_1_106' title="bbox 2197 4298 3733 4373">
    <p class='ocr_par' dir='ltr' id='par_1_106' title="bbox 2197 4298 3733 4373">
     <span class='ocr_line' id='line_1_106' title="bbox 2197 4298 3733 4373; baseline -0.005 -19"><span class='ocrx_word' id='word_1_870' title='bbox 2197 4305 2322 4373; x_wconf 86' lang='lat' dir='ltr'><strong>quia</strong></span> <span class='ocrx_word' id='word_1_871' title='bbox 2364 4302 2592 4372; x_wconf 82' lang='lat' dir='ltr'><strong>eloquia,</strong></span> <span class='ocrx_word' id='word_1_872' title='bbox 2639 4301 2690 4354; x_wconf 89' lang='lat' dir='ltr'><strong>id</strong></span> <span class='ocrx_word' id='word_1_873' title='bbox 2735 4310 2818 4354; x_wconf 91' lang='lat' dir='ltr'><strong>est</strong></span> <span class='ocrx_word' id='word_1_874' title='bbox 2861 4310 3132 4370; x_wconf 73' lang='lat' dir='ltr'><strong>przecepta</strong></span> <span class='ocrx_word' id='word_1_875' title='bbox 3196 4299 3343 4354; x_wconf 92' lang='lat' dir='ltr'><strong>illius</strong></span> <span class='ocrx_word' id='word_1_876' title='bbox 3399 4298 3598 4352; x_wconf 84' lang='lat' dir='ltr'><strong>Domini</strong></span> <span class='ocrx_word' id='word_1_877' title='bbox 3643 4303 3733 4350; x_wconf 86' lang='lat' dir='ltr'><strong>sunt</strong></span> 
     </span>
    </p>
   </div>
   <div class='ocr_carea' id='block_1_107' title="bbox 2195 4387 3734 4460">
    <p class='ocr_par' dir='ltr' id='par_1_107' title="bbox 2195 4387 3734 4460">
     <span class='ocr_line' id='line_1_107' title="bbox 2195 4387 3734 4460; baseline -0.01 -9"><span class='ocrx_word' id='word_1_878' title='bbox 2195 4395 2520 4457; x_wconf 64' lang='lat' dir='ltr'><strong>exmuiuala,</strong></span> <span class='ocrx_word' id='word_1_879' title='bbox 2561 4392 2612 4445; x_wconf 89' lang='lat' dir='ltr'><strong>id</strong></span> <span class='ocrx_word' id='word_1_880' title='bbox 2641 4401 2724 4446; x_wconf 89' lang='lat' dir='ltr'><strong>est</strong></span> <span class='ocrx_word' id='word_1_881' title='bbox 2765 4391 3118 4460; x_wconf 89' lang='lat' dir='ltr'><strong>comprobata</strong></span> <span class='ocrx_word' id='word_1_882' title='bbox 3167 4398 3221 4445; x_wconf 91' lang='lat' dir='ltr'><strong>et</strong></span> <span class='ocrx_word' id='word_1_883' title='bbox 3261 4387 3502 4460; x_wconf 78' lang='lat' dir='ltr'><strong>perlecta</strong></span> <span class='ocrx_word' id='word_1_884' title='bbox 3538 4389 3643 4458; x_wconf 85' lang='lat' dir='ltr'><strong>igne</strong></span> <span class='ocrx_word' id='word_1_885' title='bbox 3665 4399 3734 4453; x_wconf 77' lang='lat' dir='ltr'><strong>per</strong></span> 
     </span>
    </p>
   </div>
   <div class='ocr_carea' id='block_1_108' title="bbox 2197 4478 3733 4558">
    <p class='ocr_par' dir='ltr' id='par_1_108' title="bbox 2197 4478 3733 4558">
     <span class='ocr_line' id='line_1_108' title="bbox 2197 4478 3733 4558; baseline -0.011 -14"><span class='ocrx_word' id='word_1_886' title='bbox 2197 4490 2460 4558; x_wconf 83' lang='lat' dir='ltr'><strong>Spiritum</strong></span> <span class='ocrx_word' id='word_1_887' title='bbox 2487 4495 2729 4539; x_wconf 76' lang='lat' dir='ltr'><strong>sam-tum</strong></span> <span class='ocrx_word' id='word_1_888' title='bbox 2758 4501 2772 4537; x_wconf 92' lang='lat'><strong>:</strong></span> <span class='ocrx_word' id='word_1_889' title='bbox 2799 4492 2853 4538; x_wconf 92' lang='lat' dir='ltr'><strong>et</strong></span> <span class='ocrx_word' id='word_1_890' title='bbox 2876 4483 2998 4538; x_wconf 89' lang='lat' dir='ltr'><strong>ideo</strong></span> <span class='ocrx_word' id='word_1_891' title='bbox 3027 4483 3203 4536; x_wconf 90' lang='lat' dir='ltr'><strong>adhuc</strong></span> <span class='ocrx_word' id='word_1_892' title='bbox 3227 4481 3428 4536; x_wconf 82' lang='lat' dir='ltr'><strong>debent</strong></span> <span class='ocrx_word' id='word_1_893' title='bbox 3455 4496 3572 4535; x_wconf 87' lang='lat' dir='ltr'><strong>eum</strong></span> <span class='ocrx_word' id='word_1_894' title='bbox 3599 4478 3733 4532; x_wconf 80' lang='lat' dir='ltr'><strong>facere</strong></span> 
     </span>
    </p>
   </div>
   <div class='ocr_carea' id='block_1_109' title="bbox 2199 4573 3732 4646">
    <p class='ocr_par' dir='ltr' id='par_1_109' title="bbox 2199 4573 3732 4646">
     <span class='ocr_line' id='line_1_109' title="bbox 2199 4573 3732 4646; baseline -0.011 -11"><span class='ocrx_word' id='word_1_895' title='bbox 2199 4583 2365 4635; x_wconf 76' lang='lat' dir='ltr'><strong>[tcum</strong></span> <span class='ocrx_word' id='word_1_896' title='bbox 2415 4584 2572 4634; x_wconf 80' lang='lat' dir='ltr'><strong>suum</strong></span> <span class='ocrx_word' id='word_1_897' title='bbox 2614 4594 2626 4630; x_wconf 94' lang='lat'><strong>:</strong></span> <span class='ocrx_word' id='word_1_898' title='bbox 2681 4576 2807 4646; x_wconf 90' lang='lat' dir='ltr'><strong>quia</strong></span> <span class='ocrx_word' id='word_1_899' title='bbox 2853 4575 2898 4629; x_wconf 90' lang='lat' dir='ltr'><strong>si</strong></span> <span class='ocrx_word' id='word_1_900' title='bbox 2939 4575 3042 4629; x_wconf 91' lang='lat' dir='ltr'><strong>hoc</strong></span> <span class='ocrx_word' id='word_1_901' title='bbox 3089 4573 3321 4628; x_wconf 81' lang='lat' dir='ltr'><strong>fecerint</strong></span> <span class='ocrx_word' id='word_1_902' title='bbox 3370 4581 3614 4642; x_wconf 82' lang='lat' dir='ltr'><strong>proteges</strong></span> <span class='ocrx_word' id='word_1_903' title='bbox 3653 4582 3732 4622; x_wconf 86' lang='lat' dir='ltr'><strong>eos.</strong></span> 
     </span>
    </p>
   </div>
   <div class='ocr_carea' id='block_1_110' title="bbox 2199 4660 3735 4741">
    <p class='ocr_par' dir='ltr' id='par_1_110' title="bbox 2199 4660 3735 4741">
     <span class='ocr_line' id='line_1_110' title="bbox 2199 4660 3735 4741; baseline -0.012 -14"><span class='ocrx_word' id='word_1_904' title='bbox 2199 4673 2331 4727; x_wconf 81' lang='lat' dir='ltr'><strong>Nam</strong></span> <span class='ocrx_word' id='word_1_905' title='bbox 2358 4681 2616 4741; x_wconf 78' lang='lat' dir='ltr'><strong>protector</strong></span> <span class='ocrx_word' id='word_1_906' title='bbox 2641 4679 2716 4724; x_wconf 79' lang='lat' dir='ltr'><strong>est</strong></span> <span class='ocrx_word' id='word_1_907' title='bbox 2744 4668 2978 4721; x_wconf 89' lang='lat' dir='ltr'><strong>omnium</strong></span> <span class='ocrx_word' id='word_1_908' title='bbox 3019 4666 3340 4733; x_wconf 78' lang='lat' dir='ltr'><strong>sperautium</strong></span> <span class='ocrx_word' id='word_1_909' title='bbox 3375 4666 3430 4718; x_wconf 84' lang='lat' dir='ltr'><strong>in</strong></span> <span class='ocrx_word' id='word_1_910' title='bbox 3461 4681 3532 4717; x_wconf 77' lang='lat' dir='ltr'><strong>se.</strong></span> <span class='ocrx_word' id='word_1_911' title='bbox 3579 4661 3676 4715; x_wconf 84' lang='lat' dir='ltr'><strong>Non</strong></span> <span class='ocrx_word' id='word_1_912' title='bbox 3701 4660 3735 4710; x_wconf 88' lang='lat' dir='ltr'><strong>in</strong></span> 
     </span>
    </p>
   </div>
   <div class='ocr_carea' id='block_1_111' title="bbox 2199 4753 3736 4829">
    <p class='ocr_par' dir='ltr' id='par_1_111' title="bbox 2199 4753 3736 4829">
     <span class='ocr_line' id='line_1_111' title="bbox 2199 4753 3736 4829; baseline -0.01 -13"><span class='ocrx_word' id='word_1_913' title='bbox 2199 4763 2448 4816; x_wconf 86' lang='lat' dir='ltr'><strong>terrenis.</strong></span> <span class='ocrx_word' id='word_1_914' title='bbox 2481 4761 2546 4813; x_wconf 83' lang='lat' dir='ltr'><strong>Et</strong></span> <span class='ocrx_word' id='word_1_915' title='bbox 2568 4761 2722 4829; x_wconf 74' lang='lat' dir='ltr'><strong>juxta</strong></span> <span class='ocrx_word' id='word_1_916' title='bbox 2753 4757 2881 4812; x_wconf 90' lang='lat' dir='ltr'><strong>illud</strong></span> <span class='ocrx_word' id='word_1_917' title='bbox 2907 4773 2920 4808; x_wconf 91' lang='lat'><strong>:</strong></span> <span class='ocrx_word' id='word_1_918' title='bbox 2957 4774 2974 4807; x_wconf 81' lang='grc' dir='ltr'><strong>ι</strong></span> <span class='ocrx_word' id='word_1_919' title='bbox 3011 4755 3145 4810; x_wconf 86' lang='lat' dir='ltr'><strong>Eum</strong></span> <span class='ocrx_word' id='word_1_920' title='bbox 3171 4753 3263 4823; x_wconf 85' lang='lat' dir='ltr'><strong>qui</strong></span> <span class='ocrx_word' id='word_1_921' title='bbox 3290 4753 3437 4809; x_wconf 78' lang='lat' dir='ltr'><strong>venit</strong></span> <span class='ocrx_word' id='word_1_922' title='bbox 3465 4755 3530 4806; x_wconf 89' lang='lat' dir='ltr'><strong>ad</strong></span> <span class='ocrx_word' id='word_1_923' title='bbox 3560 4767 3635 4806; x_wconf 88' lang='lat' dir='ltr'><strong>me</strong></span> <span class='ocrx_word' id='word_1_924' title='bbox 3662 4764 3736 4803; x_wconf 83' lang='lat' dir='ltr'><strong>non</strong></span> 
     </span>
    </p>
   </div>
   <div class='ocr_carea' id='block_1_112' title="bbox 2199 4840 3739 4922">
    <p class='ocr_par' dir='ltr' id='par_1_112' title="bbox 2199 4840 3739 4922">
     <span class='ocr_line' id='line_1_112' title="bbox 2199 4840 3739 4922; baseline -0.014 -14"><span class='ocrx_word' id='word_1_925' title='bbox 2199 4853 2410 4922; x_wconf 82' lang='lat' dir='ltr'><strong>ejiciam</strong></span> <span class='ocrx_word' id='word_1_926' title='bbox 2435 4851 2578 4905; x_wconf 81' lang='lat' dir='ltr'><strong>foras</strong></span> <span class='ocrx_word' id='word_1_927' title='bbox 2602 4849 2782 4920; x_wconf 85' lang='lat' dir='ltr'><strong>(Joan.</strong></span> <span class='ocrx_word' id='word_1_928' title='bbox 2815 4860 2889 4914; x_wconf 85' lang='lat' dir='ltr'><strong>vt,</strong></span> <span class='ocrx_word' id='word_1_929' title='bbox 2919 4847 3010 4912; x_wconf 78' lang='grc'><strong>57)</strong></span> <span class='ocrx_word' id='word_1_930' title='bbox 3043 4864 3059 4896; x_wconf 87' lang='grc' dir='ltr'><strong>ι</strong></span> <span class='ocrx_word' id='word_1_931' title='bbox 3091 4865 3104 4900; x_wconf 92' lang='lat'><strong>:</strong></span> <span class='ocrx_word' id='word_1_932' title='bbox 3156 4853 3212 4898; x_wconf 90' lang='lat' dir='ltr'><strong>et</strong></span> <span class='ocrx_word' id='word_1_933' title='bbox 3241 4845 3362 4898; x_wconf 77' lang='lat' dir='ltr'><strong>ideo</strong></span> <span class='ocrx_word' id='word_1_934' title='bbox 3391 4844 3564 4898; x_wconf 82' lang='lat' dir='ltr'><strong>adhuc</strong></span> <span class='ocrx_word' id='word_1_935' title='bbox 3590 4840 3739 4894; x_wconf 78' lang='lat' dir='ltr'><strong>debert</strong></span> 
     </span>
    </p>
   </div>
   <div class='ocr_carea' id='block_1_113' title="bbox 2199 4931 3736 5008">
    <p class='ocr_par' dir='ltr' id='par_1_113' title="bbox 2199 4931 3736 5008">
     <span class='ocr_line' id='line_1_113' title="bbox 2199 4931 3736 5008; baseline -0.012 -8"><span class='ocrx_word' id='word_1_936' title='bbox 2199 4961 2323 5000; x_wconf 89' lang='lat' dir='ltr'><strong>eum</strong></span> <span class='ocrx_word' id='word_1_937' title='bbox 2363 4945 2542 4998; x_wconf 76' lang='lat' dir='ltr'><strong>facere</strong></span> <span class='ocrx_word' id='word_1_938' title='bbox 2575 4941 2764 4996; x_wconf 88' lang='lat' dir='ltr'><strong>Deum.</strong></span> <span class='ocrx_word' id='word_1_939' title='bbox 2796 4938 3059 5006; x_wconf 85' lang='lat' dir='ltr'><strong>Quoniam</strong></span> <span class='ocrx_word' id='word_1_940' title='bbox 3083 4936 3197 5008; x_wconf 82' lang='lat' dir='ltr'><strong>quis</strong></span> <span class='ocrx_word' id='word_1_941' title='bbox 3222 4934 3363 4990; x_wconf 81' lang='lat' dir='ltr'><strong>Deus</strong></span> <span class='ocrx_word' id='word_1_942' title='bbox 3384 4944 3572 5004; x_wconf 70' lang='grc' dir='ltr'>ιιι-(τίεν</span> <span class='ocrx_word' id='word_1_943' title='bbox 3592 4931 3736 4986; x_wconf 83' lang='lat' dir='ltr'><strong>Deum.</strong></span> 
     </span>
    </p>
   </div>
   <div class='ocr_carea' id='block_1_114' title="bbox 2201 5023 3737 5104">
    <p class='ocr_par' dir='ltr' id='par_1_114' title="bbox 2201 5023 3737 5104">
     <span class='ocr_line' id='line_1_114' title="bbox 2201 5023 3737 5104; baseline -0.01 -14"><span class='ocrx_word' id='word_1_944' title='bbox 2201 5037 2309 5091; x_wconf 81' lang='lat' dir='ltr'><strong>Aut</strong></span> <span class='ocrx_word' id='word_1_945' title='bbox 2343 5037 2412 5090; x_wconf 89' lang='lat' dir='ltr'><strong>ita</strong></span> <span class='ocrx_word' id='word_1_946' title='bbox 2443 5049 2661 5104; x_wconf 88' lang='lat' dir='ltr'><strong>possum</strong></span> <span class='ocrx_word' id='word_1_947' title='bbox 2691 5033 2871 5086; x_wconf 90' lang='lat' dir='ltr'><strong>dicere</strong></span> <span class='ocrx_word' id='word_1_948' title='bbox 2901 5047 2913 5084; x_wconf 91' lang='lat'><strong>:</strong></span> <span class='ocrx_word' id='word_1_949' title='bbox 2945 5031 3068 5099; x_wconf 89' lang='lat' dir='ltr'><strong>quis</strong></span> <span class='ocrx_word' id='word_1_950' title='bbox 3098 5027 3238 5082; x_wconf 84' lang='lat' dir='ltr'><strong>Deus</strong></span> <span class='ocrx_word' id='word_1_951' title='bbox 3266 5035 3348 5080; x_wconf 64' lang='lat' dir='ltr'><strong>est</strong></span> <span class='ocrx_word' id='word_1_952' title='bbox 3393 5034 3584 5094; x_wconf 56' lang='lat' dir='ltr'><strong>printer</strong></span> <span class='ocrx_word' id='word_1_953' title='bbox 3612 5023 3737 5076; x_wconf 72' lang='lat' dir='ltr'><strong>Deum</strong></span> 
     </span>
    </p>
   </div>
   <div class='ocr_carea' id='block_1_115' title="bbox 2201 5113 3740 5193">
    <p class='ocr_par' dir='ltr' id='par_1_115' title="bbox 2201 5113 3740 5193">
     <span class='ocr_line' id='line_1_115' title="bbox 2201 5113 3740 5193; baseline -0.014 -9"><span class='ocrx_word' id='word_1_954' title='bbox 2201 5138 2447 5184; x_wconf 88' lang='lat' dir='ltr'><strong>nostrum</strong></span> <span class='ocrx_word' id='word_1_955' title='bbox 2487 5143 2501 5180; x_wconf 89' lang='lat'><strong>:</strong></span> <span class='ocrx_word' id='word_1_956' title='bbox 2539 5127 2630 5193; x_wconf 90' lang='lat' dir='ltr'><strong>qui</strong></span> <span class='ocrx_word' id='word_1_957' title='bbox 2673 5124 2814 5178; x_wconf 91' lang='lat' dir='ltr'><strong>Deus</strong></span> <span class='ocrx_word' id='word_1_958' title='bbox 2853 5137 3007 5177; x_wconf 89' lang='lat' dir='ltr'><strong>meus</strong></span> <span class='ocrx_word' id='word_1_959' title='bbox 3048 5130 3133 5175; x_wconf 91' lang='lat' dir='ltr'><strong>est</strong></span> <span class='ocrx_word' id='word_1_960' title='bbox 3180 5128 3231 5174; x_wconf 92' lang='lat' dir='ltr'><strong>ct</strong></span> <span class='ocrx_word' id='word_1_961' title='bbox 3274 5117 3564 5193; x_wconf 86' lang='lat' dir='ltr'><strong>meorum?</strong></span> <span class='ocrx_word' id='word_1_962' title='bbox 3599 5113 3740 5168; x_wconf 83' lang='lat' dir='ltr'><strong>Nullus</strong></span> 
     </span>
    </p>
   </div>
   <div class='ocr_carea' id='block_1_116' title="bbox 2203 5205 3740 5279">
    <p class='ocr_par' dir='ltr' id='par_1_116' title="bbox 2203 5205 3740 5279">
     <span class='ocr_line' id='line_1_116' title="bbox 2203 5205 3740 5279; baseline -0.013 -6"><span class='ocrx_word' id='word_1_963' title='bbox 2203 5217 2427 5273; x_wconf 86' lang='lat' dir='ltr'><strong>subaudi</strong></span> <span class='ocrx_word' id='word_1_964' title='bbox 2472 5216 2722 5270; x_wconf 88' lang='lat' dir='ltr'><strong>scilicet:</strong></span> <span class='ocrx_word' id='word_1_965' title='bbox 2755 5212 2916 5279; x_wconf 87' lang='lat' dir='ltr'><strong>Quasi</strong></span> <span class='ocrx_word' id='word_1_966' title='bbox 2965 5212 3130 5278; x_wconf 86' lang='lat' dir='ltr'><strong>dicat,</strong></span> <span class='ocrx_word' id='word_1_967' title='bbox 3179 5211 3302 5266; x_wconf 82' lang='lat' dir='ltr'><strong>ideo</strong></span> <span class='ocrx_word' id='word_1_968' title='bbox 3339 5208 3537 5264; x_wconf 84' lang='lat' dir='ltr'><strong>debent</strong></span> <span class='ocrx_word' id='word_1_969' title='bbox 3584 5205 3740 5258; x_wconf 78' lang='lat' dir='ltr'><strong>habere</strong></span> 
     </span>
    </p>
   </div>
   <div class='ocr_carea' id='block_1_117' title="bbox 2205 5295 3740 5377">
    <p class='ocr_par' dir='ltr' id='par_1_117' title="bbox 2205 5295 3740 5377">
     <span class='ocr_line' id='line_1_117' title="bbox 2205 5295 3740 5377; baseline -0.016 -12"><span class='ocrx_word' id='word_1_970' title='bbox 2205 5311 2391 5372; x_wconf 89' lang='lat' dir='ltr'><strong>Deum,</strong></span> <span class='ocrx_word' id='word_1_971' title='bbox 2420 5309 2544 5377; x_wconf 86' lang='lat' dir='ltr'><strong>quia</strong></span> <span class='ocrx_word' id='word_1_972' title='bbox 2574 5307 2752 5360; x_wconf 89' lang='lat' dir='ltr'><strong>nullus</strong></span> <span class='ocrx_word' id='word_1_973' title='bbox 2778 5305 2914 5359; x_wconf 87' lang='lat' dir='ltr'><strong>alius</strong></span> <span class='ocrx_word' id='word_1_974' title='bbox 2941 5304 3083 5357; x_wconf 87' lang='lat' dir='ltr'><strong>Deus</strong></span> <span class='ocrx_word' id='word_1_975' title='bbox 3106 5301 3369 5357; x_wconf 71' lang='lat' dir='ltr'><strong>dicendus</strong></span> <span class='ocrx_word' id='word_1_976' title='bbox 3399 5309 3480 5354; x_wconf 89' lang='lat' dir='ltr'><strong>est</strong></span> <span class='ocrx_word' id='word_1_977' title='bbox 3507 5315 3518 5350; x_wconf 93' lang='lat'>:</span> <span class='ocrx_word' id='word_1_978' title='bbox 3543 5307 3590 5350; x_wconf 87' lang='lat' dir='ltr'><strong>et</strong></span> <span class='ocrx_word' id='word_1_979' title='bbox 3613 5295 3740 5348; x_wconf 80' lang='lat' dir='ltr'><strong>et&#39;atu</strong></span> 
     </span>
    </p>
   </div>
   <div class='ocr_carea' id='block_1_118' title="bbox 2207 5382 3740 5472">
    <p class='ocr_par' dir='ltr' id='par_1_118' title="bbox 2207 5382 3740 5472">
     <span class='ocr_line' id='line_1_118' title="bbox 2207 5382 3740 5472; baseline -0.016 -16"><span class='ocrx_word' id='word_1_980' title='bbox 2207 5417 2304 5472; x_wconf 90' lang='lat' dir='ltr'><strong>per</strong></span> <span class='ocrx_word' id='word_1_981' title='bbox 2330 5399 2591 5454; x_wconf 74' lang='lat' dir='ltr'><strong>beneﬁt-ia</strong></span> <span class='ocrx_word' id='word_1_982' title='bbox 2633 5398 2763 5454; x_wconf 89' lang='lat' dir='ltr'><strong>mihi</strong></span> <span class='ocrx_word' id='word_1_983' title='bbox 2799 5397 2865 5451; x_wconf 89' lang='lat' dir='ltr'><strong>ab</strong></span> <span class='ocrx_word' id='word_1_984' title='bbox 2900 5411 2965 5450; x_wconf 89' lang='lat' dir='ltr'><strong>eo</strong></span> <span class='ocrx_word' id='word_1_985' title='bbox 3001 5394 3196 5450; x_wconf 88' lang='lat' dir='ltr'><strong>collata</strong></span> <span class='ocrx_word' id='word_1_986' title='bbox 3237 5398 3420 5462; x_wconf 83' lang='lat' dir='ltr'><strong>potest</strong></span> <span class='ocrx_word' id='word_1_987' title='bbox 3453 5387 3607 5442; x_wconf 86' lang='lat' dir='ltr'><strong>videri</strong></span> <span class='ocrx_word' id='word_1_988' title='bbox 3645 5382 3740 5452; x_wconf 77' lang='lat' dir='ltr'><strong>quia</strong></span> 
     </span>
    </p>
   </div>
   <div class='ocr_carea' id='block_1_119' title="bbox 2212 5478 3742 5557">
    <p class='ocr_par' dir='ltr' id='par_1_119' title="bbox 2212 5478 3742 5557">
     <span class='ocr_line' id='line_1_119' title="bbox 2212 5478 3742 5557; baseline -0.01 -12"><span class='ocrx_word' id='word_1_989' title='bbox 2212 5493 2351 5547; x_wconf 88' lang='lat' dir='ltr'><strong>Deus</strong></span> <span class='ocrx_word' id='word_1_990' title='bbox 2382 5499 2503 5546; x_wconf 88' lang='lat' dir='ltr'><strong>est:</strong></span> <span class='ocrx_word' id='word_1_991' title='bbox 2535 5491 2659 5544; x_wconf 91' lang='lat' dir='ltr'><strong>inde</strong></span> <span class='ocrx_word' id='word_1_992' title='bbox 2687 5489 2895 5544; x_wconf 88' lang='lat' dir='ltr'><strong>scilicet</strong></span> <span class='ocrx_word' id='word_1_993' title='bbox 2930 5505 2942 5540; x_wconf 89' lang='lat'>:</span> <span class='ocrx_word' id='word_1_994' title='bbox 2977 5487 3104 5557; x_wconf 88' lang='lat' dir='ltr'><strong>quia</strong></span> <span class='ocrx_word' id='word_1_995' title='bbox 3139 5487 3282 5540; x_wconf 89' lang='lat' dir='ltr'><strong>Deus</strong></span> <span class='ocrx_word' id='word_1_996' title='bbox 3314 5483 3404 5536; x_wconf 88' lang='lat' dir='ltr'><strong>ille</strong></span> <span class='ocrx_word' id='word_1_997' title='bbox 3435 5490 3513 5534; x_wconf 86' lang='lat' dir='ltr'><strong>est</strong></span> <span class='ocrx_word' id='word_1_998' title='bbox 3535 5478 3615 5550; x_wconf 87' lang='lat' dir='ltr'><strong>qui</strong></span> <span class='ocrx_word' id='word_1_999' title='bbox 3637 5488 3742 5544; x_wconf 60' lang='lat' dir='ltr'><strong>prir-</strong></span> 
     </span>
    </p>
   </div>
   <div class='ocr_carea' id='block_1_120' title="bbox 2208 5567 3742 5642">
    <p class='ocr_par' dir='ltr' id='par_1_120' title="bbox 2208 5567 3742 5642">
     <span class='ocr_line' id='line_1_120' title="bbox 2208 5567 3742 5642; baseline -0.004 -3"><span class='ocrx_word' id='word_1_1000' title='bbox 2208 5585 2368 5639; x_wconf 72' lang='lat' dir='ltr'><strong>cinxit</strong></span> <span class='ocrx_word' id='word_1_1001' title='bbox 2419 5599 2499 5635; x_wconf 86' lang='lat' dir='ltr'><strong>me</strong></span> <span class='ocrx_word' id='word_1_1002' title='bbox 2543 5582 2733 5634; x_wconf 85' lang='lat' dir='ltr'><strong>virtute</strong></span> <span class='ocrx_word' id='word_1_1003' title='bbox 2781 5593 2848 5633; x_wconf 91' lang='lat' dir='ltr'><strong>ne</strong></span> <span class='ocrx_word' id='word_1_1004' title='bbox 2897 5578 3148 5634; x_wconf 87' lang='lat' dir='ltr'><strong>cederem</strong></span> <span class='ocrx_word' id='word_1_1005' title='bbox 3197 5574 3249 5628; x_wconf 91' lang='lat' dir='ltr'><strong>in</strong></span> <span class='ocrx_word' id='word_1_1006' title='bbox 3306 5573 3568 5642; x_wconf 75' lang='lat' dir='ltr'><strong>passione.</strong></span> <span class='ocrx_word' id='word_1_1007' title='bbox 3603 5567 3645 5619; x_wconf 77' lang='grc' dir='ltr'><strong>ί¹¹</strong></span> <span class='ocrx_word' id='word_1_1008' title='bbox 3679 5569 3742 5615; x_wconf 68' lang='grc' dir='ltr'>εει</span> 
     </span>
    </p>
   </div>
   <div class='ocr_carea' id='block_1_121' title="bbox 2210 5652 3741 5738">
    <p class='ocr_par' dir='ltr' id='par_1_121' title="bbox 2210 5652 3741 5738">
     <span class='ocr_line' id='line_1_121' title="bbox 2210 5652 3741 5738; baseline -0.014 -8"><span class='ocrx_word' id='word_1_1009' title='bbox 2210 5673 2440 5730; x_wconf 79' lang='lat' dir='ltr'><strong>munivit</strong></span> <span class='ocrx_word' id='word_1_1010' title='bbox 2465 5688 2494 5726; x_wconf 91' lang='lat' dir='ltr'><strong>a</strong></span> <span class='ocrx_word' id='word_1_1011' title='bbox 2520 5669 2873 5726; x_wconf 83' lang='lat' dir='ltr'><strong>similitudine</strong></span> <span class='ocrx_word' id='word_1_1012' title='bbox 2896 5667 3106 5732; x_wconf 90' lang='lat' dir='ltr'><strong>militis,</strong></span> <span class='ocrx_word' id='word_1_1013' title='bbox 3129 5666 3220 5738; x_wconf 90' lang='lat' dir='ltr'><strong>qui</strong></span> <span class='ocrx_word' id='word_1_1014' title='bbox 3249 5662 3583 5734; x_wconf 64' lang='lat' dir='ltr'><strong>praecingitur</strong></span> <span class='ocrx_word' id='word_1_1015' title='bbox 3601 5652 3741 5722; x_wconf 66' lang='lat' dir='ltr'><strong>gladio</strong></span> 
     </span>
    </p>
   </div>
   <div class='ocr_carea' id='block_1_122' title="bbox 2211 5757 3738 5825">
    <p class='ocr_par' dir='ltr' id='par_1_122' title="bbox 2211 5757 3738 5825">
     <span class='ocr_line' id='line_1_122' title="bbox 2211 5757 3738 5825; baseline -0.016 -4"><span class='ocrx_word' id='word_1_1016' title='bbox 2211 5775 2269 5821; x_wconf 91' lang='lat' dir='ltr'><strong>ut</strong></span> <span class='ocrx_word' id='word_1_1017' title='bbox 2293 5780 2357 5820; x_wconf 84' lang='lat' dir='ltr'><strong>eo</strong></span> <span class='ocrx_word' id='word_1_1018' title='bbox 2382 5763 2676 5818; x_wconf 86' lang='lat' dir='ltr'><strong>muniatur.</strong></span> <span class='ocrx_word' id='word_1_1019' title='bbox 2729 5758 2798 5814; x_wconf 86' lang='lat' dir='ltr'><strong>Et</strong></span> <span class='ocrx_word' id='word_1_1020' title='bbox 2820 5761 2992 5825; x_wconf 74' lang='lat' dir='ltr'><strong>posuit</strong></span> <span class='ocrx_word' id='word_1_1021' title='bbox 3019 5757 3413 5813; x_wconf 82' lang='lat' dir='ltr'><strong>immaculatum</strong></span> <span class='ocrx_word' id='word_1_1022' title='bbox 3437 5767 3564 5807; x_wconf 81' lang='lat' dir='ltr'><strong>vtam</strong></span> <span class='ocrx_word' id='word_1_1023' title='bbox 3586 5760 3738 5812; x_wconf 80' lang='lat' dir='ltr'><strong>meum,</strong></span> 
     </span>
    </p>
   </div>
  </div>
