3864 6320
121 373 202 431 705

118 489 159 543 ld
189 490 259 541 est
296 478 501 533 ﬁrmam
557 476 699 530 dedit
746 473 872 528 mihi
925 473 1292 527 innocentiam
1333 488 1345 523 :
1396 484 1517 540 quae
1548 467 1634 521 via
1668 464 1712 519 A

118 573 274 630 munda
311 578 388 623 est
415 583 517 637 per
544 582 703 635 quam
746 566 810 618 ad
847 564 1014 633 ipsius
1044 563 1268 633 gloriam
1301 559 1637 630 perveniam,

115 665 359 724 secundum
388 660 531 728 quod
569 660 728 713 homo
766 671 904 716 sum,
937 664 994 708 ut
1021 655 1095 707 ait
1121 653 1433 719 Apostolus,
1466 668 1485 702 ι
1516 666 1641 706 san-

123 768 224 819 :tus,
268 754 516 806 innocens
544 790 558 814 ,
606 758 917 820 segregatus
964 764 994 802 a
1037 748 1412 819 peccatoribus
1449 743 1639 816 (Hebr.

127 845 313 916 tu,‘26),
342 863 358 893 ι
406 852 462 895 ει
507 857 634 896 vere
681 842 818 894 Deus
866 850 970 896 est.
1028 841 1127 907 Qui
1175 843 1409 909 perfecit,
1461 838 1509 893 id
1558 847 1640 890 est

116 938 330 1006 terfectos
363 932 491 987 fecit
527 932 681 1000 pedes
718 948 877 995 meos,
909 932 960 985 id
990 941 1074 986 est
1107 929 1419 986 aﬁ'cctiones
1454 943 1637 992 meas,

124 1029 267 1100 {uibus
293 1023 528 1095 graditur
562 1024 773 1077 animus
804 1024 944 1077 sicut
972 1022 1200 1092 pedibus
1237 1038 1452 1092 corpus.
1491 1020 1635 1073 Tan-

118 1134 233 1183 ptam
257 1131 532 1179 cervorum,
559 1116 609 1168 id
637 1124 717 1169 est
748 1115 813 1168 ad
840 1114 1054 1168 modum
1090 1114 1284 1183 pedum
1316 1126 1633 1166 cervorum:

109 1221 154 1266 ιιι
177 1210 296 1263 sicut
317 1206 543 1278 prompti
581 1216 701 1261 sunt
733 1207 798 1261 ad
826 1205 1177 1261 transilienda
1204 1206 1443 1268 dumeta,
1477 1203 1555 1257 sic
1582 1211 1635 1258 et

108 1301 369 1356 aﬁ‘ecliones
399 1314 529 1353 mea:
544 1309 803 1368 prompt:e
835 1309 961 1354 sunt
985 1301 1050 1353 ad
1075 1299 1254 1354 omnia
1282 1298 1409 1354 vitia
1435 1296 1601 1352 transi

109 1395 248 1449 lienda
291 1408 304 1445 :
352 1400 405 1446 ει
429 1402 533 1456 εει,
557 1402 788 1446 statuens
816 1408 895 1446 me
920 1407 1015 1462 spe
1040 1409 1196 1461 super
1217 1392 1441 1454 excelsa,
1477 1391 1527 1444 id
1554 1397 1635 1443 est

108 1487 147 1540 in
177 1483 405 1548 excelsis,
444 1482 756 1537 cmlestibus
816 1483 1023 1537 scilicet
1056 1498 1071 1536 :
1116 1491 1170 1536 et
1210 1496 1336 1536 vere
1373 1480 1514 1536 Deus
1552 1488 1637 1534 est

107 1579 314 1650 quidocet
340 1592 526 1630 manus
551 1592 691 1630 meas
726 1576 794 1628 ad
820 1575 1083 1645 proelium,
1114 1574 1163 1629 id
1192 1583 1275 1629 est
1300 1574 1484 1627 doctas
1508 1571 1637 1626 facit

106 1668 370 1723 aﬁectiones
404 1680 552 1720 meas
590 1667 658 1720 ad
696 1666 1047 1736 praaliandum
1093 1673 1280 1719 contra
1324 1662 1630 1717 diabolum:

105 1762 369 1818 aﬁ‘ectiones
408 1760 540 1815 dicit
587 1775 782 1814 manus
809 1799 823 1823 ,
866 1758 993 1828 quia
1033 1771 1129 1827 per
1167 1755 1632 1811 eascdebellamus

104 1855 325 1911 diabolum
353 1889 369 1918 ,
413 1853 555 1907 sicut
593 1851 787 1920 aliquis
812 1818 1049 1905 Vltostem.
1085 1848 1334 1902 manibus
1377 1846 1628 1902 debellat.
1662 1818 1709 1879 Β

105 1948 256 2001 Postea
294 1945 418 2000 facit
449 1944 835 2014 apostropham
881 1944 946 1997 ad
977 1943 1144 1996 Deum
1190 1957 1204 1994 :
1245 1956 1311 1995 ex
1351 1937 1634 1995 allectione

104 2036 231 2090 niniia
252 2035 446 2106 gratias
476 2035 687 2105 agendo
712 2052 724 2087 :
752 2034 871 2088 dico
897 2033 1021 2103 quia
1054 2031 1283 2086 docuisti
1320 2045 1511 2084 manus
1538 2047 1550 2084 :
1579 2038 1634 2084 et

104 2139 143 2182 tu
174 2127 371 2196 posuisti
413 2126 629 2180 brachia
665 2142 802 2191 mea,
839 2125 891 2179 id
918 2135 1001 2179 est
1041 2122 1412 2177 fortitudinem
1454 2135 1631 2174 meam

102 2229 141 2270 ut
170 2234 325 2271 arcum
355 2234 573 2283 cereum,
623 2216 674 2272 id
723 2227 807 2273 est
855 2216 1311 2278 irremissibilem,
1364 2224 1423 2269 ut
1472 2229 1634 2269 arcus

101 2324 234 2362 a-rens
264 2309 650 2364 irrcmissibilis
678 2317 842 2372 esset,
869 2309 915 2363 si
944 2308 1298 2362 inveniretur.
1323 2304 1634 2360 Similitudo

100 2414 121 2451 a
144 2414 188 2453 re
209 2413 314 2468 qua:
342 2413 447 2452 non
485 2410 569 2455 est
605 2415 617 2453 :
652 2398 875 2453 brachia
907 2413 1005 2467 pro
1038 2395 1355 2452 fortitudine
1387 2394 1536 2465 ponit
1567 2408 1633 2446 eo

100 2492 209 2559 quod
235 2492 463 2546 brachiis
503 2491 684 2545 inesse
717 2489 978 2544 fortitudo
1018 2488 1175 2543 solet.
1224 2487 1289 2542 Et
1317 2501 1413 2557 per
1443 2501 1528 2540 mc
1554 2484 1634 2540 fa-

100 2592 210 2635 ctum
235 2597 426 2635 aereum
465 2599 481 2634 :
515 2581 704 2635 dedisti
736 2581 885 2644 mihi,
919 2579 971 2634 id
1002 2589 1084 2633 est
1112 2578 1265 2632 dabis
1296 2576 1432 2631 meis
1456 2585 1630 2646 prote-

100 2682 273 2727 ctioncm
295 2674 506 2737 salutis,
541 2673 594 2727 id
621 2681 707 2727 est
734 2671 1049 2726 salvationis
1087 2680 1210 2737 tum,
1266 2669 1317 2723 id
1342 2677 1425 2723 est
1452 2676 1632 2738 prote-

100 2780 170 2834 gas
189 2780 245 2819 ue
265 2766 488 2830 cedant;
523 2779 644 2833 quae
671 2763 935 2833 protectio
961 2764 1067 2818 erit
1090 2760 1170 2817 eis
1188 2775 1348 2815 causa
1377 2759 1631 2814 salvatio-

102 2856 180 2907 nis.
208 2853 264 2906 Et
291 2854 504 2909 dextera
548 2864 640 2908 tua
679 2854 903 2922 suscepit
950 2868 1050 2917 me,
1103 2851 1157 2906 in
1212 2850 1413 2915 futuro,
1451 2849 1503 2903 id
1548 2857 1633 2902 est

98 2946 229 3015 gratia
264 2953 345 2999 tua
384 2943 663 3000 collocatis
689 2959 783 2999 eos
818 2944 885 2998 ad
912 2944 1189 2998 dexteram
1225 2949 1373 2995 tuam
1411 2957 1425 2993 :
1459 2939 1631 2996 susci-

95 3037 178 3101 piet
229 3050 380 3090 meos.
430 3034 596 3090 Juxta
651 3035 801 3102 illud,
853 3052 871 3086 ι
903 3034 1118 3098 Venite,
1165 3032 1461 3096 benedicti,
1519 3040 1626 3085 etc.

98 3123 266 3189 (Matth.
294 3140 418 3189 xxv,
444 3126 564 3195 35).
594 3144 611 3176 ι
658 3125 725 3179 Ει
752 3126 840 3179 hic
875 3125 1091 3179 interim
1117 3121 1395 3190 disciplina
1428 3131 1539 3184 tua,
1574 3119 1622 3173 id

94 3222 157 3266 est
187 3215 469 3271 adversitas
514 3216 823 3283 temporalis
854 3231 885 3269 a
916 3225 965 3269 te
999 3213 1262 3283 permissa
1289 3220 1347 3265 ut
1373 3228 1468 3282 per
1502 3227 1622 3266 eam

94 3303 306 3360 clariores
333 3307 490 3360 liant.
527 3305 764 3360 Correrit
791 3323 870 3360 me
899 3306 955 3359 in
977 3308 1157 3375 ﬁnem,
1192 3305 1242 3358 id
1280 3314 1363 3358 est
1394 3304 1631 3373 corriget

93 3410 207 3449 meos
255 3398 519 3452 omnino:
567 3398 634 3453 de
685 3413 791 3467 qua
848 3413 945 3467 per
994 3396 1337 3451 Salomonem
1388 3396 1624 3450 dicitur:

98 3485 210 3539 tFili
238 3488 322 3551 mi,
356 3489 464 3543 noli
500 3489 773 3559 negligere
801 3488 1141 3558 disciplinam
1172 3487 1382 3541 Domini
1411 3502 1425 3541 :
1453 3500 1628 3555 neque

91 3576 289 3647 tangeris
334 3595 455 3634 cum
496 3581 565 3635 ab
606 3597 671 3636 eo
722 3581 969 3650 argueris
996 3578 1181 3652 (Prov.
1228 3595 1309 3644 ιιι,
1338 3577 1423 3642 li;
1460 3576 1622 3634 Hebr.

89 3684 164 3733 xu,
184 3670 278 3741 5).»
306 3672 372 3727 Et
392 3673 617 3742 exponit
641 3688 739 3743 per
764 3683 944 3743 partes
968 3673 1239 3743 quomodo
1263 3674 1498 3743 corriget
1525 3674 1623 3728 sic.

87 3761 135 3813 Et
166 3779 250 3831 pro
288 3766 495 3821 scilicet
546 3766 663 3835 ipsa
704 3764 981 3834 disciplina
1012 3774 1123 3830 tua,
1157 3766 1222 3821 de
1253 3781 1359 3835 qua
1391 3766 1481 3821 hic
1515 3766 1624 3836 egi,

88 3853 249 3907 docebit
282 3872 381 3923 me,
412 3856 466 3911 id
498 3866 581 3911 est
607 3858 871 3925 quosdam
908 3857 973 3911 de
1010 3858 1164 3920 meis,
1194 3857 1284 3925 qui
1319 3856 1625 3925 aliquantu-

88 3943 171 3997 lum
200 3948 451 4017 purgandi
489 3957 617 4002 sunt
645 3962 712 4001 ne
745 3963 930 4001 rursus
960 3948 1158 4002 cadant
1182 3966 1194 4001 :
1214 3946 1367 4015 juxta
1395 3948 1625 4016 Aposto~

84 4034 202 4088 lum:
232 4055 248 4087 ι
277 4038 535 4109 Flagellat
571 4039 709 4093 Deus
758 4053 972 4093 omnem
1016 4039 1180 4092 ﬁlium
1224 4053 1384 4107 quem
1433 4038 1625 4107 recipit

82 4123 233 4193 (llebr.
274 4143 369 4193 ιιι,
405 4132 472 4191 9,
510 4128 565 4197 6)
600 4148 618 4180 ι
660 4145 673 4179 :
719 4138 773 4182 et
834 4144 932 4199 per
989 4128 1327 4196 disciplinam
1386 4126 1623 4180 dilatasti

81 4231 248 4281 gressus
279 4235 445 4283 meos,
474 4219 525 4272 id
554 4227 637 4273 est
660 4218 913 4273 dilatatos
945 4219 997 4272 in
1022 4218 1308 4273 dilectione
1341 4228 1428 4271 tua
1457 4216 1622 4273 facies

80 4306 328 4374 perlectos,
363 4312 457 4380 qui
495 4310 709 4365 dicendi
753 4320 878 4364 sunt
916 4325 1138 4380 gressus
1179 4311 1281 4365 mei
1317 4310 1621 4365 deferentes

79 4410 144 4449 me
180 4398 225 4450 in
270 4400 522 4454 notitiam
568 4400 795 4455 aliorum
827 4417 841 4461 ;
872 4400 1054 4454 subtus
1092 4417 1204 4464 me,
1241 4400 1487 4470 redigeus
1526 4415 1620 4454 eos

1651 3171 1699 3233 C

974 357 1329 415 EXPOSlTIO
1368 356 1433 412 IN
1472 348 1810 410 PSALMOS.
1845 350 2125 405 —PS.\L.
2160 349 2320 405 XVII.

3211 352 3319 409 706

1745 478 1763 510 ι
1800 460 1916 519 Non
1948 469 2199 531 poterant
2247 461 2501 517 resistere
2551 462 2827 533 sapientia:
2874 477 2930 521 et
2957 467 3181 539 Spiritui
3216 474 3313 542 qui

1743 550 2066 620 loquebatur
2118 552 2255 623 (Act.
2313 564 2392 615 vr,
2445 551 2556 621 10).
2598 571 2616 605 ι
2679 552 2744 606 1ιί
2795 572 2895 609 non
2926 571 3217 624 convertar,
3272 562 3323 614 id

1740 649 1823 696 est
1859 655 1964 693 non
1998 642 2223 695 cessabo
2252 655 2279 694 a
2307 644 2682 711 persequendo
2712 653 2767 698 et
2795 649 3194 715 comprehendo
3222 651 3323 704 do-

1743 748 1833 785 nec
1870 732 2114 799 deficiant
2155 732 2223 786 ab
2262 731 2579 786 inﬁdelitate
2619 749 2633 787 :
2681 743 2736 787 ει
2777 749 2874 803 per
2913 735 3015 791 hoc
3046 738 3323 807 deﬁcient,

1740 822 1885 891 quod
1913 822 2244 891 confringam
2274 820 2413 886 illos,
2452 823 2501 876 id
2529 831 2614 877 est
2642 833 2917 877 uestruam
2952 832 3075 879 terr.
3097 828 3320 882 nitatem

1740 913 1983 978 illorum,
2018 922 2079 968 ut
2122 915 2247 969 alibi
2286 914 2612 969 Psalmista:
2663 935 2680 965 ι
2715 915 2995 985 Tanquam
3040 934 3136 974 vas
3179 919 3327 988 ﬁguii

1740 1004 2050 1076 confringes
2086 1020 2181 1061 eos
2248 1007 2421 1077 (Psal.
2488 1024 2551 1076 ιι,
2596 1009 2672 1079 9).
2709 1028 2728 1063 ι
2783 1010 2852 1065 Ει
2904 1012 3163 1068 confracti
3213 1029 3319 1070 non

1740 1108 1983 1169 poterunt
2013 1109 2154 1154 stare
2178 1099 2428 1170 amplius,
2461 1101 2511 1155 id
2540 1113 2623 1157 est
2660 1116 3011 1173 perseverare
3049 1106 3101 1159 in
3134 1106 3328 1161 inﬁde-

1741 1188 1892 1244 litate
1923 1206 2059 1245 sua:
2090 1194 2183 1245 sed
2214 1193 2401 1247 cadent
2432 1193 2614 1247 subtus
2654 1196 2806 1263 pedes
2840 1213 2995 1259 meos,
3026 1198 3078 1254 id
3109 1209 3192 1254 cst
3222 1199 3326 1253 ha-

1740 1280 2092 1335 miliabuntur
2129 1282 2230 1335 sub
2262 1298 2347 1337 me
2390 1284 2456 1337 ad
2492 1285 2707 1339 modum
2745 1300 2932 1343 eorum
2968 1290 3057 1358 qui
3099 1290 3327 1359 pedibis

1738 1370 1964 1427 divitum
2043 1372 2321 1430 lttniuliter
2362 1386 2803 1446 prosternuntur.
2875 1381 2943 1435 Et
2989 1388 3047 1435 ut
3098 1395 3321 1453 gressus

1737 1463 1955 1519 valeant
2012 1465 2078 1519 ad
2127 1469 2559 1537 persequendum
2618 1481 2673 1525 et
2729 1474 3323 1541 comprehendendum.

1739 1551 2079 1609 Prin-insisti
2123 1572 2226 1624 me,
2278 1558 2486 1613 scilicet
2528 1561 2775 1615 muniens
2828 1577 2979 1617 meos
3026 1564 3212 1617 rirtute
3251 1565 3322 1618 ad

1740 1645 1953 1713 bellum,
1990 1648 2043 1702 id
2084 1661 2167 1703 est
2211 1649 2277 1704 ad
2326 1649 2537 1705 illorum
2579 1652 2827 1709 inimicos
2874 1655 3241 1724 debellandos,
3271 1668 3325 1711 et

1739 1751 1836 1804 per
1867 1753 1960 1793 cos
1991 1740 2315 1810 prmeinctos
2361 1743 2741 1813 supplantasti,
2790 1746 2840 1799 id
2882 1755 2967 1803 est
3014 1749 3199 1805 vinces
3224 1752 3324 1805 ’ἰη-

1739 1843 2006 1899 surgentes
2036 1834 2088 1887 in
2111 1850 2211 1897 me,
2238 1836 2418 1889 subtus
2447 1854 2527 1891 me
2555 1839 2899 1909 redigendos,
2927 1840 2980 1896 id
3005 1852 3090 1897 est
3108 1842 3323 1899 Judzeos

1738 1921 1872 1975 mihi
1924 1923 2177 1993 subjicics
2205 1944 2217 1979 :
2250 1929 2314 1982 de
2343 1929 2539 1998 quibus
2577 1930 2700 1984 alibi
2742 1946 2836 2000 per
2861 1931 3205 1989 Psalmistam
3244 1936 3324 1989 di-

1736 2014 1916 2067 citur:
1957 2032 1975 2064 ι
2012 2014 2428 2074 lnsurrexerunt
2473 2020 2523 2074 in
2575 2037 2661 2077 me
2711 2030 2875 2078 testes
2923 2024 3093 2095 iniqui
3147 2023 3321 2097 (Psal.

1737 2119 1885 2170 xxvi,
1917 2106 2027 2177 12),
2061 2124 2079 2159 ι
2126 2117 2174 2161 et
2204 2110 2442 2165 inimicos
2465 2128 2625 2179 nicas,
2659 2114 2709 2167 Id
2745 2125 2827 2170 est
2853 2117 3081 2187 gentiles
3107 2134 3205 2190 per
3231 2133 3325 2174 eos

1736 2211 1957 2264 gressus
1983 2199 2195 2264 dedisti,
2240 2201 2293 2256 id
2316 2211 2400 2257 est
2429 2205 2581 2259 dabis
2623 2206 2752 2259 mihi
2776 2208 3013 2275 dorsum,
3049 2210 3100 2265 id
3128 2220 3212 2266 est
3240 2227 3323 2267 sc-

1735 2301 1936 2356 qnaces
1977 2297 2031 2344 et
2071 2291 2371 2348 imitatores
2410 2310 2422 2346 :
2468 2296 2534 2350 ad
2580 2298 2795 2352 modum
2840 2303 3185 2367 sequentium
3230 2305 3321 2373 qui

1735 2389 1855 2447 post
1882 2380 2103 2435 dorsum
2135 2393 2389 2454 pergunt.
2430 2385 2497 2441 Et
2531 2386 2633 2443 hoc
2664 2389 2800 2444 dixit
2832 2393 3081 2461 superius
3109 2394 3325 2448 univer-

1734 2472 1939 2538 salitcr,
1975 2476 2067 2547 ubi.
2106 2479 2287 2547 posuit
2321 2480 2518 2535 cadent
2563 2483 2753 2538 subtus
2793 2486 2958 2554 pedes
3001 2502 3152 2541 meos
3183 2502 3196 2542 :
3230 2490 3325 2545 sed

1734 2565 1824 2621 hic
1847 2582 1944 2637 per
1969 2579 2151 2639 partes
2180 2574 2437 2627 ostendit.
2472 2572 2538 2627 Et
2558 2576 2788 2630 odientes
2813 2594 2911 2644 me,
2946 2578 2996 2633 id
3028 2589 3111 2634 cst
3141 2580 3325 2636 nolen-

1738 2666 1819 2712 tes
1846 2662 2089 2715 converti
2135 2663 2515 2733 disperdidisti,
2560 2667 2612 2720 id
2652 2677 2735 2723 est
2772 2667 3096 2738 disperdes:
3144 2672 3321 2728 locum

1731 2758 1786 2802 et
1813 2759 2028 2818 gentem
2067 2752 2383 2819 auferendo,
2415 2765 2469 2810 et
2503 2757 2583 2810 sic
2620 2758 2762 2827 quod
2799 2770 2984 2829 postea
3020 2777 3126 2817 non
3169 2778 3324 2833 repa-

1733 2841 1971 2896 triahunt
1998 2859 2010 2894 :
2040 2844 2133 2897 sed
2166 2844 2549 2913 clamauerunt,
2586 2865 2678 2902 nec
2705 2861 2816 2903 erat
2843 2852 2933 2920 qni
2962 2851 3133 2907 salvos
3176 2853 3321 2922 face—

1732 2942 1829 2996 ret,
1870 2932 1921 2987 id
1950 2942 2033 2987 cst
2075 2934 2388 2990 clamabunt
2431 2937 2483 2989 in
2516 2940 2806 3010 synagogis
2834 2948 3041 2997 orando
3074 2954 3131 2997 ut
3165 2944 3325 2998 redu-

1730 3035 1943 3078 cantur.
1970 3024 2079 3081 Nec
2104 3028 2209 3082 erit
2236 3029 2324 3097 qui
2355 3029 2522 3084 salch
2550 3046 2643 3086 eos
2675 3032 2979 3088 reducendo
3010 3035 3076 3089 de
3106 3036 3317 3090 exsilio.

1731 3118 1810 3171 Ad
1835 3118 2114 3174 Dominum
2143 3122 2264 3176 dico
2291 3122 2608 3178 clamabunt
2637 3141 2740 3180 non
2770 3126 2836 3180 ad
2866 3128 3031 3182 Deum
3057 3129 3314 3184 alienum.

1731 3211 1843 3267 Nec
1868 3215 2156 3281 exaudirit,
2188 3216 2239 3269 id
2268 3227 2348 3272 est
2372 3217 2623 3274 exaudiet
2646 3236 2733 3275 eos
2760 3231 2819 3276 ut
2843 3226 3085 3278 reducat.
3117 3225 3181 3279 Et
3212 3240 3318 3280 non

1729 3306 1901 3361 solum
1934 3308 2149 3364 exsules
2178 3308 2307 3364 ﬁent
2334 3326 2346 3362 :
2377 3311 2471 3365 sed
2503 3326 2601 3383 ego
2632 3314 2983 3369 comminuam
3014 3333 3101 3370 eos
3131 3316 3183 3371 in
3217 3320 3321 3372 vir-

1732 3400 1936 3456 tutibus
1966 3411 2023 3456 ut
2044 3401 2304 3471 pulverem
2326 3414 2447 3458 ante
2467 3404 2656 3475 faciem
2676 3407 2808 3459 venti
2830 3408 3147 3465 existentes.
3168 3409 3323 3465 Sicut

1728 3490 1906 3560 pulvis
1947 3494 2315 3548 comminutos
2357 3506 2409 3550 et
2446 3511 2474 3549 a
2510 3496 2653 3551 nullo
2704 3496 2874 3552 imbre
2924 3499 3208 3564 solidatus,
3241 3504 3310 3557 ab

1730 3581 1929 3652 impetu
1970 3585 2114 3640 venti
2157 3587 2265 3641 cito
2305 3588 2510 3656 rapitur
2536 3596 2591 3643 et
2622 3589 2969 3662 dispergitur,
3005 3592 3079 3646 ita
3112 3593 3214 3664 ipsi
3252 3595 3305 3648 in

1730 3674 2021 3731 virtutibus
2046 3680 2383 3745 comminuti,
2416 3691 2470 3736 ct
2494 3681 2559 3736 ab
2591 3682 2763 3738 imbre
2784 3684 3045 3739 doctrinm
3074 3686 3320 3741 nolentes

1728 3768 1975 3833 solidari,
2006 3770 2116 3824 cito
2163 3787 2193 3825 a
2238 3774 2432 3842 spiritu
2481 3773 2719 3843 maligno
2766 3777 3050 3845 rapientur
3095 3788 3150 3835 et
3198 3795 3319 3849 pcr-

1728 3854 1941 3908 dcntnr.
1974 3855 2039 3908 Et
2073 3871 2177 3910 non
2217 3859 2386 3911 solum
2420 3859 2540 3925 hoc,
2572 3862 2667 3916 sed
2706 3862 2870 3916 ctiam
2914 3863 3092 3918 delebo
3128 3882 3215 3920 eos
3252 3867 3319 3921 de

1728 3946 1897 4017 gloria
1931 3946 1983 4000 in
2015 3962 2119 4017 qna
2153 3949 2312 4003 modo
2341 3962 2466 4005 sunt
2500 3965 2514 4004 :
2549 3950 2759 4009 faciens
2786 3969 2881 4010 eos
2915 3967 2970 4009 ut
3001 3955 3169 4013 lutum
3202 3958 3318 4026 pla-

1726 4049 1949 4102 Icarum,
1985 4038 2035 4093 id
2065 4050 2147 4094 est
2175 4040 2307 4095 viles
2344 4051 2396 4096 et
2431 4041 2499 4096 ab
2525 4044 2672 4097 omni
2708 4056 3068 4114 pnetcreuntc
3097 4048 3315 4102 calcat:-

1726 4130 1823 4185 dos
1861 4148 1873 4182 ε
1910 4138 1969 4185 ιιι
2010 4132 2178 4186 lutum
2224 4133 2326 4188 vile
2362 4144 2446 4188 εει
2498 4145 2553 4190 ει
2590 4135 2850 4191 calcatur.
2904 4138 2969 4191 Et
3000 4138 3135 4194 bene
3166 4139 3316 4192 adiit

1723 4221 2038 4291 platearum.
2079 4223 2274 4280 Lutum
2308 4227 2452 4281 enim
2508 4227 2809 4298 platearum
2842 4229 3180 4298 frequentius
3204 4231 3314 4286 cal-

1724 4323 1909 4368 catur:
1947 4316 2048 4386 ipsi
2082 4316 2154 4371 ita
2186 4317 2536 4379 delebuntur,
2562 4320 2704 4387 quod
2738 4319 2962 4374 minime
2994 4329 3203 4388 putant.

1796 4405 1880 4462 Me
1910 4423 2039 4463 vero
2067 4424 2227 4479 quem
2272 4424 2532 4481 superare
2566 4418 2760 4479 putant
2798 4412 2986 4481 eripies
3029 4426 3312 4484 resurgere

78 4500 152 4550 per
178 4489 525 4560 disciplinam,
560 4491 613 4546 id
651 4498 735 4545 est
776 4490 978 4567 faciens
1015 4490 1330 4569 Ιιιιιιιίιίριεε
1352 4506 1479 4561 erga
1512 4506 1617 4556 mc,
1654 4519 1700 4577 ο
1728 4495 1976 4554 faciendo
2002 4500 2068 4555 de
2098 4501 2602 4556 contradictionibus
2629 4502 2829 4572 populi,
2860 4503 3131 4559 dicentis:
3162 4525 3180 4556 ι
3215 4506 3311 4560 ΙΙίε

77 4582 185 4635 utin
208 4584 414 4638 actibus
439 4584 854 4653 Apostolorum:
879 4601 898 4634 ι
931 4584 1081 4639 Ibant
1106 4585 1403 4654 gaudentes
1431 4598 1459 4636 a
1488 4598 1620 4637 con—

77 4683 226 4740 spectu
255 4677 493 4741 concilii,
526 4678 783 4747 quoniam
826 4677 973 4745 digni
1006 4676 1174 4732 habiti
1215 4686 1341 4731 sunt
1378 4691 1475 4746 pro
1519 4693 1621 4729 no-

76 4767 187 4819 mine
208 4768 326 4824 Jesu
369 4770 753 4825 contumeliam
787 4772 896 4838 pati
928 4770 1064 4840 (Act.
1098 4786 1150 4835 ν,
1177 4768 1289 4837 41).
1326 4788 1343 4820 ι
1392 4768 1457 4822 Et
1477 4768 1621 4837 Apo-

76 4859 242 4916 stolas:
270 4882 287 4912 ι
313 4862 419 4932 1ρεί
455 4864 509 4917 in
537 4862 695 4917 nobis
734 4877 1051 4933 responsum
1098 4862 1290 4916 mortis
1333 4861 1619 4915 habuimus

74 4958 117 4999 ιιι
141 4966 230 5004 non
257 4953 429 5007 simus
463 4953 690 5007 ﬁdentes
727 4954 779 5007 in
818 4953 990 5018 nobis,
1032 4952 1125 5007 sed
1158 4953 1210 5007 in
1242 4952 1350 5007 Deo
1375 4952 1465 5022 qui
1498 4966 1619 5006 sus-

75 5041 177 5094 citat
215 5053 457 5099 mortuos
491 5044 577 5116 (II
624 5044 749 5099 Cor.
809 5061 847 5111 ι,
881 5045 956 5113 9).
994 5063 1011 5095 ι
1048 5045 1110 5098 Et
1154 5060 1275 5098 cum
1327 5044 1619 5098 dilatentur

71 5145 146 5195 per
184 5135 522 5204 disciplinam
558 5154 573 5189 :
618 5153 720 5190 non
767 5146 888 5190 sunt
936 5136 1040 5206 52
1095 5136 1364 5203 inﬁrmata
1406 5137 1618 5205 restigia

74 5234 179 5283 mea,
201 5224 247 5276 id
277 5234 360 5279 est
389 5241 499 5279 non
532 5226 952 5280 inﬁrmabuntur
991 5228 1043 5279 in
1080 5226 1160 5280 eis
1190 5234 1331 5280 nota:
1356 5226 1615 5281 virtutum

73 5328 274 5370 mearum
301 5334 494 5372 eorum
526 5320 783 5374 cordibus
810 5318 1104 5387 imprcssze.
1132 5318 1267 5395 Nam
1293 5318 1445 5387 juxta
1473 5318 1619 5386 Apo-

72 5405 271 5460 stolum:
329 5429 346 5461 ι
377 5409 570 5465 Virtus
624 5411 676 5465 in
705 5412 1020 5465 infirmitate
1064 5410 1345 5480 perﬁcitur
1374 5409 1459 5478 (II
1491 5411 1615 5465 Cor.

72 5505 145 5556 ιιι,
191 5496 262 5567 9).
300 5517 320 5551 ι
388 5500 460 5554 Ει
494 5518 592 5572 per
640 5516 859 5573 gressus
902 5517 1191 5571 persequar
1226 5501 1472 5555 doctrina
1517 5502 1619 5554 ini-

70 5585 198 5639 micos
236 5606 395 5656 meos,
452 5593 502 5646 id
550 5602 632 5649 est
682 5593 893 5659 ﬁdeles,
943 5592 1033 5661 qui
1087 5590 1435 5645 inimicantur
1485 5592 1615 5645 mihi

70 5677 181 5732 mala
210 5684 315 5737 vita
344 5700 467 5740 sua.
510 5684 576 5739 Et
604 5685 1033 5755 comprehendam
1064 5702 1081 5739 :
1114 5683 1431 5738 convincam
1469 5684 1617 5737 scili-

70 5778 136 5821 cet
160 5775 546 5834 rationabilitcr
574 5779 640 5834 ab
664 5794 870 5845 errore,
896 5786 955 5832 ιιι
979 5778 1046 5836 dc
1075 5774 1355 5845 Stephano
1383 5773 1611 5844 legitur:

1727 4588 1888 4643 homo
1935 4605 2041 4644 non
2089 4599 2173 4645 est
2223 4606 2250 4644 a
2286 4590 2395 4645 Deo
2443 4591 2533 4661 qui
2583 4608 2691 4647 non
2740 4593 2976 4648 custodit
3025 4593 3311 4649 sabbatum

1722 4678 1905 4750 (Joan.
1939 4696 2014 4744 ιιι,
2046 4682 2131 4750 16)
2169 4701 2216 4746 ι,
2271 4682 2322 4735 id
2352 4691 2437 4737 εει
2465 4683 2689 4738 ulterius
2740 4700 2845 4739 non
2879 4695 3135 4755 poterunt
3180 4689 3313 4743 mihi

1720 4770 2112 4825 contradicere.
2143 4771 2209 4825 Et
2237 4786 2322 4825 me
2348 4780 2591 4841 ereptum
2622 4775 2904 4828 constitues
2928 4775 2981 4828 in
3000 4786 3155 4847 caput
3180 4794 3306 4847 gen-

1718 4862 1868 4924 tium,
1910 4862 1959 4914 id
1998 4870 2082 4916 est
2123 4861 2289 4916 facies
2320 4872 2379 4916 ιιι
2413 4864 2514 4918 sim
2548 4874 2711 4933 caput
2747 4866 2988 4937 gentium
3020 4883 3035 4929 ;
3076 4876 3136 4921 ut
3176 4868 3305 4923 alibi

1721 4968 1817 5022 per
1856 4952 2204 5009 Psaltnistam
2255 4956 2477 5011 dicitur.
2539 4974 2557 5008 ι
2597 4956 2748 5012 Dabo
2786 4958 2879 5013 tibi
2912 4968 3102 5031 gentes
3135 4958 3307 5030 (Psal.

1721 5061 1780 5111 ιι,
1810 5046 1886 5116 8).
1923 5066 1942 5099 ι
1977 5047 2042 5101 Ει
2082 5048 2132 5102 in
2165 5049 2342 5104 Osee:
2377 5067 2403 5106 ι
2436 5049 2618 5104 Dicam
2652 5066 2760 5104 non
2793 5052 2990 5121 populo
3036 5066 3179 5114 meo,
3207 5051 3310 5105 Po-

1719 5138 1878 5208 pulus
1916 5155 2069 5196 meus
2104 5156 2164 5196 es
2204 5150 2257 5195 tu
2302 5141 2478 5213 (Osee.
2519 5159 2590 5208 ιι,
2630 5142 2744 5213 25).
2791 5162 2809 5194 ι
2853 5143 2923 5199 Ει
2961 5143 3084 5212 quia
3126 5150 3310 5211 posset

1720 5232 1887 5300 quaeri
1925 5248 1993 5286 an
2041 5234 2114 5289 sit
2158 5235 2444 5292 habiturus
2492 5246 2714 5306 gentes,
2766 5236 3059 5305 respondet
3100 5232 3308 5287 faciens

1719 5327 2083 5396 apostrophen
2129 5327 2195 5379 ad
2239 5327 2537 5392 auditores,
2592 5337 2651 5382 ut
2686 5329 2830 5398 ipsas
2874 5336 3064 5397 gentes
3096 5324 3307 5394 magni-

1720 5418 1932 5474 ﬁcando
1978 5419 2079 5473 sibi
2122 5419 2389 5473 obnoxias
2441 5420 2651 5474 reddat.
2698 5419 2837 5472 Vere
2874 5426 3034 5486 caput
3065 5418 3304 5487 gentium

1721 5509 1868 5577 ﬁam,
1918 5528 2043 5566 nam
2084 5512 2332 5583 papulas,
2374 5527 2524 5581 quem
2554 5528 2657 5564 non
2693 5496 2930 5579 cognovi,
2965 5509 3015 5562 id
3045 5516 3127 5562 est
3156 5507 3304 5559 visus

1720 5620 1836 5659 sum
1874 5621 1978 5659 non
2010 5606 2348 5673 cognovisse,
2385 5622 2488 5659 non
2537 5604 2713 5658 dando
2752 5603 2922 5671 legem
2954 5602 3035 5655 eis
3059 5599 3139 5654 vel
3174 5614 3299 5667 p‘o-

1719 5692 1929 5764 phe'tas,
1960 5698 2185 5761 servivit,
2232 5696 2283 5750 id
2313 5706 2393 5750 est
2425 5695 2624 5750 serviet
2666 5694 2795 5748 mihi
2829 5710 2840 5744 :
2876 5700 2930 5746 et
2960 5692 3025 5745 ad
3060 5694 3161 5745 hoc
3196 5703 3301 5741 non

1720 5790 1824 5844 erit
1853 5790 2057 5857 tardus,
2089 5789 2182 5846 scd
2212 5790 2264 5843 in
2298 5789 2483 5843 auditu
2521 5789 2668 5841 auris
2702 5786 2921 5841 obetlivit
2961 5785 3112 5843 milii.
3140 5782 3191 5835 id
3219 5788 3302 5833 cst
