3864 6320
545 270 645 325 707

1103 265 1161 321 S.
1203 265 1552 326 BRUNONIS
1579 260 2222 326 CARTilU’SIANOBUIll
2252 259 2738 321 lNSTlTUTORlS
2778 260 2930 319 ()PP.
2964 259 3143 317 PARS
3170 259 3208 315 l.
3679 270 3743 331 ’χοε
3834 236 3835 289 θ

544 395 708 448 quam
733 380 841 434 cito
878 392 1010 434 aure
1048 394 1294 448 corporis
1335 386 1773 453 praedicationem
1806 401 1976 441 meam
2004 399 2134 438 con-
2163 386 2209 442 Α
2237 381 2371 435 iram
2400 382 2569 436 solam
2610 380 2835 451 ﬂagellis
2859 381 3062 434 cmtlenl
3099 396 3184 436 me
3210 388 3263 433 ct
3294 379 3556 435 occident.
3592 382 3743 446 iracun-

543 473 732 540 cipiet,
769 472 900 526 mihi
934 489 1055 527 mox
1089 474 1325 530 obediet.
1361 475 1427 531 Et
1465 478 1603 535 bene
1641 480 1855 549 ponitur
1883 480 2029 533 auris
2063 479 2129 533 ad

543 563 1018 631 exprobrationem
1064 562 1393 628 Iudaeorum.
1446 569 1574 636 quia
1606 584 1728 623 cum
1778 569 1851 624 illi
1896 579 1952 625 et
2000 586 2133 626 aure

544 652 860 715 audissent,
903 661 957 705 et
999 653 1310 709 testimonio
1350 655 1789 727 Scripturarum,
1855 660 2130 717 intellectu

544 745 768 799 credere
820 745 1130 800 noluerunt.
1178 747 1382 804 Gentes
1423 766 1554 806 vero
1596 753 1815 822 scriptis
1858 768 2128 821 carentes,

544 838 729 891 auditu
781 837 900 891 solo
953 840 1385 907 acquieverunt:
1425 843 1546 897 dico
1588 844 1712 913 quia
1760 856 1951 914 gentes
1998 849 2131 901 obe-

546 929 695 982 dient
725 948 737 981 :
763 920 869 997 'ﬁlii
904 946 1029 985 vero
1064 931 1188 993 inci,
1222 932 1273 985 id
1307 942 1388 987 est
1419 933 1590 990 Judtci
1624 938 1715 1007 qui
1748 938 1842 992 ﬁlii
1873 940 1979 995 mei
2009 955 2130 995 esse

545 1022 762 1085 debent,
815 1022 974 1076 alieni
1024 1040 1052 1075 a
1096 1039 1180 1077 me
1232 1022 1361 1079 facti
1413 1027 1572 1096 culpa
1623 1044 1718 1082 sua
1753 1029 1953 1098 :juxta
1998 1031 2127 1086 illud

543 1112 961 1180 propheticum:
1021 1132 1038 1163 ‹
1069 1112 1239 1168 Filios
1279 1116 1512 1171 enutrivi
1576 1127 1632 1172 et
1681 1119 1912 1173 exaltavi
1963 1137 1975 1172 :
2026 1121 2127 1190 ipsi

542 1215 722 1258 autem
755 1214 1074 1273 spreverunt
1114 1222 1199 1260 me
1230 1206 1385 1277 (lsai.
1427 1224 1465 1273 I,
1493 1208 1573 1280 ἓ).
1608 1229 1628 1263 ι
1663 1210 1869 1265 Mentiti
1895 1222 2039 1277 sunt,
2076 1215 2127 1268 id

542 1304 627 1346 est
668 1295 993 1348 meutientur
1022 1312 1035 1349 :
1068 1306 1124 1351 et
1159 1297 1262 1351 hoc
1292 1300 1456 1365 mihi,
1512 1301 1562 1354 id
1590 1310 1674 1355 est
1713 1303 1815 1357 hoc
1850 1304 2125 1374 continget

540 1385 607 1437 ad
642 1387 900 1439 honorem
933 1404 1112 1441 meum
1150 1405 1163 1441 :
1198 1390 1440 1446 dicentes
1486 1392 1560 1446 illi
1608 1392 1702 1447 ﬁlii
1748 1410 1762 1447 :
1817 1412 1835 1444 ι
1870 1395 2123 1465 Discipuli

538 1478 699 1530 furati
755 1487 882 1532 sunt
957 1494 1115 1543 eum,
1178 1491 1232 1534 et
1284 1483 1535 1538 dixerunt
1600 1484 1740 1553 plebi
1794 1500 1810 1539 :
1880 1486 2123 1542 Surrexit

537 1563 646 1633 (Ex
684 1565 877 1622 Matth.
920 1568 1059 1639 ult.).
1088 1589 1106 1621 ι
1146 1570 1210 1624 Ει
1242 1571 1344 1625 hoc
1372 1573 1438 1627 ad
1469 1573 1726 1629 honorem
1754 1575 1964 1631 Domini
2004 1577 2121 1631 fuit.

534 1654 639 1727 53
654 1658 783 1711 Cum
809 1660 953 1713 enim
969 1660 1211 1715 dicerent
1236 1663 1375 1731 quod
1393 1664 1785 1720 dormientibus
1804 1668 2121 1723 custodibus

2233 474 2336 530 dus
2392 474 2592 529 dicitur
2637 474 2725 543 qui
2765 473 2922 528 facile
2950 482 3005 527 et
3054 473 3258 541 absque
3306 473 3510 528 ratione
3540 475 3741 538 irasciuir,

2235 563 2299 617 Et
2327 578 2430 618 non
2465 562 2637 618 solmn
2691 562 2950 617 liberabis
2984 565 3133 616 .-—sed
3179 562 3437 617 exultabis
3468 582 3543 619 me
3569 568 3742 629 faciendo

2234 675 2300 713 ne
2342 659 2529 713 cedam
2561 675 2575 723 ;
2611 673 2697 711 me
2725 657 2847 711 dico
2868 699 2883 721 ,
2917 667 3226 727 exemptum
3259 658 3325 710 ab
3355 658 3692 729 insurgentibus
3711 670 3743 721 iu

2231 767 2333 815 me,
2362 751 2414 806 id
2444 762 2527 805 est
2556 767 2584 804 τι
2613 760 2882 820 potestate
2922 765 3132 804 eormn.
3184 750 3252 803 Et
3290 759 3446 803 antea
3475 767 3617 820 quam
3641 760 3743 810 exal-

2233 849 2335 906 tes,
2362 842 2549 909 eripies
2583 858 2681 904 nte,
2718 839 3117 905 resuscitando,
3151 858 3182 893 a
3215 841 3323 893 viro
3356 841 3548 910 iniquo,
3573 844 3615 897 id
3649 858 3769 901 esta‘

2232 943 2499 1001 potestate
2545 928 2880 997 Judtcorum,
2911 933 2999 1000 qui
3031 931 3386 1001 singulariter
3433 932 3510 986 vir
3537 935 3743 1005 dicuntur,

2230 1039 2295 1078 eo
2320 1027 2461 1094 quod
2491 1024 2543 1078 in
2574 1024 2859 1093 iniquitate
2887 1040 3053 1078 unum
3103 1024 3241 1089 sint,
3274 1033 3329 1079 et
3358 1036 3628 1094 propterea,
3662 1032 3746 1099 quia

2228 1116 2494 1172 exaltabis
2531 1124 2587 1171 et
2631 1116 2829 1186 eripies
2858 1156 2873 1180 ,
2923 1117 3207 1181 conﬁtebor
3247 1118 3342 1171 tibi
3386 1120 3438 1171 in
3481 1121 3743 1189 nationibus,

2230 1208 2456 1263 Domine
2480 1249 2498 1275 ,
2549 1207 2603 1262 id
2647 1217 2731 1262 est
2770 1224 2927 1262 veros
2980 1207 3321 1263 confessores
3371 1211 3568 1278 pariam
3600 1229 3610 1263 :
3644 1224 3682 1266 et
3710 1217 3744 1269 iu

2228 1299 2477 1369 gentibus
2522 1308 2579 1352 ut
2620 1298 2760 1353 idem
2792 1299 2847 1351 in
2890 1298 3179 1368 Evangelio
3211 1316 3224 1352 :
3262 1317 3278 1349 ι
3312 1300 3460 1353 Alias
3488 1315 3601 1355 oves
3623 1302 3745 1359 habeo

2228 1406 2346 1459 qua:
2398 1405 2505 1444 non
2558 1398 2683 1444 sunt
2718 1406 2785 1444 ex
2830 1391 2933 1445 hoc
2977 1390 3127 1444 ovili.
3159 1390 3222 1444 Et
3280 1389 3401 1445 illas
3447 1401 3637 1461 oportet
3689 1412 3745 1450 me

2227 1484 2529 1547 adducere,
2572 1492 2626 1536 et
2658 1498 2843 1536 vocem
2870 1498 3045 1537 meam
3070 1483 3302 1553 {audient
3349 1482 3525 1553 (Joan.
3552 1501 3599 1547 ιι,
3629 1485 3742 1555 16),ι

2226 1582 2415 1627 etnon
2462 1572 2633 1626 solum
2684 1571 2984 1627 conﬁtebor
3013 1587 3137 1637 ore,
3198 1573 3294 1626 sed
3332 1575 3525 1626 nomini
3561 1584 3665 1640 tuo,
3710 1580 3744 1633 id
3834 1632 3835 1639 χ

2225 1671 2308 1716 est
2334 1662 2399 1716 ad
2428 1662 2686 1717 honorem
2724 1663 2957 1717 nominis
2997 1663 3072 1717 tui
3108 1663 3373 1732 psalmum
3406 1665 3604 1729 dicam,
3628 1667 3745 1723 idest

536 1748 784 1817 discipuli
814 1749 976 1804 furati
1018 1760 1165 1816 sunt,
1198 1752 1357 1821 plane
1386 1755 1725 1809 mendacium
1764 1771 1887 1811 esse
1927 1758 2120 1826 patuit.
2160 1757 2199 1811 Β
2226 1768 2319 1809 eas
2358 1765 2546 1824 gentes
2578 1742 2737 1809 bona
2783 1756 3097 1825 Operatioue
3144 1755 3365 1811 laudare
3422 1758 3619 1812 faciam.
3676 1759 3746 1814 Per

535 1834 636 1901 Qui
686 1838 831 1891 enim
891 1848 1018 1893 tunc
1089 1834 1466 1907 dormierunt,
1517 1845 1787 1913 quomodo
1836 1845 2126 1916 discipulos

533 1924 780 1982 furantes
827 1943 1026 1998 corpus
1073 1930 1271 1984 Christi
1316 1934 1723 2000 cognoverunt?
1771 1936 1835 1989 Et
1888 1952 1985 2005 per
2025 1937 2128 1992 hoc

531 2023 675 2090 quod
706 2024 1038 2077 mentientur
1067 2024 1160 2078 ﬁlii
1193 2025 1354 2079 alieni
1390 2026 1661 2080 inveterati
1682 2037 1803 2082 sunt
1824 2069 1839 2094 ,
1883 2029 1935 2085 id
1966 2039 2048 2085 est
2072 2031 2123 2083 in

534 2122 803 2169 vetustate
841 2114 969 2169 Adae
1015 2118 1380 2170 remanebunt
1430 2134 1442 2170 :
1482 2117 1731 2173 nolentes
1782 2133 1879 2189 per
1923 2118 2123 2175 Christi

535 2205 988 2260 resurrectionem
1022 2206 1294 2261 renovari.
1335 2207 1401 2259 Et
1442 2207 1546 2277 ipsi
1601 2208 1890 2263 inveterati
1922 2210 2126 2263 claudi-

531 2307 819 2363 caverunt,
881 2300 933 2353 id
992 2310 1076 2354 est
1138 2298 1393 2353 errabunt
1442 2316 1475 2353 a
1534 2301 1736 2354 semitis
1793 2302 1902 2355 suis
1968 2317 2123 2356 rece-

532 2386 729 2449 dendo,
772 2388 935 2443 idest
977 2403 1007 2441 a
1058 2387 1349 2443 subtilibus
1404 2387 1772 2444 intellectibus
1806 2388 2121 2461 Scriptura-

534 2495 652 2532 rmn
699 2490 940 2533 Suarum.
990 2478 1232 2533 Claudus
1274 2488 1456 2533 autem
1491 2480 1690 2534 dicitur
1718 2482 1810 2550 qui
1856 2498 1963 2537 uno
1990 2484 2124 2553 pede

532 2580 719 2633 recte,
775 2568 947 2624 altero
1001 2585 1130 2624 vero
1177 2568 1513 2638 inaequaliter
1562 2569 1755 2641 pergit.
1806 2570 1880 2625 lta
1922 2581 1976 2626 et
2025 2572 2121 2641 ipsi

532 2662 989 2726 claudiczwerunt,
1024 2661 1356 2716 intellectum
1393 2677 1560 2715 unum
1611 2671 1820 2717 rectum
1867 2663 1921 2716 in
1972 2663 2122 2719 Scri-

535 2752 707 2814 pturis
750 2753 1044 2817 habentes,
1081 2752 1134 2806 id
1168 2764 1250 2807 est
1301 2752 1367 2807 ad
1397 2752 1665 2818 litteram;
1716 2752 1943 2808 alterum
1994 2769 2123 2809 vero

534 2850 757 2910 tortum,
788 2845 840 2899 id
865 2856 948 2900 est
973 2844 1337 2915 allegoricum.
1364 2843 1431 2898 Et
1452 2860 1578 2898 vere
1601 2845 1931 2899 mentientur
1956 2860 1971 2899 t
1999 2862 2119 2899 nam

535 2934 786 2987 Dominus
812 2936 953 3001 ririt,
980 2934 1029 2986 id
1060 2943 1163 2998 est,
1187 2948 1285 3004 ego
1318 2933 1409 3003 qui
1436 2948 1464 2986 a
1494 2933 1656 2989 Patre
1705 2950 1824 2989 sum
1854 2934 2120 2989 constitu-

532 3033 619 3077 tus
659 3023 937 3087 Dominus,
979 3026 1030 3078 in
1089 3026 1253 3079 rebus
1284 3024 1459 3078 vivam
1514 3040 1674 3094 quem
1716 3025 1971 3079 dixerunt
2014 3042 2118 3079 non

534 3126 993 3179 resurrecturum,
1023 3118 1174 3188 juxta
1222 3118 1384 3180 illud,
1421 3135 1438 3170 ‹
1495 3117 1653 3171 tertia
1704 3118 1790 3171 die
1829 3128 2073 3188 resurget
2097 3138 2113 3169 ι
2148 3120 2189 3176 C

531 3207 727 3279 (Marc.
777 3224 915 3274 vm,
962 3209 1075 3279 El).
1115 3209 1181 3262 Et
1238 3208 1362 3277 quia
1412 3208 1640 3262 vivam:
1691 3208 2018 3273 benedictus,
2066 3209 2117 3263 id

528 3308 613 3353 est
657 3299 907 3354 laudatus
951 3300 1021 3353 sit
1071 3298 1212 3354 Deus
1241 3315 1385 3351 meus
1432 3307 1488 3352 et
1517 3313 1545 3353 a
1582 3313 1670 3352 me
1714 3306 1767 3352 et
1793 3314 1822 3351 a
1859 3299 2013 3352 meis.
2051 3296 2116 3350 Et

529 3389 833 3453 exaltetur,
884 3390 936 3443 id
990 3399 1073 3443 est
1122 3390 1453 3460 gloriﬁcetur
1502 3404 1599 3459 per
1658 3391 2116 3445 resurrectionem

533 3497 750 3534 meam:
794 3481 935 3535 Deus
975 3491 1165 3536 auctor
1196 3481 1383 3535 salutis
1411 3521 1425 3545 ,
1466 3481 1519 3536 id
1574 3491 1657 3537 est
1702 3483 2117 3537 resurrectionis

531 3589 658 3625 mete
687 3589 699 3626 :
734 3572 874 3626 Deus
900 3573 1018 3627 dico
1050 3572 1435 3643 magnificans,
1472 3574 1524 3628 id
1562 3583 1646 3628 est
1677 3573 2117 3643 magniﬁcaturus

531 3664 582 3717 in
618 3663 906 3717 virtutibus
937 3678 951 3716 :
983 3663 1179 3717 salutes
1217 3664 1352 3733 regis
1385 3666 1519 3733 ejus.
1552 3663 1714 3718 Juxta
1746 3665 2064 3734 Apostolum
2098 3680 2113 3719 :

537 3773 554 3802 ‹
599 3753 1093 3821 Quosjustiﬁcavit,
1125 3756 1221 3809 hos
1253 3764 1306 3809 et
1336 3754 1704 3823 inagniﬁcavit
1757 3754 1934 3825 (Rom.
1996 3771 2114 3819 vm,

529 3847 641 3915 50).
670 3866 687 3896 ι
724 3846 962 3917 Magnos,
1007 3848 1247 3916 inquam,
1286 3846 1450 3901 faciet
1480 3846 1768 3901 salvandos
1815 3862 1844 3899 a
1891 3860 1975 3900 me
2024 3849 2111 3915 qui

530 3956 651 3991 sum
693 3955 785 3993 rex
812 3940 1100 4010 ejusjuxta
1135 3940 1266 3994 illud
1298 3958 1310 3992 :
1346 3960 1363 3991 ι
1411 3939 1751 3994 Constitutus
1784 3954 1900 3991 smn
1934 3954 2023 3994 rex
2050 3939 2115 3993 ;.ι›

530 4044 595 4082 eo
628 4029 799 4101 (Psal.
851 4046 909 4094 ιι,
942 4030 1053 4101 6).»
1126 4030 1342 4085 Salutes
1400 4043 1521 4084 vero
1569 4029 1721 4098 ponit
1768 4029 2111 4097 emphatice:

530 4122 651 4176 dico
696 4122 1052 4192 magnificans
1084 4138 1098 4175 :
1141 4132 1196 4175 et
1233 4123 1339 4176 hoc
1376 4136 1482 4175 non
1531 4136 1597 4173 ex
1651 4108 1859 4173 trieritis
1884 4133 2071 4172 eorum
2097 4160 2110 4182 ,

528 4215 622 4267 sed
655 4214 707 4267 in
735 4215 924 4284 primis
952 4212 1179 4277 faciens,
1212 4214 1263 4267 id
1303 4222 1388 4268 est
1428 4213 1668 4267 facturus
1698 4209 2112 4263 misericordiam

527 4304 765 4371 Christo,
796 4307 847 4361 id
882 4316 964 4362 est
1016 4307 1128 4377 regi
1176 4324 1272 4360 suo
1306 4305 1495 4369 David,
1531 4303 1659 4357 mihi
1695 4301 1901 4357 scilicet
1943 4301 1992 4353 in
2027 4317 2111 4354 re-

525 4398 835 4453 suscitando
870 4416 882 4452 :
917 4409 973 4453 et
1018 4409 1137 4469 post
1166 4396 1353 4452 semini
1382 4396 1525 4465 ejus,
1571 4395 1624 4448 id
1656 4402 1737 4448 est
1779 4392 2110 4463 spiritalibus

527 4490 649 4543 ttliis
678 4489 794 4557 ejus
822 4491 998 4544 eundo
1032 4508 1190 4559 usque
1218 4490 1271 4541 in
1299 4486 1551 4541 swculum
1600 4485 1839 4540 futurum
1858 4527 1871 4550 ,
1902 4485 2106 4537 miscri-
2146 4480 2187 4532 D

525 4582 763 4634 cordiam
812 4582 1061 4636 faciendo
1088 4582 1153 4634 de
1184 4580 1532 4650 generatione
1576 4578 1628 4630 in
1679 4577 2109 4647 generationem.

527 4671 640 4725 Hoc
678 4682 856 4726 autem
903 4671 1045 4741 quod
1091 4672 1404 4741 interponit,
1458 4668 1617 4731 Deus,
1647 4669 1740 4738 qui
1782 4669 1899 4732 das,
1958 4678 2060 4724 etc.
2093 4710 2108 4732 ,

525 4762 850 4831 apostruplie
876 4772 960 4817 est
1003 4762 1071 4816 ad
1108 4763 1271 4815 Demn
1303 4777 1425 4815 cum
1455 4758 1752 4829 gratiarum
1781 4757 1994 4811 actione
2045 4757 2111 4813 de

526 4854 628 4906 hoc
659 4853 798 4921 quod
828 4853 1077 4922 superius
1104 4852 1339 4906 ostendit
1361 4850 1576 4903 Patrem
1599 4847 1849 4901 daturum
1884 4863 1897 4898 :
1926 4854 1980 4901 et
2008 4846 2111 4901 hoc

528 4947 605 5001 sic
636 4945 765 5001 dicit
792 4964 803 4997 :
840 4945 970 4998 Dico
1015 4943 1332 4998 benedictus
1365 4940 1506 4993 Deus
1549 4947 1603 4993 et
1648 4938 1721 4991 ita
1752 4937 1825 4991 sit
1856 4955 1867 4989 :
1898 4936 2114 4991 benedi-

526 5050 643 5093 ctus
685 5039 758 5093 sis
795 5039 931 5091 Deus
960 5037 1050 5107 qui
1080 5036 1196 5100 das,
1228 5036 1278 5089 id
1308 5043 1393 5090 est
1418 5033 1571 5086 dabis
1599 5030 1722 5083 mihi
1759 5030 2016 5084 vindictas
2044 5030 2110 5084 de

525 5129 722 5185 iudicis
751 5138 809 5183 ut
843 5128 1093 5197 superius
1139 5126 1373 5181 ostendit
1411 5124 1489 5179 sic
1522 5142 1535 5177 :
1569 5121 1824 5177 0dientes
1878 5135 1963 5175 me
1994 5120 2108 5175 dis-

526 5220 805 5288 perdidisti
850 5230 905 5274 et
936 5221 1300 5274 comminuam
1330 5232 1426 5272 eos
1454 5224 1511 5270 et
1556 5213 1746 5269 delebo
1783 5226 1894 5275 ens,
1922 5220 1977 5266 et
2016 5211 2106 5265 be-

526 5310 775 5365 nedictus
802 5311 880 5365 sis
906 5326 997 5379 qm
1028 5310 1231 5373 subdis,
1253 5308 1303 5362 id
1328 5317 1411 5362 est
1428 5306 1630 5361 subdes
1646 5302 1870 5373 populos
1892 5302 1986 5355 sub
2003 5318 2104 5368 me,

526 5413 585 5454 ut
620 5416 781 5470 supra
805 5401 951 5454 dixi:
986 5400 1187 5453 cadent
1209 5400 1401 5453 subtus
1426 5398 1589 5468 pedes
1612 5410 1784 5461 meos,
1834 5403 1889 5448 et
1933 5409 2094 5465 pepu-

530 5496 612 5549 las
660 5509 819 5563 quem
865 5507 970 5546 nou
1010 5492 1267 5561 cognovi;
1325 5499 1427 5545 etc.
1463 5490 1529 5543 Et
1583 5488 1702 5542 idco
1738 5486 1914 5539 adhuc
1950 5485 2110 5539 bene-

529 5586 706 5639 dictus
755 5586 847 5646 sis,
879 5584 1005 5652 quia
1055 5584 1163 5638 eris
1211 5582 1461 5636 liberator
1506 5597 1651 5635 meus
1699 5593 1768 5633 ne
1819 5578 2006 5631 cedam
2045 5575 2108 5628 de

527 5677 748 5731 inimicis
763 5678 887 5731 meis
910 5678 1197 5741 immndts,
1228 5677 1292 5731 de
1315 5673 1515 5731 Judteis
1545 5670 1751 5729 scilicet
1775 5668 1865 5741 qui
1890 5673 2111 5740 propter

2230 1850 2327 1903 bas
2359 1864 2481 1904 vero
2511 1850 2808 1920 gratiarum
2844 1850 3105 1913 actiones,
3148 1864 3249 1903 nos
3288 1851 3510 1905 reddere
3545 1852 3636 1907 Deo
3660 1868 3744 1924 gra-

2230 1942 2425 1996 tiarum
2464 1942 2706 1997 actiones
2757 1943 2996 1997 instruit.

2670 2055 2736 2110 IN
2782 2054 3113 2110 PSALMUM
3164 2054 3351 2109 XVIII.

2297 2148 2512 2204 Titulus
2536 2148 2715 2204 octavi
2748 2150 2975 2204 decimi:
3006 2149 3273 2213 Psalnms,
3310 2148 3660 2203 attribuendus
3678 2149 3745 2203 DJ-

2228 2243 2312 2297 vid
2341 2243 2659 2312 propheta}:
2706 2243 2759 2296 in
2794 2242 2977 2307 ﬁnem,
3027 2242 3079 2295 id
3126 2250 3211 2297 est
3240 2243 3295 2296 in
3334 2242 3597 2297 Christum
3624 2245 3747 2311 resta-

2225 2334 2391 2388 cienti
2437 2351 2451 2387 :
2494 2333 2579 2388 vel
2632 2332 2685 2387 in
2739 2332 2903 2386 linem
2955 2342 3284 2401 temporum,
3336 2333 3389 2388 id
3437 2341 3518 2386 est
3566 2348 3609 2387 tn
3648 2342 3745 2385 tetu-

2224 2441 2355 2495 pore
2388 2425 2766 2495 plenitudinis,
2810 2424 2952 2479 unde
2990 2425 3279 2493 Apostolus
3321 2442 3335 2478 :
3381 2424 3493 2479 Nos
3533 2441 3679 2478 sumus
3708 2443 3748 2479 lit

2223 2535 2353 2587 quos
2402 2518 2534 2587 ﬁnes
2574 2517 2891 2573 saeculorum
2945 2517 3259 2571 devenerunt
3306 2515 3359 2589 (1
3397 2517 3516 2571 Cor.
3562 2534 3619 2579 ι,
3667 2518 3745 2579 ll).

2228 2609 2494 2679 Propheta
2540 2610 2844 2678 praevidens
2885 2609 3268 2677 prazdicatores
3296 2609 3361 2661 ad
3400 2608 3747 2662 instructionem

2224 2700 2527 2755 Ecclesitna
2572 2700 2682 2754 Deo
2734 2699 3150 2754 mittendoszet
3199 2711 3393 2751 eorum
3445 2696 3748 2750 otliciomira-

2225 2788 2362 2852 bili,
2418 2788 2588 2858 legem
2630 2803 2725 2858 per
2774 2796 3022 2842 sanctum
3082 2786 3348 2856 Spiritum
3405 2785 3747 2845 exhibendam,

2223 2898 2343 2954 quae
2401 2881 2746 2936 inuuaculata
2796 2881 2901 2935 erit
2950 2891 3007 2935 et
3054 2889 3285 2934 sancta:
3319 2878 3385 2932 ad
3436 2893 3746 2933 successorum

2224 2988 2444 3028 suorum
2490 2972 2937 3038 instructionem,
2991 2971 3167 3039 sancti
3224 2970 3464 3040 Spiritus
3518 2969 3746 3040 agilitate,

2225 3066 2366 3134 quod
2397 3063 2639 3118 futurum
2665 3074 2748 3117 est
2778 3067 2931 3133 quasi
2954 3076 3217 3132 praesens,
3241 3062 3322 3117 sic
3343 3060 3610 3132 gaudendo
3638 3074 3745 3128 pne-

2223 3159 2403 3211 dicere
2434 3155 2686 3210 intendit.

2289 3248 2399 3322 54
2418 3248 2547 3304 (ἴωιὶ
2573 3258 2822 3303 enarravit
2853 3248 3079 3319 gloriam
3100 3247 3221 3313 Dei,
3247 3247 3300 3303 id
3328 3256 3413 3303 est
3440 3245 3659 3317 apostoli,
3676 3246 3745 3314 qui

2221 3344 2553 3397 sublimitate
2575 3343 2834 3396 virtutum
2867 3341 3078 3396 dicendi
3098 3350 3225 3395 sunt
3245 3340 3385 3393 caeli.
3424 3340 3576 3393 Extra
3598 3353 3746 3392 narra-

2219 3436 2374 3502 bunt,
2400 3437 2452 3491 id
2488 3447 2572 3491 est
2595 3436 2647 3491 in
2684 3433 2973 3505 propatulo
3002 3474 3017 3499 ,
3068 3434 3358 3504 gloriosam
3393 3434 3651 3488 essentiam
3675 3431 3745 3484 Dei

2217 3528 2362 3593 Filii,
2421 3537 2480 3583 ut
2515 3526 2753 3583 Joannes
2803 3528 3135 3598 evangelista
3165 3545 3178 3580 :
3218 3544 3236 3577 ι
3288 3526 3346 3580 In
3379 3525 3619 3596 principio
3654 3533 3747 3577 erat

2216 3621 2494 3686 Verbum,
2545 3642 2563 3675 ι
2638 3632 2746 3677 etc;
2817 3619 2998 3690 (Joan.
3065 3638 3117 3686 ι,
3182 3619 3263 3690 1.)
3344 3620 3409 3674 Et
3468 3620 3593 3673 idem
3647 3618 3745 3671 (teli

2217 3717 2320 3770 alia
2383 3717 2820 3771 consideratione
2875 3714 3089 3769 dicendi
3150 3713 3537 3782 ﬁrmamentum
3580 3724 3749 3763 annun-

2220 3811 2389 3873 tiaut,
2430 3809 2481 3863 id
2517 3819 2603 3863 est
2650 3808 3053 3862 annuntiabunt
3097 3822 3257 3874 Opera
3287 3805 3435 3873 ejus,
3467 3805 3515 3857 id
3541 3812 3612 3857 est
3647 3816 3750 3853 sau-

2216 3911 2298 3957 cta
2359 3917 2523 3970 opera
2552 3916 2674 3971 quae.
2728 3906 3112 3970 processerunt
3154 3913 3221 3951 ex
3278 3897 3560 3961 manibus,
3604 3894 3646 3948 id
3681 3903 3749 3945 est

2216 3994 2595 4049 aﬁ‘ectionibus
2648 3992 2802 4061 ejus,
2876 3993 2928 4046 id
2990 4001 3074 4046 est
3132 4004 3299 4059 opera
3360 4004 3478 4058 qua}
3528 3988 3749 4041 humanus

2213 4088 2453 4142 existens
2506 4086 2861 4156 corporaliter
2909 4084 3061 4155 egit,
3112 4093 3170 4137 ut
3220 4081 3507 4153 Apostolus
3550 4095 3563 4134 :
3602 4099 3618 4130 ι
3653 4075 3745 4131 Non

2208 4179 2444 4249 jndieavi
2501 4193 2587 4233 me
2645 4178 2790 4233 scire
2846 4178 2988 4230 inter
3044 4189 3140 4230 vos
3209 4174 3313 4227 nisi
3378 4172 3632 4227 Christum
3670 4164 3749 4219 lc-

2214 4289 2362 4334 sum.
2391 4282 2446 4326 et
2480 4272 2622 4326 hunc
2668 4268 2986 4325 cruciﬁxum
3028 4266 3084 4337 (1
3115 4265 3238 4319 Cor.
3271 4281 3341 4328 ιι,
3373 4263 3450 4332 Ξ).
3491 4282 3509 4314 ι
3551 4261 3609 4314 Et
3639 4258 3748 4312 bene

2215 4365 2269 4418 in
2317 4364 2418 4418 hoc
2458 4363 2588 4417 dicit
2617 4377 2712 4416 eos
2757 4360 3183 4429 ﬁrmamentum,
3235 4372 3362 4411 cum
3407 4354 3549 4408 enim
3588 4353 3631 4407 in
3663 4349 3748 4402 hac

2215 4452 2588 4506 annuntiando
2632 4450 2773 4503 firmi
2823 4448 3025 4512 forent,
3087 4446 3213 4500 ﬁdei
3266 4445 3642 4499 ﬁrmamentum
3674 4440 3747 4489 in-

2216 4545 2546 4599 ﬁrmioribus
2577 4551 2754 4597 erant.
2810 4520 3067 4607 Quam°vis
3115 4536 3264 4592 enim
3310 4534 3578 4591 Christum
3618 4532 3747 4585 Deum

2212 4638 2550 4694 cthominem
2569 4637 2695 4691 licet
2726 4644 2995 4689 mortuum
3024 4642 3078 4686 et
3098 4629 3357 4684 alllictunt
3390 4624 3623 4681 humanis
3642 4634 3747 4689 quo-

2212 4748 2317 4803 que
2342 4729 2760 4787 necessntatibus
2786 4727 3251 4787 circumventum;
3280 4720 3563 4773 Dominum
3605 4727 3747 4769 tamen

2212 4824 2451 4878 omnium
2499 4831 2556 4877 et
2605 4834 2786 4890 regem
2831 4816 3091 4884 Patrique
3125 4809 3624 4868 consubstantialem
3665 4821 3751 4857 an-

2216 4915 2513 4970 nuutiando
2541 4911 2693 4968 stulti
2735 4908 2805 4963 ab
2838 4906 3133 4962 incredulis
3162 4919 3284 4959 esse
3322 4903 3678 4968 iudicarentur,
3699 4893 3749 4945 in

2213 5009 2317 5064 hoc
2374 5019 2551 5062 tamen
2602 5006 2742 5060 tirmi
2791 5014 2847 5059 et
2903 5002 3207 5057 immobiles
3261 4998 3556 5054 nullatenus
3591 4990 3750 5048 erube-

2212 5100 2412 5155 scendo
2456 5097 2851 5166 persistebant,
2906 5104 2965 5148 ut
3008 5091 3301 5163 Apostolus
3339 5109 3354 5144 :
3396 5089 3516 5143 Non
3544 5088 3747 5141 erubesco

2211 5192 2556 5263 Evangelium
2599 5206 2617 5243 :
2663 5191 2825 5244 virtus
2866 5190 3002 5243 enim
3047 5186 3140 5239 Dei
3176 5196 3249 5238 est
3292 5183 3469 5253 (Rom.
3501 5198 3537 5246 ι,
3570 5178 3671 5246 lli):
3698 5182 3751 5224 el

2212 5286 2343 5341 alibi
2372 5303 2386 5340 :
2420 5304 2438 5336 ι
2471 5285 2625 5353 Quod
2657 5283 2931 5337 inﬁrmum
2957 5291 3041 5335 cst
3074 5280 3199 5343 Dei,
3227 5279 3423 5333 fortius
3448 5285 3523 5331 est
3554 5266 3750 5327 humilli-

2211 5378 2313 5432 bus
2344 5375 2393 5447 (I
2420 5376 2541 5430 Cor.
2578 5391 2615 5439 ι,
2646 5372 2756 5443 15).
2793 5391 2810 5424 ι
2847 5372 2982 5438 Quia
3007 5370 3223 5423 dixerat
3251 5384 3348 5423 eos
3377 5363 3752 5421 annuutiaturos

2211 5470 2436 5540 gloriam
2491 5477 2544 5523 et
2567 5482 2730 5537 opera
2761 5506 2775 5529 ,
2830 5481 2898 5519 ne
2955 5474 3272 5532 putaremus
3317 5460 3458 5529 quod
3498 5456 3753 5512 indiscrete

2211 5565 2392 5621 omnia
2441 5562 2694 5617 omnibus
2749 5558 3139 5612 annuntiarent
3167 5595 3181 5620 ,
3233 5554 3475 5622 przedicit
3510 5564 3590 5604 eos
3636 5555 3751 5595 Cum

2212 5659 2539 5715 discretione
2582 5654 2684 5709 hoc
2714 5661 2938 5707 acturos
2967 5649 3044 5705 sic
3073 5668 3087 5701 :
3120 5649 3244 5703 dico
3275 5648 3416 5719 quod
3459 5653 3510 5701 et
3548 5636 3749 5708 altilium
