3864 6320
134 366 214 424 709

1045 352 1405 410 EXPOSITIO
1446 350 1510 407 IN
1560 346 1891 405 PSALth.
1924 346 2213 403 —-PS.\L.
2256 344 2435 400 XVIII.

3224 350 3329 408 710

133 486 178 529 et
220 483 374 541 Opera
410 447 807 521 annuntiaiutit
834 503 849 527 ,
891 473 944 518 et
986 465 1084 519 hoc
1134 466 1255 519 cum
1310 462 1653 516 discretione.
1688 460 1733 515 Α
1760 458 1859 513 l'uit
1885 459 2077 515 debilis
2105 474 2120 513 :
2150 459 2242 513 sed
2284 466 2341 510 ut
2364 458 2508 527 gigas
2531 455 2648 521 fuit,
2697 459 2747 513 id
2793 469 2876 514 est
2902 451 3064 518 fortis.
3086 466 3153 520 ad
3182 480 3335 519 cont-

134 561 244 615 Nam
282 559 387 611 dies
416 555 521 609 diei
551 562 752 608 eructat
787 554 993 607 verbum
1016 593 1032 617 ,
1066 563 1114 607 et
1143 569 1247 607 nos:
1274 554 1412 607 nocti
1463 552 1661 605 indicat

131 648 403 708 scientiam,
448 643 499 696 id
543 649 627 697 est
673 641 773 710 ipsi
804 640 1016 695 dicendi
1048 640 1183 704 dies,
1215 639 1268 694 id
1316 647 1399 694 est
1440 637 1570 693 clari
1610 646 1667 691 et

133 734 288 803 fulgidi
322 733 371 785 in
410 730 656 785 doctrina
687 729 791 783 illis
822 728 914 798 qui
943 735 1068 783 sunt
1104 728 1219 783 dies
1244 767 1259 793 ,
1301 728 1352 781 id
1380 736 1462 782 est
1490 726 1667 794 splen-

134 826 221 879 didi
250 824 297 876 in
320 820 609 883 intellectu,
647 828 706 873 ut
731 818 926 874 Paulus
967 819 1242 890 Dionysio,
1270 827 1521 873 eructant
1553 832 1669 870 ver-

134 917 237 970 bum
264 930 276 963 ε
305 911 493 965 Filium
522 910 617 964 Dei
648 910 875 974 scilicet,
909 910 962 965 id
997 918 1080 965 est
1106 924 1173 964 ex
1208 908 1470 978 profunda
1500 916 1554 962 et
1586 908 1666 960 in-

135 1004 292 1060 teriori
330 1002 588 1071 sapientia
620 1002 752 1070 ipsis
775 1017 805 1056 a
833 1002 944 1057 Deo
972 1002 1095 1057 data
1127 1003 1402 1071 profertur
1429 1001 1666 1055 essentia

135 1092 257 1146 verbi
287 1090 372 1144 Dei
401 1090 466 1142 ad
497 1090 712 1143 modum
743 1091 1068 1144 rnctantium
1090 1106 1157 1145 ex
1184 1091 1529 1145 interioribus
1545 1105 1669 1159 pro-

136 1184 341 1237 ductum.
383 1178 532 1233 Unde
560 1179 848 1247 Apostolus
879 1195 893 1232 :
935 1198 955 1231 ι
996 1180 1382 1249 Spiritualibus
1413 1180 1671 1249 spiritua-

136 1274 190 1328 Iia
238 1279 601 1338 comparantes
631 1268 689 1339 (l
737 1269 856 1324 Cor.
894 1286 973 1337 ιι,
1020 1271 1131 1334 i3).
1165 1290 1184 1323 ι
1241 1270 1310 1325 Ει
1360 1271 1461 1339 ipsi
1504 1270 1669 1324 etiam

136 1363 392 1416 existentes
416 1373 540 1421 nox,
558 1358 611 1413 id
641 1370 724 1413 est
743 1360 894 1427 parvi
923 1369 979 1416 et
1009 1376 1115 1415 non
1147 1359 1341 1430 fulgidi
1366 1360 1590 1414 multum
1617 1360 1671 1413 in

138 1451 369 1514 doctrina,
386 1457 644 1518 quantum
663 1449 729 1504 ad
761 1450 879 1506 illos
899 1451 988 1520 qui
1015 1460 1141 1505 sunt
1171 1466 1274 1507 nox
1297 1452 1348 1506 in
1369 1451 1669 1517 intellectu,

138 1541 179 1595 id
192 1551 262 1595 est
288 1540 429 1607 parvi
452 1548 507 1593 et
533 1554 641 1594 non
671 1538 880 1610 fulgidi,
901 1541 1140 1597 indicant
1168 1543 1453 1598 scientiam
1478 1544 1557 1597 eis
1576 1583 1592 1608 ,
1621 1543 1672 1597 id

137 1639 204 1684 est
226 1629 302 1683 illa
328 1644 444 1699 qua:
473 1645 664 1684 eorum
714 1632 965 1696 scientia,
998 1632 1051 1685 id
1080 1641 1164 1688 est
1210 1634 1488 1689 saecularis
1517 1620 1675 1687 intel-

138 1720 279 1775 lectus
315 1734 504 1789 capere
541 1736 650 1775 non
694 1730 898 1787 potest;
946 1724 1088 1779 unde
1132 1725 1424 1795 Apostolus
1464 1743 1479 1780 :
1512 1744 1531 1776 ι
1567 1725 1676 1781 Lac

138 1813 263 1866 vobis
303 1822 482 1880 potum
534 1812 692 1881 dedi},
742 1828 846 1867 non
877 1814 1132 1886 escam(I
1179 1815 1302 1870 Cor.
1353 1832 1454 1882 ιιι,
1505 1817 1605 1887 2):

137 1911 182 1954 et
202 1900 312 1953 alibi
342 1917 354 1952 :
384 1919 402 1950 ι
439 1899 558 1954 Non
593 1900 742 1971 potui
773 1902 927 1957 vobis
971 1902 1119 1972 loqui
1148 1906 1304 1974 quasi
1351 1906 1676 1977 sprirituali-

138 1990 245 2055 bus,
288 1990 376 2044 sed
399 1990 553 2059 quasi
584 1990 891 2047 carnalibus
919 1992 1109 2065 (Ibid.)
1145 2008 1162 2048 :
1200 2013 1220 2047 ι
1254 2004 1310 2050 ει
1340 1997 1445 2052 hoc
1474 1996 1679 2052 faciunt

137 2078 348 2133 miriﬁce.
406 2078 545 2133 Nam
616 2096 720 2133 non
789 2092 909 2135 sunt
970 2082 1189 2152 loquela
1249 2100 1412 2154 neque
1476 2102 1676 2141 sermo-

138 2186 236 2232 nes.
268 2178 365 2224 etc.
386 2209 403 2235 ,
451 2170 507 2223 id
564 2178 650 2224 est
676 2210 692 2236 ,
739 2186 844 2226 non
877 2182 1001 2227 sunt
1044 2174 1238 2245 lingua:
1263 2176 1397 2231 adeo
1422 2176 1673 2242 diversas,

139 2274 285 2329 neque
316 2273 593 2315 sermones
624 2260 761 2317 adeo
792 2265 1011 2327 ornati,
1062 2279 1237 2334 neque
1284 2267 1338 2320 in
1394 2266 1676 2323 dialectica

140 2364 287 2420 neque
330 2351 381 2404 in
442 2351 757 2420 rhetorica,
827 2369 1056 2423 quorum
1112 2372 1215 2411 non
1269 2357 1577 2422 audiantur,
1626 2359 1677 2413 id

140 2450 207 2494 est
253 2441 300 2494 in
340 2441 534 2510 quibus
585 2458 692 2497 non
738 2443 1030 2500 audiantur
1074 2462 1221 2502 uoces
1268 2463 1468 2502 eorum.
1529 2448 1675 2515 Quo-

141 2544 236 2580 rum
278 2530 421 2598 ponit
474 2546 575 2599 pro
609 2531 846 2587 ablativo
896 2548 1048 2589 more
1094 2534 1406 2591 Grzecorum
1434 2579 1449 2602 ,
1499 2539 1553 2594 id
1595 2548 1679 2594 est

139 2618 258 2671 nulla
295 2629 376 2674 est
423 2620 606 2692 lingua
661 2637 836 2692 neque
886 2633 1111 2680 ornatus
1171 2640 1484 2682 sermonum
1542 2643 1678 2698 quos

141 2710 351 2778 ignorent
384 2728 399 2764 :
428 2720 484 2765 et
512 2712 708 2781 quibus
739 2725 1005 2783 nequeant
1043 2716 1301 2786 adaptare
1324 2732 1486 2774 voces
1512 2733 1636 2774 suas
1660 2759 1675 2783 ,

140 2810 188 2853 ut
222 2801 268 2854 in
314 2802 522 2858 actibus
568 2804 951 2874 Apostolorum
987 2824 999 2860 :
1040 2824 1059 2858 ι
1095 2806 1482 2878 Loquebantur
1510 2812 1679 2867 variis

140 2888 306 2958 linguis
329 2892 552 2961 apostoli
580 2894 718 2962 (Act.
752 2909 814 2959 ιι,
846 2893 924 2959 4).
959 2913 978 2947 ι
1015 2895 1083 2949 Et
1110 2897 1227 2952 htec
1250 2912 1358 2952 non
1392 2900 1680 2954 annuntia-

139 2982 250 3035 bunt
294 2984 342 3037 in
393 2985 606 3038 occulto
637 2984 722 3039 vel
762 2987 967 3056 paucis,
1014 2989 1110 3043 sed
1157 2988 1400 3044 dilatate.
1438 2989 1571 3045 Nam
1624 2992 1679 3046 in

139 3087 310 3125 onmem
340 3084 530 3127 terram
570 3076 771 3141 exivit,
821 3077 871 3131 id
919 3086 1004 3133 εει
1037 3079 1202 3146 exiet,
1257 3098 1413 3136 sonus
1440 3122 1455 3147 ,
1502 3083 1555 3138 id
1595 3095 1677 3139 est

1768 552 2099 622 parationem
2140 548 2373 621 gigantis
2404 563 2565 619 quem
2593 550 2768 604 nullus
2816 552 3072 614 impedire
3116 565 3336 624 potest:

1768 643 1887 697 dico
1917 642 2060 711 quod
2113 640 2213 694 fuit
2255 641 2588 708 procedens,
2625 649 2679 694 et
2724 644 2967 710 quamvis
3006 658 3069 697 ex
3099 645 3336 699 thalamo

1767 729 1992 799 virginis
2017 730 2315 798 processit:
2346 737 2522 784 tamen
2569 731 2792 798 egressio
2816 730 2956 798 ejus,
2986 732 3037 785 id
3073 745 3157 785 est
3184 734 3339 802 geni-

1771 825 1889 871 tura
1919 819 2036 889 ejus
2057 828 2137 874 est
2160 833 2189 871 a
2219 834 2421 871 summa
2444 817 2588 882 caelo,
2616 818 2665 871 id
2689 829 2772 872 est
2810 836 2839 873 a
2867 820 3023 874 Patre
3044 860 3058 884 ,
3100 822 3190 891 qui
3229 837 3345 875 emo

1770 907 1880 962 lum
1906 922 2011 974 εει,
2033 909 2293 978 dignitate
2326 908 2552 963 Deitatis
2582 918 2638 963 et
2676 909 3028 963 sublimitate.
3066 909 3342 965 Summum

1769 1013 1898 1054 vero
1926 1000 2123 1053 dicitur
2150 1017 2164 1053 :
2192 1013 2298 1052 non
2319 999 2462 1068 quod
2494 1000 2666 1068 major
2686 1000 2756 1054 sit
2782 1000 2950 1063 Filio,
2980 1000 3074 1053 sed
3102 1001 3242 1070 quod
3275 1001 3344 1052 ab

1768 1102 1835 1143 eo
1860 1087 2385 1143 ineﬁ‘abiliterFilius
2406 1088 2617 1158 genitus
2641 1088 2889 1157 estjuxta
2909 1088 3066 1142 illud:
3122 1106 3142 1138 ι
3173 1086 3348 1142 Gene-

1771 1180 2036 1234 rationem
2057 1180 2173 1250 ejus
2192 1178 2315 1248 quis
2334 1178 2775 1249 enarrabit(!sai.
2792 1196 2867 1243 tv,
2882 1179 2968 1249 8)?
2987 1198 3005 1230 ι
3023 1178 3347 1247 thuamvis

1770 1271 2065 1324 secundum
2096 1269 2459 1337 egressionem
2486 1268 2623 1324 alius
2663 1271 2734 1324 sit
2761 1270 2815 1323 in
2863 1286 3125 1340 persona,
3167 1278 3344 1322 tamen

1771 1376 2021 1414 occursus
2039 1362 2154 1426 eius
2171 1369 2254 1415 εει
2280 1377 2438 1430 usque
2460 1361 2528 1414 ad
2548 1377 2808 1414 sumntum
2822 1362 2958 1431 ejus,
2973 1362 3024 1414 id
3048 1369 3135 1415 est
3159 1375 3348 1415 occur-

1772 1451 1843 1504 rit
1865 1466 2035 1520 usque
2067 1451 2132 1503 ad
2171 1450 2535 1504 summitatem
2562 1450 2861 1504 divinitatis
2881 1449 2997 1517 ejus
3021 1448 3227 1505 scilicet
3249 1466 3340 1518 pa-

1773 1541 1891 1595 tris.
1917 1540 2068 1608 Quod
2101 1549 2183 1595 est
2213 1541 2424 1595 dicere:
2446 1540 2594 1593 Licet
2614 1540 2750 1593 alius
2775 1542 2827 1593 in
2852 1555 3101 1610 persona,
3126 1540 3348 1607 :equalis

1776 1641 1954 1686 tamen
2001 1641 2083 1687 est
2114 1633 2167 1686 in
2203 1631 2455 1686 essentia.
2496 1631 2562 1684 Et
2601 1631 2736 1685 bene
2764 1632 2912 1701 ponit
2952 1634 3273 1692 occursutn‘,
3314 1644 3346 1683 τι

1775 1722 2123 1777 similitudine
2151 1736 2336 1777 eorum
2379 1719 2472 1789 qui
2505 1719 2606 1774 sibi
2646 1728 2958 1783 occurrunt,
2987 1727 3045 1771 ut
3086 1718 3137 1773 in
3186 1733 3345 1771 unam

1648 1839 1667 1871 ι
1706 1808 1748 1867 Β
1777 1828 2008 1867 massam
2037 1811 2359 1867 conveniant
2390 1824 2405 1863 :
2441 1811 2514 1865 ita
2543 1818 2597 1865 et
2640 1809 2809 1864 Filius
2856 1809 3001 1863 Patri
3032 1810 3084 1862 in
3114 1810 3345 1864 summi-

1783 1912 1890 1958 tate
1916 1903 2178 1969 occurrit,
2208 1903 2259 1958 id
2288 1911 2373 1958 est
2400 1916 2521 1955 cum
2549 1915 2614 1956 eo
2660 1901 2711 1955 in
2746 1901 3027 1955 divinitate
3051 1898 3303 1955 convenit
3333 1916 3350 1952 :

1768 1989 2071 2047 secundum
2102 2007 2234 2047 vero
2278 1990 2682 2046 translationem
2736 1989 3085 2055 llebraicam,
3139 1990 3192 2045 in
3242 2004 3348 2059 qua

1780 2081 2052 2136 habetur:
2096 2099 2114 2131 ι
2146 2080 2200 2134 In
2232 2080 2346 2135 sole
2389 2080 2572 2149 posuit
2628 2079 3036 2133 tabernaculum
3088 2094 3243 2134 suum
3300 2079 3351 2132 in

1778 2170 1879 2233 eis,
1911 2187 1930 2222 ι
1969 2168 2049 2223 sic
2077 2169 2307 2235 dicetur,
2334 2169 2445 2223 dixi
2469 2170 2594 2238 quia
2626 2169 2748 2224 cadi
2771 2177 3030 2223 enarrant
3054 2169 3278 2238 gloriam
3300 2179 3357 2223 et

1777 2275 1939 2330 opera
1968 2276 1986 2326 ;
2015 2268 2070 2315 et
2107 2260 2162 2314 in
2187 2274 2400 2315 omnem
2431 2269 2629 2315 terram
2653 2260 2823 2315 exivit
2864 2275 3029 2316 sonus
3053 2275 3260 2323 eorum,
3302 2270 3356 2314 et

1780 2352 1832 2404 in
1875 2350 2009 2406 ﬁnes
2047 2350 2198 2405 orbis
2255 2360 2411 2405 teme
2449 2351 2614 2407 verba
2648 2367 2857 2417 eorum,
2916 2360 2970 2405 et
3015 2366 3202 2405 verum
3229 2359 3350 2405 est:

1779 2443 1903 2514 quia
1929 2442 1981 2496 in
2012 2442 2113 2505 eis,
2144 2442 2197 2496 id
2225 2452 2310 2497 est
2333 2458 2430 2512 per
2458 2457 2553 2497 eos
2574 2444 2756 2512 posuit
2779 2442 2921 2498 Deus
2946 2444 3354 2498 tabernaculum

1779 2548 1961 2598 suum,
1993 2533 2045 2586 id
2093 2542 2178 2588 est
2211 2533 2604 2588 humanitatem
2650 2534 2769 2589 Filii
2798 2534 2900 2598 sui,
2939 2534 2992 2588 in
3024 2534 3160 2599 sole,
3192 2534 3244 2588 id
3275 2542 3359 2588 est

1781 2626 1833 2680 in
1886 2626 2170 2680 manifesto
2217 2644 2230 2679 :
2284 2642 2448 2695 quam
2496 2627 2771 2696 prepheta:
2807 2628 3039 2682 obscure
3088 2626 3356 2697 prazdixe-

1781 2724 1904 2770 runt
1937 2733 1951 2769 :
1979 2724 2034 2770 et
2060 2718 2160 2772 hoc
2189 2717 2356 2771 etiam
2388 2731 2483 2788 per
2502 2731 2596 2772 eos
2626 2718 2805 2787 posuit
2835 2718 2887 2772 in
2920 2717 3054 2782 sole,
3078 2716 3219 2787 quod
3244 2717 3357 2786 ipse

1783 2817 2035 2877 tanquam
2082 2823 2312 2879 sponsus
2345 2809 2643 2877 procedens
2670 2810 2735 2864 de
2768 2809 3004 2864 thalamo
3028 2823 3154 2866 suo.
3178 2807 3359 2863 exsul-

1782 2900 1917 2954 tavit
1954 2906 2013 2953 ut
2059 2914 2209 2970 gigas
2248 2901 2315 2954 ad
2345 2901 2667 2955 currendam
2717 2904 2876 2959 viam.
2922 2902 3200 2971 Expositio
3248 2915 3353 2954 non

1782 2999 2060 3044 mutatur:
2093 3004 2222 3045 ecce
2262 2990 2501 3044 ostensio
2544 3004 2767 3060 operum
2816 3000 2873 3045 et
2906 2990 3183 3045 scientite:
3217 2990 3361 3043 unde

1782 3094 1944 3150 supra
1984 3080 2142 3146 dixit,
2188 3095 2351 3152 opera
2393 3096 2651 3135 manuum
2698 3080 2813 3150 ejus
2844 3081 3128 3135 annuntiat
3173 3079 3359 3133 tinnu-

140 3160 257 3216 fama
282 3182 455 3218 eorum
483 3206 499 3226 ,
550 3179 595 3220 et
628 3168 682 3221 in
728 3167 860 3236 ﬁnes
900 3171 1039 3224 orbis
1089 3181 1243 3227 terra:
1291 3175 1462 3238 verba,
1496 3176 1546 3229 id
1598 3188 1681 3233 est
1709 3156 1750 3213 Ο
1784 3182 2045 3239 ιιιειιιιιιιι,
2076 3185 2131 3228 ει
2155 3189 2261 3227 nox
2288 3173 2430 3229 nocti
2472 3173 2674 3228 indicat
2698 3174 2978 3229 scientiam
3014 3180 3103 3226 :el
3131 3170 3359 3241 gloriam

140 3254 413 3319 pnedicatio
432 3272 636 3309 eorum.
668 3256 819 3312 Unde
848 3258 1115 3330 Propheta
1148 3279 1160 3315 :
1196 3280 1214 3314 ι
1245 3262 1299 3316 ln
1345 3262 1533 3321 insulis
1561 3283 1680 3335 qum

139 3342 298 3406 procul
325 3353 449 3398 sunt
478 3345 643 3400 dicite
670 3364 683 3400 :
720 3345 823 3413 Qui
849 3349 1101 3417 dispersit
1131 3350 1294 3406 Israel
1334 3356 1682 3425 congregabit

139 3446 259 3497 eum,
285 3445 407 3500 etc.,
429 3436 650 3506 (Jerem.
678 3455 828 3503 xxxr,
855 3439 963 3507 l0).
987 3459 1006 3492 ι
1029 3441 1226 3496 Eorum
1247 3443 1367 3499 dico
1386 3445 1679 3502 dicentium

139 3522 258 3578 Deus
282 3535 427 3596 pater
450 3530 621 3595 posuit
654 3530 1046 3584 tabernaculum
1095 3549 1245 3586 suum
1274 3534 1327 3587 in
1358 3534 1484 3596 sole,
1516 3536 1567 3590 id
1601 3545 1685 3591 est

138 3614 345 3682 botnini,
367 3634 489 3673 cum
517 3620 789 3674 hominem
828 3622 880 3675 in
903 3637 1010 3690 quo
1039 3625 1259 3679 verbum
1298 3641 1454 3680 suum
1482 3626 1681 3682 milita-

138 3708 224 3771 vit,
249 3709 310 3762 ad
339 3710 553 3764 modum
576 3712 817 3782 equitum
851 3713 904 3768 in
931 3714 1288 3771 tabernaculis
1312 3718 1677 3784 militantium,

137 3801 291 3866 posuit
309 3801 356 3854 in
374 3812 503 3857 testu
521 3803 947 3870 tribulationum,
961 3815 1016 3861 et
1037 3807 1148 3876 ipse
1169 3809 1371 3876 positus
1391 3826 1495 3864 non
1518 3810 1682 3866 invite

138 3892 395 3946 sustinuit:
421 3896 516 3947 sed
538 3896 632 3964 qui
661 3911 756 3965 per
783 3899 1075 3967 prophetas
1103 3900 1449 3967 militaverat,
1490 3903 1601 3972 ipse
1629 3903 1681 3959 in

136 3996 336 4049 persona
358 4000 452 4038 sua
473 3986 748 4040 exsultauit
777 3987 845 4040 ad
877 3991 1187 4043 currendum
1223 3993 1381 4057 viam,
1424 3993 1477 4047 id
1506 4006 1588 4050 est
1615 3996 1684 4051 ad

137 4073 235 4126 cito
258 4077 617 4145 complendum
645 4077 827 4133 Patris
848 4079 1232 4147 obedientiam,
1257 4098 1375 4152 qua:
1398 4084 1496 4140 fuit
1522 4086 1572 4141 ei
1598 4087 1683 4142 via

135 4164 194 4215 ad
241 4165 451 4236 gloriam
483 4183 549 4222 ex
581 4183 648 4223 eo
696 4177 936 4237 tempore
984 4186 1090 4239 quo
1140 4172 1240 4226 fuit
1285 4175 1566 4242 procedens
1620 4179 1685 4229 de

137 4253 366 4321 thalamo,
399 4258 449 4311 id
496 4267 580 4312 est
621 4260 687 4313 de
735 4260 958 4330 virginis
990 4271 1181 4317 utero:
1214 4279 1328 4328 suo,
1381 4263 1433 4319 id
1472 4274 1556 4320 est
1583 4267 1685 4321 sibi

136 4359 350 4415 congruo
380 4365 392 4400 :
426 4349 533 4416 ipse
561 4349 680 4403 dico
709 4350 946 4406 existens
974 4362 1223 4423 tanquam
1249 4371 1487 4424 sponsus,
1520 4358 1573 4412 id
1603 4368 1687 4413 est

139 4431 184 4485 in
213 4433 296 4490 illo
323 4451 504 4491 revera
534 4438 709 4494 factus
742 4456 971 4510 sponsus
1001 4444 1178 4498 carnis
1221 4445 1486 4512 humanae,
1519 4462 1679 4517 quam

138 4524 225 4578 sibi
253 4535 368 4581 tunc
388 4527 688 4597 conjunxit.
717 4531 1021 4587 Secundum
1048 4534 1382 4590 divinitatem
1413 4536 1535 4591 dico
1565 4554 1685 4592 car-

138 4613 209 4668 nis
231 4631 331 4670 sua:
357 4633 587 4686 sponsus
613 4638 627 4673 :
651 4620 727 4675 De
766 4637 872 4690 qua
916 4624 1331 4694 desponsatione
1369 4626 1422 4681 in
1457 4630 1682 4684 canticis

138 4716 311 4770 sponsa
364 4707 603 4764 Ecclesia
666 4710 964 4782 Synagoga:
1017 4715 1145 4770 dicit
1189 4732 1206 4773 :
1252 4733 1271 4767 ι
1328 4717 1678 4787 Egredimini,

139 4790 242 4847 ﬁlia:
262 4793 476 4863 Sion,et
503 4799 678 4856 videte
701 4818 881 4871 regem
910 4802 1250 4860 Salomonem
1273 4806 1327 4861 in
1358 4807 1677 4875 diademate,

135 4896 230 4948 quo
258 4890 530 4943 coronavit
554 4906 677 4945 eum
703 4902 877 4945 mater
907 4908 1002 4946 sua
1041 4894 1093 4948 in
1136 4895 1221 4951 die
1250 4896 1679 4966 desponsationis

138 4969 258 5026 illius
281 4973 451 5045 (Cant.
482 4994 563 5044 ιιι,
595 4981 705 5049 Η).
740 5000 759 5032 ι
800 4982 896 5036 Εει
939 4992 994 5038 ει
1035 4983 1289 5040 Ecclesia:
1327 5002 1597 5056 sponsus:
1628 5000 1685 5046 et

137 5060 174 5114 si
199 5080 291 5120 non
313 5069 463 5135 adeo,
495 5079 554 5125 ut
595 5072 736 5127 idem
782 5074 837 5127 in
881 5076 1151 5131 canticis:
1182 5096 1200 5128 ι
1241 5078 1410 5144 Quam
1446 5080 1682 5149 pulchra:

135 5166 245 5208 sunt
268 5174 504 5215 mamma:
535 5172 658 5229 tuae,
684 5163 787 5233 55
811 5180 971 5220 soror
1010 5184 1128 5222 mea
1165 5184 1358 5237 sponsa
1391 5170 1568 5240 (Cant.
1605 5188 1679 5236 tv,

138 5245 214 5316 10)
246 5266 257 5301 :
287 5269 305 5302 ι
345 5252 436 5306 sed
473 5253 730 5308 Ecclesia:
756 5271 986 5326 sponsus
1011 5260 1305 5316 secundum
1337 5261 1679 5331 adoptionem

135 5342 298 5406 gratia:
327 5354 557 5399 tantum.
588 5344 777 5402 Carnis
802 5364 933 5403 vero
960 5366 1070 5404 suae
1095 5351 1389 5405 secundum
1425 5353 1678 5407 unionem

136 5441 373 5493 personae.
404 5434 725 5519 Thalamum
753 5437 882 5493 dicit
928 5448 1138 5493 uterum
1176 5440 1397 5513 virginis
1430 5456 1495 5496 eo
1534 5444 1676 5512 quod

138 5519 182 5572 in
204 5538 261 5576 eo
290 5526 699 5597 carni'sponsat,
726 5527 820 5582 Dei
856 5529 1076 5585 verbum
1108 5531 1450 5600 conjunctnm
1474 5542 1576 5596 est,
1624 5543 1681 5588 ut

138 5609 181 5662 in
211 5612 429 5671 thalamo
449 5631 682 5685 Sponsus
715 5633 923 5688 sponsae
968 5620 1332 5691 conjungitnr.
1370 5621 1497 5676 Dico
1536 5621 1678 5692 quod

135 5704 393 5762 exsultavit
414 5707 483 5761 ad
513 5710 836 5765 currendatn
858 5711 1091 5777 viam,et
1116 5711 1167 5766 in
1191 5726 1253 5767 ea
1279 5711 1542 5767 currenda
1571 5727 1675 5767 non

1780 3265 1993 3322 Domini
2017 3267 2194 3336 posuit
2214 3281 2311 3336 per
2335 3280 2430 3320 eos
2456 3264 2509 3319 in
2540 3266 2653 3320 sole
2686 3282 2698 3318 :
2731 3266 2870 3319 hanc
2911 3262 3119 3319 scilicet
3149 3261 3291 3332 quod
3331 3277 3361 3315 a

1780 3373 1990 3412 summo
2011 3357 2151 3413 cmlo
2175 3359 2415 3428 egressio
2443 3355 2579 3424 ejus,
2604 3365 2659 3411 et
2676 3370 2932 3411 occursus
2960 3353 3076 3422 ejus
3100 3367 3272 3422 usque
3294 3352 3360 3404 ad

1781 3465 2050 3504 summum
2077 3450 2193 3520 ejus
2218 3468 2230 3502 :
2263 3460 2319 3503 et
2355 3448 2510 3515 hujus
2540 3448 2805 3519 expositio
2835 3463 2941 3501 non
2973 3454 3231 3500 mutatur.
3261 3442 3363 3498 So-

1781 3540 1885 3596 lem
1909 3543 2032 3611 quia
2063 3556 2282 3612 apcrtus
2308 3542 2560 3596 omnibus
2602 3557 2686 3596 εει
2730 3555 2841 3610 pro
2861 3554 3047 3609 aperto
3074 3548 3225 3608 ponit
3257 3553 3273 3601 ;
3302 3546 3360 3589 et

1781 3647 1904 3687 cum
1935 3632 2049 3701 ipse
2098 3641 2279 3686 tantus
2326 3631 2399 3684 sit
2446 3631 2587 3701 quod
2612 3645 2643 3684 a
2682 3645 2893 3685 summo
2931 3627 3070 3682 cmlo
3117 3626 3358 3697 egressio

1781 3725 1898 3795 ejus
1922 3743 1935 3777 :
1962 3734 2017 3778 et
2040 3738 2298 3795 occursus
2341 3721 2459 3792 ejus
2488 3737 2657 3791 usque
2702 3722 2770 3775 ad
2798 3734 3090 3785 summum,
3128 3735 3234 3772 non
3274 3727 3358 3771 est

1783 3817 1980 3885 aliquis
2030 3816 2359 3869 audientium
2404 3816 2493 3884 qui
2531 3831 2586 3867 se
2631 3812 2913 3865 abscondat
2944 3828 2975 3864 a
3016 3810 3190 3864 calore
3221 3810 3357 3879 ejus,

1784 3906 1837 3960 id
1863 3914 1946 3960 est
1973 3906 2063 3975 qui
2093 3905 2392 3959 rationibus
2422 3902 2791 3957 inﬁdelitatem
2831 3917 2983 3955 suam
3013 3901 3184 3971 possit
3233 3917 3358 3969 prn-

1787 4003 1966 4063 tegere
2003 3995 2071 4049 ab
2102 3994 2500 4065 expugnatione
2545 3993 2768 4062 spiritus
2794 3990 2931 4059 ejus,
2963 3992 3053 4059 qui
3102 4005 3197 4059 per
3222 4006 3359 4059 pras—

1785 4088 2054 4143 dicatores
2079 4087 2194 4157 ejus
2226 4087 2482 4156 loquitur.
2516 4086 2841 4140 Abscondere
2872 4084 3002 4139 dicit
3032 4098 3063 4137 a
3107 4083 3360 4137 similitu-

1783 4179 1909 4234 dine
1956 4180 2345 4248 pugnantium,
2401 4178 2494 4247 qui
2542 4176 2867 4247 protegendo
2917 4190 2974 4230 se
3026 4172 3124 4228 sub
3158 4174 3360 4243 clypeis

1785 4266 2123 4320 abscondunt
2162 4284 2174 4319 :
2210 4266 2310 4335 ipsi
2352 4280 2479 4319 vero
2509 4264 2751 4318 inﬁdeles
2780 4272 3085 4331 quturentcs
3116 4276 3175 4315 se
3226 4265 3354 4314 als-

1785 4357 2066 4412 condendo
2096 4356 2349 4410 humanis
2406 4355 2709 4408 rationibus
2746 4361 3045 4421 protegere,
3090 4360 3145 4402 et
3190 4364 3356 4404 excu-

1788 4449 1985 4503 sabiles
2010 4447 2188 4502 facere
2219 4464 2321 4501 non
2356 4444 2748 4516 possuntjuxta
2780 4441 3120 4497 Salomonem
3148 4457 3162 4493 :
3193 4460 3210 4491 ι
3242 4438 3359 4494 Non

1788 4547 1873 4593 est
1897 4538 2154 4593 fortitudo
2185 4554 2357 4605 neque
2388 4537 2649 4605 sapientia
2679 4544 2866 4589 contra
2912 4536 3079 4589 Deum
3120 4552 3137 4584 ι
3173 4532 3353 4603 (Prov.

1791 4645 1906 4695 xxi,
1936 4628 2026 4699 '50)
2059 4643 2074 4681 :
2105 4629 2354 4683 Calorem
2401 4642 2526 4682 vero
2554 4627 2681 4681 dicit
2712 4626 2971 4696 Spiritum
3021 4632 3265 4679 sanctum
3294 4638 3359 4676 eo

1789 4720 1930 4789 quod
1977 4718 2290 4774 sicutcalor
2331 4732 2526 4787 aquam
2573 4718 2625 4771 in
2668 4717 2890 4787 glaciem
2937 4715 3240 4770 intluratant
3278 4731 3362 4769 re-

1788 4813 1989 4877 solvit,
2038 4813 2112 4866 ita
2149 4812 2384 4881 Spiritus
2429 4820 2648 4865 sanctus
2687 4811 2739 4864 in
2788 4811 3025 4880 peccatis
3084 4821 3138 4866 et
3175 4811 3227 4865 in
3280 4810 3362 4864 in-

1788 4904 2044 4961 fidelitate
2079 4904 2357 4957 induratos
2400 4922 2412 4957 :
2444 4904 2497 4956 in
2546 4904 2649 4956 ﬁde
2695 4912 2749 4957 et
2774 4903 3066 4958 virtutibus
3097 4904 3364 4958 resolutos

1786 4997 1916 5052 facit
1949 5013 1964 5061 ;
1996 4998 2063 5050 de
2111 5011 2219 5065 quo
2265 4996 2519 5050 Dominus
2548 4995 2599 5048 in
2648 4994 2936 5064 Evangelia
2963 4995 3093 5048 dicit
3128 5012 3141 5047 :
3175 5013 3193 5045 ι
3225 4994 3359 5048 Cum

1785 5088 2024 5151 venerit,
2062 5106 2080 5138 ι
2114 5085 2166 5139 id
2197 5095 2280 5140 cst
2306 5101 2427 5140 cum
2452 5084 2709 5155 apostolis
2739 5085 2895 5139 datus
2917 5100 3011 5153 per
3038 5098 3132 5137 eos
3166 5078 3372 5150 loque—'

1784 5187 1893 5242 tur,
1940 5197 1958 5229 ι
2006 5179 2094 5232 ille
2129 5186 2317 5247 arguet
2359 5176 2613 5229 tnundum
2639 5215 2654 5239 ,
2691 5194 2708 5225 ι
2763 5175 2813 5228 id
2843 5186 2926 5230 est
2967 5172 3359 5228 inexcusabiles

1785 5268 1972 5323 reddet
2008 5268 2309 5321 mundanos
2339 5280 2351 5319 :
2388 5285 2406 5317 ι
2440 5269 2504 5320 de
2533 5274 2751 5335 peccato
2794 5265 3013 5333 quidem
3056 5281 3069 5316 :
3098 5264 3219 5331 quia
3251 5280 3355 5315 non

1784 5361 2127 5414 crediderunt
2158 5359 2339 5421 inme,
2379 5377 2396 5409 ι
2434 5357 2487 5412 id
2514 5366 2596 5411 est
2632 5355 2914 5411 conviueet
2942 5369 3036 5409 eos
3079 5354 3360 5407 ἰιιεχειιει-

1786 5452 1920 5506 biles
1945 5467 2065 5506 esse
2100 5450 2166 5504 de
2193 5451 2294 5504 hoc
2318 5450 2459 5519 quod
2484 5464 2586 5502 non
2617 5445 2959 5501 crediderunt
2992 5446 3045 5499 in
3069 5462 3174 5509 me,
3202 5445 3250 5497 id
3270 5453 3357 5497 est

1750 5614 1753 5615 ν
1786 5545 1849 5597 de
1898 5543 2207 5611 inﬁdelitate
2256 5559 2353 5595 sua
2381 5555 2400 5592 :
2441 5555 2560 5608 qua:
2599 5546 2876 5607 peccatum
2929 5537 3355 5591 antonomastice

1785 5644 1886 5698 est,
1919 5649 2040 5689 cum
2072 5634 2194 5689 ﬁdei
2234 5632 2405 5686 virtus
2440 5630 2678 5685 omnium
2726 5629 2986 5682 virtutum
3040 5628 3356 5682 fundamen-

1752 5704 1753 5707 Ἴ
1789 5739 1897 5783 tum
1925 5729 2023 5782 sit:
2063 5747 2080 5777 ι
2117 5728 2190 5783 De
2209 5725 2416 5796 justitia
2445 5732 2622 5777 autem
2652 5738 2666 5774 :
2703 5722 2826 5790 quia
2855 5721 2922 5777 ad
2950 5721 3165 5777 Patrem
3194 5720 3352 5783 vado,
