  <div class='ocr_page' id='page_1' title='image "/cluster/home/n/w/nwhite01/storage/ocr_20150623/152/hvd.32044015473804/361.png"; bbox 0 0 3838 6328; ppageno 0'>
   <div class='ocr_carea' id='block_1_1' title="bbox 527 281 622 335">
    <p class='ocr_par' dir='ltr' id='par_1_1' title="bbox 527 281 622 335">
     <span class='ocr_line' id='line_1_1' title="bbox 527 281 622 335; baseline 0 0"><span class='ocrx_word' id='word_1_1' title='bbox 527 281 622 335; x_wconf 79' lang='lat' dir='ltr'><strong>7H</strong></span> 
     </span>
    </p>
   </div>
   <div class='ocr_carea' id='block_1_2' title="bbox 1097 274 3748 355">
    <p class='ocr_par' dir='ltr' id='par_1_2' title="bbox 1097 274 3748 355">
     <span class='ocr_line' id='line_1_2' title="bbox 1097 274 3748 355; baseline 0.002 -19"><span class='ocrx_word' id='word_1_2' title='bbox 1097 279 1152 336; x_wconf 89' lang='lat' dir='ltr'><strong>S.</strong></span> <span class='ocrx_word' id='word_1_3' title='bbox 1189 278 1539 336; x_wconf 77' lang='lat' dir='ltr'><strong>BRUNONIS</strong></span> <span class='ocrx_word' id='word_1_4' title='bbox 1574 279 2215 340; x_wconf 73' lang='lat' dir='ltr'><strong>CARTllUSIANORUM</strong></span> <span class='ocrx_word' id='word_1_5' title='bbox 2259 280 2746 338; x_wconf 79' lang='lat' dir='ltr'><strong>lNSTITllTORlS</strong></span> <span class='ocrx_word' id='word_1_6' title='bbox 2781 281 2936 338; x_wconf 74' lang='lat' dir='ltr'><strong>Oi‘l’.</strong></span> <span class='ocrx_word' id='word_1_7' title='bbox 2981 274 3178 340; x_wconf 73' lang='lat' dir='ltr'><strong>PARS.</strong></span> <span class='ocrx_word' id='word_1_8' title='bbox 3213 282 3255 341; x_wconf 83' lang='grc' dir='ltr'><strong>Ῐ.</strong></span> <span class='ocrx_word' id='word_1_9' title='bbox 3661 299 3748 355; x_wconf 64' lang='grc' dir='ltr'><strong>πί</strong></span> 
     </span>
    </p>
   </div>
   <div class='ocr_carea' id='block_1_3' title="bbox 524 391 3749 477">
    <p class='ocr_par' dir='ltr' id='par_1_3' title="bbox 524 391 3749 477">
     <span class='ocr_line' id='line_1_3' title="bbox 524 391 3749 477; baseline 0.004 -29"><span class='ocrx_word' id='word_1_10' title='bbox 524 404 577 448; x_wconf 86' lang='grc' dir='ltr'><strong>ει</strong></span> <span class='ocrx_word' id='word_1_11' title='bbox 602 393 712 463; x_wconf 87' lang='lat' dir='ltr'><strong>jam</strong></span> <span class='ocrx_word' id='word_1_12' title='bbox 753 406 858 445; x_wconf 92' lang='lat' dir='ltr'><strong>non</strong></span> <span class='ocrx_word' id='word_1_13' title='bbox 880 391 1135 449; x_wconf 77' lang='lat' dir='ltr'><strong>videbitis</strong></span> <span class='ocrx_word' id='word_1_14' title='bbox 1166 409 1254 449; x_wconf 92' lang='lat' dir='ltr'><strong>me</strong></span> <span class='ocrx_word' id='word_1_15' title='bbox 1275 395 1460 466; x_wconf 86' lang='lat' dir='ltr'><strong>(Joan.</strong></span> <span class='ocrx_word' id='word_1_16' title='bbox 1485 412 1574 460; x_wconf 82' lang='lat' dir='ltr'><strong>xv,</strong></span> <span class='ocrx_word' id='word_1_17' title='bbox 1603 396 1695 467; x_wconf 74' lang='lat'><strong>26)</strong></span> <span class='ocrx_word' id='word_1_18' title='bbox 1716 437 1730 460; x_wconf 91' lang='lat'><strong>,</strong></span> <span class='ocrx_word' id='word_1_19' title='bbox 1770 416 1788 449; x_wconf 74' lang='grc' dir='ltr'><strong>ι</strong></span> <span class='ocrx_word' id='word_1_20' title='bbox 1825 398 1876 451; x_wconf 91' lang='lat' dir='ltr'><strong>id</strong></span> <span class='ocrx_word' id='word_1_21' title='bbox 1904 406 1988 453; x_wconf 91' lang='lat' dir='ltr'><strong>est</strong></span> <span class='ocrx_word' id='word_1_22' title='bbox 2008 399 2105 466; x_wconf 87' lang='lat' dir='ltr'><strong>ipsi</strong></span> <span class='ocrx_word' id='word_1_23' title='bbox 2138 404 2181 459; x_wconf 81' lang='grc' dir='ltr'>Α</span> <span class='ocrx_word' id='word_1_24' title='bbox 2208 397 2439 452; x_wconf 90' lang='lat' dir='ltr'><strong>obscure</strong></span> <span class='ocrx_word' id='word_1_25' title='bbox 2500 407 2557 452; x_wconf 90' lang='lat' dir='ltr'><strong>ut</strong></span> <span class='ocrx_word' id='word_1_26' title='bbox 2592 407 2748 453; x_wconf 81' lang='lat' dir='ltr'><strong>vetus</strong></span> <span class='ocrx_word' id='word_1_27' title='bbox 2777 398 2861 453; x_wconf 82' lang='lat' dir='ltr'><strong>lex</strong></span> <span class='ocrx_word' id='word_1_28' title='bbox 2897 416 2909 451; x_wconf 95' lang='lat'><strong>:</strong></span> <span class='ocrx_word' id='word_1_29' title='bbox 2946 408 3001 453; x_wconf 89' lang='lat' dir='ltr'><strong>et</strong></span> <span class='ocrx_word' id='word_1_30' title='bbox 3029 414 3127 469; x_wconf 89' lang='lat' dir='ltr'><strong>per</strong></span> <span class='ocrx_word' id='word_1_31' title='bbox 3150 401 3275 457; x_wconf 90' lang='lat' dir='ltr'><strong>illud</strong></span> <span class='ocrx_word' id='word_1_32' title='bbox 3303 418 3616 477; x_wconf 68' lang='lat' dir='ltr'><strong>prazceptum</strong></span> <span class='ocrx_word' id='word_1_33' title='bbox 3639 429 3749 471; x_wconf 75' lang='lat' dir='ltr'><strong>con.</strong></span> 
     </span>
    </p>
   </div>
   <div class='ocr_carea' id='block_1_4' title="bbox 524 486 2106 556">
    <p class='ocr_par' dir='ltr' id='par_1_4' title="bbox 524 486 2106 556">
     <span class='ocr_line' id='line_1_4' title="bbox 524 486 2106 556; baseline 0.003 -15"><span class='ocrx_word' id='word_1_34' title='bbox 524 488 675 556; x_wconf 86' lang='lat' dir='ltr'><strong>prius</strong></span> <span class='ocrx_word' id='word_1_35' title='bbox 702 486 957 541; x_wconf 88' lang='lat' dir='ltr'><strong>dicebant</strong></span> <span class='ocrx_word' id='word_1_36' title='bbox 984 501 1043 541; x_wconf 88' lang='lat' dir='ltr'><strong>se</strong></span> <span class='ocrx_word' id='word_1_37' title='bbox 1074 502 1179 541; x_wconf 93' lang='lat' dir='ltr'><strong>non</strong></span> <span class='ocrx_word' id='word_1_38' title='bbox 1223 503 1381 556; x_wconf 82' lang='lat' dir='ltr'><strong>posse</strong></span> <span class='ocrx_word' id='word_1_39' title='bbox 1404 488 1717 556; x_wconf 81' lang='lat' dir='ltr'><strong>justificari,</strong></span> <span class='ocrx_word' id='word_1_40' title='bbox 1744 505 1868 545; x_wconf 90' lang='lat' dir='ltr'><strong>cum</strong></span> <span class='ocrx_word' id='word_1_41' title='bbox 1903 490 2106 545; x_wconf 91' lang='lat' dir='ltr'><strong>nullum</strong></span> 
     </span>
    </p>
   </div>
   <div class='ocr_carea' id='block_1_5' title="bbox 524 578 2107 651">
    <p class='ocr_par' dir='ltr' id='par_1_5' title="bbox 524 578 2107 651">
     <span class='ocr_line' id='line_1_5' title="bbox 524 578 2107 651; baseline 0.001 -17"><span class='ocrx_word' id='word_1_42' title='bbox 524 580 789 634; x_wconf 82' lang='lat' dir='ltr'><strong>haberent</strong></span> <span class='ocrx_word' id='word_1_43' title='bbox 815 578 1041 633; x_wconf 87' lang='lat' dir='ltr'><strong>omnino</strong></span> <span class='ocrx_word' id='word_1_44' title='bbox 1081 580 1308 648; x_wconf 87' lang='lat' dir='ltr'><strong>justum,</strong></span> <span class='ocrx_word' id='word_1_45' title='bbox 1354 579 1420 633; x_wconf 89' lang='lat' dir='ltr'><strong>ad</strong></span> <span class='ocrx_word' id='word_1_46' title='bbox 1452 580 1606 647; x_wconf 90' lang='lat' dir='ltr'><strong>cujus</strong></span> <span class='ocrx_word' id='word_1_47' title='bbox 1647 582 2107 651; x_wconf 88' lang='lat' dir='ltr'><strong>comparationem</strong></span> 
     </span>
    </p>
   </div>
   <div class='ocr_carea' id='block_1_6' title="bbox 514 669 2110 741">
    <p class='ocr_par' dir='ltr' id='par_1_6' title="bbox 514 669 2110 741">
     <span class='ocr_line' id='line_1_6' title="bbox 514 669 2110 741; baseline 0.001 -18"><span class='ocrx_word' id='word_1_48' title='bbox 514 669 648 738; x_wconf 91' lang='lat' dir='ltr'><strong>justi</strong></span> <span class='ocrx_word' id='word_1_49' title='bbox 700 671 893 725; x_wconf 84' lang='lat' dir='ltr'><strong>fierent</strong></span> <span class='ocrx_word' id='word_1_50' title='bbox 928 670 1064 725; x_wconf 88' lang='lat' dir='ltr'><strong>:sed</strong></span> <span class='ocrx_word' id='word_1_51' title='bbox 1106 671 1172 725; x_wconf 93' lang='lat' dir='ltr'><strong>de</strong></span> <span class='ocrx_word' id='word_1_52' title='bbox 1223 670 1433 738; x_wconf 89' lang='lat' dir='ltr'><strong>justitia</strong></span> <span class='ocrx_word' id='word_1_53' title='bbox 1480 686 1642 741; x_wconf 90' lang='lat' dir='ltr'><strong>quam</strong></span> <span class='ocrx_word' id='word_1_54' title='bbox 1679 672 1880 726; x_wconf 88' lang='lat' dir='ltr'><strong>habere</strong></span> <span class='ocrx_word' id='word_1_55' title='bbox 1920 670 2110 725; x_wconf 91' lang='lat' dir='ltr'><strong>nolunt</strong></span> 
     </span>
    </p>
   </div>
   <div class='ocr_carea' id='block_1_7' title="bbox 520 761 2109 833">
    <p class='ocr_par' dir='ltr' id='par_1_7' title="bbox 520 761 2109 833">
     <span class='ocr_line' id='line_1_7' title="bbox 520 761 2109 833; baseline 0.001 -18"><span class='ocrx_word' id='word_1_56' title='bbox 520 777 627 816; x_wconf 92' lang='lat' dir='ltr'><strong>non</strong></span> <span class='ocrx_word' id='word_1_57' title='bbox 677 761 902 816; x_wconf 90' lang='lat' dir='ltr'><strong>ulterius</strong></span> <span class='ocrx_word' id='word_1_58' title='bbox 956 771 1119 816; x_wconf 91' lang='lat' dir='ltr'><strong>erunt</strong></span> <span class='ocrx_word' id='word_1_59' title='bbox 1158 762 1520 816; x_wconf 77' lang='lat' dir='ltr'><strong>excusabiles.</strong></span> <span class='ocrx_word' id='word_1_60' title='bbox 1572 761 1705 815; x_wconf 89' lang='lat' dir='ltr'><strong>Nam</strong></span> <span class='ocrx_word' id='word_1_61' title='bbox 1746 776 1845 833; x_wconf 83' lang='lat' dir='ltr'><strong>ego</strong></span> <span class='ocrx_word' id='word_1_62' title='bbox 1894 762 2109 831; x_wconf 90' lang='lat' dir='ltr'><strong>penitus</strong></span> 
     </span>
    </p>
   </div>
   <div class='ocr_carea' id='block_1_8' title="bbox 515 851 2108 923">
    <p class='ocr_par' dir='ltr' id='par_1_8' title="bbox 515 851 2108 923">
     <span class='ocr_line' id='line_1_8' title="bbox 515 851 2108 923; baseline 0.001 -20"><span class='ocrx_word' id='word_1_63' title='bbox 515 852 695 923; x_wconf 90' lang='lat' dir='ltr'><strong>justus</strong></span> <span class='ocrx_word' id='word_1_64' title='bbox 721 868 838 907; x_wconf 85' lang='lat' dir='ltr'><strong>smn</strong></span> <span class='ocrx_word' id='word_1_65' title='bbox 882 862 940 906; x_wconf 87' lang='lat' dir='ltr'><strong>et</strong></span> <span class='ocrx_word' id='word_1_66' title='bbox 968 852 1088 906; x_wconf 92' lang='lat' dir='ltr'><strong>sine</strong></span> <span class='ocrx_word' id='word_1_67' title='bbox 1131 852 1362 915; x_wconf 66' lang='lat' dir='ltr'><strong>macula,</strong></span> <span class='ocrx_word' id='word_1_68' title='bbox 1396 854 1461 905; x_wconf 91' lang='lat' dir='ltr'><strong>ad</strong></span> <span class='ocrx_word' id='word_1_69' title='bbox 1503 851 1657 921; x_wconf 95' lang='lat' dir='ltr'><strong>cujus</strong></span> <span class='ocrx_word' id='word_1_70' title='bbox 1688 853 1997 923; x_wconf 87' lang='lat' dir='ltr'><strong>exemplum</strong></span> <span class='ocrx_word' id='word_1_71' title='bbox 2020 852 2108 919; x_wconf 77' lang='lat' dir='ltr'><strong>ju~</strong></span> 
     </span>
    </p>
   </div>
   <div class='ocr_carea' id='block_1_9' title="bbox 520 945 2105 1014">
    <p class='ocr_par' dir='ltr' id='par_1_9' title="bbox 520 945 2105 1014">
     <span class='ocr_line' id='line_1_9' title="bbox 520 945 2105 1014; baseline -0.001 -14"><span class='ocrx_word' id='word_1_72' title='bbox 520 948 725 1000; x_wconf 88' lang='lat' dir='ltr'><strong>stitiam</strong></span> <span class='ocrx_word' id='word_1_73' title='bbox 754 945 955 999; x_wconf 89' lang='lat' dir='ltr'><strong>habere</strong></span> <span class='ocrx_word' id='word_1_74' title='bbox 982 952 1297 1014; x_wconf 87' lang='lat' dir='ltr'><strong>possunt,et</strong></span> <span class='ocrx_word' id='word_1_75' title='bbox 1320 959 1415 1013; x_wconf 92' lang='lat' dir='ltr'><strong>per</strong></span> <span class='ocrx_word' id='word_1_76' title='bbox 1436 946 1535 1000; x_wconf 90' lang='lat' dir='ltr'><strong>hoc</strong></span> <span class='ocrx_word' id='word_1_77' title='bbox 1558 945 1912 1000; x_wconf 86' lang='lat' dir='ltr'><strong>convincetur</strong></span> <span class='ocrx_word' id='word_1_78' title='bbox 1937 945 2105 1014; x_wconf 86' lang='lat' dir='ltr'><strong>aSpi-</strong></span> 
     </span>
    </p>
   </div>
   <div class='ocr_carea' id='block_1_10' title="bbox 520 1034 2104 1104">
    <p class='ocr_par' dir='ltr' id='par_1_10' title="bbox 520 1034 2104 1104">
     <span class='ocr_line' id='line_1_10' title="bbox 520 1034 2104 1104; baseline 0.001 -17"><span class='ocrx_word' id='word_1_79' title='bbox 520 1034 626 1089; x_wconf 91' lang='lat' dir='ltr'><strong>ritu</strong></span> <span class='ocrx_word' id='word_1_80' title='bbox 656 1045 842 1088; x_wconf 89' lang='lat' dir='ltr'><strong>sancto</strong></span> <span class='ocrx_word' id='word_1_81' title='bbox 866 1048 950 1088; x_wconf 89' lang='lat' dir='ltr'><strong>me</strong></span> <span class='ocrx_word' id='word_1_82' title='bbox 991 1035 1196 1104; x_wconf 83' lang='lat' dir='ltr'><strong>justum</strong></span> <span class='ocrx_word' id='word_1_83' title='bbox 1224 1036 1437 1104; x_wconf 78' lang='lat' dir='ltr'><strong>penitus</strong></span> <span class='ocrx_word' id='word_1_84' title='bbox 1472 1050 1593 1091; x_wconf 90' lang='lat' dir='ltr'><strong>esse</strong></span> <span class='ocrx_word' id='word_1_85' title='bbox 1619 1045 1674 1089; x_wconf 92' lang='lat' dir='ltr'><strong>et</strong></span> <span class='ocrx_word' id='word_1_86' title='bbox 1705 1036 1823 1090; x_wconf 91' lang='lat' dir='ltr'><strong>sine</strong></span> <span class='ocrx_word' id='word_1_87' title='bbox 1852 1035 2063 1090; x_wconf 81' lang='lat' dir='ltr'><strong>macula</strong></span> <span class='ocrx_word' id='word_1_88' title='bbox 2090 1052 2104 1089; x_wconf 89' lang='lat'><strong>:</strong></span> 
     </span>
    </p>
   </div>
   <div class='ocr_carea' id='block_1_11' title="bbox 522 1126 2109 1197">
    <p class='ocr_par' dir='ltr' id='par_1_11' title="bbox 522 1126 2109 1197">
     <span class='ocr_line' id='line_1_11' title="bbox 522 1126 2109 1197; baseline 0.003 -19"><span class='ocrx_word' id='word_1_89' title='bbox 522 1143 544 1178; x_wconf 73' lang='grc' dir='ltr'><strong>ι</strong></span> <span class='ocrx_word' id='word_1_90' title='bbox 589 1127 713 1195; x_wconf 90' lang='lat' dir='ltr'><strong>quia</strong></span> <span class='ocrx_word' id='word_1_91' title='bbox 740 1126 805 1179; x_wconf 87' lang='lat' dir='ltr'><strong>ad</strong></span> <span class='ocrx_word' id='word_1_92' title='bbox 836 1126 1051 1181; x_wconf 81' lang='lat' dir='ltr'><strong>Patrem</strong></span> <span class='ocrx_word' id='word_1_93' title='bbox 1085 1127 1256 1191; x_wconf 85' lang='lat' dir='ltr'><strong>vado,</strong></span> <span class='ocrx_word' id='word_1_94' title='bbox 1286 1144 1304 1177; x_wconf 84' lang='lat'><strong>)</strong></span> <span class='ocrx_word' id='word_1_95' title='bbox 1336 1136 1388 1181; x_wconf 93' lang='lat' dir='ltr'><strong>et</strong></span> <span class='ocrx_word' id='word_1_96' title='bbox 1439 1128 1511 1181; x_wconf 89' lang='lat' dir='ltr'><strong>ita</strong></span> <span class='ocrx_word' id='word_1_97' title='bbox 1557 1128 1698 1197; x_wconf 92' lang='lat' dir='ltr'><strong>quod</strong></span> <span class='ocrx_word' id='word_1_98' title='bbox 1730 1127 1841 1197; x_wconf 88' lang='lat' dir='ltr'><strong>jam</strong></span> <span class='ocrx_word' id='word_1_99' title='bbox 1896 1142 2001 1181; x_wconf 90' lang='lat' dir='ltr'><strong>non</strong></span> <span class='ocrx_word' id='word_1_100' title='bbox 2035 1128 2109 1182; x_wconf 81' lang='lat' dir='ltr'><strong>vi-</strong></span> 
     </span>
    </p>
   </div>
   <div class='ocr_carea' id='block_1_12' title="bbox 518 1218 2109 1290">
    <p class='ocr_par' dir='ltr' id='par_1_12' title="bbox 518 1218 2109 1290">
     <span class='ocr_line' id='line_1_12' title="bbox 518 1218 2109 1290; baseline 0.001 -19"><span class='ocrx_word' id='word_1_101' title='bbox 518 1218 715 1272; x_wconf 90' lang='lat' dir='ltr'><strong>debitis</strong></span> <span class='ocrx_word' id='word_1_102' title='bbox 759 1232 844 1273; x_wconf 90' lang='lat' dir='ltr'><strong>me</strong></span> <span class='ocrx_word' id='word_1_103' title='bbox 871 1218 1230 1289; x_wconf 84' lang='lat' dir='ltr'><strong>corporaliter</strong></span> <span class='ocrx_word' id='word_1_104' title='bbox 1258 1218 1419 1289; x_wconf 71' lang='lat' dir='ltr'><strong>afﬂigi</strong></span> <span class='ocrx_word' id='word_1_105' title='bbox 1460 1231 1517 1274; x_wconf 91' lang='lat' dir='ltr'><strong>et</strong></span> <span class='ocrx_word' id='word_1_106' title='bbox 1563 1220 1862 1290; x_wconf 88' lang='lat' dir='ltr'><strong>augustiari</strong></span> <span class='ocrx_word' id='word_1_107' title='bbox 1892 1229 1947 1273; x_wconf 85' lang='lat' dir='ltr'><strong>et</strong></span> <span class='ocrx_word' id='word_1_108' title='bbox 1985 1236 2109 1273; x_wconf 89' lang='lat' dir='ltr'><strong>cru-</strong></span> 
     </span>
    </p>
   </div>
   <div class='ocr_carea' id='block_1_13' title="bbox 518 1310 2108 1380">
    <p class='ocr_par' dir='ltr' id='par_1_13' title="bbox 518 1310 2108 1380">
     <span class='ocr_line' id='line_1_13' title="bbox 518 1310 2108 1380; baseline 0.002 -16"><span class='ocrx_word' id='word_1_109' title='bbox 518 1310 659 1380; x_wconf 87' lang='lat' dir='ltr'><strong>cifigi</strong></span> <span class='ocrx_word' id='word_1_110' title='bbox 690 1311 829 1365; x_wconf 84' lang='lat' dir='ltr'><strong>sicut</strong></span> <span class='ocrx_word' id='word_1_111' title='bbox 860 1312 1074 1366; x_wconf 83' lang='lat' dir='ltr'><strong>vidistis</strong></span> <span class='ocrx_word' id='word_1_112' title='bbox 1101 1325 1116 1365; x_wconf 91' lang='lat'><strong>:</strong></span> <span class='ocrx_word' id='word_1_113' title='bbox 1150 1311 1244 1366; x_wconf 89' lang='lat' dir='ltr'><strong>sed</strong></span> <span class='ocrx_word' id='word_1_114' title='bbox 1275 1312 1470 1367; x_wconf 90' lang='lat' dir='ltr'><strong>amodo</strong></span> <span class='ocrx_word' id='word_1_115' title='bbox 1499 1312 1765 1380; x_wconf 83' lang='lat' dir='ltr'><strong>gloriosus</strong></span> <span class='ocrx_word' id='word_1_116' title='bbox 1805 1326 1899 1367; x_wconf 91' lang='lat' dir='ltr'><strong>ero</strong></span> <span class='ocrx_word' id='word_1_117' title='bbox 1927 1319 1982 1366; x_wconf 91' lang='lat' dir='ltr'><strong>et</strong></span> <span class='ocrx_word' id='word_1_118' title='bbox 2008 1311 2108 1367; x_wconf 90' lang='lat' dir='ltr'><strong>im-</strong></span> 
     </span>
    </p>
   </div>
   <div class='ocr_carea' id='block_1_14' title="bbox 517 1401 2108 1473">
    <p class='ocr_par' dir='ltr' id='par_1_14' title="bbox 517 1401 2108 1473">
     <span class='ocr_line' id='line_1_14' title="bbox 517 1401 2108 1473; baseline 0.002 -18"><span class='ocrx_word' id='word_1_119' title='bbox 517 1401 782 1455; x_wconf 87' lang='lat' dir='ltr'><strong>mortalis.</strong></span> <span class='ocrx_word' id='word_1_120' title='bbox 813 1401 926 1457; x_wconf 86' lang='lat' dir='ltr'><strong>Nisi</strong></span> <span class='ocrx_word' id='word_1_121' title='bbox 974 1404 1120 1457; x_wconf 83' lang='lat' dir='ltr'><strong>enim</strong></span> <span class='ocrx_word' id='word_1_122' title='bbox 1157 1401 1337 1471; x_wconf 89' lang='lat' dir='ltr'><strong>justus</strong></span> <span class='ocrx_word' id='word_1_123' title='bbox 1374 1412 1429 1458; x_wconf 91' lang='lat' dir='ltr'><strong>et</strong></span> <span class='ocrx_word' id='word_1_124' title='bbox 1474 1404 1591 1459; x_wconf 90' lang='lat' dir='ltr'><strong>sine</strong></span> <span class='ocrx_word' id='word_1_125' title='bbox 1631 1404 1840 1458; x_wconf 86' lang='lat' dir='ltr'><strong>macula</strong></span> <span class='ocrx_word' id='word_1_126' title='bbox 1893 1404 2108 1473; x_wconf 84' lang='lat' dir='ltr'><strong>penitus</strong></span> 
     </span>
    </p>
   </div>
   <div class='ocr_carea' id='block_1_15' title="bbox 513 1493 2110 1563">
    <p class='ocr_par' dir='ltr' id='par_1_15' title="bbox 513 1493 2110 1563">
     <span class='ocr_line' id='line_1_15' title="bbox 513 1493 2110 1563; baseline -0.001 -16"><span class='ocrx_word' id='word_1_127' title='bbox 513 1507 722 1555; x_wconf 79' lang='lat' dir='ltr'><strong>essem,</strong></span> <span class='ocrx_word' id='word_1_128' title='bbox 754 1507 858 1548; x_wconf 92' lang='lat' dir='ltr'><strong>non</strong></span> <span class='ocrx_word' id='word_1_129' title='bbox 908 1493 1094 1562; x_wconf 83' lang='lat' dir='ltr'><strong>utique</strong></span> <span class='ocrx_word' id='word_1_130' title='bbox 1134 1493 1214 1548; x_wconf 91' lang='lat' dir='ltr'><strong>sic</strong></span> <span class='ocrx_word' id='word_1_131' title='bbox 1267 1494 1500 1563; x_wconf 84' lang='lat' dir='ltr'><strong>gloriose</strong></span> <span class='ocrx_word' id='word_1_132' title='bbox 1550 1493 1618 1548; x_wconf 89' lang='lat' dir='ltr'><strong>ad</strong></span> <span class='ocrx_word' id='word_1_133' title='bbox 1662 1493 1875 1548; x_wconf 85' lang='lat' dir='ltr'><strong>Patrem</strong></span> <span class='ocrx_word' id='word_1_134' title='bbox 1920 1508 2110 1548; x_wconf 89' lang='lat' dir='ltr'><strong>ascen-</strong></span> 
     </span>
    </p>
   </div>
   <div class='ocr_carea' id='block_1_16' title="bbox 514 1583 2105 1656">
    <p class='ocr_par' dir='ltr' id='par_1_16' title="bbox 514 1583 2105 1656">
     <span class='ocr_line' id='line_1_16' title="bbox 514 1583 2105 1656; baseline 0.001 -20"><span class='ocrx_word' id='word_1_135' title='bbox 514 1583 692 1637; x_wconf 80' lang='lat' dir='ltr'><strong>dendo</strong></span> <span class='ocrx_word' id='word_1_136' title='bbox 741 1584 1064 1638; x_wconf 88' lang='lat' dir='ltr'><strong>immortalis</strong></span> <span class='ocrx_word' id='word_1_137' title='bbox 1110 1584 1313 1638; x_wconf 86' lang='lat' dir='ltr'><strong>lierem.</strong></span> <span class='ocrx_word' id='word_1_138' title='bbox 1355 1602 1374 1635; x_wconf 77' lang='grc' dir='ltr'><strong>ι</strong></span> <span class='ocrx_word' id='word_1_139' title='bbox 1414 1584 1488 1639; x_wconf 86' lang='lat' dir='ltr'><strong>De</strong></span> <span class='ocrx_word' id='word_1_140' title='bbox 1528 1584 1734 1656; x_wconf 85' lang='lat' dir='ltr'><strong>judicio</strong></span> <span class='ocrx_word' id='word_1_141' title='bbox 1773 1598 1934 1649; x_wconf 85' lang='lat' dir='ltr'><strong>vero,</strong></span> <span class='ocrx_word' id='word_1_142' title='bbox 1980 1585 2105 1654; x_wconf 89' lang='lat' dir='ltr'><strong>quia</strong></span> 
     </span>
    </p>
   </div>
   <div class='ocr_carea' id='block_1_17' title="bbox 511 1673 2102 1746">
    <p class='ocr_par' dir='ltr' id='par_1_17' title="bbox 511 1673 2102 1746">
     <span class='ocr_line' id='line_1_17' title="bbox 511 1673 2102 1746; baseline 0.001 -21"><span class='ocrx_word' id='word_1_143' title='bbox 511 1674 764 1744; x_wconf 89' lang='lat' dir='ltr'><strong>princeps</strong></span> <span class='ocrx_word' id='word_1_144' title='bbox 789 1674 898 1745; x_wconf 79' lang='lat'><strong>56</strong></span> <span class='ocrx_word' id='word_1_145' title='bbox 922 1675 1281 1744; x_wconf 89' lang='lat' dir='ltr'><strong>hujusmundi</strong></span> <span class='ocrx_word' id='word_1_146' title='bbox 1302 1673 1704 1744; x_wconf 88' lang='lat' dir='ltr'><strong>jamjudicatus</strong></span> <span class='ocrx_word' id='word_1_147' title='bbox 1725 1675 2017 1746; x_wconf 89' lang='lat' dir='ltr'><strong>est(lbid.)</strong></span> <span class='ocrx_word' id='word_1_148' title='bbox 2044 1694 2058 1730; x_wconf 94' lang='lat'><strong>:</strong></span> <span class='ocrx_word' id='word_1_149' title='bbox 2085 1694 2102 1726; x_wconf 79' lang='grc' dir='ltr'><strong>ι</strong></span> 
     </span>
    </p>
   </div>
   <div class='ocr_carea' id='block_1_18' title="bbox 2211 488 3751 561">
    <p class='ocr_par' dir='ltr' id='par_1_18' title="bbox 2211 488 3751 561">
     <span class='ocr_line' id='line_1_18' title="bbox 2211 488 3751 561; baseline 0.012 -19"><span class='ocrx_word' id='word_1_150' title='bbox 2211 489 2409 556; x_wconf 87' lang='lat' dir='ltr'><strong>cipitur</strong></span> <span class='ocrx_word' id='word_1_151' title='bbox 2464 489 2622 542; x_wconf 97' lang='lat' dir='ltr'><strong>timor</strong></span> <span class='ocrx_word' id='word_1_152' title='bbox 2671 488 2887 544; x_wconf 86' lang='lat' dir='ltr'><strong>Domini</strong></span> <span class='ocrx_word' id='word_1_153' title='bbox 2931 501 3178 556; x_wconf 86' lang='lat' dir='ltr'><strong>sanctus,</strong></span> <span class='ocrx_word' id='word_1_154' title='bbox 3206 494 3257 548; x_wconf 90' lang='lat' dir='ltr'><strong>id</strong></span> <span class='ocrx_word' id='word_1_155' title='bbox 3304 506 3644 559; x_wconf 72' lang='lat' dir='ltr'><strong>est‘sanctos</strong></span> <span class='ocrx_word' id='word_1_156' title='bbox 3684 506 3751 561; x_wconf 85' lang='lat' dir='ltr'><strong>fa-</strong></span> 
     </span>
    </p>
   </div>
   <div class='ocr_carea' id='block_1_19' title="bbox 2208 578 3753 651">
    <p class='ocr_par' dir='ltr' id='par_1_19' title="bbox 2208 578 3753 651">
     <span class='ocr_line' id='line_1_19' title="bbox 2208 578 3753 651; baseline 0.012 -19"><span class='ocrx_word' id='word_1_157' title='bbox 2208 579 2533 647; x_wconf 88' lang='lat' dir='ltr'><strong>cieusjuxta</strong></span> <span class='ocrx_word' id='word_1_158' title='bbox 2564 579 2691 633; x_wconf 88' lang='lat' dir='ltr'><strong>illud</strong></span> <span class='ocrx_word' id='word_1_159' title='bbox 2718 578 3033 648; x_wconf 81' lang='lat' dir='ltr'><strong>Sapientis:</strong></span> <span class='ocrx_word' id='word_1_160' title='bbox 3065 600 3082 633; x_wconf 78' lang='grc' dir='ltr'><strong>ι</strong></span> <span class='ocrx_word' id='word_1_161' title='bbox 3119 582 3219 650; x_wconf 86' lang='lat' dir='ltr'><strong>Qui</strong></span> <span class='ocrx_word' id='word_1_162' title='bbox 3250 586 3402 641; x_wconf 87' lang='lat' dir='ltr'><strong>timet</strong></span> <span class='ocrx_word' id='word_1_163' title='bbox 3434 588 3591 645; x_wconf 78' lang='lat' dir='ltr'><strong>Deum</strong></span> <span class='ocrx_word' id='word_1_164' title='bbox 3618 594 3753 651; x_wconf 82' lang='lat' dir='ltr'><strong>faciet</strong></span> 
     </span>
    </p>
   </div>
   <div class='ocr_carea' id='block_1_20' title="bbox 2207 666 3754 753">
    <p class='ocr_par' dir='ltr' id='par_1_20' title="bbox 2207 666 3754 753">
     <span class='ocr_line' id='line_1_20' title="bbox 2207 666 3754 753; baseline 0.011 -31"><span class='ocrx_word' id='word_1_165' title='bbox 2207 666 2348 722; x_wconf 88' lang='lat' dir='ltr'><strong>bona</strong></span> <span class='ocrx_word' id='word_1_166' title='bbox 2395 666 2591 736; x_wconf 86' lang='lat' dir='ltr'><strong>(Eccle.</strong></span> <span class='ocrx_word' id='word_1_167' title='bbox 2636 685 2727 734; x_wconf 83' lang='lat' dir='ltr'><strong>xv,</strong></span> <span class='ocrx_word' id='word_1_168' title='bbox 2762 670 2837 736; x_wconf 86' lang='lat' dir='ltr'><strong>l).</strong></span> <span class='ocrx_word' id='word_1_169' title='bbox 2878 689 2897 722; x_wconf 75' lang='grc' dir='ltr'><strong>ι</strong></span> <span class='ocrx_word' id='word_1_170' title='bbox 2956 671 3024 726; x_wconf 85' lang='grc' dir='ltr'>Ει</span> <span class='ocrx_word' id='word_1_171' title='bbox 3069 674 3193 742; x_wconf 90' lang='lat' dir='ltr'><strong>quia</strong></span> <span class='ocrx_word' id='word_1_172' title='bbox 3226 685 3353 729; x_wconf 91' lang='lat' dir='ltr'><strong>sunt</strong></span> <span class='ocrx_word' id='word_1_173' title='bbox 3381 678 3485 733; x_wconf 90' lang='lat' dir='ltr'><strong>duo</strong></span> <span class='ocrx_word' id='word_1_174' title='bbox 3532 683 3754 753; x_wconf 82' lang='lat' dir='ltr'><strong>timores,</strong></span> 
     </span>
    </p>
   </div>
   <div class='ocr_carea' id='block_1_21' title="bbox 2206 755 3755 835">
    <p class='ocr_par' dir='ltr' id='par_1_21' title="bbox 2206 755 3755 835">
     <span class='ocr_line' id='line_1_21' title="bbox 2206 755 3755 835; baseline 0.011 -24"><span class='ocrx_word' id='word_1_175' title='bbox 2206 755 2421 811; x_wconf 83' lang='lat' dir='ltr'><strong>servilis</strong></span> <span class='ocrx_word' id='word_1_176' title='bbox 2451 759 2662 813; x_wconf 79' lang='lat' dir='ltr'><strong>scilicet</strong></span> <span class='ocrx_word' id='word_1_177' title='bbox 2691 768 2748 813; x_wconf 90' lang='lat' dir='ltr'><strong>et</strong></span> <span class='ocrx_word' id='word_1_178' title='bbox 2778 770 2985 826; x_wconf 86' lang='lat' dir='ltr'><strong>castus,</strong></span> <span class='ocrx_word' id='word_1_179' title='bbox 3014 772 3070 817; x_wconf 90' lang='lat' dir='ltr'><strong>et</strong></span> <span class='ocrx_word' id='word_1_180' title='bbox 3095 772 3321 835; x_wconf 90' lang='lat' dir='ltr'><strong>uterque</strong></span> <span class='ocrx_word' id='word_1_181' title='bbox 3354 780 3570 825; x_wconf 87' lang='lat' dir='ltr'><strong>sanctus</strong></span> <span class='ocrx_word' id='word_1_182' title='bbox 3598 791 3610 826; x_wconf 87' lang='lat'><strong>:</strong></span> <span class='ocrx_word' id='word_1_183' title='bbox 3636 787 3755 831; x_wconf 82' lang='lat' dir='ltr'><strong>uter-</strong></span> 
     </span>
    </p>
   </div>
   <div class='ocr_carea' id='block_1_22' title="bbox 2208 848 3755 919">
    <p class='ocr_par' dir='ltr' id='par_1_22' title="bbox 2208 848 3755 919">
     <span class='ocr_line' id='line_1_22' title="bbox 2208 848 3755 919; baseline 0.014 -23"><span class='ocrx_word' id='word_1_184' title='bbox 2208 860 2314 916; x_wconf 91' lang='lat' dir='ltr'><strong>que</strong></span> <span class='ocrx_word' id='word_1_185' title='bbox 2341 848 2483 901; x_wconf 90' lang='lat' dir='ltr'><strong>enim</strong></span> <span class='ocrx_word' id='word_1_186' title='bbox 2527 862 2557 901; x_wconf 89' lang='lat' dir='ltr'><strong>a</strong></span> <span class='ocrx_word' id='word_1_187' title='bbox 2601 850 2840 917; x_wconf 87' lang='lat' dir='ltr'><strong>peccatis</strong></span> <span class='ocrx_word' id='word_1_188' title='bbox 2871 865 3092 908; x_wconf 89' lang='lat' dir='ltr'><strong>cessare</strong></span> <span class='ocrx_word' id='word_1_189' title='bbox 3141 854 3314 910; x_wconf 80' lang='lat' dir='ltr'><strong>facit:</strong></span> <span class='ocrx_word' id='word_1_190' title='bbox 3357 860 3664 917; x_wconf 86' lang='lat' dir='ltr'><strong>determinat</strong></span> <span class='ocrx_word' id='word_1_191' title='bbox 3704 871 3755 919; x_wconf 78' lang='lat' dir='ltr'><strong>de</strong></span> 
     </span>
    </p>
   </div>
   <div class='ocr_carea' id='block_1_23' title="bbox 2208 938 3755 1016">
    <p class='ocr_par' dir='ltr' id='par_1_23' title="bbox 2208 938 3755 1016">
     <span class='ocr_line' id='line_1_23' title="bbox 2208 938 3755 1016; baseline 0.014 -27"><span class='ocrx_word' id='word_1_192' title='bbox 2208 951 2319 1007; x_wconf 89' lang='lat' dir='ltr'><strong>quo</strong></span> <span class='ocrx_word' id='word_1_193' title='bbox 2345 938 2432 992; x_wconf 89' lang='lat' dir='ltr'><strong>hic</strong></span> <span class='ocrx_word' id='word_1_194' title='bbox 2462 938 2708 993; x_wconf 86' lang='lat' dir='ltr'><strong>intendat</strong></span> <span class='ocrx_word' id='word_1_195' title='bbox 2734 940 2815 995; x_wconf 91' lang='lat' dir='ltr'><strong>sic</strong></span> <span class='ocrx_word' id='word_1_196' title='bbox 2847 959 2863 997; x_wconf 85' lang='lat'><strong>:</strong></span> <span class='ocrx_word' id='word_1_197' title='bbox 2895 942 3060 997; x_wconf 84' lang='lat' dir='ltr'><strong>timor</strong></span> <span class='ocrx_word' id='word_1_198' title='bbox 3100 944 3221 999; x_wconf 87' lang='lat' dir='ltr'><strong>dico</strong></span> <span class='ocrx_word' id='word_1_199' title='bbox 3257 964 3561 1016; x_wconf 70' lang='lat' dir='ltr'><strong>permanens</strong></span> <span class='ocrx_word' id='word_1_200' title='bbox 3585 955 3633 1008; x_wconf 85' lang='lat' dir='ltr'><strong>in</strong></span> <span class='ocrx_word' id='word_1_201' title='bbox 3670 972 3755 1010; x_wconf 71' lang='lat' dir='ltr'><strong>sc-</strong></span> 
     </span>
    </p>
   </div>
   <div class='ocr_carea' id='block_1_24' title="bbox 2209 1028 3756 1107">
    <p class='ocr_par' dir='ltr' id='par_1_24' title="bbox 2209 1028 3756 1107">
     <span class='ocr_line' id='line_1_24' title="bbox 2209 1028 3756 1107; baseline 0.012 -26"><span class='ocrx_word' id='word_1_202' title='bbox 2209 1028 2384 1081; x_wconf 85' lang='lat' dir='ltr'><strong>culum</strong></span> <span class='ocrx_word' id='word_1_203' title='bbox 2426 1028 2627 1091; x_wconf 73' lang='lat' dir='ltr'><strong>smculi,</strong></span> <span class='ocrx_word' id='word_1_204' title='bbox 2662 1030 2715 1084; x_wconf 90' lang='lat' dir='ltr'><strong>id</strong></span> <span class='ocrx_word' id='word_1_205' title='bbox 2756 1040 2847 1085; x_wconf 89' lang='lat' dir='ltr'><strong>.est</strong></span> <span class='ocrx_word' id='word_1_206' title='bbox 2889 1048 3108 1104; x_wconf 89' lang='lat' dir='ltr'><strong>semper</strong></span> <span class='ocrx_word' id='word_1_207' title='bbox 3129 1047 3416 1107; x_wconf 85' lang='lat' dir='ltr'><strong>postquam</strong></span> <span class='ocrx_word' id='word_1_208' title='bbox 3447 1042 3658 1098; x_wconf 84' lang='lat' dir='ltr'><strong>habetur</strong></span> <span class='ocrx_word' id='word_1_209' title='bbox 3677 1049 3756 1100; x_wconf 87' lang='lat' dir='ltr'><strong>du-</strong></span> 
     </span>
    </p>
   </div>
   <div class='ocr_carea' id='block_1_25' title="bbox 2208 1120 3753 1202">
    <p class='ocr_par' dir='ltr' id='par_1_25' title="bbox 2208 1120 3753 1202">
     <span class='ocr_line' id='line_1_25' title="bbox 2208 1120 3753 1202; baseline 0.012 -31"><span class='ocrx_word' id='word_1_210' title='bbox 2208 1127 2450 1183; x_wconf 89' lang='lat' dir='ltr'><strong>raturus,</strong></span> <span class='ocrx_word' id='word_1_211' title='bbox 2486 1129 2670 1173; x_wconf 89' lang='lat' dir='ltr'><strong>castus</strong></span> <span class='ocrx_word' id='word_1_212' title='bbox 2720 1120 2932 1177; x_wconf 89' lang='lat' dir='ltr'><strong>scilicet</strong></span> <span class='ocrx_word' id='word_1_213' title='bbox 2970 1124 3171 1189; x_wconf 90' lang='lat' dir='ltr'><strong>timor.</strong></span> <span class='ocrx_word' id='word_1_214' title='bbox 3216 1127 3282 1182; x_wconf 91' lang='lat' dir='ltr'><strong>de</strong></span> <span class='ocrx_word' id='word_1_215' title='bbox 3324 1144 3433 1198; x_wconf 88' lang='lat' dir='ltr'><strong>quo</strong></span> <span class='ocrx_word' id='word_1_216' title='bbox 3464 1132 3753 1202; x_wconf 70' lang='lat' dir='ltr'><strong>Apostolus:</strong></span> 
     </span>
    </p>
   </div>
   <div class='ocr_carea' id='block_1_26' title="bbox 2214 1206 3756 1289">
    <p class='ocr_par' dir='ltr' id='par_1_26' title="bbox 2214 1206 3756 1289">
     <span class='ocr_line' id='line_1_26' title="bbox 2214 1206 3756 1289; baseline 0.013 -28"><span class='ocrx_word' id='word_1_217' title='bbox 2214 1225 2234 1260; x_wconf 77' lang='grc' dir='ltr'><strong>ι</strong></span> <span class='ocrx_word' id='word_1_218' title='bbox 2268 1206 2520 1264; x_wconf 84' lang='lat' dir='ltr'><strong>Charitas</strong></span> <span class='ocrx_word' id='word_1_219' title='bbox 2552 1225 2827 1280; x_wconf 90' lang='lat' dir='ltr'><strong>nunquam</strong></span> <span class='ocrx_word' id='word_1_220' title='bbox 2873 1214 3143 1285; x_wconf 64' lang='lat' dir='ltr'><strong>excidit“</strong></span> <span class='ocrx_word' id='word_1_221' title='bbox 3174 1213 3297 1272; x_wconf 90' lang='lat' dir='ltr'><strong>Cor.</strong></span> <span class='ocrx_word' id='word_1_222' title='bbox 3326 1234 3459 1285; x_wconf 83' lang='lat' dir='ltr'><strong>xui,</strong></span> <span class='ocrx_word' id='word_1_223' title='bbox 3486 1222 3539 1289; x_wconf 84' lang='lat'><strong>8)</strong></span> <span class='ocrx_word' id='word_1_224' title='bbox 3567 1241 3580 1276; x_wconf 71' lang='grc' dir='ltr'>ε</span> <span class='ocrx_word' id='word_1_225' title='bbox 3610 1242 3626 1274; x_wconf 77' lang='grc' dir='ltr'><strong>ι</strong></span> <span class='ocrx_word' id='word_1_226' title='bbox 3665 1241 3756 1280; x_wconf 83' lang='lat' dir='ltr'><strong>ser-</strong></span> 
     </span>
    </p>
   </div>
   <div class='ocr_carea' id='block_1_27' title="bbox 2208 1300 3757 1385">
    <p class='ocr_par' dir='ltr' id='par_1_27' title="bbox 2208 1300 3757 1385">
     <span class='ocr_line' id='line_1_27' title="bbox 2208 1300 3757 1385; baseline 0.015 -32"><span class='ocrx_word' id='word_1_227' title='bbox 2208 1300 2332 1356; x_wconf 80' lang='lat' dir='ltr'><strong>vilis</strong></span> <span class='ocrx_word' id='word_1_228' title='bbox 2358 1316 2490 1358; x_wconf 70' lang='grc' dir='ltr'>γει-ο</span> <span class='ocrx_word' id='word_1_229' title='bbox 2514 1303 3039 1371; x_wconf 85' lang='lat' dir='ltr'><strong>timur,adveniente</strong></span> <span class='ocrx_word' id='word_1_230' title='bbox 3066 1319 3239 1376; x_wconf 83' lang='lat' dir='ltr'><strong>casto,</strong></span> <span class='ocrx_word' id='word_1_231' title='bbox 3263 1315 3568 1385; x_wconf 80' lang='lat' dir='ltr'><strong>expellitur,</strong></span> <span class='ocrx_word' id='word_1_232' title='bbox 3585 1318 3757 1377; x_wconf 81' lang='lat' dir='ltr'><strong>Joanne</strong></span> 
     </span>
    </p>
   </div>
   <div class='ocr_carea' id='block_1_28' title="bbox 2208 1391 3756 1465">
    <p class='ocr_par' dir='ltr' id='par_1_28' title="bbox 2208 1391 3756 1465">
     <span class='ocr_line' id='line_1_28' title="bbox 2208 1391 3756 1465; baseline 0.012 -19"><span class='ocrx_word' id='word_1_233' title='bbox 2208 1391 2469 1461; x_wconf 84' lang='lat' dir='ltr'><strong>Apostolo</strong></span> <span class='ocrx_word' id='word_1_234' title='bbox 2501 1403 2736 1452; x_wconf 86' lang='lat' dir='ltr'><strong>testante</strong></span> <span class='ocrx_word' id='word_1_235' title='bbox 2769 1412 2784 1451; x_wconf 90' lang='lat'><strong>:</strong></span> <span class='ocrx_word' id='word_1_236' title='bbox 2823 1414 2842 1449; x_wconf 79' lang='grc' dir='ltr'><strong>ι</strong></span> <span class='ocrx_word' id='word_1_237' title='bbox 2874 1396 3126 1456; x_wconf 82' lang='lat' dir='ltr'><strong>Perfecta</strong></span> <span class='ocrx_word' id='word_1_238' title='bbox 3171 1402 3413 1460; x_wconf 88' lang='lat' dir='ltr'><strong>charitas</strong></span> <span class='ocrx_word' id='word_1_239' title='bbox 3452 1406 3590 1462; x_wconf 85' lang='lat' dir='ltr'><strong>foras</strong></span> <span class='ocrx_word' id='word_1_240' title='bbox 3621 1411 3756 1465; x_wconf 85' lang='lat' dir='ltr'><strong>mittit</strong></span> 
     </span>
    </p>
   </div>
   <div class='ocr_carea' id='block_1_29' title="bbox 2212 1484 3758 1574">
    <p class='ocr_par' dir='ltr' id='par_1_29' title="bbox 2212 1484 3758 1574">
     <span class='ocr_line' id='line_1_29' title="bbox 2212 1484 3758 1574; baseline 0.014 -37"><span class='ocrx_word' id='word_1_241' title='bbox 2212 1484 2460 1574; x_wconf 75' lang='lat' dir='ltr'><strong>timorem</strong></span> <span class='ocrx_word' id='word_1_242' title='bbox 2492 1485 2543 1558; x_wconf 90' lang='grc' dir='ltr'><strong>(Ι</strong></span> <span class='ocrx_word' id='word_1_243' title='bbox 2570 1485 2733 1541; x_wconf 81' lang='lat' dir='ltr'><strong>Joan.</strong></span> <span class='ocrx_word' id='word_1_244' title='bbox 2763 1503 2839 1555; x_wconf 86' lang='lat' dir='ltr'><strong>tv,</strong></span> <span class='ocrx_word' id='word_1_245' title='bbox 2869 1490 2960 1559; x_wconf 81' lang='grc'><strong>18)</strong></span> <span class='ocrx_word' id='word_1_246' title='bbox 2992 1509 3006 1545; x_wconf 87' lang='lat'><strong>:</strong></span> <span class='ocrx_word' id='word_1_247' title='bbox 3048 1511 3068 1545; x_wconf 72' lang='grc' dir='ltr'><strong>ο</strong></span> <span class='ocrx_word' id='word_1_248' title='bbox 3105 1493 3202 1549; x_wconf 88' lang='lat' dir='ltr'><strong>has</strong></span> <span class='ocrx_word' id='word_1_249' title='bbox 3227 1509 3361 1550; x_wconf 74' lang='lat' dir='ltr'><strong>vero</strong></span> <span class='ocrx_word' id='word_1_250' title='bbox 3386 1496 3568 1553; x_wconf 83' lang='lat' dir='ltr'><strong>laudes</strong></span> <span class='ocrx_word' id='word_1_251' title='bbox 3587 1501 3646 1556; x_wconf 90' lang='lat' dir='ltr'><strong>de</strong></span> <span class='ocrx_word' id='word_1_252' title='bbox 3665 1501 3758 1574; x_wconf 72' lang='lat' dir='ltr'><strong>lege</strong></span> 
     </span>
    </p>
   </div>
   <div class='ocr_carea' id='block_1_30' title="bbox 2212 1571 3759 1658">
    <p class='ocr_par' dir='ltr' id='par_1_30' title="bbox 2212 1571 3759 1658">
     <span class='ocr_line' id='line_1_30' title="bbox 2212 1571 3759 1658; baseline 0.014 -32"><span class='ocrx_word' id='word_1_253' title='bbox 2212 1571 2302 1628; x_wconf 90' lang='lat' dir='ltr'><strong>Dei</strong></span> <span class='ocrx_word' id='word_1_254' title='bbox 2337 1576 2521 1643; x_wconf 90' lang='lat' dir='ltr'><strong>posuit</strong></span> <span class='ocrx_word' id='word_1_255' title='bbox 2552 1591 2567 1629; x_wconf 92' lang='lat'><strong>:</strong></span> <span class='ocrx_word' id='word_1_256' title='bbox 2612 1584 2665 1631; x_wconf 90' lang='lat' dir='ltr'><strong>ut</strong></span> <span class='ocrx_word' id='word_1_257' title='bbox 2704 1582 3119 1638; x_wconf 81' lang='lat' dir='ltr'><strong>successoribus</strong></span> <span class='ocrx_word' id='word_1_258' title='bbox 3147 1598 3267 1639; x_wconf 89' lang='lat' dir='ltr'><strong>eam</strong></span> <span class='ocrx_word' id='word_1_259' title='bbox 3291 1592 3619 1658; x_wconf 89' lang='lat' dir='ltr'><strong>suscepturis</strong></span> <span class='ocrx_word' id='word_1_260' title='bbox 3638 1571 3759 1646; x_wconf 53' lang='lat' dir='ltr'><strong>eoin.</strong></span> 
     </span>
    </p>
   </div>
   <div class='ocr_carea' id='block_1_31' title="bbox 2213 1666 3757 1749">
    <p class='ocr_par' dir='ltr' id='par_1_31' title="bbox 2213 1666 3757 1749">
     <span class='ocr_line' id='line_1_31' title="bbox 2213 1666 3757 1749; baseline 0.013 -29"><span class='ocrx_word' id='word_1_261' title='bbox 2213 1666 2512 1723; x_wconf 89' lang='lat' dir='ltr'><strong>mendaret.</strong></span> <span class='ocrx_word' id='word_1_262' title='bbox 2551 1668 2764 1739; x_wconf 78' lang='lat' dir='ltr'><strong>Repetit</strong></span> <span class='ocrx_word' id='word_1_263' title='bbox 2790 1685 2922 1728; x_wconf 80' lang='lat' dir='ltr'><strong>vero</strong></span> <span class='ocrx_word' id='word_1_264' title='bbox 2957 1674 3094 1731; x_wconf 88' lang='lat' dir='ltr'><strong>duas</strong></span> <span class='ocrx_word' id='word_1_265' title='bbox 3119 1675 3187 1731; x_wconf 90' lang='lat' dir='ltr'><strong>de</strong></span> <span class='ocrx_word' id='word_1_266' title='bbox 3229 1680 3596 1749; x_wconf 84' lang='lat' dir='ltr'><strong>superioribus</strong></span> <span class='ocrx_word' id='word_1_267' title='bbox 3620 1684 3757 1740; x_wconf 75' lang='lat' dir='ltr'><strong>lauti-</strong></span> 
     </span>
    </p>
   </div>
   <div class='ocr_carea' id='block_1_32' title="bbox 512 1756 3757 1839">
    <p class='ocr_par' dir='ltr' id='par_1_32' title="bbox 512 1756 3757 1839">
     <span class='ocr_line' id='line_1_32' title="bbox 512 1756 3757 1839; baseline 0.003 -20"><span class='ocrx_word' id='word_1_268' title='bbox 512 1767 590 1821; x_wconf 83' lang='lat' dir='ltr'><strong>Ac</strong></span> <span class='ocrx_word' id='word_1_269' title='bbox 617 1767 659 1821; x_wconf 90' lang='lat' dir='ltr'><strong>si</strong></span> <span class='ocrx_word' id='word_1_270' title='bbox 689 1768 825 1822; x_wconf 84' lang='lat' dir='ltr'><strong>dicat</strong></span> <span class='ocrx_word' id='word_1_271' title='bbox 857 1767 929 1821; x_wconf 90' lang='lat' dir='ltr'><strong>illi</strong></span> <span class='ocrx_word' id='word_1_272' title='bbox 958 1767 1107 1837; x_wconf 91' lang='lat' dir='ltr'><strong>prius</strong></span> <span class='ocrx_word' id='word_1_273' title='bbox 1130 1782 1225 1837; x_wconf 88' lang='lat' dir='ltr'><strong>per</strong></span> <span class='ocrx_word' id='word_1_274' title='bbox 1251 1768 1536 1836; x_wconf 83' lang='lat' dir='ltr'><strong>judicium,</strong></span> <span class='ocrx_word' id='word_1_275' title='bbox 1569 1768 1620 1823; x_wconf 89' lang='lat' dir='ltr'><strong>id</strong></span> <span class='ocrx_word' id='word_1_276' title='bbox 1645 1778 1725 1824; x_wconf 91' lang='lat' dir='ltr'><strong>cst</strong></span> <span class='ocrx_word' id='word_1_277' title='bbox 1755 1784 1851 1839; x_wconf 90' lang='lat' dir='ltr'><strong>per</strong></span> <span class='ocrx_word' id='word_1_278' title='bbox 1877 1769 2104 1823; x_wconf 86' lang='lat' dir='ltr'><strong>damna-</strong></span> <span class='ocrx_word' id='word_1_279' title='bbox 2139 1756 2182 1812; x_wconf 81' lang='grc' dir='ltr'>Β</span> <span class='ocrx_word' id='word_1_280' title='bbox 2209 1756 2340 1825; x_wconf 62' lang='lat' dir='ltr'><strong>bus.</strong></span> <span class='ocrx_word' id='word_1_281' title='bbox 2392 1758 2600 1815; x_wconf 73' lang='lat' dir='ltr'><strong>addens</strong></span> <span class='ocrx_word' id='word_1_282' title='bbox 2649 1760 2813 1817; x_wconf 71' lang='lat' dir='ltr'><strong>aliam</strong></span> <span class='ocrx_word' id='word_1_283' title='bbox 2863 1778 3027 1833; x_wconf 82' lang='lat' dir='ltr'><strong>quam</strong></span> <span class='ocrx_word' id='word_1_284' title='bbox 3072 1781 3180 1822; x_wconf 84' lang='lat' dir='ltr'><strong>non</strong></span> <span class='ocrx_word' id='word_1_285' title='bbox 3228 1768 3473 1838; x_wconf 76' lang='lat' dir='ltr'><strong>dixerat,</strong></span> <span class='ocrx_word' id='word_1_286' title='bbox 3507 1782 3564 1829; x_wconf 87' lang='grc' dir='ltr'><strong>ιιι</strong></span> <span class='ocrx_word' id='word_1_287' title='bbox 3593 1790 3651 1829; x_wconf 85' lang='lat' dir='ltr'><strong>ex</strong></span> <span class='ocrx_word' id='word_1_288' title='bbox 3692 1778 3757 1831; x_wconf 88' lang='lat' dir='ltr'><strong>his</strong></span> 
     </span>
    </p>
   </div>
   <div class='ocr_carea' id='block_1_33' title="bbox 513 1858 2108 1929">
    <p class='ocr_par' dir='ltr' id='par_1_33' title="bbox 513 1858 2108 1929">
     <span class='ocr_line' id='line_1_33' title="bbox 513 1858 2108 1929; baseline 0.001 -17"><span class='ocrx_word' id='word_1_289' title='bbox 513 1860 716 1913; x_wconf 88' lang='lat' dir='ltr'><strong>tionem</strong></span> <span class='ocrx_word' id='word_1_290' title='bbox 771 1858 1052 1929; x_wconf 77' lang='lat' dir='ltr'><strong>originalis</strong></span> <span class='ocrx_word' id='word_1_291' title='bbox 1099 1859 1331 1928; x_wconf 87' lang='lat' dir='ltr'><strong>peccati,</strong></span> <span class='ocrx_word' id='word_1_292' title='bbox 1381 1860 1459 1914; x_wconf 90' lang='lat' dir='ltr'><strong>sic</strong></span> <span class='ocrx_word' id='word_1_293' title='bbox 1489 1874 1549 1915; x_wconf 91' lang='lat' dir='ltr'><strong>se</strong></span> <span class='ocrx_word' id='word_1_294' title='bbox 1601 1860 1667 1915; x_wconf 91' lang='lat' dir='ltr'><strong>de</strong></span> <span class='ocrx_word' id='word_1_295' title='bbox 1698 1859 2015 1914; x_wconf 87' lang='lat' dir='ltr'><strong>iutidelitate</strong></span> <span class='ocrx_word' id='word_1_296' title='bbox 2053 1870 2108 1914; x_wconf 85' lang='lat' dir='ltr'><strong>et</strong></span> 
     </span>
    </p>
   </div>
   <div class='ocr_carea' id='block_1_34' title="bbox 506 1949 2107 2022">
    <p class='ocr_par' dir='ltr' id='par_1_34' title="bbox 506 1949 2107 2022">
     <span class='ocr_line' id='line_1_34' title="bbox 506 1949 2107 2022; baseline -0.001 -18"><span class='ocrx_word' id='word_1_297' title='bbox 506 1949 721 2019; x_wconf 88' lang='lat' dir='ltr'><strong>justitia</strong></span> <span class='ocrx_word' id='word_1_298' title='bbox 754 1951 1110 2014; x_wconf 90' lang='lat' dir='ltr'><strong>excusabant,</strong></span> <span class='ocrx_word' id='word_1_299' title='bbox 1154 1950 1221 2005; x_wconf 87' lang='lat' dir='ltr'><strong>ad</strong></span> <span class='ocrx_word' id='word_1_300' title='bbox 1259 1952 1389 2021; x_wconf 89' lang='lat' dir='ltr'><strong>quid</strong></span> <span class='ocrx_word' id='word_1_301' title='bbox 1421 1951 1581 2008; x_wconf 81' lang='lat' dir='ltr'><strong>[idem</strong></span> <span class='ocrx_word' id='word_1_302' title='bbox 1612 1960 1669 2006; x_wconf 89' lang='lat' dir='ltr'><strong>et</strong></span> <span class='ocrx_word' id='word_1_303' title='bbox 1702 1951 1974 2022; x_wconf 87' lang='lat' dir='ltr'><strong>justitiam</strong></span> <span class='ocrx_word' id='word_1_304' title='bbox 2012 1950 2107 2005; x_wconf 87' lang='lat' dir='ltr'><strong>ha-</strong></span> 
     </span>
    </p>
   </div>
   <div class='ocr_carea' id='block_1_35' title="bbox 514 2043 2103 2112">
    <p class='ocr_par' dir='ltr' id='par_1_35' title="bbox 514 2043 2103 2112">
     <span class='ocr_line' id='line_1_35' title="bbox 514 2043 2103 2112; baseline 0.001 -15"><span class='ocrx_word' id='word_1_305' title='bbox 514 2043 804 2098; x_wconf 84' lang='lat' dir='ltr'><strong>beremus?</strong></span> <span class='ocrx_word' id='word_1_306' title='bbox 847 2043 1132 2108; x_wconf 84' lang='lat' dir='ltr'><strong>Nunquam</strong></span> <span class='ocrx_word' id='word_1_307' title='bbox 1173 2043 1311 2099; x_wconf 89' lang='lat' dir='ltr'><strong>adeo</strong></span> <span class='ocrx_word' id='word_1_308' title='bbox 1364 2043 1549 2099; x_wconf 83' lang='lat' dir='ltr'><strong>fideles</strong></span> <span class='ocrx_word' id='word_1_309' title='bbox 1602 2053 1658 2099; x_wconf 88' lang='lat' dir='ltr'><strong>et</strong></span> <span class='ocrx_word' id='word_1_310' title='bbox 1694 2043 1827 2112; x_wconf 88' lang='lat' dir='ltr'><strong>justi</strong></span> <span class='ocrx_word' id='word_1_311' title='bbox 1860 2043 2103 2109; x_wconf 88' lang='lat' dir='ltr'><strong>erimus,</strong></span> 
     </span>
    </p>
   </div>
   <div class='ocr_carea' id='block_1_36' title="bbox 510 2128 2105 2207">
    <p class='ocr_par' dir='ltr' id='par_1_36' title="bbox 510 2128 2105 2207">
     <span class='ocr_line' id='line_1_36' title="bbox 510 2128 2105 2207; baseline 0.002 -19"><span class='ocrx_word' id='word_1_312' title='bbox 510 2137 653 2207; x_wconf 86' lang='lat' dir='ltr'><strong>quod</strong></span> <span class='ocrx_word' id='word_1_313' title='bbox 685 2128 973 2206; x_wconf 83' lang='lat' dir='ltr'><strong>judicium,</strong></span> <span class='ocrx_word' id='word_1_314' title='bbox 1006 2139 1056 2191; x_wconf 89' lang='lat' dir='ltr'><strong>id</strong></span> <span class='ocrx_word' id='word_1_315' title='bbox 1086 2146 1171 2192; x_wconf 92' lang='lat' dir='ltr'><strong>est</strong></span> <span class='ocrx_word' id='word_1_316' title='bbox 1204 2137 1611 2192; x_wconf 85' lang='lat' dir='ltr'><strong>damnationem</strong></span> <span class='ocrx_word' id='word_1_317' title='bbox 1662 2136 1946 2207; x_wconf 85' lang='lat' dir='ltr'><strong>originalis</strong></span> <span class='ocrx_word' id='word_1_318' title='bbox 1977 2151 2105 2206; x_wconf 90' lang='lat' dir='ltr'><strong>pec-</strong></span> 
     </span>
    </p>
   </div>
   <div class='ocr_carea' id='block_1_37' title="bbox 511 2228 2108 2299">
    <p class='ocr_par' dir='ltr' id='par_1_37' title="bbox 511 2228 2108 2299">
     <span class='ocr_line' id='line_1_37' title="bbox 511 2228 2108 2299; baseline -0.001 -16"><span class='ocrx_word' id='word_1_319' title='bbox 511 2228 619 2283; x_wconf 92' lang='lat' dir='ltr'><strong>cati</strong></span> <span class='ocrx_word' id='word_1_320' title='bbox 650 2245 753 2283; x_wconf 92' lang='lat' dir='ltr'><strong>non</strong></span> <span class='ocrx_word' id='word_1_321' title='bbox 783 2230 1106 2294; x_wconf 86' lang='lat' dir='ltr'><strong>subeamus,</strong></span> <span class='ocrx_word' id='word_1_322' title='bbox 1150 2229 1243 2284; x_wconf 91' lang='lat' dir='ltr'><strong>sed</strong></span> <span class='ocrx_word' id='word_1_323' title='bbox 1275 2230 1343 2284; x_wconf 93' lang='lat' dir='ltr'><strong>de</strong></span> <span class='ocrx_word' id='word_1_324' title='bbox 1387 2230 1491 2284; x_wconf 87' lang='lat' dir='ltr'><strong>hoc</strong></span> <span class='ocrx_word' id='word_1_325' title='bbox 1519 2228 1759 2297; x_wconf 91' lang='lat' dir='ltr'><strong>judicio,</strong></span> <span class='ocrx_word' id='word_1_326' title='bbox 1812 2229 1864 2284; x_wconf 88' lang='lat' dir='ltr'><strong>id</strong></span> <span class='ocrx_word' id='word_1_327' title='bbox 1895 2238 1978 2284; x_wconf 91' lang='lat' dir='ltr'><strong>est</strong></span> <span class='ocrx_word' id='word_1_328' title='bbox 2013 2242 2108 2299; x_wconf 89' lang='lat' dir='ltr'><strong>per</strong></span> 
     </span>
    </p>
   </div>
   <div class='ocr_carea' id='block_1_38' title="bbox 513 2320 2102 2392">
    <p class='ocr_par' dir='ltr' id='par_1_38' title="bbox 513 2320 2102 2392">
     <span class='ocr_line' id='line_1_38' title="bbox 513 2320 2102 2392; baseline -0.001 -17"><span class='ocrx_word' id='word_1_329' title='bbox 513 2323 607 2375; x_wconf 61' lang='lat' dir='ltr'><strong>hoc</strong></span> <span class='ocrx_word' id='word_1_330' title='bbox 638 2320 909 2392; x_wconf 79' lang='lat' dir='ltr'><strong>judicium</strong></span> <span class='ocrx_word' id='word_1_331' title='bbox 960 2336 1065 2376; x_wconf 92' lang='lat' dir='ltr'><strong>non</strong></span> <span class='ocrx_word' id='word_1_332' title='bbox 1119 2321 1348 2375; x_wconf 90' lang='lat' dir='ltr'><strong>ulterius</strong></span> <span class='ocrx_word' id='word_1_333' title='bbox 1401 2336 1665 2376; x_wconf 88' lang='lat' dir='ltr'><strong>excusare</strong></span> <span class='ocrx_word' id='word_1_334' title='bbox 1708 2336 1767 2376; x_wconf 90' lang='lat' dir='ltr'><strong>se</strong></span> <span class='ocrx_word' id='word_1_335' title='bbox 1797 2331 2052 2390; x_wconf 87' lang='lat' dir='ltr'><strong>poterunt</strong></span> <span class='ocrx_word' id='word_1_336' title='bbox 2090 2340 2102 2374; x_wconf 94' lang='lat'><strong>:</strong></span> 
     </span>
    </p>
   </div>
   <div class='ocr_carea' id='block_1_39' title="bbox 509 2412 2103 2484">
    <p class='ocr_par' dir='ltr' id='par_1_39' title="bbox 509 2412 2103 2484">
     <span class='ocr_line' id='line_1_39' title="bbox 509 2412 2103 2484; baseline 0.002 -19"><span class='ocrx_word' id='word_1_337' title='bbox 509 2413 635 2480; x_wconf 84' lang='lat' dir='ltr'><strong>quia</strong></span> <span class='ocrx_word' id='word_1_338' title='bbox 675 2413 912 2483; x_wconf 85' lang='lat' dir='ltr'><strong>princeps</strong></span> <span class='ocrx_word' id='word_1_339' title='bbox 959 2412 1118 2481; x_wconf 82' lang='lat' dir='ltr'><strong>hujus</strong></span> <span class='ocrx_word' id='word_1_340' title='bbox 1167 2414 1392 2478; x_wconf 87' lang='lat' dir='ltr'><strong>mundi,</strong></span> <span class='ocrx_word' id='word_1_341' title='bbox 1458 2414 1510 2467; x_wconf 89' lang='lat' dir='ltr'><strong>id</strong></span> <span class='ocrx_word' id='word_1_342' title='bbox 1550 2422 1635 2468; x_wconf 88' lang='lat' dir='ltr'><strong>est</strong></span> <span class='ocrx_word' id='word_1_343' title='bbox 1676 2414 1960 2480; x_wconf 89' lang='lat' dir='ltr'><strong>diabolus,</strong></span> <span class='ocrx_word' id='word_1_344' title='bbox 2015 2415 2103 2484; x_wconf 88' lang='lat' dir='ltr'><strong>qui</strong></span> 
     </span>
    </p>
   </div>
   <div class='ocr_carea' id='block_1_40' title="bbox 515 2501 2104 2575">
    <p class='ocr_par' dir='ltr' id='par_1_40' title="bbox 515 2501 2104 2575">
     <span class='ocr_line' id='line_1_40' title="bbox 515 2501 2104 2575; baseline 0 -16"><span class='ocrx_word' id='word_1_345' title='bbox 515 2507 795 2568; x_wconf 84' lang='lat' dir='ltr'><strong>hucusque</strong></span> <span class='ocrx_word' id='word_1_346' title='bbox 852 2504 1039 2558; x_wconf 91' lang='lat' dir='ltr'><strong>mundi</strong></span> <span class='ocrx_word' id='word_1_347' title='bbox 1083 2501 1623 2571; x_wconf 66' lang='lat' dir='ltr'><strong>judicium-habuit,</strong></span> <span class='ocrx_word' id='word_1_348' title='bbox 1670 2505 1789 2575; x_wconf 85' lang='lat' dir='ltr'><strong>jam</strong></span> <span class='ocrx_word' id='word_1_349' title='bbox 1832 2505 2104 2575; x_wconf 88' lang='lat' dir='ltr'><strong>judicatus</strong></span> 
     </span>
    </p>
   </div>
   <div class='ocr_carea' id='block_1_41' title="bbox 509 2596 2104 2668">
    <p class='ocr_par' dir='ltr' id='par_1_41' title="bbox 509 2596 2104 2668">
     <span class='ocr_line' id='line_1_41' title="bbox 509 2596 2104 2668; baseline 0.001 -17"><span class='ocrx_word' id='word_1_350' title='bbox 509 2608 583 2652; x_wconf 84' lang='lat' dir='ltr'><strong>esl</strong></span> <span class='ocrx_word' id='word_1_351' title='bbox 631 2613 662 2651; x_wconf 89' lang='lat' dir='ltr'><strong>a</strong></span> <span class='ocrx_word' id='word_1_352' title='bbox 694 2611 801 2660; x_wconf 92' lang='lat' dir='ltr'><strong>me,</strong></span> <span class='ocrx_word' id='word_1_353' title='bbox 843 2596 895 2650; x_wconf 90' lang='lat' dir='ltr'><strong>id</strong></span> <span class='ocrx_word' id='word_1_354' title='bbox 931 2604 1045 2660; x_wconf 85' lang='lat' dir='ltr'><strong>est,</strong></span> <span class='ocrx_word' id='word_1_355' title='bbox 1091 2596 1331 2651; x_wconf 86' lang='lat' dir='ltr'><strong>ablatum</strong></span> <span class='ocrx_word' id='word_1_356' title='bbox 1370 2606 1455 2653; x_wconf 92' lang='lat' dir='ltr'><strong>est</strong></span> <span class='ocrx_word' id='word_1_357' title='bbox 1489 2599 1744 2667; x_wconf 79' lang='lat' dir='ltr'><strong>potentia:</strong></span> <span class='ocrx_word' id='word_1_358' title='bbox 1774 2596 1891 2665; x_wconf 83' lang='lat' dir='ltr'><strong>ejus</strong></span> <span class='ocrx_word' id='word_1_359' title='bbox 1930 2597 2104 2668; x_wconf 90' lang='lat' dir='ltr'><strong>impe-</strong></span> 
     </span>
    </p>
   </div>
   <div class='ocr_carea' id='block_1_42' title="bbox 511 2687 2104 2760">
    <p class='ocr_par' dir='ltr' id='par_1_42' title="bbox 511 2687 2104 2760">
     <span class='ocr_line' id='line_1_42' title="bbox 511 2687 2104 2760; baseline 0 -17"><span class='ocrx_word' id='word_1_360' title='bbox 511 2688 673 2755; x_wconf 88' lang='lat' dir='ltr'><strong>rimn,</strong></span> <span class='ocrx_word' id='word_1_361' title='bbox 708 2702 774 2743; x_wconf 91' lang='lat' dir='ltr'><strong>ne</strong></span> <span class='ocrx_word' id='word_1_362' title='bbox 803 2688 854 2742; x_wconf 94' lang='lat' dir='ltr'><strong>in</strong></span> <span class='ocrx_word' id='word_1_363' title='bbox 900 2687 1142 2744; x_wconf 85' lang='lat' dir='ltr'><strong>fidelibus</strong></span> <span class='ocrx_word' id='word_1_364' title='bbox 1174 2696 1229 2743; x_wconf 90' lang='lat' dir='ltr'><strong>et</strong></span> <span class='ocrx_word' id='word_1_365' title='bbox 1256 2687 1419 2758; x_wconf 89' lang='lat' dir='ltr'><strong>justis</strong></span> <span class='ocrx_word' id='word_1_366' title='bbox 1464 2688 1551 2745; x_wconf 83' lang='lat' dir='ltr'><strong>ius</strong></span> <span class='ocrx_word' id='word_1_367' title='bbox 1579 2688 1845 2760; x_wconf 84' lang='lat' dir='ltr'><strong>originale</strong></span> <span class='ocrx_word' id='word_1_368' title='bbox 1873 2688 2104 2744; x_wconf 91' lang='lat' dir='ltr'><strong>ulterius</strong></span> 
     </span>
    </p>
   </div>
   <div class='ocr_carea' id='block_1_43' title="bbox 511 2780 732 2835">
    <p class='ocr_par' dir='ltr' id='par_1_43' title="bbox 511 2780 732 2835">
     <span class='ocr_line' id='line_1_43' title="bbox 511 2780 732 2835; baseline 0 -1"><span class='ocrx_word' id='word_1_369' title='bbox 511 2780 732 2835; x_wconf 83' lang='lat' dir='ltr'><strong>habeat.</strong></span> 
     </span>
    </p>
   </div>
   <div class='ocr_carea' id='block_1_44' title="bbox 580 2868 2100 2941">
    <p class='ocr_par' dir='ltr' id='par_1_44' title="bbox 580 2868 2100 2941">
     <span class='ocr_line' id='line_1_44' title="bbox 580 2868 2100 2941; baseline 0.002 -18"><span class='ocrx_word' id='word_1_370' title='bbox 580 2869 695 2924; x_wconf 90' lang='lat' dir='ltr'><strong>Hoc</strong></span> <span class='ocrx_word' id='word_1_371' title='bbox 741 2868 1001 2925; x_wconf 84' lang='lat' dir='ltr'><strong>incidenti</strong></span> <span class='ocrx_word' id='word_1_372' title='bbox 1049 2874 1335 2941; x_wconf 81' lang='lat' dir='ltr'><strong>exposito,</strong></span> <span class='ocrx_word' id='word_1_373' title='bbox 1368 2870 1434 2926; x_wconf 90' lang='lat' dir='ltr'><strong>ad</strong></span> <span class='ocrx_word' id='word_1_374' title='bbox 1477 2870 1744 2941; x_wconf 88' lang='lat' dir='ltr'><strong>psalmum</strong></span> <span class='ocrx_word' id='word_1_375' title='bbox 1775 2872 2100 2928; x_wconf 88' lang='lat' dir='ltr'><strong>rcdeanms:</strong></span> 
     </span>
    </p>
   </div>
   <div class='ocr_carea' id='block_1_45' title="bbox 508 2959 2100 3034">
    <p class='ocr_par' dir='ltr' id='par_1_45' title="bbox 508 2959 2100 3034">
     <span class='ocr_line' id='line_1_45' title="bbox 508 2959 2100 3034; baseline 0.001 -19"><span class='ocrx_word' id='word_1_376' title='bbox 508 2960 633 3016; x_wconf 89' lang='lat' dir='ltr'><strong>dico</strong></span> <span class='ocrx_word' id='word_1_377' title='bbox 664 2959 808 3024; x_wconf 87' lang='lat' dir='ltr'><strong>quod</strong></span> <span class='ocrx_word' id='word_1_378' title='bbox 849 2975 953 3014; x_wconf 87' lang='lat' dir='ltr'><strong>non</strong></span> <span class='ocrx_word' id='word_1_379' title='bbox 1000 2970 1084 3015; x_wconf 90' lang='lat' dir='ltr'><strong>est</strong></span> <span class='ocrx_word' id='word_1_380' title='bbox 1128 2961 1218 3031; x_wconf 90' lang='lat' dir='ltr'><strong>qui</strong></span> <span class='ocrx_word' id='word_1_381' title='bbox 1251 2974 1309 3015; x_wconf 90' lang='lat' dir='ltr'><strong>se</strong></span> <span class='ocrx_word' id='word_1_382' title='bbox 1337 2961 1635 3016; x_wconf 87' lang='lat' dir='ltr'><strong>abscondat</strong></span> <span class='ocrx_word' id='word_1_383' title='bbox 1661 2976 1692 3016; x_wconf 90' lang='lat' dir='ltr'><strong>a</strong></span> <span class='ocrx_word' id='word_1_384' title='bbox 1731 2962 1914 3018; x_wconf 90' lang='lat' dir='ltr'><strong>calore</strong></span> <span class='ocrx_word' id='word_1_385' title='bbox 1954 2964 2100 3034; x_wconf 89' lang='lat' dir='ltr'><strong>ejus:</strong></span> 
     </span>
    </p>
   </div>
   <div class='ocr_carea' id='block_1_46' title="bbox 507 3053 2102 3129">
    <p class='ocr_par' dir='ltr' id='par_1_46' title="bbox 507 3053 2102 3129">
     <span class='ocr_line' id='line_1_46' title="bbox 507 3053 2102 3129; baseline 0 -20"><span class='ocrx_word' id='word_1_386' title='bbox 507 3071 604 3129; x_wconf 87' lang='lat' dir='ltr'><strong>per</strong></span> <span class='ocrx_word' id='word_1_387' title='bbox 631 3070 790 3124; x_wconf 84' lang='lat' dir='ltr'><strong>quem</strong></span> <span class='ocrx_word' id='word_1_388' title='bbox 823 3055 1063 3109; x_wconf 88' lang='lat' dir='ltr'><strong>calorem</strong></span> <span class='ocrx_word' id='word_1_389' title='bbox 1113 3054 1330 3109; x_wconf 88' lang='lat' dir='ltr'><strong>dabitur</strong></span> <span class='ocrx_word' id='word_1_390' title='bbox 1356 3054 1463 3109; x_wconf 89' lang='lat' dir='ltr'><strong>lex.</strong></span> <span class='ocrx_word' id='word_1_391' title='bbox 1500 3053 1566 3108; x_wconf 85' lang='lat' dir='ltr'><strong>Et</strong></span> <span class='ocrx_word' id='word_1_392' title='bbox 1594 3054 1679 3109; x_wconf 80' lang='lat' dir='ltr'><strong>lea:</strong></span> <span class='ocrx_word' id='word_1_393' title='bbox 1705 3053 1918 3110; x_wconf 85' lang='lat' dir='ltr'><strong>Domini</strong></span> <span class='ocrx_word' id='word_1_394' title='bbox 1954 3056 2102 3110; x_wconf 83' lang='lat' dir='ltr'><strong>scili-</strong></span> 
     </span>
    </p>
   </div>
   <div class='ocr_carea' id='block_1_47' title="bbox 507 3144 2103 3215">
    <p class='ocr_par' dir='ltr' id='par_1_47' title="bbox 507 3144 2103 3215">
     <span class='ocr_line' id='line_1_47' title="bbox 507 3144 2103 3215; baseline -0.001 -12"><span class='ocrx_word' id='word_1_395' title='bbox 507 3162 583 3203; x_wconf 78' lang='lat' dir='ltr'><strong>cet</strong></span> <span class='ocrx_word' id='word_1_396' title='bbox 616 3146 735 3200; x_wconf 76' lang='lat' dir='ltr'><strong>Filii</strong></span> <span class='ocrx_word' id='word_1_397' title='bbox 764 3160 859 3215; x_wconf 90' lang='lat' dir='ltr'><strong>per</strong></span> <span class='ocrx_word' id='word_1_398' title='bbox 880 3146 1119 3200; x_wconf 89' lang='lat' dir='ltr'><strong>calorem</strong></span> <span class='ocrx_word' id='word_1_399' title='bbox 1147 3144 1263 3209; x_wconf 86' lang='lat' dir='ltr'><strong>ejus</strong></span> <span class='ocrx_word' id='word_1_400' title='bbox 1287 3147 1411 3200; x_wconf 87' lang='lat' dir='ltr'><strong>data</strong></span> <span class='ocrx_word' id='word_1_401' title='bbox 1439 3155 1524 3201; x_wconf 88' lang='lat' dir='ltr'><strong>est</strong></span> <span class='ocrx_word' id='word_1_402' title='bbox 1552 3146 2103 3211; x_wconf 87' lang='lat' dir='ltr'><strong>immaculata,ethoc</strong></span> 
     </span>
    </p>
   </div>
   <div class='ocr_carea' id='block_1_48' title="bbox 506 3238 2101 3308">
    <p class='ocr_par' dir='ltr' id='par_1_48' title="bbox 506 3238 2101 3308">
     <span class='ocr_line' id='line_1_48' title="bbox 506 3238 2101 3308; baseline -0.001 -15"><span class='ocrx_word' id='word_1_403' title='bbox 506 3240 750 3307; x_wconf 85' lang='lat' dir='ltr'><strong>exponit,</strong></span> <span class='ocrx_word' id='word_1_404' title='bbox 785 3238 835 3292; x_wconf 89' lang='lat' dir='ltr'><strong>id</strong></span> <span class='ocrx_word' id='word_1_405' title='bbox 874 3246 959 3292; x_wconf 90' lang='lat' dir='ltr'><strong>est</strong></span> <span class='ocrx_word' id='word_1_406' title='bbox 1002 3249 1301 3291; x_wconf 78' lang='lat' dir='ltr'><strong>convertens</strong></span> <span class='ocrx_word' id='word_1_407' title='bbox 1348 3254 1558 3291; x_wconf 82' lang='lat' dir='ltr'><strong>amatas</strong></span> <span class='ocrx_word' id='word_1_408' title='bbox 1599 3253 1627 3291; x_wconf 91' lang='lat' dir='ltr'><strong>a</strong></span> <span class='ocrx_word' id='word_1_409' title='bbox 1676 3242 1950 3308; x_wconf 86' lang='lat' dir='ltr'><strong>peccatis,</strong></span> <span class='ocrx_word' id='word_1_410' title='bbox 1997 3253 2101 3291; x_wconf 86' lang='lat' dir='ltr'><strong>non</strong></span> 
     </span>
    </p>
   </div>
   <div class='ocr_carea' id='block_1_49' title="bbox 508 3328 2104 3399">
    <p class='ocr_par' dir='ltr' id='par_1_49' title="bbox 508 3328 2104 3399">
     <span class='ocr_line' id='line_1_49' title="bbox 508 3328 2104 3399; baseline 0.001 -17"><span class='ocrx_word' id='word_1_411' title='bbox 508 3329 682 3382; x_wconf 90' lang='lat' dir='ltr'><strong>solum</strong></span> <span class='ocrx_word' id='word_1_412' title='bbox 741 3342 971 3398; x_wconf 87' lang='lat' dir='ltr'><strong>corpora</strong></span> <span class='ocrx_word' id='word_1_413' title='bbox 1035 3336 1096 3381; x_wconf 91' lang='lat' dir='ltr'><strong>ut</strong></span> <span class='ocrx_word' id='word_1_414' title='bbox 1143 3339 1298 3382; x_wconf 78' lang='lat' dir='ltr'><strong>vetus</strong></span> <span class='ocrx_word' id='word_1_415' title='bbox 1346 3328 1472 3392; x_wconf 83' lang='lat' dir='ltr'><strong>lex,</strong></span> <span class='ocrx_word' id='word_1_416' title='bbox 1526 3344 1647 3398; x_wconf 73' lang='lat' dir='ltr'><strong>qua:</strong></span> <span class='ocrx_word' id='word_1_417' title='bbox 1690 3329 1885 3384; x_wconf 89' lang='lat' dir='ltr'><strong>timore</strong></span> <span class='ocrx_word' id='word_1_418' title='bbox 1933 3343 2104 3399; x_wconf 60' lang='lat' dir='ltr'><strong>postne</strong></span> 
     </span>
    </p>
   </div>
   <div class='ocr_carea' id='block_1_50' title="bbox 513 3418 2102 3489">
    <p class='ocr_par' dir='ltr' id='par_1_50' title="bbox 513 3418 2102 3489">
     <span class='ocr_line' id='line_1_50' title="bbox 513 3418 2102 3489; baseline 0 -16"><span class='ocrx_word' id='word_1_419' title='bbox 513 3420 779 3486; x_wconf 89' lang='lat' dir='ltr'><strong>membra,</strong></span> <span class='ocrx_word' id='word_1_420' title='bbox 814 3434 918 3473; x_wconf 92' lang='lat' dir='ltr'><strong>non</strong></span> <span class='ocrx_word' id='word_1_421' title='bbox 968 3418 1273 3474; x_wconf 75' lang='lat' dir='ltr'><strong>voluntates</strong></span> <span class='ocrx_word' id='word_1_422' title='bbox 1301 3434 1329 3472; x_wconf 90' lang='lat' dir='ltr'><strong>a</strong></span> <span class='ocrx_word' id='word_1_423' title='bbox 1360 3420 1605 3489; x_wconf 88' lang='lat' dir='ltr'><strong>peccatis</strong></span> <span class='ocrx_word' id='word_1_424' title='bbox 1635 3421 1880 3473; x_wconf 87' lang='lat' dir='ltr'><strong>retrahat</strong></span> <span class='ocrx_word' id='word_1_425' title='bbox 1914 3437 1928 3472; x_wconf 90' lang='lat'><strong>:</strong></span> <span class='ocrx_word' id='word_1_426' title='bbox 1961 3422 2102 3489; x_wconf 90' lang='lat' dir='ltr'><strong>quod</strong></span> 
     </span>
    </p>
   </div>
   <div class='ocr_carea' id='block_1_51' title="bbox 508 3510 2101 3573">
    <p class='ocr_par' dir='ltr' id='par_1_51' title="bbox 508 3510 2101 3573">
     <span class='ocr_line' id='line_1_51' title="bbox 508 3510 2101 3573; baseline -0.001 -9"><span class='ocrx_word' id='word_1_427' title='bbox 508 3521 596 3565; x_wconf 89' lang='lat' dir='ltr'><strong>est</strong></span> <span class='ocrx_word' id='word_1_428' title='bbox 632 3526 694 3567; x_wconf 79' lang='lat' dir='ltr'><strong>ac</strong></span> <span class='ocrx_word' id='word_1_429' title='bbox 736 3512 779 3564; x_wconf 76' lang='lat' dir='ltr'><strong>si</strong></span> <span class='ocrx_word' id='word_1_430' title='bbox 818 3511 965 3566; x_wconf 81' lang='lat' dir='ltr'><strong>dicat</strong></span> <span class='ocrx_word' id='word_1_431' title='bbox 1000 3528 1014 3563; x_wconf 89' lang='lat'><strong>:</strong></span> <span class='ocrx_word' id='word_1_432' title='bbox 1048 3510 1396 3565; x_wconf 88' lang='lat' dir='ltr'><strong>immaculata</strong></span> <span class='ocrx_word' id='word_1_433' title='bbox 1445 3519 1547 3573; x_wconf 87' lang='lat' dir='ltr'><strong>est,</strong></span> <span class='ocrx_word' id='word_1_434' title='bbox 1604 3510 1656 3565; x_wconf 87' lang='lat' dir='ltr'><strong>id</strong></span> <span class='ocrx_word' id='word_1_435' title='bbox 1715 3519 1799 3564; x_wconf 89' lang='lat' dir='ltr'><strong>est</strong></span> <span class='ocrx_word' id='word_1_436' title='bbox 1837 3510 2101 3564; x_wconf 89' lang='lat' dir='ltr'><strong>immacu-</strong></span> 
     </span>
    </p>
   </div>
   <div class='ocr_carea' id='block_1_52' title="bbox 511 3600 2104 3671">
    <p class='ocr_par' dir='ltr' id='par_1_52' title="bbox 511 3600 2104 3671">
     <span class='ocr_line' id='line_1_52' title="bbox 511 3600 2104 3671; baseline -0.001 -17"><span class='ocrx_word' id='word_1_437' title='bbox 511 3602 650 3655; x_wconf 87' lang='lat' dir='ltr'><strong>latos</strong></span> <span class='ocrx_word' id='word_1_438' title='bbox 692 3600 930 3667; x_wconf 89' lang='lat' dir='ltr'><strong>faciens,</strong></span> <span class='ocrx_word' id='word_1_439' title='bbox 956 3600 1223 3671; x_wconf 90' lang='lat' dir='ltr'><strong>adjutrice</strong></span> <span class='ocrx_word' id='word_1_440' title='bbox 1256 3602 1430 3671; x_wconf 88' lang='lat' dir='ltr'><strong>gratia</strong></span> <span class='ocrx_word' id='word_1_441' title='bbox 1461 3609 1812 3671; x_wconf 87' lang='lat' dir='ltr'><strong>cooperante.</strong></span> <span class='ocrx_word' id='word_1_442' title='bbox 1849 3600 1914 3654; x_wconf 90' lang='lat' dir='ltr'><strong>Et</strong></span> <span class='ocrx_word' id='word_1_443' title='bbox 1960 3603 2104 3654; x_wconf 83' lang='lat' dir='ltr'><strong>testi-</strong></span> 
     </span>
    </p>
   </div>
   <div class='ocr_carea' id='block_1_53' title="bbox 511 3693 2103 3763">
    <p class='ocr_par' dir='ltr' id='par_1_53' title="bbox 511 3693 2103 3763">
     <span class='ocr_line' id='line_1_53' title="bbox 511 3693 2103 3763; baseline 0 -15"><span class='ocrx_word' id='word_1_444' title='bbox 511 3695 768 3758; x_wconf 86' lang='lat' dir='ltr'><strong>monium,</strong></span> <span class='ocrx_word' id='word_1_445' title='bbox 797 3694 849 3747; x_wconf 87' lang='lat' dir='ltr'><strong>id</strong></span> <span class='ocrx_word' id='word_1_446' title='bbox 886 3702 970 3748; x_wconf 86' lang='lat' dir='ltr'><strong>est</strong></span> <span class='ocrx_word' id='word_1_447' title='bbox 993 3693 1078 3748; x_wconf 83' lang='lat' dir='ltr'><strong>lex</strong></span> <span class='ocrx_word' id='word_1_448' title='bbox 1105 3693 1338 3757; x_wconf 85' lang='lat' dir='ltr'><strong>Domini,</strong></span> <span class='ocrx_word' id='word_1_449' title='bbox 1373 3702 1456 3749; x_wconf 88' lang='lat' dir='ltr'><strong>est</strong></span> <span class='ocrx_word' id='word_1_450' title='bbox 1485 3693 1673 3763; x_wconf 81' lang='lat' dir='ltr'><strong>ﬁdele,</strong></span> <span class='ocrx_word' id='word_1_451' title='bbox 1716 3694 1768 3747; x_wconf 87' lang='lat' dir='ltr'><strong>id</strong></span> <span class='ocrx_word' id='word_1_452' title='bbox 1796 3703 1881 3750; x_wconf 87' lang='lat' dir='ltr'><strong>est</strong></span> <span class='ocrx_word' id='word_1_453' title='bbox 1918 3693 2103 3748; x_wconf 81' lang='lat' dir='ltr'><strong>ﬁdeles</strong></span> 
     </span>
    </p>
   </div>
   <div class='ocr_carea' id='block_1_54' title="bbox 513 3783 2100 3853">
    <p class='ocr_par' dir='ltr' id='par_1_54' title="bbox 513 3783 2100 3853">
     <span class='ocr_line' id='line_1_54' title="bbox 513 3783 2100 3853; baseline 0.001 -16"><span class='ocrx_word' id='word_1_454' title='bbox 513 3785 740 3838; x_wconf 83' lang='lat' dir='ltr'><strong>faciens.</strong></span> <span class='ocrx_word' id='word_1_455' title='bbox 772 3783 881 3839; x_wconf 87' lang='lat' dir='ltr'><strong>Lex</strong></span> <span class='ocrx_word' id='word_1_456' title='bbox 908 3794 1084 3838; x_wconf 91' lang='lat' dir='ltr'><strong>autem</strong></span> <span class='ocrx_word' id='word_1_457' title='bbox 1127 3785 1248 3838; x_wconf 90' lang='lat' dir='ltr'><strong>ideo</strong></span> <span class='ocrx_word' id='word_1_458' title='bbox 1279 3785 1655 3839; x_wconf 80' lang='lat' dir='ltr'><strong>testiinonium</strong></span> <span class='ocrx_word' id='word_1_459' title='bbox 1693 3785 1891 3839; x_wconf 88' lang='lat' dir='ltr'><strong>dicitur</strong></span> <span class='ocrx_word' id='word_1_460' title='bbox 1929 3801 1942 3838; x_wconf 93' lang='lat'><strong>:</strong></span> <span class='ocrx_word' id='word_1_461' title='bbox 1976 3785 2100 3853; x_wconf 88' lang='lat' dir='ltr'><strong>quia</strong></span> 
     </span>
    </p>
   </div>
   <div class='ocr_carea' id='block_1_55' title="bbox 512 3876 2102 3943">
    <p class='ocr_par' dir='ltr' id='par_1_55' title="bbox 512 3876 2102 3943">
     <span class='ocr_line' id='line_1_55' title="bbox 512 3876 2102 3943; baseline -0.001 -11"><span class='ocrx_word' id='word_1_462' title='bbox 512 3879 653 3932; x_wconf 88' lang='lat' dir='ltr'><strong>sicut</strong></span> <span class='ocrx_word' id='word_1_463' title='bbox 708 3878 1077 3931; x_wconf 91' lang='lat' dir='ltr'><strong>testimonium</strong></span> <span class='ocrx_word' id='word_1_464' title='bbox 1109 3892 1139 3929; x_wconf 90' lang='lat' dir='ltr'><strong>a</strong></span> <span class='ocrx_word' id='word_1_465' title='bbox 1173 3876 1357 3941; x_wconf 87' lang='lat' dir='ltr'><strong>Patre,</strong></span> <span class='ocrx_word' id='word_1_466' title='bbox 1390 3876 1527 3930; x_wconf 80' lang='lat' dir='ltr'><strong>Filio</strong></span> <span class='ocrx_word' id='word_1_467' title='bbox 1587 3876 1881 3943; x_wconf 71' lang='lat' dir='ltr'><strong>dimissum,</strong></span> <span class='ocrx_word' id='word_1_468' title='bbox 1931 3877 2102 3931; x_wconf 77' lang='lat' dir='ltr'><strong>haere-</strong></span> 
     </span>
    </p>
   </div>
   <div class='ocr_carea' id='block_1_56' title="bbox 511 3968 2100 4039">
    <p class='ocr_par' dir='ltr' id='par_1_56' title="bbox 511 3968 2100 4039">
     <span class='ocr_line' id='line_1_56' title="bbox 511 3968 2100 4039; baseline 0.001 -16"><span class='ocrx_word' id='word_1_469' title='bbox 511 3970 698 4023; x_wconf 85' lang='lat' dir='ltr'><strong>ditatis</strong></span> <span class='ocrx_word' id='word_1_470' title='bbox 724 3970 917 4039; x_wconf 89' lang='lat' dir='ltr'><strong>pignus</strong></span> <span class='ocrx_word' id='word_1_471' title='bbox 944 3980 1031 4023; x_wconf 90' lang='lat' dir='ltr'><strong>est</strong></span> <span class='ocrx_word' id='word_1_472' title='bbox 1054 3978 1109 4024; x_wconf 91' lang='lat' dir='ltr'><strong>et</strong></span> <span class='ocrx_word' id='word_1_473' title='bbox 1141 3970 1373 4023; x_wconf 84' lang='lat' dir='ltr'><strong>retentio</strong></span> <span class='ocrx_word' id='word_1_474' title='bbox 1401 3986 1412 4021; x_wconf 91' lang='lat'><strong>:</strong></span> <span class='ocrx_word' id='word_1_475' title='bbox 1452 3970 1531 4023; x_wconf 91' lang='lat' dir='ltr'><strong>sic</strong></span> <span class='ocrx_word' id='word_1_476' title='bbox 1567 3979 1621 4023; x_wconf 88' lang='lat' dir='ltr'><strong>et</strong></span> <span class='ocrx_word' id='word_1_477' title='bbox 1643 3968 1725 4023; x_wconf 90' lang='lat' dir='ltr'><strong>lex</strong></span> <span class='ocrx_word' id='word_1_478' title='bbox 1754 3984 1782 4022; x_wconf 92' lang='lat' dir='ltr'><strong>a</strong></span> <span class='ocrx_word' id='word_1_479' title='bbox 1812 3970 1920 4023; x_wconf 91' lang='lat' dir='ltr'><strong>Deo</strong></span> <span class='ocrx_word' id='word_1_480' title='bbox 1947 3972 2100 4026; x_wconf 88' lang='lat' dir='ltr'><strong>nobis</strong></span> 
     </span>
    </p>
   </div>
   <div class='ocr_carea' id='block_1_57' title="bbox 510 4062 2103 4133">
    <p class='ocr_par' dir='ltr' id='par_1_57' title="bbox 510 4062 2103 4133">
     <span class='ocr_line' id='line_1_57' title="bbox 510 4062 2103 4133; baseline -0.001 -14"><span class='ocrx_word' id='word_1_481' title='bbox 510 4065 766 4133; x_wconf 87' lang='lat' dir='ltr'><strong>dimissa,</strong></span> <span class='ocrx_word' id='word_1_482' title='bbox 824 4073 1026 4118; x_wconf 84' lang='lat' dir='ltr'><strong>:etcrna</strong></span> <span class='ocrx_word' id='word_1_483' title='bbox 1084 4063 1418 4117; x_wconf 71' lang='lat' dir='ltr'><strong>litercditatis</strong></span> <span class='ocrx_word' id='word_1_484' title='bbox 1471 4063 1625 4116; x_wconf 90' lang='lat' dir='ltr'><strong>nobis</strong></span> <span class='ocrx_word' id='word_1_485' title='bbox 1677 4062 1874 4132; x_wconf 84' lang='lat' dir='ltr'><strong>pignus</strong></span> <span class='ocrx_word' id='word_1_486' title='bbox 1922 4073 2005 4117; x_wconf 90' lang='lat' dir='ltr'><strong>est</strong></span> <span class='ocrx_word' id='word_1_487' title='bbox 2048 4073 2103 4117; x_wconf 86' lang='lat' dir='ltr'><strong>et</strong></span> 
     </span>
    </p>
   </div>
   <div class='ocr_carea' id='block_1_58' title="bbox 511 4153 2097 4225">
    <p class='ocr_par' dir='ltr' id='par_1_58' title="bbox 511 4153 2097 4225">
     <span class='ocr_line' id='line_1_58' title="bbox 511 4153 2097 4225; baseline -0.003 -15"><span class='ocrx_word' id='word_1_488' title='bbox 511 4157 672 4210; x_wconf 88' lang='lat' dir='ltr'><strong>arrha</strong></span> <span class='ocrx_word' id='word_1_489' title='bbox 707 4170 721 4209; x_wconf 89' lang='lat'><strong>:</strong></span> <span class='ocrx_word' id='word_1_490' title='bbox 756 4164 809 4210; x_wconf 90' lang='lat' dir='ltr'><strong>et</strong></span> <span class='ocrx_word' id='word_1_491' title='bbox 834 4156 1006 4225; x_wconf 90' lang='lat' dir='ltr'><strong>ipsum</strong></span> <span class='ocrx_word' id='word_1_492' title='bbox 1040 4153 1406 4207; x_wconf 89' lang='lat' dir='ltr'><strong>testimonimn</strong></span> <span class='ocrx_word' id='word_1_493' title='bbox 1439 4161 1522 4207; x_wconf 89' lang='lat' dir='ltr'><strong>est</strong></span> <span class='ocrx_word' id='word_1_494' title='bbox 1550 4162 1807 4222; x_wconf 79' lang='lat' dir='ltr'><strong>pra’sluns</strong></span> <span class='ocrx_word' id='word_1_495' title='bbox 1845 4153 2097 4221; x_wconf 78' lang='lat' dir='ltr'><strong>parvulis,</strong></span> 
     </span>
    </p>
   </div>
   <div class='ocr_carea' id='block_1_59' title="bbox 510 4244 2098 4316">
    <p class='ocr_par' dir='ltr' id='par_1_59' title="bbox 510 4244 2098 4316">
     <span class='ocr_line' id='line_1_59' title="bbox 510 4244 2098 4316; baseline -0.004 -13"><span class='ocrx_word' id='word_1_496' title='bbox 510 4249 721 4316; x_wconf 90' lang='lat' dir='ltr'><strong>idest,</strong></span> <span class='ocrx_word' id='word_1_497' title='bbox 774 4247 1073 4302; x_wconf 88' lang='lat' dir='ltr'><strong>humilibus</strong></span> <span class='ocrx_word' id='word_1_498' title='bbox 1117 4245 1472 4314; x_wconf 85' lang='lat' dir='ltr'><strong>sapientiam,</strong></span> <span class='ocrx_word' id='word_1_499' title='bbox 1526 4244 1578 4297; x_wconf 91' lang='lat' dir='ltr'><strong>id</strong></span> <span class='ocrx_word' id='word_1_500' title='bbox 1631 4253 1715 4298; x_wconf 91' lang='lat' dir='ltr'><strong>est</strong></span> <span class='ocrx_word' id='word_1_501' title='bbox 1765 4244 2098 4299; x_wconf 91' lang='lat' dir='ltr'><strong>intellectum</strong></span> 
     </span>
    </p>
   </div>
   <div class='ocr_carea' id='block_1_60' title="bbox 509 4335 2097 4411">
    <p class='ocr_par' dir='ltr' id='par_1_60' title="bbox 509 4335 2097 4411">
     <span class='ocr_line' id='line_1_60' title="bbox 509 4335 2097 4411; baseline -0.003 -17"><span class='ocrx_word' id='word_1_502' title='bbox 509 4341 845 4411; x_wconf 86' lang='lat' dir='ltr'><strong>spiritualetn</strong></span> <span class='ocrx_word' id='word_1_503' title='bbox 878 4381 893 4405; x_wconf 90' lang='lat'><strong>,</strong></span> <span class='ocrx_word' id='word_1_504' title='bbox 933 4340 1088 4409; x_wconf 85' lang='lat' dir='ltr'><strong>juxta</strong></span> <span class='ocrx_word' id='word_1_505' title='bbox 1127 4336 1256 4393; x_wconf 90' lang='lat' dir='ltr'><strong>illud</strong></span> <span class='ocrx_word' id='word_1_506' title='bbox 1307 4336 1583 4407; x_wconf 80' lang='lat' dir='ltr'><strong>Evangelii</strong></span> <span class='ocrx_word' id='word_1_507' title='bbox 1632 4351 1646 4389; x_wconf 90' lang='lat'><strong>:</strong></span> <span class='ocrx_word' id='word_1_508' title='bbox 1698 4354 1717 4386; x_wconf 75' lang='grc' dir='ltr'><strong>ι</strong></span> <span class='ocrx_word' id='word_1_509' title='bbox 1754 4335 2097 4391; x_wconf 85' lang='lat' dir='ltr'><strong>Abseondisti</strong></span> 
     </span>
    </p>
   </div>
   <div class='ocr_carea' id='block_1_61' title="bbox 511 4425 2175 4506">
    <p class='ocr_par' dir='ltr' id='par_1_61' title="bbox 511 4425 2175 4506">
     <span class='ocr_line' id='line_1_61' title="bbox 511 4425 2175 4506; baseline -0.005 -21"><span class='ocrx_word' id='word_1_510' title='bbox 511 4433 627 4487; x_wconf 73' lang='lat' dir='ltr'><strong>hrec</strong></span> <span class='ocrx_word' id='word_1_511' title='bbox 655 4448 684 4487; x_wconf 85' lang='lat' dir='ltr'><strong>a</strong></span> <span class='ocrx_word' id='word_1_512' title='bbox 724 4430 1099 4501; x_wconf 88' lang='lat' dir='ltr'><strong>sapientibus,</strong></span> <span class='ocrx_word' id='word_1_513' title='bbox 1147 4438 1201 4484; x_wconf 92' lang='lat' dir='ltr'><strong>et</strong></span> <span class='ocrx_word' id='word_1_514' title='bbox 1257 4427 1510 4483; x_wconf 86' lang='lat' dir='ltr'><strong>revelasti</strong></span> <span class='ocrx_word' id='word_1_515' title='bbox 1556 4441 1618 4482; x_wconf 90' lang='lat' dir='ltr'><strong>ea</strong></span> <span class='ocrx_word' id='word_1_516' title='bbox 1657 4426 1894 4496; x_wconf 90' lang='lat' dir='ltr'><strong>parvulis</strong></span> <span class='ocrx_word' id='word_1_517' title='bbox 1946 4425 2094 4496; x_wconf 86' lang='lat' dir='ltr'><strong>(Luc.</strong></span> <span class='ocrx_word' id='word_1_518' title='bbox 2138 4454 2175 4506; x_wconf 74' lang='grc' dir='ltr'>ο</span> 
     </span>
    </p>
   </div>
   <div class='ocr_carea' id='block_1_62' title="bbox 512 4518 2099 4590">
    <p class='ocr_par' dir='ltr' id='par_1_62' title="bbox 512 4518 2099 4590">
     <span class='ocr_line' id='line_1_62' title="bbox 512 4518 2099 4590; baseline -0.003 -14"><span class='ocrx_word' id='word_1_519' title='bbox 512 4538 568 4588; x_wconf 79' lang='lat' dir='ltr'><strong>x,</strong></span> <span class='ocrx_word' id='word_1_520' title='bbox 600 4522 692 4590; x_wconf 70' lang='lat' dir='ltr'><strong>2i)</strong></span> <span class='ocrx_word' id='word_1_521' title='bbox 721 4540 733 4574; x_wconf 89' lang='lat'><strong>:</strong></span> <span class='ocrx_word' id='word_1_522' title='bbox 773 4541 789 4572; x_wconf 83' lang='lat' dir='ltr'><strong>I</strong></span> <span class='ocrx_word' id='word_1_523' title='bbox 826 4531 879 4575; x_wconf 89' lang='lat' dir='ltr'><strong>et</strong></span> <span class='ocrx_word' id='word_1_524' title='bbox 906 4521 1129 4590; x_wconf 76' lang='lat' dir='ltr'><strong>justitia:</strong></span> <span class='ocrx_word' id='word_1_525' title='bbox 1162 4519 1378 4573; x_wconf 82' lang='lat' dir='ltr'><strong>Domini</strong></span> <span class='ocrx_word' id='word_1_526' title='bbox 1416 4528 1571 4572; x_wconf 70' lang='lat' dir='ltr'><strong>recta:</strong></span> <span class='ocrx_word' id='word_1_527' title='bbox 1598 4528 1747 4583; x_wconf 90' lang='lat' dir='ltr'><strong>sunt,</strong></span> <span class='ocrx_word' id='word_1_528' title='bbox 1786 4518 1837 4573; x_wconf 92' lang='lat' dir='ltr'><strong>id</strong></span> <span class='ocrx_word' id='word_1_529' title='bbox 1858 4527 1942 4572; x_wconf 91' lang='lat' dir='ltr'><strong>est</strong></span> <span class='ocrx_word' id='word_1_530' title='bbox 1965 4534 2099 4587; x_wconf 75' lang='lat' dir='ltr'><strong>prte-</strong></span> 
     </span>
    </p>
   </div>
   <div class='ocr_carea' id='block_1_63' title="bbox 511 4609 2101 4681">
    <p class='ocr_par' dir='ltr' id='par_1_63' title="bbox 511 4609 2101 4681">
     <span class='ocr_line' id='line_1_63' title="bbox 511 4609 2101 4681; baseline -0.004 -13"><span class='ocrx_word' id='word_1_531' title='bbox 511 4622 669 4681; x_wconf 89' lang='lat' dir='ltr'><strong>cepta</strong></span> <span class='ocrx_word' id='word_1_532' title='bbox 700 4612 841 4665; x_wconf 89' lang='lat' dir='ltr'><strong>illius</strong></span> <span class='ocrx_word' id='word_1_533' title='bbox 874 4611 1083 4665; x_wconf 88' lang='lat' dir='ltr'><strong>Domini</strong></span> <span class='ocrx_word' id='word_1_534' title='bbox 1128 4609 1353 4679; x_wconf 69' lang='lat' dir='ltr'><strong>justitice</strong></span> <span class='ocrx_word' id='word_1_535' title='bbox 1394 4610 1623 4665; x_wconf 89' lang='lat' dir='ltr'><strong>dicenda</strong></span> <span class='ocrx_word' id='word_1_536' title='bbox 1670 4618 1817 4664; x_wconf 88' lang='lat' dir='ltr'><strong>recta</strong></span> <span class='ocrx_word' id='word_1_537' title='bbox 1849 4618 1975 4664; x_wconf 91' lang='lat' dir='ltr'><strong>sunt</strong></span> <span class='ocrx_word' id='word_1_538' title='bbox 2004 4626 2017 4662; x_wconf 91' lang='lat'><strong>:</strong></span> <span class='ocrx_word' id='word_1_539' title='bbox 2046 4619 2101 4663; x_wconf 91' lang='lat' dir='ltr'><strong>et</strong></span> 
     </span>
    </p>
   </div>
   <div class='ocr_carea' id='block_1_64' title="bbox 513 4703 2100 4773">
    <p class='ocr_par' dir='ltr' id='par_1_64' title="bbox 513 4703 2100 4773">
     <span class='ocr_line' id='line_1_64' title="bbox 513 4703 2100 4773; baseline 0 -15"><span class='ocrx_word' id='word_1_540' title='bbox 513 4705 642 4758; x_wconf 88' lang='lat' dir='ltr'><strong>inde</strong></span> <span class='ocrx_word' id='word_1_541' title='bbox 674 4705 773 4758; x_wconf 90' lang='lat' dir='ltr'><strong>hoc</strong></span> <span class='ocrx_word' id='word_1_542' title='bbox 807 4704 1097 4773; x_wconf 85' lang='lat' dir='ltr'><strong>probatur,</strong></span> <span class='ocrx_word' id='word_1_543' title='bbox 1148 4703 1273 4771; x_wconf 86' lang='lat' dir='ltr'><strong>quia</strong></span> <span class='ocrx_word' id='word_1_544' title='bbox 1308 4703 1538 4772; x_wconf 90' lang='lat' dir='ltr'><strong>ipsemet</strong></span> <span class='ocrx_word' id='word_1_545' title='bbox 1582 4711 1772 4757; x_wconf 89' lang='lat' dir='ltr'><strong>auctor</strong></span> <span class='ocrx_word' id='word_1_546' title='bbox 1805 4710 2100 4773; x_wconf 59' lang='lat' dir='ltr'><strong>praecepto-</strong></span> 
     </span>
    </p>
   </div>
   <div class='ocr_carea' id='block_1_65' title="bbox 513 4796 2100 4868">
    <p class='ocr_par' dir='ltr' id='par_1_65' title="bbox 513 4796 2100 4868">
     <span class='ocr_line' id='line_1_65' title="bbox 513 4796 2100 4868; baseline 0.002 -16"><span class='ocrx_word' id='word_1_547' title='bbox 513 4815 635 4852; x_wconf 88' lang='lat' dir='ltr'><strong>rum</strong></span> <span class='ocrx_word' id='word_1_548' title='bbox 687 4797 837 4867; x_wconf 88' lang='lat' dir='ltr'><strong>prius</strong></span> <span class='ocrx_word' id='word_1_549' title='bbox 865 4811 926 4851; x_wconf 90' lang='lat' dir='ltr'><strong>ea</strong></span> <span class='ocrx_word' id='word_1_550' title='bbox 976 4797 1267 4867; x_wconf 88' lang='lat' dir='ltr'><strong>complevit</strong></span> <span class='ocrx_word' id='word_1_551' title='bbox 1317 4806 1421 4850; x_wconf 92' lang='lat' dir='ltr'><strong>:ut</strong></span> <span class='ocrx_word' id='word_1_552' title='bbox 1458 4796 1511 4850; x_wconf 90' lang='lat' dir='ltr'><strong>in</strong></span> <span class='ocrx_word' id='word_1_553' title='bbox 1560 4797 1786 4852; x_wconf 84' lang='lat' dir='ltr'><strong>Actibus</strong></span> <span class='ocrx_word' id='word_1_554' title='bbox 1832 4799 2100 4868; x_wconf 90' lang='lat' dir='ltr'><strong>apostolo-</strong></span> 
     </span>
    </p>
   </div>
   <div class='ocr_carea' id='block_1_66' title="bbox 514 4885 2095 4959">
    <p class='ocr_par' dir='ltr' id='par_1_66' title="bbox 514 4885 2095 4959">
     <span class='ocr_line' id='line_1_66' title="bbox 514 4885 2095 4959; baseline -0.001 -16"><span class='ocrx_word' id='word_1_555' title='bbox 514 4906 634 4943; x_wconf 89' lang='lat' dir='ltr'><strong>rum</strong></span> <span class='ocrx_word' id='word_1_556' title='bbox 668 4905 682 4943; x_wconf 91' lang='lat'><strong>:</strong></span> <span class='ocrx_word' id='word_1_557' title='bbox 714 4907 731 4939; x_wconf 87' lang='grc' dir='ltr'><strong>ι</strong></span> <span class='ocrx_word' id='word_1_558' title='bbox 768 4889 898 4955; x_wconf 79' lang='lat' dir='ltr'><strong>Quae</strong></span> <span class='ocrx_word' id='word_1_559' title='bbox 950 4887 1117 4956; x_wconf 86' lang='lat' dir='ltr'><strong>coepit</strong></span> <span class='ocrx_word' id='word_1_560' title='bbox 1167 4885 1325 4941; x_wconf 88' lang='lat' dir='ltr'><strong>Jesus</strong></span> <span class='ocrx_word' id='word_1_561' title='bbox 1384 4887 1564 4942; x_wconf 88' lang='lat' dir='ltr'><strong>facere</strong></span> <span class='ocrx_word' id='word_1_562' title='bbox 1601 4897 1656 4941; x_wconf 94' lang='lat' dir='ltr'><strong>et</strong></span> <span class='ocrx_word' id='word_1_563' title='bbox 1704 4888 1901 4943; x_wconf 89' lang='lat' dir='ltr'><strong>docere</strong></span> <span class='ocrx_word' id='word_1_564' title='bbox 1956 4889 2095 4959; x_wconf 75' lang='lat' dir='ltr'><strong>(Act.</strong></span> 
     </span>
    </p>
   </div>
   <div class='ocr_carea' id='block_1_67' title="bbox 509 4975 2099 5048">
    <p class='ocr_par' dir='ltr' id='par_1_67' title="bbox 509 4975 2099 5048">
     <span class='ocr_line' id='line_1_67' title="bbox 509 4975 2099 5048; baseline -0.001 -15"><span class='ocrx_word' id='word_1_565' title='bbox 509 4995 563 5046; x_wconf 84' lang='grc' dir='ltr'>ι,</span> <span class='ocrx_word' id='word_1_566' title='bbox 591 4979 639 5048; x_wconf 84' lang='lat' dir='ltr'><strong>l,</strong></span> <span class='ocrx_word' id='word_1_567' title='bbox 668 4993 681 5032; x_wconf 88' lang='lat'><strong>:</strong></span> <span class='ocrx_word' id='word_1_568' title='bbox 706 4999 723 5031; x_wconf 79' lang='grc' dir='ltr'><strong>ι</strong></span> <span class='ocrx_word' id='word_1_569' title='bbox 755 4986 808 5032; x_wconf 87' lang='grc' dir='ltr'><strong>ει</strong></span> <span class='ocrx_word' id='word_1_570' title='bbox 836 4985 962 5031; x_wconf 89' lang='lat' dir='ltr'><strong>sunt</strong></span> <span class='ocrx_word' id='word_1_571' title='bbox 988 4975 1315 5043; x_wconf 71' lang='lat' dir='ltr'><strong>lwtiﬁcantes</strong></span> <span class='ocrx_word' id='word_1_572' title='bbox 1343 4977 1502 5029; x_wconf 85' lang='lat' dir='ltr'><strong>corda</strong></span> <span class='ocrx_word' id='word_1_573' title='bbox 1528 4976 1795 5031; x_wconf 82' lang='lat' dir='ltr'><strong>fidelium:</strong></span> <span class='ocrx_word' id='word_1_574' title='bbox 1829 4993 1936 5032; x_wconf 91' lang='lat' dir='ltr'><strong>non</strong></span> <span class='ocrx_word' id='word_1_575' title='bbox 1968 4994 2099 5032; x_wconf 90' lang='lat' dir='ltr'><strong>con-</strong></span> 
     </span>
    </p>
   </div>
   <div class='ocr_carea' id='block_1_68' title="bbox 512 5068 2096 5138">
    <p class='ocr_par' dir='ltr' id='par_1_68' title="bbox 512 5068 2096 5138">
     <span class='ocr_line' id='line_1_68' title="bbox 512 5068 2096 5138; baseline 0 -13"><span class='ocrx_word' id='word_1_576' title='bbox 512 5072 795 5127; x_wconf 65' lang='lat' dir='ltr'><strong>tristantes</strong></span> <span class='ocrx_word' id='word_1_577' title='bbox 836 5078 894 5123; x_wconf 91' lang='lat' dir='ltr'><strong>ut</strong></span> <span class='ocrx_word' id='word_1_578' title='bbox 942 5078 1092 5123; x_wconf 89' lang='lat' dir='ltr'><strong>vetus</strong></span> <span class='ocrx_word' id='word_1_579' title='bbox 1122 5068 1205 5123; x_wconf 88' lang='lat' dir='ltr'><strong>lex</strong></span> <span class='ocrx_word' id='word_1_580' title='bbox 1237 5068 1430 5123; x_wconf 87' lang='lat' dir='ltr'><strong>timore</strong></span> <span class='ocrx_word' id='word_1_581' title='bbox 1455 5081 1648 5138; x_wconf 63' lang='lat' dir='ltr'><strong>postue,</strong></span> <span class='ocrx_word' id='word_1_582' title='bbox 1678 5080 1737 5123; x_wconf 90' lang='lat' dir='ltr'><strong>ut</strong></span> <span class='ocrx_word' id='word_1_583' title='bbox 1760 5069 2017 5127; x_wconf 91' lang='lat' dir='ltr'><strong>Dominus</strong></span> <span class='ocrx_word' id='word_1_584' title='bbox 2045 5070 2096 5125; x_wconf 92' lang='lat' dir='ltr'><strong>in</strong></span> 
     </span>
    </p>
   </div>
   <div class='ocr_carea' id='block_1_69' title="bbox 510 5158 2097 5235">
    <p class='ocr_par' dir='ltr' id='par_1_69' title="bbox 510 5158 2097 5235">
     <span class='ocr_line' id='line_1_69' title="bbox 510 5158 2097 5235; baseline -0.002 -14"><span class='ocrx_word' id='word_1_585' title='bbox 510 5164 806 5235; x_wconf 79' lang='lat' dir='ltr'><strong>Evangelia</strong></span> <span class='ocrx_word' id='word_1_586' title='bbox 856 5181 868 5217; x_wconf 87' lang='lat'><strong>:</strong></span> <span class='ocrx_word' id='word_1_587' title='bbox 917 5180 935 5213; x_wconf 84' lang='grc' dir='ltr'><strong>ι</strong></span> <span class='ocrx_word' id='word_1_588' title='bbox 972 5158 1169 5230; x_wconf 68' lang='lat' dir='ltr'><strong>Iugum</strong></span> <span class='ocrx_word' id='word_1_589' title='bbox 1231 5173 1409 5212; x_wconf 90' lang='lat' dir='ltr'><strong>meum</strong></span> <span class='ocrx_word' id='word_1_590' title='bbox 1461 5173 1625 5214; x_wconf 75' lang='lat' dir='ltr'><strong>suave</strong></span> <span class='ocrx_word' id='word_1_591' title='bbox 1670 5170 1799 5225; x_wconf 87' lang='lat' dir='ltr'><strong>est,</strong></span> <span class='ocrx_word' id='word_1_592' title='bbox 1854 5170 1909 5215; x_wconf 90' lang='grc' dir='ltr'><strong>ει</strong></span> <span class='ocrx_word' id='word_1_593' title='bbox 1960 5178 2097 5218; x_wconf 84' lang='grc' dir='ltr'>οηιιε</span> 
     </span>
    </p>
   </div>
   <div class='ocr_carea' id='block_1_70' title="bbox 512 5248 2097 5321">
    <p class='ocr_par' dir='ltr' id='par_1_70' title="bbox 512 5248 2097 5321">
     <span class='ocr_line' id='line_1_70' title="bbox 512 5248 2097 5321; baseline -0.001 -12"><span class='ocrx_word' id='word_1_594' title='bbox 512 5270 693 5309; x_wconf 89' lang='lat' dir='ltr'><strong>tneum</strong></span> <span class='ocrx_word' id='word_1_595' title='bbox 720 5254 834 5308; x_wconf 81' lang='lat' dir='ltr'><strong>leve</strong></span> <span class='ocrx_word' id='word_1_596' title='bbox 858 5251 1076 5321; x_wconf 81' lang='lat' dir='ltr'><strong>(Matth.</strong></span> <span class='ocrx_word' id='word_1_597' title='bbox 1109 5265 1185 5315; x_wconf 85' lang='lat' dir='ltr'><strong>xl,</strong></span> <span class='ocrx_word' id='word_1_598' title='bbox 1208 5248 1298 5318; x_wconf 79' lang='lat'><strong>50)</strong></span> <span class='ocrx_word' id='word_1_599' title='bbox 1330 5265 1344 5314; x_wconf 88' lang='lat'><strong>;</strong></span> <span class='ocrx_word' id='word_1_600' title='bbox 1380 5267 1396 5300; x_wconf 82' lang='grc' dir='ltr'><strong>ι</strong></span> <span class='ocrx_word' id='word_1_601' title='bbox 1449 5257 1503 5304; x_wconf 87' lang='grc' dir='ltr'><strong>ει</strong></span> <span class='ocrx_word' id='word_1_602' title='bbox 1544 5260 1856 5319; x_wconf 74' lang='grc' dir='ltr'>ρναιερριιιηι</span> <span class='ocrx_word' id='word_1_603' title='bbox 1886 5251 2097 5307; x_wconf 86' lang='lat' dir='ltr'><strong>Domini</strong></span> 
     </span>
    </p>
   </div>
   <div class='ocr_carea' id='block_1_71' title="bbox 513 5343 2094 5403">
    <p class='ocr_par' dir='ltr' id='par_1_71' title="bbox 513 5343 2094 5403">
     <span class='ocr_line' id='line_1_71' title="bbox 513 5343 2094 5403; baseline 0.001 -2"><span class='ocrx_word' id='word_1_604' title='bbox 513 5349 821 5402; x_wconf 83' lang='lat' dir='ltr'><strong>illuminans</strong></span> <span class='ocrx_word' id='word_1_605' title='bbox 853 5347 1029 5401; x_wconf 84' lang='lat' dir='ltr'><strong>oculos</strong></span> <span class='ocrx_word' id='word_1_606' title='bbox 1062 5344 1243 5400; x_wconf 86' lang='lat' dir='ltr'><strong>cordis</strong></span> <span class='ocrx_word' id='word_1_607' title='bbox 1267 5344 1319 5398; x_wconf 92' lang='lat' dir='ltr'><strong>in</strong></span> <span class='ocrx_word' id='word_1_608' title='bbox 1348 5343 1619 5399; x_wconf 83' lang='lat' dir='ltr'><strong>intellectu</strong></span> <span class='ocrx_word' id='word_1_609' title='bbox 1643 5345 1772 5401; x_wconf 88' lang='lat' dir='ltr'><strong>:hoc</strong></span> <span class='ocrx_word' id='word_1_610' title='bbox 1799 5362 1925 5401; x_wconf 87' lang='lat' dir='ltr'><strong>vero</strong></span> <span class='ocrx_word' id='word_1_611' title='bbox 1956 5348 2094 5403; x_wconf 90' lang='lat' dir='ltr'><strong>idem</strong></span> 
     </span>
    </p>
   </div>
   <div class='ocr_carea' id='block_1_72' title="bbox 510 5436 2094 5511">
    <p class='ocr_par' dir='ltr' id='par_1_72' title="bbox 510 5436 2094 5511">
     <span class='ocr_line' id='line_1_72' title="bbox 510 5436 2094 5511; baseline -0.002 -16"><span class='ocrx_word' id='word_1_612' title='bbox 510 5451 598 5497; x_wconf 89' lang='lat' dir='ltr'><strong>est</strong></span> <span class='ocrx_word' id='word_1_613' title='bbox 640 5440 1046 5511; x_wconf 68' lang='lat' dir='ltr'><strong>arquipollenter</strong></span> <span class='ocrx_word' id='word_1_614' title='bbox 1086 5437 1228 5507; x_wconf 90' lang='lat' dir='ltr'><strong>quod</strong></span> <span class='ocrx_word' id='word_1_615' title='bbox 1280 5451 1441 5506; x_wconf 89' lang='lat' dir='ltr'><strong>supra</strong></span> <span class='ocrx_word' id='word_1_616' title='bbox 1486 5437 1666 5507; x_wconf 89' lang='lat' dir='ltr'><strong>posuit</strong></span> <span class='ocrx_word' id='word_1_617' title='bbox 1712 5451 1727 5490; x_wconf 89' lang='lat'><strong>:</strong></span> <span class='ocrx_word' id='word_1_618' title='bbox 1774 5436 2094 5508; x_wconf 82' lang='lat' dir='ltr'><strong>Sapientiam</strong></span> 
     </span>
    </p>
   </div>
   <div class='ocr_carea' id='block_1_73' title="bbox 512 5529 2096 5604">
    <p class='ocr_par' dir='ltr' id='par_1_73' title="bbox 512 5529 2096 5604">
     <span class='ocr_line' id='line_1_73' title="bbox 512 5529 2096 5604; baseline 0 -19"><span class='ocrx_word' id='word_1_619' title='bbox 512 5544 768 5604; x_wconf 64' lang='lat' dir='ltr'><strong>privatam</strong></span> <span class='ocrx_word' id='word_1_620' title='bbox 795 5531 1045 5601; x_wconf 75' lang='lat' dir='ltr'><strong>parvulis,</strong></span> <span class='ocrx_word' id='word_1_621' title='bbox 1088 5530 1181 5585; x_wconf 92' lang='lat' dir='ltr'><strong>sed</strong></span> <span class='ocrx_word' id='word_1_622' title='bbox 1221 5530 1290 5584; x_wconf 91' lang='lat' dir='ltr'><strong>ad</strong></span> <span class='ocrx_word' id='word_1_623' title='bbox 1318 5529 1421 5583; x_wconf 89' lang='lat' dir='ltr'><strong>hoc</strong></span> <span class='ocrx_word' id='word_1_624' title='bbox 1453 5529 1649 5599; x_wconf 91' lang='lat' dir='ltr'><strong>repetit</strong></span> <span class='ocrx_word' id='word_1_625' title='bbox 1676 5538 1734 5582; x_wconf 91' lang='lat' dir='ltr'><strong>ut</strong></span> <span class='ocrx_word' id='word_1_626' title='bbox 1764 5544 1981 5584; x_wconf 87' lang='lat' dir='ltr'><strong>causam</strong></span> <span class='ocrx_word' id='word_1_627' title='bbox 2014 5530 2096 5585; x_wconf 87' lang='lat' dir='ltr'><strong>iii-</strong></span> 
     </span>
    </p>
   </div>
   <div class='ocr_carea' id='block_1_74' title="bbox 514 5620 2092 5694">
    <p class='ocr_par' dir='ltr' id='par_1_74' title="bbox 514 5620 2092 5694">
     <span class='ocr_line' id='line_1_74' title="bbox 514 5620 2092 5694; baseline 0.001 -17"><span class='ocrx_word' id='word_1_628' title='bbox 514 5633 766 5693; x_wconf 87' lang='lat' dir='ltr'><strong>terponat</strong></span> <span class='ocrx_word' id='word_1_629' title='bbox 791 5642 803 5677; x_wconf 89' lang='lat'><strong>:</strong></span> <span class='ocrx_word' id='word_1_630' title='bbox 833 5637 1000 5692; x_wconf 90' lang='lat' dir='ltr'><strong>quare</strong></span> <span class='ocrx_word' id='word_1_631' title='bbox 1020 5622 1205 5677; x_wconf 86' lang='lat' dir='ltr'><strong>oculos</strong></span> <span class='ocrx_word' id='word_1_632' title='bbox 1229 5620 1496 5677; x_wconf 87' lang='lat' dir='ltr'><strong>illmninet</strong></span> <span class='ocrx_word' id='word_1_633' title='bbox 1528 5640 1539 5675; x_wconf 92' lang='lat'><strong>:</strong></span> <span class='ocrx_word' id='word_1_634' title='bbox 1567 5621 1687 5677; x_wconf 91' lang='lat' dir='ltr'><strong>ideo</strong></span> <span class='ocrx_word' id='word_1_635' title='bbox 1716 5621 1940 5691; x_wconf 81' lang='lat' dir='ltr'><strong>scilicet,</strong></span> <span class='ocrx_word' id='word_1_636' title='bbox 1971 5624 2092 5694; x_wconf 87' lang='lat' dir='ltr'><strong>quia</strong></span> 
     </span>
    </p>
   </div>
   <div class='ocr_carea' id='block_1_75' title="bbox 511 5713 2091 5786">
    <p class='ocr_par' dir='ltr' id='par_1_75' title="bbox 511 5713 2091 5786">
     <span class='ocr_line' id='line_1_75' title="bbox 511 5713 2091 5786; baseline 0.003 -18"><span class='ocrx_word' id='word_1_637' title='bbox 511 5715 746 5769; x_wconf 72' lang='lat' dir='ltr'><strong>lucidum</strong></span> <span class='ocrx_word' id='word_1_638' title='bbox 769 5726 869 5779; x_wconf 86' lang='lat' dir='ltr'><strong>est,</strong></span> <span class='ocrx_word' id='word_1_639' title='bbox 892 5717 945 5772; x_wconf 91' lang='lat' dir='ltr'><strong>id</strong></span> <span class='ocrx_word' id='word_1_640' title='bbox 972 5725 1053 5771; x_wconf 90' lang='lat' dir='ltr'><strong>est</strong></span> <span class='ocrx_word' id='word_1_641' title='bbox 1084 5713 1512 5786; x_wconf 59' lang='lat' dir='ltr'><strong>manifestumﬁad</strong></span> <span class='ocrx_word' id='word_1_642' title='bbox 1538 5714 1959 5786; x_wconf 83' lang='lat' dir='ltr'><strong>intelligendum,</strong></span> <span class='ocrx_word' id='word_1_643' title='bbox 1986 5733 2091 5773; x_wconf 90' lang='lat' dir='ltr'><strong>non</strong></span> 
     </span>
    </p>
   </div>
   <div class='ocr_carea' id='block_1_76' title="bbox 2209 1849 3758 1936">
    <p class='ocr_par' dir='ltr' id='par_1_76' title="bbox 2209 1849 3758 1936">
     <span class='ocr_line' id='line_1_76' title="bbox 2209 1849 3758 1936; baseline 0.014 -34"><span class='ocrx_word' id='word_1_644' title='bbox 2209 1849 2355 1904; x_wconf 88' lang='lat' dir='ltr'><strong>aliud</strong></span> <span class='ocrx_word' id='word_1_645' title='bbox 2382 1852 2565 1907; x_wconf 88' lang='lat' dir='ltr'><strong>addat.</strong></span> <span class='ocrx_word' id='word_1_646' title='bbox 2607 1852 2672 1908; x_wconf 86' lang='lat' dir='ltr'><strong>Et</strong></span> <span class='ocrx_word' id='word_1_647' title='bbox 2725 1854 2853 1925; x_wconf 86' lang='lat' dir='ltr'><strong>quia</strong></span> <span class='ocrx_word' id='word_1_648' title='bbox 2889 1854 3096 1924; x_wconf 83' lang='lat' dir='ltr'><strong>judicia</strong></span> <span class='ocrx_word' id='word_1_649' title='bbox 3147 1857 3395 1929; x_wconf 91' lang='lat' dir='ltr'><strong>Domini,</strong></span> <span class='ocrx_word' id='word_1_650' title='bbox 3424 1864 3477 1919; x_wconf 91' lang='lat' dir='ltr'><strong>id</strong></span> <span class='ocrx_word' id='word_1_651' title='bbox 3528 1876 3604 1921; x_wconf 87' lang='lat' dir='ltr'><strong>est</strong></span> <span class='ocrx_word' id='word_1_652' title='bbox 3645 1883 3758 1936; x_wconf 67' lang='lat' dir='ltr'><strong>prae-</strong></span> 
     </span>
    </p>
   </div>
   <div class='ocr_carea' id='block_1_77' title="bbox 2205 1944 3754 2027">
    <p class='ocr_par' dir='ltr' id='par_1_77' title="bbox 2205 1944 3754 2027">
     <span class='ocr_line' id='line_1_77' title="bbox 2205 1944 3754 2027; baseline 0.012 -31"><span class='ocrx_word' id='word_1_653' title='bbox 2205 1950 2366 2013; x_wconf 90' lang='lat' dir='ltr'><strong>cepta</strong></span> <span class='ocrx_word' id='word_1_654' title='bbox 2396 1958 2519 2014; x_wconf 82' lang='lat' dir='ltr'><strong>quae</strong></span> <span class='ocrx_word' id='word_1_655' title='bbox 2556 1944 2878 2014; x_wconf 76' lang='lat' dir='ltr'><strong>iudicantur</strong></span> <span class='ocrx_word' id='word_1_656' title='bbox 2922 1949 3241 2020; x_wconf 85' lang='lat' dir='ltr'><strong>complenda</strong></span> <span class='ocrx_word' id='word_1_657' title='bbox 3288 1952 3345 2008; x_wconf 84' lang='lat' dir='ltr'><strong>in</strong></span> <span class='ocrx_word' id='word_1_658' title='bbox 3374 1954 3493 2027; x_wconf 85' lang='lat' dir='ltr'><strong>lege</strong></span> <span class='ocrx_word' id='word_1_659' title='bbox 3532 1957 3754 2015; x_wconf 86' lang='lat' dir='ltr'><strong>Domini:</strong></span> 
     </span>
    </p>
   </div>
   <div class='ocr_carea' id='block_1_78' title="bbox 2208 2039 3754 2120">
    <p class='ocr_par' dir='ltr' id='par_1_78' title="bbox 2208 2039 3754 2120">
     <span class='ocr_line' id='line_1_78' title="bbox 2208 2039 3754 2120; baseline 0.012 -31"><span class='ocrx_word' id='word_1_660' title='bbox 2208 2045 2333 2090; x_wconf 80' lang='lat' dir='ltr'><strong>sunt</strong></span> <span class='ocrx_word' id='word_1_661' title='bbox 2357 2054 2499 2104; x_wconf 79' lang='lat' dir='ltr'><strong>vera,</strong></span> <span class='ocrx_word' id='word_1_662' title='bbox 2528 2047 2584 2093; x_wconf 90' lang='lat' dir='ltr'><strong>et</strong></span> <span class='ocrx_word' id='word_1_663' title='bbox 2627 2039 2733 2095; x_wconf 91' lang='lat' dir='ltr'><strong>hoc</strong></span> <span class='ocrx_word' id='word_1_664' title='bbox 2769 2048 2854 2096; x_wconf 91' lang='lat' dir='ltr'><strong>est</strong></span> <span class='ocrx_word' id='word_1_665' title='bbox 2900 2043 3046 2111; x_wconf 88' lang='lat' dir='ltr'><strong>quod</strong></span> <span class='ocrx_word' id='word_1_666' title='bbox 3084 2045 3339 2115; x_wconf 83' lang='lat' dir='ltr'><strong>superius</strong></span> <span class='ocrx_word' id='word_1_667' title='bbox 3365 2046 3501 2103; x_wconf 84' lang='lat' dir='ltr'><strong>dixit</strong></span> <span class='ocrx_word' id='word_1_668' title='bbox 3530 2066 3544 2103; x_wconf 93' lang='lat'><strong>:</strong></span> <span class='ocrx_word' id='word_1_669' title='bbox 3567 2051 3754 2120; x_wconf 72' lang='lat' dir='ltr'><strong>justitia</strong></span> 
     </span>
    </p>
   </div>
   <div class='ocr_carea' id='block_1_79' title="bbox 2210 2130 3755 2210">
    <p class='ocr_par' dir='ltr' id='par_1_79' title="bbox 2210 2130 3755 2210">
     <span class='ocr_line' id='line_1_79' title="bbox 2210 2130 3755 2210; baseline 0.012 -29"><span class='ocrx_word' id='word_1_670' title='bbox 2210 2138 2371 2182; x_wconf 71' lang='lat' dir='ltr'><strong>rectae</strong></span> <span class='ocrx_word' id='word_1_671' title='bbox 2394 2142 2409 2182; x_wconf 92' lang='lat'><strong>:</strong></span> <span class='ocrx_word' id='word_1_672' title='bbox 2433 2138 2486 2183; x_wconf 88' lang='lat' dir='ltr'><strong>et</strong></span> <span class='ocrx_word' id='word_1_673' title='bbox 2513 2130 2640 2199; x_wconf 89' lang='lat' dir='ltr'><strong>quia</strong></span> <span class='ocrx_word' id='word_1_674' title='bbox 2664 2140 2790 2186; x_wconf 90' lang='lat' dir='ltr'><strong>sunt</strong></span> <span class='ocrx_word' id='word_1_675' title='bbox 2807 2132 3108 2202; x_wconf 78' lang='lat' dir='ltr'><strong>justificata</strong></span> <span class='ocrx_word' id='word_1_676' title='bbox 3132 2175 3146 2200; x_wconf 91' lang='lat'><strong>,</strong></span> <span class='ocrx_word' id='word_1_677' title='bbox 3178 2135 3231 2191; x_wconf 91' lang='lat' dir='ltr'><strong>id</strong></span> <span class='ocrx_word' id='word_1_678' title='bbox 3263 2146 3349 2193; x_wconf 90' lang='lat' dir='ltr'><strong>est</strong></span> <span class='ocrx_word' id='word_1_679' title='bbox 3383 2139 3555 2210; x_wconf 85' lang='lat' dir='ltr'><strong>justas</strong></span> <span class='ocrx_word' id='word_1_680' title='bbox 3591 2142 3755 2199; x_wconf 84' lang='lat' dir='ltr'><strong>facien-</strong></span> 
     </span>
    </p>
   </div>
   <div class='ocr_carea' id='block_1_80' title="bbox 2207 2221 3756 2305">
    <p class='ocr_par' dir='ltr' id='par_1_80' title="bbox 2207 2221 3756 2305">
     <span class='ocr_line' id='line_1_80' title="bbox 2207 2221 3756 2305; baseline 0.014 -30"><span class='ocrx_word' id='word_1_681' title='bbox 2207 2221 2281 2275; x_wconf 87' lang='lat' dir='ltr'><strong>tia</strong></span> <span class='ocrx_word' id='word_1_682' title='bbox 2315 2239 2328 2275; x_wconf 92' lang='lat'><strong>:</strong></span> <span class='ocrx_word' id='word_1_683' title='bbox 2360 2230 2418 2277; x_wconf 86' lang='lat' dir='ltr'><strong>et</strong></span> <span class='ocrx_word' id='word_1_684' title='bbox 2450 2223 2555 2279; x_wconf 90' lang='lat' dir='ltr'><strong>hoc</strong></span> <span class='ocrx_word' id='word_1_685' title='bbox 2600 2233 2685 2280; x_wconf 90' lang='lat' dir='ltr'><strong>est</strong></span> <span class='ocrx_word' id='word_1_686' title='bbox 2729 2229 2871 2298; x_wconf 91' lang='lat' dir='ltr'><strong>quod</strong></span> <span class='ocrx_word' id='word_1_687' title='bbox 2921 2233 3174 2300; x_wconf 86' lang='lat' dir='ltr'><strong>superius</strong></span> <span class='ocrx_word' id='word_1_688' title='bbox 3226 2238 3429 2305; x_wconf 87' lang='lat' dir='ltr'><strong>posuit.</strong></span> <span class='ocrx_word' id='word_1_689' title='bbox 3471 2239 3643 2294; x_wconf 80' lang='lat' dir='ltr'><strong>Timor</strong></span> <span class='ocrx_word' id='word_1_690' title='bbox 3672 2241 3756 2296; x_wconf 85' lang='lat' dir='ltr'><strong>Do-</strong></span> 
     </span>
    </p>
   </div>
   <div class='ocr_carea' id='block_1_81' title="bbox 2207 2314 3751 2399">
    <p class='ocr_par' dir='ltr' id='par_1_81' title="bbox 2207 2314 3751 2399">
     <span class='ocr_line' id='line_1_81' title="bbox 2207 2314 3751 2399; baseline 0.012 -32"><span class='ocrx_word' id='word_1_691' title='bbox 2207 2314 2338 2367; x_wconf 91' lang='lat' dir='ltr'><strong>mini</strong></span> <span class='ocrx_word' id='word_1_692' title='bbox 2370 2324 2592 2370; x_wconf 87' lang='lat' dir='ltr'><strong>sanctus</strong></span> <span class='ocrx_word' id='word_1_693' title='bbox 2632 2333 2644 2369; x_wconf 95' lang='lat'><strong>:</strong></span> <span class='ocrx_word' id='word_1_694' title='bbox 2684 2318 2781 2372; x_wconf 89' lang='lat' dir='ltr'><strong>sed</strong></span> <span class='ocrx_word' id='word_1_695' title='bbox 2831 2319 2934 2376; x_wconf 91' lang='lat' dir='ltr'><strong>hoc</strong></span> <span class='ocrx_word' id='word_1_696' title='bbox 2964 2324 3185 2378; x_wconf 90' lang='lat' dir='ltr'><strong>tertium</strong></span> <span class='ocrx_word' id='word_1_697' title='bbox 3225 2328 3373 2397; x_wconf 90' lang='lat' dir='ltr'><strong>quod</strong></span> <span class='ocrx_word' id='word_1_698' title='bbox 3416 2331 3647 2399; x_wconf 89' lang='lat' dir='ltr'><strong>sequitur</strong></span> <span class='ocrx_word' id='word_1_699' title='bbox 3668 2346 3751 2386; x_wconf 89' lang='lat' dir='ltr'><strong>non</strong></span> 
     </span>
    </p>
   </div>
   <div class='ocr_carea' id='block_1_82' title="bbox 2208 2403 3753 2491">
    <p class='ocr_par' dir='ltr' id='par_1_82' title="bbox 2208 2403 3753 2491">
     <span class='ocr_line' id='line_1_82' title="bbox 2208 2403 3753 2491; baseline 0.012 -34"><span class='ocrx_word' id='word_1_700' title='bbox 2208 2403 2309 2459; x_wconf 92' lang='lat' dir='ltr'><strong>fuit</strong></span> <span class='ocrx_word' id='word_1_701' title='bbox 2343 2406 2593 2476; x_wconf 80' lang='lat' dir='ltr'><strong>superius</strong></span> <span class='ocrx_word' id='word_1_702' title='bbox 2630 2409 2868 2478; x_wconf 90' lang='lat' dir='ltr'><strong>positmu</strong></span> <span class='ocrx_word' id='word_1_703' title='bbox 2899 2412 3002 2467; x_wconf 90' lang='lat' dir='ltr'><strong>hoc</strong></span> <span class='ocrx_word' id='word_1_704' title='bbox 3033 2414 3280 2483; x_wconf 89' lang='lat' dir='ltr'><strong>scilicet,</strong></span> <span class='ocrx_word' id='word_1_705' title='bbox 3325 2427 3382 2474; x_wconf 90' lang='lat' dir='ltr'><strong>et</strong></span> <span class='ocrx_word' id='word_1_706' title='bbox 3412 2421 3532 2491; x_wconf 86' lang='lat' dir='ltr'><strong>quia</strong></span> <span class='ocrx_word' id='word_1_707' title='bbox 3574 2420 3753 2477; x_wconf 89' lang='lat' dir='ltr'><strong>suntin</strong></span> 
     </span>
    </p>
   </div>
   <div class='ocr_carea' id='block_1_83' title="bbox 2206 2497 3754 2576">
    <p class='ocr_par' dir='ltr' id='par_1_83' title="bbox 2206 2497 3754 2576">
     <span class='ocr_line' id='line_1_83' title="bbox 2206 2497 3754 2576; baseline 0.012 -27"><span class='ocrx_word' id='word_1_708' title='bbox 2206 2497 2484 2565; x_wconf 75' lang='lat' dir='ltr'><strong>semetipsa</strong></span> <span class='ocrx_word' id='word_1_709' title='bbox 2513 2501 2721 2565; x_wconf 89' lang='lat' dir='ltr'><strong>euntia,</strong></span> <span class='ocrx_word' id='word_1_710' title='bbox 2772 2501 2823 2554; x_wconf 93' lang='lat' dir='ltr'><strong>id</strong></span> <span class='ocrx_word' id='word_1_711' title='bbox 2851 2512 2936 2557; x_wconf 89' lang='lat' dir='ltr'><strong>est</strong></span> <span class='ocrx_word' id='word_1_712' title='bbox 2984 2518 3044 2559; x_wconf 88' lang='lat' dir='ltr'><strong>se</strong></span> <span class='ocrx_word' id='word_1_713' title='bbox 3075 2508 3369 2563; x_wconf 88' lang='lat' dir='ltr'><strong>concordia</strong></span> <span class='ocrx_word' id='word_1_714' title='bbox 3394 2552 3409 2576; x_wconf 93' lang='lat'><strong>,</strong></span> <span class='ocrx_word' id='word_1_715' title='bbox 3450 2525 3549 2565; x_wconf 92' lang='lat' dir='ltr'><strong>non</strong></span> <span class='ocrx_word' id='word_1_716' title='bbox 3585 2512 3754 2567; x_wconf 54' lang='lat' dir='ltr'><strong>discoro</strong></span> 
     </span>
    </p>
   </div>
   <div class='ocr_carea' id='block_1_84' title="bbox 2206 2586 3753 2665">
    <p class='ocr_par' dir='ltr' id='par_1_84' title="bbox 2206 2586 3753 2665">
     <span class='ocr_line' id='line_1_84' title="bbox 2206 2586 3753 2665; baseline 0.01 -26"><span class='ocrx_word' id='word_1_717' title='bbox 2206 2586 2389 2641; x_wconf 87' lang='lat' dir='ltr'><strong>dantia</strong></span> <span class='ocrx_word' id='word_1_718' title='bbox 2422 2587 2701 2657; x_wconf 89' lang='lat' dir='ltr'><strong>utjudicia</strong></span> <span class='ocrx_word' id='word_1_719' title='bbox 2751 2592 3034 2648; x_wconf 66' lang='lat' dir='ltr'><strong>saecularia</strong></span> <span class='ocrx_word' id='word_1_720' title='bbox 3068 2608 3085 2649; x_wconf 93' lang='lat'><strong>:</strong></span> <span class='ocrx_word' id='word_1_721' title='bbox 3124 2596 3500 2653; x_wconf 80' lang='lat' dir='ltr'><strong>desiderabilia</strong></span> <span class='ocrx_word' id='word_1_722' title='bbox 3541 2609 3687 2665; x_wconf 86' lang='lat' dir='ltr'><strong>sunt,</strong></span> <span class='ocrx_word' id='word_1_723' title='bbox 3714 2601 3753 2654; x_wconf 90' lang='lat' dir='ltr'><strong>id</strong></span> 
     </span>
    </p>
   </div>
   <div class='ocr_carea' id='block_1_85' title="bbox 2206 2678 3752 2761">
    <p class='ocr_par' dir='ltr' id='par_1_85' title="bbox 2206 2678 3752 2761">
     <span class='ocr_line' id='line_1_85' title="bbox 2206 2678 3752 2761; baseline 0.01 -31"><span class='ocrx_word' id='word_1_724' title='bbox 2206 2690 2290 2731; x_wconf 88' lang='lat' dir='ltr'><strong>est</strong></span> <span class='ocrx_word' id='word_1_725' title='bbox 2314 2678 2613 2735; x_wconf 90' lang='lat' dir='ltr'><strong>desiderari</strong></span> <span class='ocrx_word' id='word_1_726' title='bbox 2660 2682 2861 2739; x_wconf 89' lang='lat' dir='ltr'><strong>debent</strong></span> <span class='ocrx_word' id='word_1_727' title='bbox 2911 2702 3072 2756; x_wconf 84' lang='lat' dir='ltr'><strong>super</strong></span> <span class='ocrx_word' id='word_1_728' title='bbox 3099 2703 3290 2742; x_wconf 87' lang='lat' dir='ltr'><strong>aurum</strong></span> <span class='ocrx_word' id='word_1_729' title='bbox 3332 2700 3383 2745; x_wconf 86' lang='lat' dir='ltr'><strong>et</strong></span> <span class='ocrx_word' id='word_1_730' title='bbox 3412 2690 3623 2759; x_wconf 83' lang='lat' dir='ltr'><strong>lapidem</strong></span> <span class='ocrx_word' id='word_1_731' title='bbox 3660 2707 3752 2761; x_wconf 77' lang='lat' dir='ltr'><strong>pre-</strong></span> 
     </span>
    </p>
   </div>
   <div class='ocr_carea' id='block_1_86' title="bbox 2206 2770 3751 2845">
    <p class='ocr_par' dir='ltr' id='par_1_86' title="bbox 2206 2770 3751 2845">
     <span class='ocr_line' id='line_1_86' title="bbox 2206 2770 3751 2845; baseline 0.009 -24"><span class='ocrx_word' id='word_1_732' title='bbox 2206 2770 2396 2823; x_wconf 85' lang='lat' dir='ltr'><strong>tiosum</strong></span> <span class='ocrx_word' id='word_1_733' title='bbox 2430 2773 2675 2838; x_wconf 82' lang='lat' dir='ltr'><strong>multant,</strong></span> <span class='ocrx_word' id='word_1_734' title='bbox 2706 2783 2761 2831; x_wconf 91' lang='lat' dir='ltr'><strong>et</strong></span> <span class='ocrx_word' id='word_1_735' title='bbox 2800 2790 2898 2845; x_wconf 90' lang='lat' dir='ltr'><strong>per</strong></span> <span class='ocrx_word' id='word_1_736' title='bbox 2952 2778 3052 2834; x_wconf 90' lang='lat' dir='ltr'><strong>has</strong></span> <span class='ocrx_word' id='word_1_737' title='bbox 3092 2794 3335 2837; x_wconf 86' lang='lat' dir='ltr'><strong>summas</strong></span> <span class='ocrx_word' id='word_1_738' title='bbox 3375 2782 3583 2839; x_wconf 88' lang='lat' dir='ltr'><strong>divitias</strong></span> <span class='ocrx_word' id='word_1_739' title='bbox 3609 2781 3751 2837; x_wconf 89' lang='lat' dir='ltr'><strong>innuit</strong></span> 
     </span>
    </p>
   </div>
   <div class='ocr_carea' id='block_1_87' title="bbox 2207 2860 3749 2940">
    <p class='ocr_par' dir='ltr' id='par_1_87' title="bbox 2207 2860 3749 2940">
     <span class='ocr_line' id='line_1_87' title="bbox 2207 2860 3749 2940; baseline 0.01 -30"><span class='ocrx_word' id='word_1_740' title='bbox 2207 2860 2331 2927; x_wconf 90' lang='lat' dir='ltr'><strong>quia</strong></span> <span class='ocrx_word' id='word_1_741' title='bbox 2359 2862 2611 2917; x_wconf 90' lang='lat' dir='ltr'><strong>omnibus</strong></span> <span class='ocrx_word' id='word_1_742' title='bbox 2638 2863 2843 2921; x_wconf 90' lang='lat' dir='ltr'><strong>divitiis</strong></span> <span class='ocrx_word' id='word_1_743' title='bbox 2884 2866 3332 2926; x_wconf 86' lang='lat' dir='ltr'><strong>desiderabiliora</strong></span> <span class='ocrx_word' id='word_1_744' title='bbox 3382 2882 3542 2940; x_wconf 87' lang='lat' dir='ltr'><strong>sunt,</strong></span> <span class='ocrx_word' id='word_1_745' title='bbox 3582 2874 3749 2929; x_wconf 63' lang='lat' dir='ltr'><strong>etdul.</strong></span> 
     </span>
    </p>
   </div>
   <div class='ocr_carea' id='block_1_88' title="bbox 2205 2951 3750 3034">
    <p class='ocr_par' dir='ltr' id='par_1_88' title="bbox 2205 2951 3750 3034">
     <span class='ocr_line' id='line_1_88' title="bbox 2205 2951 3750 3034; baseline 0.008 -31"><span class='ocrx_word' id='word_1_746' title='bbox 2205 2951 2351 3005; x_wconf 77' lang='lat' dir='ltr'><strong>riora</strong></span> <span class='ocrx_word' id='word_1_747' title='bbox 2381 2964 2507 3007; x_wconf 87' lang='lat' dir='ltr'><strong>sunt</strong></span> <span class='ocrx_word' id='word_1_748' title='bbox 2558 2956 2851 3013; x_wconf 88' lang='lat' dir='ltr'><strong>animabus</strong></span> <span class='ocrx_word' id='word_1_749' title='bbox 2895 2958 3135 3016; x_wconf 83' lang='lat' dir='ltr'><strong>fidelium</strong></span> <span class='ocrx_word' id='word_1_750' title='bbox 3186 2979 3347 3033; x_wconf 80' lang='lat' dir='ltr'><strong>super</strong></span> <span class='ocrx_word' id='word_1_751' title='bbox 3390 2965 3490 3019; x_wconf 87' lang='lat' dir='ltr'><strong>mel</strong></span> <span class='ocrx_word' id='word_1_752' title='bbox 3524 2975 3568 3019; x_wconf 88' lang='lat' dir='ltr'><strong>et</strong></span> <span class='ocrx_word' id='word_1_753' title='bbox 3609 2964 3750 3034; x_wconf 73' lang='lat' dir='ltr'><strong>{arum</strong></span> 
     </span>
    </p>
   </div>
   <div class='ocr_carea' id='block_1_89' title="bbox 2157 3042 3750 3127">
    <p class='ocr_par' dir='ltr' id='par_1_89' title="bbox 2157 3042 3750 3127">
     <span class='ocr_line' id='line_1_89' title="bbox 2157 3042 3750 3127; baseline 0.009 -33"><span class='ocrx_word' id='word_1_754' title='bbox 2157 3105 2172 3123; x_wconf 54' lang='lat'><em>‘</em></span> <span class='ocrx_word' id='word_1_755' title='bbox 2208 3042 2610 3101; x_wconf 72' lang='lat' dir='ltr'><strong>iutransitivum</strong></span> <span class='ocrx_word' id='word_1_756' title='bbox 2641 3056 2746 3116; x_wconf 89' lang='lat' dir='ltr'><strong>est,</strong></span> <span class='ocrx_word' id='word_1_757' title='bbox 2794 3050 2845 3104; x_wconf 90' lang='lat' dir='ltr'><strong>id</strong></span> <span class='ocrx_word' id='word_1_758' title='bbox 2895 3060 2978 3107; x_wconf 89' lang='lat' dir='ltr'><strong>est</strong></span> <span class='ocrx_word' id='word_1_759' title='bbox 3008 3067 3171 3123; x_wconf 84' lang='lat' dir='ltr'><strong>super</strong></span> <span class='ocrx_word' id='word_1_760' title='bbox 3218 3054 3325 3110; x_wconf 90' lang='lat' dir='ltr'><strong>mel</strong></span> <span class='ocrx_word' id='word_1_761' title='bbox 3355 3054 3488 3119; x_wconf 85' lang='lat' dir='ltr'><strong>favi,</strong></span> <span class='ocrx_word' id='word_1_762' title='bbox 3529 3055 3654 3127; x_wconf 91' lang='lat' dir='ltr'><strong>quod</strong></span> <span class='ocrx_word' id='word_1_763' title='bbox 3677 3054 3750 3109; x_wconf 82' lang='lat' dir='ltr'><strong>de-</strong></span> 
     </span>
    </p>
   </div>
   <div class='ocr_carea' id='block_1_90' title="bbox 2154 3136 3749 3221">
    <p class='ocr_par' dir='ltr' id='par_1_90' title="bbox 2154 3136 3749 3221">
     <span class='ocr_line' id='line_1_90' title="bbox 2154 3136 3749 3221; baseline 0.01 -35"><span class='ocrx_word' id='word_1_764' title='bbox 2154 3149 2173 3164; x_wconf 67' lang='grc' dir='ltr'><em>ι</em></span> <span class='ocrx_word' id='word_1_765' title='bbox 2209 3136 2505 3193; x_wconf 87' lang='lat' dir='ltr'><strong>lectabilius</strong></span> <span class='ocrx_word' id='word_1_766' title='bbox 2533 3148 2619 3194; x_wconf 93' lang='lat' dir='ltr'><strong>est</strong></span> <span class='ocrx_word' id='word_1_767' title='bbox 2663 3141 2822 3197; x_wconf 89' lang='lat' dir='ltr'><strong>melle</strong></span> <span class='ocrx_word' id='word_1_768' title='bbox 2858 3141 2972 3212; x_wconf 92' lang='lat' dir='ltr'><strong>jam</strong></span> <span class='ocrx_word' id='word_1_769' title='bbox 3004 3159 3288 3216; x_wconf 82' lang='lat' dir='ltr'><strong>expresso.</strong></span> <span class='ocrx_word' id='word_1_770' title='bbox 3319 3148 3417 3204; x_wconf 74' lang='lat' dir='ltr'><strong>Vel</strong></span> <span class='ocrx_word' id='word_1_771' title='bbox 3462 3157 3627 3220; x_wconf 86' lang='lat' dir='ltr'><strong>potest</strong></span> <span class='ocrx_word' id='word_1_772' title='bbox 3667 3148 3749 3221; x_wconf 82' lang='lat' dir='ltr'><strong>legi</strong></span> 
     </span>
    </p>
   </div>
   <div class='ocr_carea' id='block_1_91' title="bbox 2207 3230 3751 3311">
    <p class='ocr_par' dir='ltr' id='par_1_91' title="bbox 2207 3230 3751 3311">
     <span class='ocr_line' id='line_1_91' title="bbox 2207 3230 3751 3311; baseline 0.01 -29"><span class='ocrx_word' id='word_1_773' title='bbox 2207 3244 2311 3282; x_wconf 93' lang='lat' dir='ltr'><strong>non</strong></span> <span class='ocrx_word' id='word_1_774' title='bbox 2345 3230 2684 3289; x_wconf 82' lang='lat' dir='ltr'><strong>intransitive</strong></span> <span class='ocrx_word' id='word_1_775' title='bbox 2712 3272 2728 3299; x_wconf 94' lang='lat'><strong>,</strong></span> <span class='ocrx_word' id='word_1_776' title='bbox 2777 3237 3033 3303; x_wconf 90' lang='lat' dir='ltr'><strong>quoniam</strong></span> <span class='ocrx_word' id='word_1_777' title='bbox 3065 3250 3358 3311; x_wconf 88' lang='lat' dir='ltr'><strong>utrumque</strong></span> <span class='ocrx_word' id='word_1_778' title='bbox 3403 3242 3504 3297; x_wconf 88' lang='lat' dir='ltr'><strong>mel</strong></span> <span class='ocrx_word' id='word_1_779' title='bbox 3533 3242 3650 3297; x_wconf 77' lang='lat' dir='ltr'><strong>satis</strong></span> <span class='ocrx_word' id='word_1_780' title='bbox 3677 3241 3751 3297; x_wconf 81' lang='lat' dir='ltr'><strong>de-</strong></span> 
     </span>
    </p>
   </div>
   <div class='ocr_carea' id='block_1_92' title="bbox 2206 3321 3751 3405">
    <p class='ocr_par' dir='ltr' id='par_1_92' title="bbox 2206 3321 3751 3405">
     <span class='ocr_line' id='line_1_92' title="bbox 2206 3321 3751 3405; baseline 0.008 -32"><span class='ocrx_word' id='word_1_781' title='bbox 2206 3321 2453 3378; x_wconf 86' lang='lat' dir='ltr'><strong>lectabile</strong></span> <span class='ocrx_word' id='word_1_782' title='bbox 2483 3333 2567 3379; x_wconf 90' lang='lat' dir='ltr'><strong>est</strong></span> <span class='ocrx_word' id='word_1_783' title='bbox 2601 3341 2615 3377; x_wconf 91' lang='lat'><strong>:</strong></span> <span class='ocrx_word' id='word_1_784' title='bbox 2648 3334 2703 3381; x_wconf 89' lang='grc' dir='ltr'><strong>ει</strong></span> <span class='ocrx_word' id='word_1_785' title='bbox 2755 3341 2851 3399; x_wconf 89' lang='lat' dir='ltr'><strong>per</strong></span> <span class='ocrx_word' id='word_1_786' title='bbox 2906 3329 3004 3383; x_wconf 91' lang='lat' dir='ltr'><strong>has</strong></span> <span class='ocrx_word' id='word_1_787' title='bbox 3052 3330 3188 3385; x_wconf 88' lang='lat' dir='ltr'><strong>duas</strong></span> <span class='ocrx_word' id='word_1_788' title='bbox 3217 3325 3468 3400; x_wconf 83' lang='lat' dir='ltr'><strong>delicias,</strong></span> <span class='ocrx_word' id='word_1_789' title='bbox 3515 3349 3624 3405; x_wconf 77' lang='lat' dir='ltr'><strong>qua:</strong></span> <span class='ocrx_word' id='word_1_790' title='bbox 3661 3334 3751 3388; x_wconf 74' lang='lat' dir='ltr'><strong>dul~</strong></span> 
     </span>
    </p>
   </div>
   <div class='ocr_carea' id='block_1_93' title="bbox 2205 3414 3750 3483">
    <p class='ocr_par' dir='ltr' id='par_1_93' title="bbox 2205 3414 3750 3483">
     <span class='ocr_line' id='line_1_93' title="bbox 2205 3414 3750 3483; baseline 0.01 -17"><span class='ocrx_word' id='word_1_791' title='bbox 2205 3414 2437 3469; x_wconf 76' lang='lat' dir='ltr'><strong>cissiuuc</strong></span> <span class='ocrx_word' id='word_1_792' title='bbox 2488 3425 2654 3483; x_wconf 89' lang='lat' dir='ltr'><strong>sunt,</strong></span> <span class='ocrx_word' id='word_1_793' title='bbox 2721 3418 3050 3478; x_wconf 89' lang='lat' dir='ltr'><strong>denotantur</strong></span> <span class='ocrx_word' id='word_1_794' title='bbox 3108 3424 3367 3481; x_wconf 90' lang='lat' dir='ltr'><strong>omnibus</strong></span> <span class='ocrx_word' id='word_1_795' title='bbox 3416 3428 3612 3483; x_wconf 77' lang='lat' dir='ltr'><strong>deliciis</strong></span> <span class='ocrx_word' id='word_1_796' title='bbox 3655 3440 3750 3481; x_wconf 88' lang='lat' dir='ltr'><strong>esse</strong></span> 
     </span>
    </p>
   </div>
   <div class='ocr_carea' id='block_1_94' title="bbox 2205 3504 3749 3580">
    <p class='ocr_par' dir='ltr' id='par_1_94' title="bbox 2205 3504 3749 3580">
     <span class='ocr_line' id='line_1_94' title="bbox 2205 3504 3749 3580; baseline 0.006 -23"><span class='ocrx_word' id='word_1_797' title='bbox 2205 3504 2444 3559; x_wconf 88' lang='lat' dir='ltr'><strong>dulciora</strong></span> <span class='ocrx_word' id='word_1_798' title='bbox 2472 3546 2487 3572; x_wconf 93' lang='lat'><strong>,</strong></span> <span class='ocrx_word' id='word_1_799' title='bbox 2544 3517 2605 3561; x_wconf 88' lang='grc' dir='ltr'><strong>ιιι</strong></span> <span class='ocrx_word' id='word_1_800' title='bbox 2653 3508 2783 3563; x_wconf 89' lang='lat' dir='ltr'><strong>alibi</strong></span> <span class='ocrx_word' id='word_1_801' title='bbox 2832 3509 3048 3567; x_wconf 89' lang='lat' dir='ltr'><strong>Psalmo</strong></span> <span class='ocrx_word' id='word_1_802' title='bbox 3080 3529 3094 3565; x_wconf 89' lang='lat'><strong>:</strong></span> <span class='ocrx_word' id='word_1_803' title='bbox 3131 3530 3150 3564; x_wconf 79' lang='grc' dir='ltr'><strong>ι</strong></span> <span class='ocrx_word' id='word_1_804' title='bbox 3196 3513 3373 3580; x_wconf 83' lang='lat' dir='ltr'><strong>Quam</strong></span> <span class='ocrx_word' id='word_1_805' title='bbox 3407 3516 3578 3571; x_wconf 89' lang='lat' dir='ltr'><strong>dulcia</strong></span> <span class='ocrx_word' id='word_1_806' title='bbox 3610 3513 3749 3570; x_wconf 82' lang='lat' dir='ltr'><strong>fauci-</strong></span> 
     </span>
    </p>
   </div>
   <div class='ocr_carea' id='block_1_95' title="bbox 2205 3593 3751 3673">
    <p class='ocr_par' dir='ltr' id='par_1_95' title="bbox 2205 3593 3751 3673">
     <span class='ocr_line' id='line_1_95' title="bbox 2205 3593 3751 3673; baseline 0.006 -25"><span class='ocrx_word' id='word_1_807' title='bbox 2205 3593 2305 3649; x_wconf 89' lang='lat' dir='ltr'><strong>bus</strong></span> <span class='ocrx_word' id='word_1_808' title='bbox 2350 3597 2485 3650; x_wconf 89' lang='lat' dir='ltr'><strong>meis</strong></span> <span class='ocrx_word' id='word_1_809' title='bbox 2537 3596 2751 3669; x_wconf 87' lang='lat' dir='ltr'><strong>eloquia</strong></span> <span class='ocrx_word' id='word_1_810' title='bbox 2805 3609 2895 3656; x_wconf 89' lang='lat' dir='ltr'><strong>tua</strong></span> <span class='ocrx_word' id='word_1_811' title='bbox 2936 3600 3125 3673; x_wconf 87' lang='lat' dir='ltr'><strong>(Psal.</strong></span> <span class='ocrx_word' id='word_1_812' title='bbox 3177 3619 3346 3661; x_wconf 80' lang='lat' dir='ltr'><strong>cxvm</strong></span> <span class='ocrx_word' id='word_1_813' title='bbox 3377 3647 3392 3672; x_wconf 93' lang='lat'><strong>,</strong></span> <span class='ocrx_word' id='word_1_814' title='bbox 3445 3606 3648 3673; x_wconf 77' lang='lat' dir='ltr'><strong>l03).i</strong></span> <span class='ocrx_word' id='word_1_815' title='bbox 3701 3604 3751 3659; x_wconf 84' lang='lat' dir='ltr'><strong>Et</strong></span> 
     </span>
    </p>
   </div>
   <div class='ocr_carea' id='block_1_96' title="bbox 2207 3685 3752 3764">
    <p class='ocr_par' dir='ltr' id='par_1_96' title="bbox 2207 3685 3752 3764">
     <span class='ocr_line' id='line_1_96' title="bbox 2207 3685 3752 3764; baseline 0.008 -27"><span class='ocrx_word' id='word_1_816' title='bbox 2207 3685 2308 3741; x_wconf 93' lang='lat' dir='ltr'><strong>hoc</strong></span> <span class='ocrx_word' id='word_1_817' title='bbox 2353 3686 2421 3764; x_wconf 83' lang='lat' dir='ltr'><strong>ab</strong></span> <span class='ocrx_word' id='word_1_818' title='bbox 2468 3690 2792 3746; x_wconf 89' lang='lat' dir='ltr'><strong>auctoritate</strong></span> <span class='ocrx_word' id='word_1_819' title='bbox 2830 3692 2910 3747; x_wconf 90' lang='lat' dir='ltr'><strong>sic</strong></span> <span class='ocrx_word' id='word_1_820' title='bbox 2960 3693 3201 3749; x_wconf 90' lang='lat' dir='ltr'><strong>ostendit</strong></span> <span class='ocrx_word' id='word_1_821' title='bbox 3247 3712 3260 3748; x_wconf 91' lang='lat'><strong>:</strong></span> <span class='ocrx_word' id='word_1_822' title='bbox 3301 3710 3431 3752; x_wconf 77' lang='lat' dir='ltr'><strong>vere</strong></span> <span class='ocrx_word' id='word_1_823' title='bbox 3471 3694 3752 3752; x_wconf 84' lang='lat' dir='ltr'><strong>desiderabi-</strong></span> 
     </span>
    </p>
   </div>
   <div class='ocr_carea' id='block_1_97' title="bbox 2205 3774 3750 3846">
    <p class='ocr_par' dir='ltr' id='par_1_97' title="bbox 2205 3774 3750 3846">
     <span class='ocr_line' id='line_1_97' title="bbox 2205 3774 3750 3846; baseline 0.004 -17"><span class='ocrx_word' id='word_1_824' title='bbox 2205 3774 2329 3829; x_wconf 90' lang='lat' dir='ltr'><strong>bilia</strong></span> <span class='ocrx_word' id='word_1_825' title='bbox 2354 3774 2459 3846; x_wconf 82' lang='lat'><strong>57</strong></span> <span class='ocrx_word' id='word_1_826' title='bbox 2506 3786 2558 3833; x_wconf 92' lang='lat' dir='ltr'><strong>et</strong></span> <span class='ocrx_word' id='word_1_827' title='bbox 2579 3779 2841 3835; x_wconf 88' lang='lat' dir='ltr'><strong>dulciora.</strong></span> <span class='ocrx_word' id='word_1_828' title='bbox 2874 3781 3081 3837; x_wconf 84' lang='lat' dir='ltr'><strong>Etenim</strong></span> <span class='ocrx_word' id='word_1_829' title='bbox 3110 3799 3288 3838; x_wconf 84' lang='lat' dir='ltr'><strong>servus</strong></span> <span class='ocrx_word' id='word_1_830' title='bbox 3310 3795 3434 3841; x_wconf 87' lang='lat' dir='ltr'><strong>tuus</strong></span> <span class='ocrx_word' id='word_1_831' title='bbox 3456 3787 3645 3842; x_wconf 88' lang='lat' dir='ltr'><strong>scilicet</strong></span> <span class='ocrx_word' id='word_1_832' title='bbox 3665 3799 3750 3839; x_wconf 90' lang='lat' dir='ltr'><strong>nou</strong></span> 
     </span>
    </p>
   </div>
   <div class='ocr_carea' id='block_1_98' title="bbox 2206 3866 3743 3950">
    <p class='ocr_par' dir='ltr' id='par_1_98' title="bbox 2206 3866 3743 3950">
     <span class='ocr_line' id='line_1_98' title="bbox 2206 3866 3743 3950; baseline 0.007 -31"><span class='ocrx_word' id='word_1_833' title='bbox 2206 3866 2411 3923; x_wconf 83' lang='lat' dir='ltr'><strong>faciens</strong></span> <span class='ocrx_word' id='word_1_834' title='bbox 2436 3885 2495 3925; x_wconf 89' lang='lat' dir='ltr'><strong>se</strong></span> <span class='ocrx_word' id='word_1_835' title='bbox 2529 3870 2757 3926; x_wconf 85' lang='lat' dir='ltr'><strong>liberum</strong></span> <span class='ocrx_word' id='word_1_836' title='bbox 2788 3888 2968 3941; x_wconf 90' lang='lat' dir='ltr'><strong>suum,</strong></span> <span class='ocrx_word' id='word_1_837' title='bbox 3002 3877 3096 3930; x_wconf 92' lang='lat' dir='ltr'><strong>sed</strong></span> <span class='ocrx_word' id='word_1_838' title='bbox 3120 3891 3363 3944; x_wconf 82' lang='lat' dir='ltr'><strong>servum,</strong></span> <span class='ocrx_word' id='word_1_839' title='bbox 3390 3889 3444 3934; x_wconf 93' lang='lat' dir='ltr'><strong>et</strong></span> <span class='ocrx_word' id='word_1_840' title='bbox 3471 3894 3563 3950; x_wconf 91' lang='lat' dir='ltr'><strong>per</strong></span> <span class='ocrx_word' id='word_1_841' title='bbox 3595 3878 3743 3934; x_wconf 77' lang='lat' dir='ltr'><strong>omnia</strong></span> 
     </span>
    </p>
   </div>
   <div class='ocr_carea' id='block_1_99' title="bbox 2207 3959 3748 4036">
    <p class='ocr_par' dir='ltr' id='par_1_99' title="bbox 2207 3959 3748 4036">
     <span class='ocr_line' id='line_1_99' title="bbox 2207 3959 3748 4036; baseline 0.005 -24"><span class='ocrx_word' id='word_1_842' title='bbox 2207 3959 2299 4014; x_wconf 91' lang='lat' dir='ltr'><strong>tibi</strong></span> <span class='ocrx_word' id='word_1_843' title='bbox 2325 3960 2687 4016; x_wconf 88' lang='lat' dir='ltr'><strong>obedientem.</strong></span> <span class='ocrx_word' id='word_1_844' title='bbox 2712 3962 2950 4018; x_wconf 83' lang='lat' dir='ltr'><strong>Custodit</strong></span> <span class='ocrx_word' id='word_1_845' title='bbox 2977 3982 3037 4019; x_wconf 88' lang='lat' dir='ltr'><strong>ea</strong></span> <span class='ocrx_word' id='word_1_846' title='bbox 3069 3980 3087 4018; x_wconf 93' lang='lat'><strong>:</strong></span> <span class='ocrx_word' id='word_1_847' title='bbox 3115 3968 3207 4036; x_wconf 90' lang='lat' dir='ltr'><strong>qui</strong></span> <span class='ocrx_word' id='word_1_848' title='bbox 3232 3968 3397 4025; x_wconf 91' lang='lat' dir='ltr'><strong>aliter</strong></span> <span class='ocrx_word' id='word_1_849' title='bbox 3427 3987 3528 4026; x_wconf 94' lang='lat' dir='ltr'><strong>non</strong></span> <span class='ocrx_word' id='word_1_850' title='bbox 3549 3967 3748 4025; x_wconf 81' lang='lat' dir='ltr'><strong>custodi-</strong></span> 
     </span>
    </p>
   </div>
   <div class='ocr_carea' id='block_1_100' title="bbox 2205 4052 3745 4131">
    <p class='ocr_par' dir='ltr' id='par_1_100' title="bbox 2205 4052 3745 4131">
     <span class='ocr_line' id='line_1_100' title="bbox 2205 4052 3745 4131; baseline 0.005 -26"><span class='ocrx_word' id='word_1_851' title='bbox 2205 4061 2305 4117; x_wconf 88' lang='lat' dir='ltr'><strong>ret,</strong></span> <span class='ocrx_word' id='word_1_852' title='bbox 2338 4052 2387 4107; x_wconf 91' lang='lat' dir='ltr'><strong>id</strong></span> <span class='ocrx_word' id='word_1_853' title='bbox 2417 4062 2499 4107; x_wconf 93' lang='lat' dir='ltr'><strong>est</strong></span> <span class='ocrx_word' id='word_1_854' title='bbox 2527 4069 2631 4108; x_wconf 93' lang='lat' dir='ltr'><strong>non</strong></span> <span class='ocrx_word' id='word_1_855' title='bbox 2664 4054 2867 4111; x_wconf 90' lang='lat' dir='ltr'><strong>invitus</strong></span> <span class='ocrx_word' id='word_1_856' title='bbox 2892 4058 2986 4113; x_wconf 89' lang='lat' dir='ltr'><strong>sed</strong></span> <span class='ocrx_word' id='word_1_857' title='bbox 3012 4058 3319 4131; x_wconf 82' lang='lat' dir='ltr'><strong>diligenter,</strong></span> <span class='ocrx_word' id='word_1_858' title='bbox 3348 4074 3544 4119; x_wconf 92' lang='lat' dir='ltr'><strong>etcum</strong></span> <span class='ocrx_word' id='word_1_859' title='bbox 3572 4074 3745 4117; x_wconf 83' lang='lat' dir='ltr'><strong>summa</strong></span> 
     </span>
    </p>
   </div>
   <div class='ocr_carea' id='block_1_101' title="bbox 2204 4146 3747 4218">
    <p class='ocr_par' dir='ltr' id='par_1_101' title="bbox 2204 4146 3747 4218">
     <span class='ocr_line' id='line_1_101' title="bbox 2204 4146 3747 4218; baseline 0.004 -18"><span class='ocrx_word' id='word_1_860' title='bbox 2204 4146 2447 4201; x_wconf 90' lang='lat' dir='ltr'><strong>custodia</strong></span> <span class='ocrx_word' id='word_1_861' title='bbox 2473 4148 2708 4218; x_wconf 91' lang='lat' dir='ltr'><strong>complet</strong></span> <span class='ocrx_word' id='word_1_862' title='bbox 2737 4164 2828 4216; x_wconf 90' lang='lat' dir='ltr'><strong>ea,</strong></span> <span class='ocrx_word' id='word_1_863' title='bbox 2892 4160 2946 4207; x_wconf 89' lang='lat' dir='ltr'><strong>ct</strong></span> <span class='ocrx_word' id='word_1_864' title='bbox 2969 4151 3113 4209; x_wconf 90' lang='lat' dir='ltr'><strong>bono</strong></span> <span class='ocrx_word' id='word_1_865' title='bbox 3141 4168 3239 4208; x_wconf 93' lang='lat' dir='ltr'><strong>suo</strong></span> <span class='ocrx_word' id='word_1_866' title='bbox 3262 4156 3517 4211; x_wconf 87' lang='lat' dir='ltr'><strong>custodit.</strong></span> <span class='ocrx_word' id='word_1_867' title='bbox 3571 4153 3683 4209; x_wconf 79' lang='lat' dir='ltr'><strong>Nam</strong></span> <span class='ocrx_word' id='word_1_868' title='bbox 3707 4153 3747 4202; x_wconf 82' lang='lat' dir='ltr'><strong>in</strong></span> 
     </span>
    </p>
   </div>
   <div class='ocr_carea' id='block_1_102' title="bbox 2203 4239 3745 4316">
    <p class='ocr_par' dir='ltr' id='par_1_102' title="bbox 2203 4239 3745 4316">
     <span class='ocr_line' id='line_1_102' title="bbox 2203 4239 3745 4316; baseline 0.008 -25"><span class='ocrx_word' id='word_1_869' title='bbox 2203 4239 2560 4295; x_wconf 80' lang='lat' dir='ltr'><strong>custodiendis</strong></span> <span class='ocrx_word' id='word_1_870' title='bbox 2587 4240 2694 4295; x_wconf 84' lang='lat' dir='ltr'><strong>illis</strong></span> <span class='ocrx_word' id='word_1_871' title='bbox 2718 4252 2793 4297; x_wconf 84' lang='lat' dir='ltr'><strong>est</strong></span> <span class='ocrx_word' id='word_1_872' title='bbox 2826 4243 3097 4299; x_wconf 82' lang='lat' dir='ltr'><strong>retributio</strong></span> <span class='ocrx_word' id='word_1_873' title='bbox 3128 4246 3311 4313; x_wconf 83' lang='lat' dir='ltr'><strong>multa,</strong></span> <span class='ocrx_word' id='word_1_874' title='bbox 3364 4257 3419 4304; x_wconf 91' lang='lat' dir='ltr'><strong>et</strong></span> <span class='ocrx_word' id='word_1_875' title='bbox 3450 4247 3578 4303; x_wconf 88' lang='lat' dir='ltr'><strong>bene</strong></span> <span class='ocrx_word' id='word_1_876' title='bbox 3622 4244 3745 4316; x_wconf 66' lang='lat' dir='ltr'><strong>ponii</strong></span> 
     </span>
    </p>
   </div>
   <div class='ocr_carea' id='block_1_103' title="bbox 2203 4332 3745 4395">
    <p class='ocr_par' dir='ltr' id='par_1_103' title="bbox 2203 4332 3745 4395">
     <span class='ocr_line' id='line_1_103' title="bbox 2203 4332 3745 4395; baseline -0.001 -9"><span class='ocrx_word' id='word_1_877' title='bbox 2203 4332 2606 4388; x_wconf 89' lang='lat' dir='ltr'><strong>custodiendis:</strong></span> <span class='ocrx_word' id='word_1_878' title='bbox 2635 4334 2747 4389; x_wconf 68' lang='lat' dir='ltr'><strong>hasc</strong></span> <span class='ocrx_word' id='word_1_879' title='bbox 2778 4335 2922 4389; x_wconf 91' lang='lat' dir='ltr'><strong>enim</strong></span> <span class='ocrx_word' id='word_1_880' title='bbox 2974 4336 3264 4393; x_wconf 89' lang='lat' dir='ltr'><strong>retributio</strong></span> <span class='ocrx_word' id='word_1_881' title='bbox 3314 4348 3399 4395; x_wconf 89' lang='lat' dir='ltr'><strong>est</strong></span> <span class='ocrx_word' id='word_1_882' title='bbox 3454 4336 3745 4395; x_wconf 84' lang='lat' dir='ltr'><strong>solummodo</strong></span> 
     </span>
    </p>
   </div>
   <div class='ocr_carea' id='block_1_104' title="bbox 2203 4423 3746 4493">
    <p class='ocr_par' dir='ltr' id='par_1_104' title="bbox 2203 4423 3746 4493">
     <span class='ocr_line' id='line_1_104' title="bbox 2203 4423 3746 4493; baseline 0.003 -19"><span class='ocrx_word' id='word_1_883' title='bbox 2203 4437 2323 4491; x_wconf 72' lang='lat' dir='ltr'><strong>qua:</strong></span> <span class='ocrx_word' id='word_1_884' title='bbox 2353 4437 2452 4493; x_wconf 89' lang='lat' dir='ltr'><strong>pro</strong></span> <span class='ocrx_word' id='word_1_885' title='bbox 2486 4423 2593 4479; x_wconf 92' lang='lat' dir='ltr'><strong>illis</strong></span> <span class='ocrx_word' id='word_1_886' title='bbox 2622 4426 2913 4481; x_wconf 89' lang='lat' dir='ltr'><strong>custoditis</strong></span> <span class='ocrx_word' id='word_1_887' title='bbox 2963 4425 3017 4481; x_wconf 92' lang='lat' dir='ltr'><strong>in</strong></span> <span class='ocrx_word' id='word_1_888' title='bbox 3066 4426 3245 4482; x_wconf 89' lang='lat' dir='ltr'><strong>futuro</strong></span> <span class='ocrx_word' id='word_1_889' title='bbox 3297 4429 3634 4491; x_wconf 89' lang='lat' dir='ltr'><strong>retribuetur,</strong></span> <span class='ocrx_word' id='word_1_890' title='bbox 3675 4426 3746 4478; x_wconf 76' lang='lat' dir='ltr'><strong>sel</strong></span> 
     </span>
    </p>
   </div>
   <div class='ocr_carea' id='block_1_105' title="bbox 2205 4513 3744 4590">
    <p class='ocr_par' dir='ltr' id='par_1_105' title="bbox 2205 4513 3744 4590">
     <span class='ocr_line' id='line_1_105' title="bbox 2205 4513 3744 4590; baseline -0.001 -24"><span class='ocrx_word' id='word_1_891' title='bbox 2205 4514 2305 4569; x_wconf 89' lang='lat' dir='ltr'><strong>hoc</strong></span> <span class='ocrx_word' id='word_1_892' title='bbox 2332 4522 2413 4569; x_wconf 90' lang='lat' dir='ltr'><strong>cst</strong></span> <span class='ocrx_word' id='word_1_893' title='bbox 2440 4516 2581 4583; x_wconf 91' lang='lat' dir='ltr'><strong>quod</strong></span> <span class='ocrx_word' id='word_1_894' title='bbox 2608 4531 2638 4569; x_wconf 91' lang='lat' dir='ltr'><strong>a</strong></span> <span class='ocrx_word' id='word_1_895' title='bbox 2663 4515 2773 4572; x_wconf 92' lang='lat' dir='ltr'><strong>Deo</strong></span> <span class='ocrx_word' id='word_1_896' title='bbox 2821 4513 3081 4574; x_wconf 78' lang='lat' dir='ltr'><strong>custodiri</strong></span> <span class='ocrx_word' id='word_1_897' title='bbox 3138 4519 3524 4590; x_wconf 90' lang='lat' dir='ltr'><strong>permittuntur</strong></span> <span class='ocrx_word' id='word_1_898' title='bbox 3573 4530 3744 4573; x_wconf 72' lang='lat' dir='ltr'><strong>sumus</strong></span> 
     </span>
    </p>
   </div>
   <div class='ocr_carea' id='block_1_106' title="bbox 2204 4606 2579 4663">
    <p class='ocr_par' dir='ltr' id='par_1_106' title="bbox 2204 4606 2579 4663">
     <span class='ocr_line' id='line_1_106' title="bbox 2204 4606 2579 4663; baseline 0.005 -4"><span class='ocrx_word' id='word_1_899' title='bbox 2204 4606 2579 4663; x_wconf 81' lang='lat' dir='ltr'><strong>retributione.</strong></span> 
     </span>
    </p>
   </div>
   <div class='ocr_carea' id='block_1_107' title="bbox 2274 4695 3743 4771">
    <p class='ocr_par' dir='ltr' id='par_1_107' title="bbox 2274 4695 3743 4771">
     <span class='ocr_line' id='line_1_107' title="bbox 2274 4695 3743 4771; baseline 0 -23"><span class='ocrx_word' id='word_1_900' title='bbox 2274 4695 2425 4762; x_wconf 89' lang='lat' dir='ltr'><strong>Dico,</strong></span> <span class='ocrx_word' id='word_1_901' title='bbox 2454 4697 2578 4766; x_wconf 88' lang='lat' dir='ltr'><strong>quia</strong></span> <span class='ocrx_word' id='word_1_902' title='bbox 2610 4711 2798 4753; x_wconf 84' lang='lat' dir='ltr'><strong>servus</strong></span> <span class='ocrx_word' id='word_1_903' title='bbox 2826 4707 2947 4758; x_wconf 89' lang='lat' dir='ltr'><strong>tuus</strong></span> <span class='ocrx_word' id='word_1_904' title='bbox 2976 4701 3215 4757; x_wconf 88' lang='lat' dir='ltr'><strong>custodit</strong></span> <span class='ocrx_word' id='word_1_905' title='bbox 3254 4701 3460 4771; x_wconf 89' lang='lat' dir='ltr'><strong>judicia</strong></span> <span class='ocrx_word' id='word_1_906' title='bbox 3494 4710 3576 4755; x_wconf 88' lang='lat' dir='ltr'><strong>tua</strong></span> <span class='ocrx_word' id='word_1_907' title='bbox 3603 4718 3614 4753; x_wconf 89' lang='lat'><strong>:</strong></span> <span class='ocrx_word' id='word_1_908' title='bbox 3638 4697 3743 4752; x_wconf 80' lang='lat' dir='ltr'><strong>deli-</strong></span> 
     </span>
    </p>
   </div>
   <div class='ocr_carea' id='block_1_108' title="bbox 2202 4791 3746 4866">
    <p class='ocr_par' dir='ltr' id='par_1_108' title="bbox 2202 4791 3746 4866">
     <span class='ocr_line' id='line_1_108' title="bbox 2202 4791 3746 4866; baseline -0.003 -21"><span class='ocrx_word' id='word_1_909' title='bbox 2202 4804 2284 4846; x_wconf 75' lang='lat' dir='ltr'><strong>cta</strong></span> <span class='ocrx_word' id='word_1_910' title='bbox 2311 4808 2439 4847; x_wconf 83' lang='lat' dir='ltr'><strong>vero</strong></span> <span class='ocrx_word' id='word_1_911' title='bbox 2468 4795 2582 4864; x_wconf 86' lang='lat' dir='ltr'><strong>quis</strong></span> <span class='ocrx_word' id='word_1_912' title='bbox 2612 4794 2854 4866; x_wconf 86' lang='lat' dir='ltr'><strong>intelligit</strong></span> <span class='ocrx_word' id='word_1_913' title='bbox 2881 4811 3002 4853; x_wconf 89' lang='lat' dir='ltr'><strong>esse</strong></span> <span class='ocrx_word' id='word_1_914' title='bbox 3024 4798 3409 4853; x_wconf 80' lang='lat' dir='ltr'><strong>custodienda?</strong></span> <span class='ocrx_word' id='word_1_915' title='bbox 3435 4797 3609 4852; x_wconf 86' lang='lat' dir='ltr'><strong>Nullus</strong></span> <span class='ocrx_word' id='word_1_916' title='bbox 3630 4791 3746 4849; x_wconf 72' lang='lat' dir='ltr'><strong>scil;-</strong></span> 
     </span>
    </p>
   </div>
   <div class='ocr_carea' id='block_1_109' title="bbox 2202 4882 3741 4959">
    <p class='ocr_par' dir='ltr' id='par_1_109' title="bbox 2202 4882 3741 4959">
     <span class='ocr_line' id='line_1_109' title="bbox 2202 4882 3741 4959; baseline -0.001 -19"><span class='ocrx_word' id='word_1_917' title='bbox 2202 4897 2307 4953; x_wconf 83' lang='lat' dir='ltr'><strong>eet,</strong></span> <span class='ocrx_word' id='word_1_918' title='bbox 2338 4901 2438 4941; x_wconf 91' lang='lat' dir='ltr'><strong>nec</strong></span> <span class='ocrx_word' id='word_1_919' title='bbox 2467 4887 2554 4940; x_wconf 88' lang='lat' dir='ltr'><strong>ille</strong></span> <span class='ocrx_word' id='word_1_920' title='bbox 2577 4888 2667 4957; x_wconf 90' lang='lat' dir='ltr'><strong>qui</strong></span> <span class='ocrx_word' id='word_1_921' title='bbox 2696 4887 2843 4942; x_wconf 88' lang='lat' dir='ltr'><strong>facit.</strong></span> <span class='ocrx_word' id='word_1_922' title='bbox 2872 4888 3033 4959; x_wconf 85' lang='lat' dir='ltr'><strong>Ergo,</strong></span> <span class='ocrx_word' id='word_1_923' title='bbox 3067 4889 3320 4956; x_wconf 88' lang='lat' dir='ltr'><strong>Domine,</strong></span> <span class='ocrx_word' id='word_1_924' title='bbox 3352 4891 3542 4943; x_wconf 89' lang='lat' dir='ltr'><strong>munda</strong></span> <span class='ocrx_word' id='word_1_925' title='bbox 3584 4900 3652 4939; x_wconf 78' lang='lat' dir='ltr'><strong>me</strong></span> <span class='ocrx_word' id='word_1_926' title='bbox 3692 4882 3741 4933; x_wconf 73' lang='lat' dir='ltr'><strong>ab</strong></span> 
     </span>
    </p>
   </div>
   <div class='ocr_carea' id='block_1_110' title="bbox 2202 4972 3741 5051">
    <p class='ocr_par' dir='ltr' id='par_1_110' title="bbox 2202 4972 3741 5051">
     <span class='ocr_line' id='line_1_110' title="bbox 2202 4972 3741 5051; baseline 0.001 -20"><span class='ocrx_word' id='word_1_927' title='bbox 2202 4979 2417 5034; x_wconf 81' lang='lat' dir='ltr'><strong>occultis</strong></span> <span class='ocrx_word' id='word_1_928' title='bbox 2453 4980 2582 5033; x_wconf 82' lang='lat' dir='ltr'><strong>meis</strong></span> <span class='ocrx_word' id='word_1_929' title='bbox 2623 4980 2858 5045; x_wconf 90' lang='lat' dir='ltr'><strong>delictis,</strong></span> <span class='ocrx_word' id='word_1_930' title='bbox 2912 4997 3035 5051; x_wconf 76' lang='lat' dir='ltr'><strong>qua:</strong></span> <span class='ocrx_word' id='word_1_931' title='bbox 3090 4984 3159 5037; x_wconf 89' lang='lat' dir='ltr'><strong>ab</strong></span> <span class='ocrx_word' id='word_1_932' title='bbox 3211 4982 3424 5038; x_wconf 90' lang='lat' dir='ltr'><strong>occulto</strong></span> <span class='ocrx_word' id='word_1_933' title='bbox 3464 4979 3633 5036; x_wconf 85' lang='lat' dir='ltr'><strong>fomite</strong></span> <span class='ocrx_word' id='word_1_934' title='bbox 3663 4972 3741 5027; x_wconf 70' lang='lat' dir='ltr'><strong>mei</strong></span> 
     </span>
    </p>
   </div>
   <div class='ocr_carea' id='block_1_111' title="bbox 2202 5064 3741 5142">
    <p class='ocr_par' dir='ltr' id='par_1_111' title="bbox 2202 5064 3741 5142">
     <span class='ocr_line' id='line_1_111' title="bbox 2202 5064 3741 5142; baseline -0.005 -17"><span class='ocrx_word' id='word_1_935' title='bbox 2202 5072 2410 5139; x_wconf 88' lang='lat' dir='ltr'><strong>peccati</strong></span> <span class='ocrx_word' id='word_1_936' title='bbox 2438 5071 2710 5125; x_wconf 90' lang='lat' dir='ltr'><strong>oriuntur.</strong></span> <span class='ocrx_word' id='word_1_937' title='bbox 2745 5072 2978 5142; x_wconf 84' lang='lat' dir='ltr'><strong>Ideoque</strong></span> <span class='ocrx_word' id='word_1_938' title='bbox 3029 5072 3238 5128; x_wconf 90' lang='lat' dir='ltr'><strong>occulta</strong></span> <span class='ocrx_word' id='word_1_939' title='bbox 3279 5073 3547 5127; x_wconf 90' lang='lat' dir='ltr'><strong>dicuntur.</strong></span> <span class='ocrx_word' id='word_1_940' title='bbox 3595 5066 3653 5120; x_wconf 81' lang='lat' dir='ltr'><strong>Et</strong></span> <span class='ocrx_word' id='word_1_941' title='bbox 3692 5064 3741 5114; x_wconf 65' lang='lat' dir='ltr'><strong>ab</strong></span> 
     </span>
    </p>
   </div>
   <div class='ocr_carea' id='block_1_112' title="bbox 2200 5164 3742 5236">
    <p class='ocr_par' dir='ltr' id='par_1_112' title="bbox 2200 5164 3742 5236">
     <span class='ocr_line' id='line_1_112' title="bbox 2200 5164 3742 5236; baseline -0.001 -19"><span class='ocrx_word' id='word_1_942' title='bbox 2200 5164 2385 5217; x_wconf 81' lang='lat' dir='ltr'><strong>alienis</strong></span> <span class='ocrx_word' id='word_1_943' title='bbox 2417 5164 2525 5233; x_wconf 90' lang='lat' dir='ltr'><strong>(mc</strong></span> <span class='ocrx_word' id='word_1_944' title='bbox 2555 5164 2895 5236; x_wconf 82' lang='lat' dir='ltr'><strong>auferendo),</strong></span> <span class='ocrx_word' id='word_1_945' title='bbox 2918 5182 3073 5235; x_wconf 86' lang='lat' dir='ltr'><strong>parce</strong></span> <span class='ocrx_word' id='word_1_946' title='bbox 3102 5182 3249 5220; x_wconf 75' lang='lat' dir='ltr'><strong>servo</strong></span> <span class='ocrx_word' id='word_1_947' title='bbox 3277 5176 3386 5231; x_wconf 86' lang='lat' dir='ltr'><strong>tuo,</strong></span> <span class='ocrx_word' id='word_1_948' title='bbox 3439 5164 3489 5219; x_wconf 89' lang='lat' dir='ltr'><strong>id</strong></span> <span class='ocrx_word' id='word_1_949' title='bbox 3518 5171 3592 5218; x_wconf 90' lang='lat' dir='ltr'><strong>est</strong></span> <span class='ocrx_word' id='word_1_950' title='bbox 3613 5169 3742 5229; x_wconf 71' lang='lat' dir='ltr'><strong>parce</strong></span> 
     </span>
    </p>
   </div>
   <div class='ocr_carea' id='block_1_113' title="bbox 2202 5247 3742 5327">
    <p class='ocr_par' dir='ltr' id='par_1_113' title="bbox 2202 5247 3742 5327">
     <span class='ocr_line' id='line_1_113' title="bbox 2202 5247 3742 5327; baseline -0.007 -20"><span class='ocrx_word' id='word_1_951' title='bbox 2202 5255 2331 5308; x_wconf 87' lang='lat' dir='ltr'><strong>inihi</strong></span> <span class='ocrx_word' id='word_1_952' title='bbox 2360 5270 2426 5309; x_wconf 89' lang='lat' dir='ltr'><strong>ne</strong></span> <span class='ocrx_word' id='word_1_953' title='bbox 2450 5254 2689 5310; x_wconf 88' lang='lat' dir='ltr'><strong>maculer</strong></span> <span class='ocrx_word' id='word_1_954' title='bbox 2732 5258 2800 5310; x_wconf 87' lang='lat' dir='ltr'><strong>ab</strong></span> <span class='ocrx_word' id='word_1_955' title='bbox 2833 5257 2917 5311; x_wconf 90' lang='lat' dir='ltr'><strong>his</strong></span> <span class='ocrx_word' id='word_1_956' title='bbox 2948 5271 3067 5327; x_wconf 76' lang='lat' dir='ltr'><strong>qua:</strong></span> <span class='ocrx_word' id='word_1_957' title='bbox 3096 5272 3125 5311; x_wconf 72' lang='grc' dir='ltr'>ει</span> <span class='ocrx_word' id='word_1_958' title='bbox 3166 5255 3596 5327; x_wconf 82' lang='lat' dir='ltr'><strong>suggestionibus</strong></span> <span class='ocrx_word' id='word_1_959' title='bbox 3639 5247 3742 5300; x_wconf 43' lang='lat' dir='ltr'><strong>alio.</strong></span> 
     </span>
    </p>
   </div>
   <div class='ocr_carea' id='block_1_114' title="bbox 2203 5341 3742 5409">
    <p class='ocr_par' dir='ltr' id='par_1_114' title="bbox 2203 5341 3742 5409">
     <span class='ocr_line' id='line_1_114' title="bbox 2203 5341 3742 5409; baseline -0.005 -11"><span class='ocrx_word' id='word_1_960' title='bbox 2203 5361 2339 5409; x_wconf 83' lang='lat' dir='ltr'><strong>rum,</strong></span> <span class='ocrx_word' id='word_1_961' title='bbox 2377 5346 2457 5400; x_wconf 78' lang='lat' dir='ltr'><strong>vel</strong></span> <span class='ocrx_word' id='word_1_962' title='bbox 2488 5348 2555 5400; x_wconf 89' lang='lat' dir='ltr'><strong>ab</strong></span> <span class='ocrx_word' id='word_1_963' title='bbox 2610 5347 2867 5402; x_wconf 89' lang='lat' dir='ltr'><strong>instinctu</strong></span> <span class='ocrx_word' id='word_1_964' title='bbox 2923 5347 3121 5404; x_wconf 88' lang='lat' dir='ltr'><strong>diaboli</strong></span> <span class='ocrx_word' id='word_1_965' title='bbox 3176 5355 3492 5402; x_wconf 83' lang='lat' dir='ltr'><strong>nascuntur.</strong></span> <span class='ocrx_word' id='word_1_966' title='bbox 3550 5341 3742 5403; x_wconf 64' lang='lat' dir='ltr'><strong>Ideoque</strong></span> 
     </span>
    </p>
   </div>
   <div class='ocr_carea' id='block_1_115' title="bbox 2202 5425 3738 5511">
    <p class='ocr_par' dir='ltr' id='par_1_115' title="bbox 2202 5425 3738 5511">
     <span class='ocr_line' id='line_1_115' title="bbox 2202 5425 3738 5511; baseline -0.007 -19"><span class='ocrx_word' id='word_1_967' title='bbox 2202 5439 2377 5494; x_wconf 88' lang='lat' dir='ltr'><strong>aliena</strong></span> <span class='ocrx_word' id='word_1_968' title='bbox 2409 5441 2699 5496; x_wconf 89' lang='lat' dir='ltr'><strong>dicuntur:</strong></span> <span class='ocrx_word' id='word_1_969' title='bbox 2734 5441 2799 5497; x_wconf 91' lang='lat' dir='ltr'><strong>de</strong></span> <span class='ocrx_word' id='word_1_970' title='bbox 2833 5441 3034 5511; x_wconf 88' lang='lat' dir='ltr'><strong>quibus</strong></span> <span class='ocrx_word' id='word_1_971' title='bbox 3067 5440 3298 5511; x_wconf 86' lang='lat' dir='ltr'><strong>Sapiens</strong></span> <span class='ocrx_word' id='word_1_972' title='bbox 3327 5437 3489 5495; x_wconf 87' lang='lat' dir='ltr'><strong>dicit:</strong></span> <span class='ocrx_word' id='word_1_973' title='bbox 3518 5453 3536 5485; x_wconf 75' lang='grc' dir='ltr'><strong>ι</strong></span> <span class='ocrx_word' id='word_1_974' title='bbox 3560 5430 3643 5486; x_wconf 51' lang='lat' dir='ltr'><strong>Fili</strong></span> <span class='ocrx_word' id='word_1_975' title='bbox 3668 5425 3738 5477; x_wconf 71' lang='lat' dir='ltr'><strong>mi.</strong></span> 
     </span>
    </p>
   </div>
   <div class='ocr_carea' id='block_1_116' title="bbox 2200 5521 3740 5604">
    <p class='ocr_par' dir='ltr' id='par_1_116' title="bbox 2200 5521 3740 5604">
     <span class='ocr_line' id='line_1_116' title="bbox 2200 5521 3740 5604; baseline -0.012 -18"><span class='ocrx_word' id='word_1_976' title='bbox 2200 5532 2243 5586; x_wconf 89' lang='lat' dir='ltr'><strong>si</strong></span> <span class='ocrx_word' id='word_1_977' title='bbox 2260 5533 2982 5604; x_wconf 79' lang='lat' dir='ltr'><strong>telactavcrintpeccatores,</strong></span> <span class='ocrx_word' id='word_1_978' title='bbox 3002 5551 3106 5590; x_wconf 93' lang='lat' dir='ltr'><strong>non</strong></span> <span class='ocrx_word' id='word_1_979' title='bbox 3139 5534 3449 5603; x_wconf 83' lang='lat' dir='ltr'><strong>acquiescas</strong></span> <span class='ocrx_word' id='word_1_980' title='bbox 3477 5528 3552 5583; x_wconf 86' lang='lat' dir='ltr'><strong>eis</strong></span> <span class='ocrx_word' id='word_1_981' title='bbox 3589 5521 3740 5591; x_wconf 75' lang='lat' dir='ltr'><strong>(l’rar.</strong></span> 
     </span>
    </p>
   </div>
   <div class='ocr_carea' id='block_1_117' title="bbox 2200 5610 3739 5698">
    <p class='ocr_par' dir='ltr' id='par_1_117' title="bbox 2200 5610 3739 5698">
     <span class='ocr_line' id='line_1_117' title="bbox 2200 5610 3739 5698; baseline -0.011 -20"><span class='ocrx_word' id='word_1_982' title='bbox 2200 5640 2239 5693; x_wconf 87' lang='grc' dir='ltr'>ι,</span> <span class='ocrx_word' id='word_1_983' title='bbox 2263 5625 2369 5695; x_wconf 84' lang='grc'><strong>10).</strong></span> <span class='ocrx_word' id='word_1_984' title='bbox 2389 5644 2406 5676; x_wconf 80' lang='grc' dir='ltr'><strong>ι</strong></span> <span class='ocrx_word' id='word_1_985' title='bbox 2436 5624 2566 5680; x_wconf 91' lang='lat' dir='ltr'><strong>Dico</strong></span> <span class='ocrx_word' id='word_1_986' title='bbox 2589 5644 2603 5679; x_wconf 89' lang='lat'><strong>:</strong></span> <span class='ocrx_word' id='word_1_987' title='bbox 2626 5628 2821 5681; x_wconf 89' lang='lat' dir='ltr'><strong>munda</strong></span> <span class='ocrx_word' id='word_1_988' title='bbox 2836 5636 2888 5682; x_wconf 92' lang='lat' dir='ltr'><strong>et</strong></span> <span class='ocrx_word' id='word_1_989' title='bbox 2912 5642 3089 5698; x_wconf 87' lang='lat' dir='ltr'><strong>parce.</strong></span> <span class='ocrx_word' id='word_1_990' title='bbox 3110 5627 3173 5681; x_wconf 83' lang='lat' dir='ltr'><strong>Et</strong></span> <span class='ocrx_word' id='word_1_991' title='bbox 3188 5628 3324 5680; x_wconf 87' lang='lat' dir='ltr'><strong>bona</strong></span> <span class='ocrx_word' id='word_1_992' title='bbox 3336 5638 3450 5680; x_wconf 82' lang='lat' dir='ltr'><strong>meo</strong></span> <span class='ocrx_word' id='word_1_993' title='bbox 3475 5623 3567 5675; x_wconf 92' lang='lat' dir='ltr'><strong>hoc</strong></span> <span class='ocrx_word' id='word_1_994' title='bbox 3588 5610 3739 5667; x_wconf 75' lang='lat' dir='ltr'><strong>facies.</strong></span> 
     </span>
    </p>
   </div>
   <div class='ocr_carea' id='block_1_118' title="bbox 2199 5713 3739 5784">
    <p class='ocr_par' dir='ltr' id='par_1_118' title="bbox 2199 5713 3739 5784">
     <span class='ocr_line' id='line_1_118' title="bbox 2199 5713 3739 5784; baseline -0.001 -12"><span class='ocrx_word' id='word_1_995' title='bbox 2199 5717 2330 5773; x_wconf 85' lang='lat' dir='ltr'><strong>Nam</strong></span> <span class='ocrx_word' id='word_1_996' title='bbox 2361 5735 2403 5773; x_wconf 86' lang='lat' dir='ltr'><strong>st</strong></span> <span class='ocrx_word' id='word_1_997' title='bbox 2433 5718 2626 5775; x_wconf 87' lang='lat' dir='ltr'><strong>delicta</strong></span> <span class='ocrx_word' id='word_1_998' title='bbox 2655 5737 2755 5774; x_wconf 85' lang='lat' dir='ltr'><strong>non</strong></span> <span class='ocrx_word' id='word_1_999' title='bbox 2782 5719 2975 5784; x_wconf 77' lang='lat' dir='ltr'><strong>fuerint</strong></span> <span class='ocrx_word' id='word_1_1000' title='bbox 3007 5719 3280 5775; x_wconf 63' lang='lat' dir='ltr'><strong>dominata</strong></span> <span class='ocrx_word' id='word_1_1001' title='bbox 3305 5733 3419 5773; x_wconf 67' lang='grc' dir='ltr'><strong>πνοι.</strong></span> <span class='ocrx_word' id='word_1_1002' title='bbox 3443 5713 3492 5768; x_wconf 92' lang='lat' dir='ltr'><strong>id</strong></span> <span class='ocrx_word' id='word_1_1003' title='bbox 3523 5717 3616 5770; x_wconf 70' lang='lat' dir='ltr'><strong>est.</strong></span> <span class='ocrx_word' id='word_1_1004' title='bbox 3658 5714 3739 5754; x_wconf 74' lang='lat'><strong>“0&quot;</strong></span> 
     </span>
    </p>
   </div>
  </div>
