3838 6328
135 335 206 388 il3
1003 325 1364 383 EXPOSITIO
1393 324 1457 380 IN
1489 325 1817 383 PSALMOS.
1847 357 1918 370 -—
1945 327 2134 381 PSAL.
2175 326 2316 380 XIX.

3192 332 3300 391 7M

133 437 355 497 habuerint
387 448 466 489 me
488 433 540 486 in
575 433 814 488 dominio
848 449 945 488 suo
968 445 1025 488 ut
1047 437 1278 514 serviam
1304 435 1382 490 eis
1413 450 1428 488 :
1466 455 1481 485 ι
1502 435 1630 490 Oin-
1663 442 1705 496 Α
1736 437 1868 490 tavit
1893 435 2042 507 (Gen.
2069 453 2238 500 xxvii,
2265 436 2378 505 56).
2430 437 2575 498 Diro,
2608 453 2798 492 nomen
2833 441 2921 493 Dei
2974 440 3138 497 Iacob
3186 463 3309 498 ma-

132 529 311 584 nisenini
330 526 410 593 qui
436 525 558 578 facit
581 535 881 592 peccatum,
906 541 1096 580 servus
1119 537 1200 580 εει
1221 526 1427 594 peccati
1454 525 1634 596 (Joan.

129 638 214 682 vtu,
233 619 326 677 54).
361 637 378 670 ι
413 616 551 669 Tunc
573 615 938 670 immaculatus
961 633 1068 680 ero,
1095 619 1144 671 id
1170 628 1251 672 est
1276 617 1549 671 innocens.
1573 617 1640 670 Et

130 724 219 765 tunc
229 708 534 770 emundabor,
568 707 617 760 id
630 717 712 760 est
727 708 953 762 mundus
964 722 1055 761 ero
1068 725 1098 760 tt
1112 709 1296 762 delicto
1311 710 1560 771 maximo,
1585 707 1638 760 id

127 809 222 854 esta
244 795 466 865 superbia
484 835 497 856 ,
523 809 643 863 qua:
667 795 917 848 delictum
959 797 1248 849 maximum
1276 803 1419 849 recte
1444 796 1640 849 dicitur

127 907 170 944 eo
193 889 308 958 quod
329 903 416 956 per
442 887 585 940 illam
629 885 864 954 primum
895 900 923 937 a
959 885 1068 939 Deo
1122 887 1445 940 recedimus.
1477 885 1636 939 'Cum

126 981 228 1034 enim
254 978 601 1032 inobedientes
624 991 829 1036 sumus,
857 985 1044 1029 contra
1077 977 1242 1029 Deum
1277 976 1632 1046 superbimus.

127 1070 260 1138 Elper
283 1066 508 1120 eamdem
536 1063 690 1118 multi
712 1065 778 1117 ad
813 1064 1056 1116 ultimunt
1088 1074 1487 1132 expugnantur,
1515 1079 1636 1118 cum

125 1160 291 1213 calcatis
330 1157 471 1210 vitiis
511 1155 581 1210 de
635 1155 924 1209 sanctitate
975 1171 1069 1207 sua
1118 1155 1169 1208 in
1219 1170 1277 1208 se
1317 1154 1636 1224 gloriantur.

126 1250 234 1304 Unde
255 1249 466 1317 Prosper
491 1261 507 1299 :
539 1265 557 1296 ι
589 1245 716 1300 Sola
746 1245 996 1313 superbia
1023 1245 1256 1297 cavenda
1289 1245 1448 1298 estin
1476 1245 1639 1299 rectis

125 1337 250 1390 lactis.
279 1354 294 1387 ι
320 1335 408 1389 Vel
435 1336 514 1390 sic
559 1353 574 1388 :
605 1334 662 1388 Si
695 1335 796 1387 mei
829 1334 1055 1394 inimici,
1105 1334 1157 1386 id
1186 1345 1268 1386 est
1292 1333 1484 1386 delicta
1520 1347 1640 1402 quin

121 1429 398 1498 pretlixinon
425 1426 624 1480 fuerint
646 1425 900 1480 dominati
936 1424 1063 1478 mei.
1114 1423 1177 1476 Et
1201 1439 1306 1476 non
1337 1432 1636 1476 mutantur.

123 1520 230 1573 'l'unc
245 1535 360 1573 vero
379 1519 632 1572 dicuntur
662 1530 765 1568 non
795 1514 1068 1568 dominari
1095 1525 1336 1583 peccata.
1365 1527 1510 1579 cum,
1552 1528 1638 1567 εο-

121 1611 196 1664 lum
224 1609 386 1664 l'omite
413 1607 726 1677 instigante,
755 1615 908 1658 actus
953 1621 1055 1658 non
1086 1604 1334 1673 sequitur
1372 1602 1457 1657 vel
1503 1617 1634 1656 con-

121 1715 278 1754 sensus.
305 1699 446 1754 Unde
470 1698 763 1768 Apostolus
794 1713 808 1748 :
847 1715 864 1746 ι
894 1695 1007 1748 Νοιι
1049 1710 1200 1765 ergo
1223 1704 1409 1764 regnet
1449 1708 1638 1764 pecca-

1741 527 2125 596 gniﬁcandum,
2179 537 2237 580 ut
2292 527 2429 582 idem
2467 527 2516 580 in
2555 527 2881 598 Evangelio:
2914 549 2931 582 ι
2961 532 3073 586 Non
3119 549 3302 603 quzcrc

1739 617 1961 686 gloriam
1993 633 2189 681 meam,
2221 619 2314 673 sed
2348 620 2466 687 ejus
2501 621 2589 688 qui
2625 621 2769 674 misit
2794 637 2877 675 me
2925 621 3104 692 (Joan.
3149 642 3221 682 vit
3249 635 3302 682 et

1739 708 1880 777 vni).
1915 727 1933 758 ι
1969 707 2102 763 Cum
2126 717 2304 762 autem
2324 719 2442 762 orat
2465 709 2535 763 ut'
2554 724 2798 781 pugnans
2817 712 2921 780 pro
2950 713 3102 767 nobis
3125 725 3305 784 prote-

1739 804 1913 864 gatur,
1943 813 2064 851 eum
2097 811 2274 866 regem
2309 797 2548 851 inducit:
2577 805 2764 868 regum
2791 798 2933 852 enim
2979 809 3063 854 est
3096 817 3195 871 pro
3221 802 3305 858 sui

1740 887 1888 956 regni
1923 887 2092 941 salute
2116 901 2374 957 pugnare.
2422 887 2486 941 Et
2514 903 2620 941 non
2677 888 2847 943 solum
2900 890 3308 959 protegatzsed

1739 988 1794 1032 et
1825 981 2020 1042 mittat,
2047 979 2097 1031 id
2123 989 2205 1032 est
2230 979 2320 1032 det
2346 978 2438 1031 tibi
2465 978 2742 1031 auxilium.
2780 978 2932 1045 Quod
2957 989 3043 1033 est
3085 982 3304 1036 dicere:

1741 1068 1824 1123 Sit
1853 1069 2143 1122 auxiliator
2165 1076 2223 1120 ut
2251 1078 2480 1122 mortem
2507 1075 2562 1122 et
2586 1067 2856 1122 diabolum
2887 1069 3091 1125 vincas.
3118 1071 3182 1124 Et
3206 1072 3310 1126 hoc

1740 1159 1803 1211 de
1828 1168 2007 1212 sancto
2035 1157 2311 1227 procedat,
2341 1157 2393 1210 id
2423 1165 2507 1210 est
2529 1165 2747 1224 propter
2774 1159 3114 1213 sanctitatem
3139 1169 3306 1226 tuam,

1740 1264 1858 1318 qua:
1881 1258 2025 1302 tanta
2066 1257 2151 1303 est
2181 1256 2241 1302 ut
2267 1257 2317 1302 te
2343 1248 2574 1316 adjuvet.
2610 1245 2675 1299 Et
2708 1257 2917 1300 tueatur
2945 1257 3026 1312 te;
3049 1243 3198 1302 idem
3223 1257 3307 1303 est

1739 1340 1880 1409 quod
1901 1354 2061 1407 supra
2091 1337 2288 1407 posuit,
2319 1347 2571 1406 protegat,
2603 1337 2743 1406 quod
2777 1337 2967 1404 repetit
3010 1345 3067 1391 ut
3093 1353 3308 1392 causam

1739 1431 1919 1484 addat.
1955 1430 2028 1483 De
2055 1429 2184 1484 Sion
2210 1429 2418 1483 scilicet
2470 1437 2685 1482 tueatur
2735 1428 2904 1492 te,‘id
2951 1437 3036 1483 est
3093 1440 3314 1500 prppter

1739 1521 2161 1591 speculationem
2191 1526 2356 1586 tuam,
2385 1520 2512 1589 quia
2542 1518 2837 1588 specularis
2888 1513 3086 1574 aeterna
3139 1518 3192 1574 et
3227 1537 3312 1574 re-

1741 1612 2072 1680 parationem
2109 1611 2385 1664 hominum
2413 1608 2670 1674 futuram.
2720 1606 2816 1673 De,
2870 1606 3144 1664 cau'sativa
3185 1607 3311 1680 par-

1743 1703 1900 1757 ticula
1929 1711 2031 1756 est.
2069 1701 2136 1754 Et
2173 1707 2370 1754 memor
2390 1701 2456 1753 sit
2504 1709 2562 1753 ut
2613 1701 2681 1753 ad
2735 1698 2982 1762 eﬁ‘ectum
3033 1699 3308 1768 perducat.

120 1800 200 1843 tum
225 1790 270 1843 in
295 1797 466 1844 vestro
495 1787 714 1841 mOrl-ali
744 1801 991 1854 corpore.
1040 1794 1098 1838 ιιι
1122 1785 1393 1840 Obetlialis
1437 1799 1639 1839 ϐοηθη-
1673 1773 1712 1831 B
1742 1791 1926 1846 Omnis
1956 1791 2201 1859 sacriﬁcii
2228 1790 2326 1854 tui,
2374 1791 2426 1844 id
2464 1798 2549 1844 est
2599 1788 2934 1860 singularum
2989 1790 3320 1858 injuriarum'

119 1881 334 1951 piscentiis
351 1881 464 1948 ejus
491 1877 673 1950 (Rom.
701 1892 776 1939 vr,
803 1875 914 1946 12).
943 1895 964 1928 ι
999 1875 1160 1942 Quasi
1194 1875 1374 1929 dicat:
1407 1875 1500 1929 Est
1520 1890 1642 1944 pec-

118 1985 246 2027 eatum
266 1976 316 2026 in
343 1970 554 2026 mortali
581 1963 804 2038 corpore
835 1978 1045 2028 nostro,
1071 1967 1164 2020 sed
1189 1981 1294 2019 non
1321 1975 1528 2035 regnet.
1573 1966 1642 2019 Et

119 2080 179 2119 me
198 2063 459 2118 emundata
479 2103 491 2123 ,
532 2069 693 2114 erunt
719 2059 921 2128 eloquia
972 2060 1079 2110 oris
1108 2058 1229 2120 mei,
1261 2056 1387 2109 talia
1413 2066 1472 2110 ut
1502 2073 1642 2110 com-

118 2153 296 2221 placeant
319 2153 433 2217 tibi,
466 2153 521 2206 id
549 2161 634 2205 est
660 2151 862 2213 laudes,
897 2147 1191 2218 prophetiae
1209 2161 1344 2201 mea:
1363 2157 1417 2202 et
1437 2147 1638 2200 oratio-

119 2259 185 2298 nes
207 2260 316 2298 meae
345 2243 435 2296 tibi
487 2243 798 2312 placebunt,
852 2254 971 2308 qua:
998 2239 1155 2293 aliter
1198 2254 1303 2292 non
1343 2237 1636 2307 placerent.

121 2333 233 2386 «Non
257 2342 331 2388 est
352 2333 496 2388 enim
514 2332 760 2402 speciosa
786 2331 902 2384 laus
931 2329 982 2383 i'n
1009 2343 1102 2383 ore
1131 2322 1638 2399 peccatoris(Ereli.

121 2437 181 2486 xv,
209 2424 271 2492 9).
304 2443 321 2474 ι
354 2423 420 2482 Ει
442 2439 552 2478 non
578 2421 693 2476 sola
717 2421 928 2490 eloquia
949 2419 1262 2488 placebunt,
1294 2418 1386 2472 sed
1412 2428 1460 2470 et
1485 2417 1642 2470 medi-

117 2515 209 2566 tatio
226 2516 380 2568 cordis
404 2516 529 2578 mei,
563 2514 616 2567 id
660 2521 747 2567 est
775 2511 1033 2580 quidquid
1085 2509 1390 2564 meditabor
1438 2510 1543 2562 erit
1587 2509 1640 2562 in

118 2615 332 2669 conspectu
359 2615 472 2670 tuo,
510 2605 564 2658 id
590 2603 750 2658 estin
776 2601 1183 2670 beneplacentia
1218 2609 1308 2652 tua
1334 2616 1556 2667 seraper,
1589 2599 1640 2652 id

116 2707 171 2750 est
191 2699 266 2753 tibi
289 2698 519 2768 placebit
545 2711 780 2767 semper,
811 2711 844 2750 ο
870 2695 1096 2748 Domine
1140 2694 1356 2762 adjutcr
1385 2707 1558 2758 meus,
1589 2691 1640 2745 id

117 2798 174 2842 est
191 2799 487 2858 coeperator
513 2797 576 2843 nt.
603 2789 742 2842 bene
782 2801 994 2856 operer,
1049 2794 1104 2840 et
1141 2787 1448 2854 redemptor
1491 2799 1643 2841 meus

117 2893 137 2931 ε
159 2881 290 2949 vitiis,
314 2898 378 2936 ne
402 2896 649 2952 peccem.

537 2971 604 3026 IN
641 2969 970 3026 PSALMUM
1009 2969 1150 3024 XIX.

164 3060 338 3116 Titulus
361 3061 560 3118 decimi
602 3061 751 3115 noni.
791 3059 1035 3112 l’salmus
1063 3057 1230 3112 David
1257 3057 1550 3126 prophetm.
1574 3053 1642 3110 In

115 3151 246 3218 ﬁnem,
269 3155 416 3209 idest
441 3157 496 3209 in
532 3153 806 3208 Christum
835 3151 1194 3220 respicientis.
1241 3151 1332 3205 \icl
1361 3151 1411 3204 in
1455 3149 1637 3213 ﬁnem,

116 3244 152 3297 id
175 3257 240 3300 est
273 3249 318 3302 in
347 3247 875 3327 consummationem
909 3255 1234 3314 temporum,
1280 3253 1335 3297 ut
1370 3244 1420 3296 in
1477 3257 1640 3311 supe-

114 3339 209 3390 riori
233 3341 450 3408 psalmo.
512 3338 783 3408 Propheta
808 3338 1112 3406 prmvidens
1138 3335 1411 3390 Christum
1461 3349 1640 3404 regem

113 3438 306 3483 nostrum
325 3447 446 3485 cum
468 3445 572 3499 pro
599 3429 754 3483 nobis
775 3427 1072 3482 bellaturus
1102 3427 1170 3480 sit
1210 3435 1399 3480 contra
1454 3425 1643 3479 diabo-

112 3512 210 3580 lum,
234 3529 282 3573 et
309 3521 656 3575 sacerdotem
682 3518 845 3572 etiam
905 3526 1152 3570 nostrum
1201 3529 1324 3569 esse
1377 3514 1642 3580 futurum,

113 3620 201 3660 cum
221 3626 307 3678 pro
346 3612 509 3667 nobis
539 3623 735 3679 corpus
763 3615 817 3663 et
843 3607 1075 3660 animam
1130 3607 1240 3659 Deo
1271 3606 1341 3659 sit
1386 3605 1440 3658 in
1486 3619 1647 3660 cruce

107 3699 359 3768 oblaturus,
391 3712 524 3757 orat
569 3703 740 3756 Deum
795 3697 1007 3753 Patrem
1056 3713 1152 3768 pro
1199 3712 1285 3761 eo,
1335 3706 1543 3752 cteum
1589 3696 1645 3750 in

111 3795 312 3855 passione
335 3809 434 3863 pro
458 3808 521 3848 se
541 3801 790 3846 orantem
823 3790 1096 3845 exaudiat.
1121 3789 1186 3842 Et
1211 3788 1418 3843 scilicet
1447 3795 1508 3839 ut
1544 3802 1647 3840 non

107 3880 292 3936 cedatet
315 3891 589 3952 resurgat.
615 3880 679 3934 Et
708 3895 805 3949 pro
828 3881 1063 3934 humano
1085 3893 1279 3948 genere
1305 3886 1362 3930 ut
1391 3875 1646 3938 salvetur,

108 3983 200 4023 eum
225 3985 465 4030 orantem
497 3973 776 4038 exaudiat,
832 3981 887 4026 et
919 3971 1182 4025 desideria
1228 3968 1344 4037 ejus
1387 3967 1652 4036 compleat

107 4071 147 4112 et
167 4065 369 4119 consilia
414 4068 723 4120 conﬁrmet.
752 4065 817 4118 Et
839 4079 944 4118 non
973 4062 1095 4116 ideo
1142 4070 1285 4125 orat,
1339 4067 1396 4114 ut
1442 4075 1540 4130 pro
1585 4073 1651 4114 eo

109 4165 287 4210 necesse
316 4159 599 4221 sitorare,
622 4157 713 4210 sed
741 4165 801 4208 ut
826 4157 928 4209 hoc
977 4155 1212 4207 futurum
1269 4151 1538 4206 ostendat.
1587 4150 1653 4203 Et

107 4242 157 4293 ad
173 4248 465 4318 exemplum
490 4257 1076 4316 contemporaneorum
1110 4261 1354 4307 suorum,
1389 4254 1650 4314 quantum

105 4331 290 4400 hujusce
315 4341 393 4393 rei
426 4339 758 4395 desiderium
785 4337 1035 4391 habuerit
1066 4337 1274 4390 innuat.
1301 4335 1462 4388 Nobis
1491 4336 1651 4390 etiam

1739 1881 2237 1935 ctobedientiarum
2268 1895 2403 1950 quas
2427 1895 2523 1949 pro
2547 1880 2854 1934 hominibus
2899 1879 3148 1949 patieris,
3192 1892 3313 1948 qua

1689 1987 1694 1991 ·
1739 1982 1894 2026 erunt
1928 1971 2039 2024 Deo
2068 1971 2242 2024 dulcia
2267 1970 2558 2024 sacriﬁcia.
2613 1970 2679 2022 Et
2717 1969 3080 2022 holocaustum
3141 1980 3315 2032 tuum,

1743 2063 1793 2118 id
1821 2072 1905 2117 est
1930 2063 2058 2116 illud
2105 2077 2416 2131 supremum
2449 2061 2800 2125 sacriﬁcium,
2844 2061 2985 2129 quod
3037 2070 3088 2115 te
3147 2069 3317 2114 totum

1743 2153 1794 2206 in
1823 2169 1982 2206 cruce
2004 2153 2110 2206 Deo
2141 2147 2235 2224 pro
2258 2152 2412 2206 nobis
2441 2150 2653 2215 oll‘eres,
2677 2153 2863 2220 pingue
2899 2151 3095 2219 ﬁat,‘id
3119 2159 3203 2206 εει
3227 2151 3320 2204 de-

1741 2241 1987 2296 lectabile
2013 2242 2123 2296 Deo
2155 2258 2169 2294 :
2195 2258 2223 2294 a
2247 2240 2597 2296 similitudine
2620 2241 2917 2310 pinguium,
2946 2257 3066 2310 quae
3088 2239 3320 2295 delecta-

1742 2337 1866 2391 bilia
1886 2346 2042 2391 erant
2065 2335 2128 2388 ad
2158 2335 2596 2390 sacriﬁcandum.
2631 2335 2696 2388 Et
2722 2334 2856 2388 bene
2879 2335 3028 2403 ponit
3055 2334 3316 2387 holocau-

1742 2436 1926 2482 stum:
1963 2425 2135 2479 Holon
2179 2427 2323 2480 enim
2371 2435 2562 2489 totum,
2610 2426 2786 2478 causis
2846 2434 3024 2478 autem
3075 2422 3319 2478 incensio

1740 2527 1940 2572 sonat:
1979 2518 2092 2587 ipse
2122 2531 2247 2569 vero
2273 2516 2376 2570 fuit
2427 2515 2826 2578 holocaustum,
2883 2514 2934 2568 id
2961 2525 3045 2568 est
3074 2521 3218 2567 totus
3264 2519 3322 2567 et

1743 2613 1794 2666 in
1830 2625 2055 2681 corpore
2078 2619 2132 2664 et
2172 2610 2222 2663 in
2262 2612 2439 2662 anima
2463 2609 2585 2678 igne
2607 2607 2872 2676 passionis
2899 2607 3170 2661 incensus.
3219 2603 3320 2659 llic

1741 2712 1920 2757 autem
1952 2718 2073 2757 eum
2117 2703 2456 2756 sacerdotem
2502 2699 2728 2753 inducit.
2782 2698 3134 2752 Sacerdotum
3177 2695 3319 2750 enim

1741 2803 1823 2848 est
1854 2809 1951 2862 pro
1985 2795 2180 2861 populo
2222 2792 2554 2845 sacriﬁcare.
2607 2789 2739 2844 Cum
2788 2802 2916 2842 vero
2950 2787 3196 2842 Christus
3240 2786 3321 2841 sic

1747 2887 1855 2940 Deo
1874 2884 2222 2946 sacriﬁcavit,
2255 2896 2353 2952 pro
2375 2881 2458 2936 sui
2482 2879 2900 2942 resurrectione,
2925 2879 3320 2931 membrorum-

1744 2992 1848 3046 que
1877 2976 2068 3039 salute,
2101 2975 2213 3044 ipsa
2235 2973 2540 3028 obedientia
2587 2971 2806 3024 Patrem
2847 2970 3046 3024 oravit.
3105 2968 3326 3022 Tribua:

1743 3071 1836 3123 tibi
1870 3067 2152 3122 secundum
2184 3083 2272 3120 cor
2300 3075 2466 3129 tuum,
2513 3064 2564 3119 id
2595 3072 2677 3118 est
2727 3063 2987 3132 quidquid
3032 3077 3127 3116 cor
3171 3073 3324 3116 tuum

1743 3159 2094 3220 desiderabit,
2127 3159 2178 3212 id
2206 3165 2288 3211 est
2310 3169 2595 3223 resurgere
2615 3163 2670 3208 et
2690 3154 2938 3208 homines
2985 3153 3214 3207 salvare.
3258 3151 3328 3208 Et

1745 3253 1846 3305 hoc
1873 3251 2011 3304 idem
2039 3259 2120 3303 est
2149 3249 2202 3302 in
2231 3247 2525 3308 sententia,
2566 3245 2706 3314 quod
2729 3253 2785 3298 et
2816 3244 3064 3314 superius
3092 3244 3274 3312 posuit
3302 3260 3318 3296 :

1746 3342 1952 3397 scilicet
1979 3355 2188 3394 memor
2245 3339 2317 3392 sit
2340 3337 2519 3391 omnis
2549 3335 2801 3391 sacriﬁcii
2836 3337 2908 3389 tui
2938 3351 2953 3397 ;
2980 3336 3072 3390 sed
3101 3336 3220 3390 ideo
3243 3335 3325 3391 sic

1745 3433 1916 3502 ponit,
1946 3439 2004 3484 ut
2033 3447 2098 3486 ex
2133 3428 2300 3483 nimia
2332 3411 2617 3482 affectione
2674 3427 2919 3480 ostendat
2972 3441 3076 3479 non
3129 3421 3330 3480 solum;

1749 3523 1908 3578 modo
1933 3536 2028 3576 sua
2054 3519 2383 3582 obedientia,
2425 3519 2518 3573 sed
2541 3519 2703 3572 etiam
2738 3531 2836 3586 pro
2859 3517 3012 3571 nobis
3041 3518 3180 3572 bona
3210 3531 3330 3572 cor-

1748 3613 1831 3667 dis
1865 3610 2152 3666 aﬂectione
2178 3619 2481 3664 oraturum.
2513 3609 2718 3662 Etcum
2743 3623 2848 3662 non
2883 3607 3057 3662 solum
3091 3606 3165 3661 sis
3200 3607 3325 3662 inde

1750 3703 2030 3758 habiturus
2045 3701 2472 3772 qualemcunque
2485 3698 2664 3752 cordis
2693 3697 3053 3764 ali'ectionem,
3082 3699 3175 3752 sed
3200 3697 3332 3752 aﬂ‘e-
3425 3743 3432 3752 .

1749 3794 1982 3848 ctionem
2011 3807 2133 3846 cum
2178 3790 2403 3845 summis
2453 3796 2508 3842 et
2555 3786 2912 3842 ineﬁ'abilibus
2951 3787 3190 3842 consiliis
3222 3789 3331 3842 dis-

1752 3883 2083 3954 ponendam,
2129 3897 2279 3935 omne
2306 3879 2579 3934 consilium
2608 3887 2756 3932 lituus
2806 3879 3097 3946 conﬁrmet,
3148 3879 3200 3934 id
3246 3887 3333 3934 est

1751 3975 1930 4028 omnia
1963 3973 2190 4028 consilia
2225 3983 2312 4026 tua
2353 3972 2506 4024 ﬁrma
2530 3971 2695 4025 faciat
2724 3978 2779 4023 et
2803 3970 3065 4034 eﬁicacia,
3117 3970 3326 4024 scilicet

1753 4077 1811 4122 ut
1837 4069 2113 4136 contingat
2135 4065 2351 4121 eiecitas
2373 4065 2423 4118 in
2447 4063 2629 4130 Israel,
2649 4063 2801 4133 juxta
2825 4062 3136 4132 Apostolum
3167 4077 3181 4114 :
3219 4080 3236 4110 ι
3259 4061 3330 4116 Ut

1753 4160 2026 4231 plenitudo
2049 4160 2286 4229 gentium
2317 4159 2485 4212 intret
2515 4155 2688 4228 (Rom.
2715 4171 2790 4218 ιι,
2814 4154 2929 4224 25),
2963 4173 2982 4206 ι
3016 4162 3069 4208 ει
3096 4161 3152 4206 ιιι
3173 4163 3330 4208 vetus

1755 4251 2173 4321 chirographum
2198 4247 2327 4301 Adae
2359 4255 2531 4301 morte
2577 4255 2666 4298 tua
2718 4243 2956 4298 solvatur
2988 4260 3000 4295 :
3033 4251 3090 4296 et
3139 4253 3330 4296 contra

1757 4341 1921 4394 multa
1955 4355 2073 4408 qua:
2103 4335 2391 4393 ineffabilia
2421 4345 2568 4391 sunt.
2602 4336 2667 4388 Et
2703 4349 2825 4390 cum
2874 4334 2978 4387 hoc
3026 4333 3330 4404 continget,

107 4421 145 4473 in
170 4434 392 4497 tempore
435 4429 787 4498 plenitudinis
820 4429 1124 4496 exemplum
1147 4428 1302 4482 bona;
1349 4427 1653 4480 dilectionis
1685 4439 1730 4496 Is
1757 4434 2052 4489 (tutabimur
2073 4448 2170 4502 ego
2203 4439 2258 4485 et
2290 4431 2394 4484 mei
2425 4427 2629 4483 similes
2664 4427 2717 4478 in
2745 4425 2971 4480 salutari
2998 4434 3111 4488 tuo,
3164 4426 3214 4478 id
3245 4436 3330 4480 est

104 4525 201 4584 erga
224 4534 339 4573 eum
364 4521 634 4575 habenda:
664 4521 916 4574 dimittat.
1197 4574 1200 4578 .

159 4607 411 4664 Exaurliat
442 4621 516 4674 te,
545 4627 574 4664 ο
604 4611 826 4671 Christe,
861 4611 910 4664 id
947 4621 1028 4663 est
1059 4611 1138 4664 sic
1164 4618 1222 4662 ut
1261 4609 1516 4678 impetres
1561 4623 1654 4662 au-

105 4695 192 4750 diat
215 4709 262 4753 te
295 4701 587 4764 Dom‘nus,
631 4702 798 4755 Pater
829 4701 909 4754 vel
931 4701 1170 4755 Trinitas
1213 4711 1455 4753 orantem
1483 4715 1581 4767 pro
1604 4709 1657 4754 lc

105 4797 144 4837 et
166 4793 434 4847 membris.
459 4792 522 4844 In
554 4793 638 4846 die
667 4792 1042 4855 tribulationis,
1090 4791 1142 4844 id
1173 4801 1254 4844 est
1305 4791 1358 4844 in
1414 4799 1656 4858 tempore

103 4879 358 4945 passionis,
394 4889 679 4934 oraturum
709 4881 915 4935 scilicet
964 4888 1020 4932 et
1064 4878 1348 4933 all'ectione
1395 4890 1448 4932 et
1476 4879 1656 4932 verbis

106 4975 145 5014 et
167 4969 497 5034 obedientia,
553 4971 690 5024 utin
715 4971 1068 5040 sequentibus
1120 4979 1439 5039 exponetur.
1505 4969 1654 5032 Dico,

104 5064 340 5126 eraudiat,
375 5064 432 5116 in
467 5064 570 5117 hoc
613 5063 838 5118 scilicet.
889 5059 1132 5131 Protegat
1163 5071 1210 5115 te
1266 5077 1364 5130 pro
1417 5061 1568 5114 nobis
1603 5060 1655 5114 in

108 5149 322 5208 passione
343 5161 742 5222 pugnaturum,
773 5167 836 5206 ne
865 5153 1047 5205 cedas.
1087 5152 1153 5204 Et
1201 5160 1388 5203 nomen
1425 5149 1514 5203 Dei
1561 5151 1658 5203 Ja-

107 5241 177 5292 cob
206 5245 270 5297 sit
304 5247 434 5300 inde
465 5261 648 5309 causa,
681 5246 733 5300 id
759 5246 965 5301 esthoc
996 5245 1137 5314 quod
1160 5245 1357 5312 quaeris
1415 5243 1658 5312 magniﬁ-

109 5341 209 5384 care
233 5349 432 5389 nomen
477 5333 674 5398 Patris,
715 5349 872 5402 quem
904 5333 1069 5388 Jacob
1107 5333 1273 5387 Deum
1323 5341 1566 5401 reputat,
1602 5332 1655 5387 id

109 5432 174 5474 est
197 5423 355 5482 fortes
387 5429 680 5481 luctatores
708 5427 817 5498 58
839 5433 1029 5482 contra
1078 5428 1228 5481 vitia.
1269 5425 1364 5482 Vel
1417 5427 1513 5497 qui
1557 5426 1660 5482 erit

111 5524 195 5564 non
224 5518 394 5571 solum
423 5519 564 5573 Deus
585 5517 916 5584 Iudaeorum,
944 5518 1037 5572 sed
1059 5519 1221 5573 etiam
1252 5519 1517 5588 gentium,
1541 5533 1659 5588 qua:

111 5611 214 5656 sunt
241 5603 427 5668 Iacob.
464 5607 512 5661 id
533 5618 614 5663 est
637 5609 1044 5678 supplantantes
1093 5609 1548 5673 benedictionem,
1606 5618 1661 5663 et

110 5689 339 5761 Iuniores,
367 5708 425 5752 ut
450 5697 610 5754 Jacob
629 5701 812 5770 junior
835 5700 957 5765 fuit,
1004 5702 1175 5772 quiet
1203 5701 1340 5756 Esau
1400 5699 1660 5770 supplan-

412 5791 679 5852 Ριτιιοι.
737 5790 896 5852 CLII

1759 4529 1812 4582 in
1837 4527 2133 4582 salvationc
2174 4532 2284 4576 tua.
2317 4521 2383 4575 Et
2408 4535 2514 4575 non
2545 4518 2718 4574 solum
2743 4517 3063 4582 Imtabimur,
3109 4516 3201 4570 sed
3235 4517 3334 4572 nos

1760 4619 1847 4672 hic
1876 4618 2011 4670 bene
2037 4624 2328 4683 cperantes
2353 4611 2404 4664 in
2439 4611 2647 4664 nomine
2675 4617 2783 4670 tuo,
2846 4607 2896 4661 id
2919 4615 3003 4660 est
3026 4607 3078 4660 in
3129 4608 3335 4662 honore

1760 4706 1994 4761 nominis
2025 4705 2099 4757 tui
2128 4721 2140 4756 :
2176 4717 2278 4756 non
2311 4701 2377 4754 ad
2406 4701 2667 4754 honorem
2699 4707 2945 4750 nostrum
2976 4713 2990 4749 :
3028 4696 3337 4765 magniﬁca-

1757 4798 1948 4858 bimur,
1973 4795 2026 4848 id
2053 4802 2137 4847 est
2161 4792 2337 4859 magni
2377 4799 2433 4844 et
2458 4789 2676 4859 gloriosi
2703 4803 2800 4857 per
2823 4799 2876 4842 te
2904 4789 3107 4842 erimus
3135 4787 3190 4842 in
3215 4803 3338 4857 par-

1759 4883 2072 4952 ticipatione
2103 4878 2526 4934 immortalitatis
2553 4888 2606 4931 et
2630 4878 3028 4932 benedictionis
3045 4888 3170 4941 tute,
3191 4885 3250 4930 ut
3275 4875 3333 4929 in

1758 4971 2050 5044 Evangelio
2114 4971 2370 5025 Dominus
2415 4988 2429 5024 :
2482 4987 2502 5020 ι
2549 4967 2686 5022 Justi
2740 4968 3019 5039 fulgebunt
3072 4969 3211 5024 sicut
3254 4965 3336 5022 sol

1759 5065 1969 5137 (Matth.
2003 5062 2140 5134 xm).
2180 5080 2198 5115 ι
2241 5061 2307 5116 Ει
2335 5061 2622 5131 Apostolus
2652 5079 2664 5114 :
2693 5081 2711 5112 ι
2741 5061 2886 5127 Quos
2932 5060 3168 5124 vocavit,
3216 5057 3335 5111 illos

1759 5157 2126 5228 magniﬁcavit
2162 5155 2279 5227 lal.,
2310 5153 2649 5226 gloriﬁcavit]
2682 5153 2854 5224 (Rom.
2879 5169 2996 5214 VIII,
3025 5150 3138 5220 50),
3186 5167 3204 5200 ι
3231 5151 3336 5203 hoc

1761 5249 2098 5318 interposito,
2130 5248 2423 5302 revertitur
2447 5248 2513 5300 ad
2541 5248 2841 5302 orationem
2880 5244 2996 5296 sic:
3029 5242 3177 5307 Dico,
3211 5253 3334 5294 me-

1761 5353 1878 5392 mor
1902 5340 1990 5390 sit.
2025 5337 2090 5390 Et
2119 5337 2322 5389 tribuat
2345 5335 2437 5389 tibi
2467 5337 2762 5389 secundum
2791 5346 2886 5385 cor
2931 5339 3080 5383 tuum
3109 5346 3123 5382 :
3153 5337 3208 5381 et
3233 5328 3336 5380 im-

1757 5429 1896 5498 pleat
1949 5426 2202 5480 Dominus
2248 5442 2423 5479 omna
2457 5425 2724 5494 petitiones
2754 5433 2892 5483 tuas,
2936 5421 3036 5474 has
3083 5419 3332 5473 scilicet:

1767 5536 1784 5568 ι
1809 5517 1992 5579 Pater,
2007 5516 2244 5570 clariﬁca
2263 5514 2454 5570 Filium
2480 5522 2626 5566 tuum
2652 5511 2830 5580 (Joan.
2857 5511 3012 5579 xvn).
3043 5528 3060 5561 ι
3093 5510 3158 5563 Et
3173 5505 3331 5560 alibi:

1765 5623 1785 5656 ι
1815 5607 1964 5666 Volo,
1997 5605 2178 5668 Pater,
2205 5613 2262 5658 nt
2289 5605 2377 5659 ubi
2411 5619 2514 5672 ego
2545 5617 2689 5665 sum,
2731 5601 2842 5656 illic
2893 5600 2966 5653 sit
3003 5610 3058 5652 et
3089 5596 3336 5650 minister

1763 5711 1914 5752 meus
1936 5695 2120 5766 (Joau.
2143 5697 2265 5767 xu).
2295 5713 2314 5749 ι
2349 5694 2415 5748 Ει
2459 5694 2560 5749 hoc
2589 5692 2763 5764 potuit
2813 5689 3037 5758 intelligi
3083 5687 3332 5760 superius
