3862 6322
510 409 613 466 7Ιὸ

510 529 601 585 ubi
650 524 831 595 posuit
865 535 879 574 :

512 629 572 675 ut
598 618 789 672 innuat
818 627 922 667 non
953 608 1127 664 solum
1162 604 1455 667 desiderio,
1516 599 1610 655 sed
1661 598 1765 651 hoc
1806 593 1973 649 etiam
2030 604 2088 643 se

510 709 689 765 verbis
712 713 1011 760 oraturum.
1047 699 1111 752 Et
1144 714 1210 751 ne
1233 702 1517 765 putaretur
1531 706 1595 745 ex
1615 687 1889 743 dubietate
1908 695 2087 746 orare,

512 800 683 856 sedse
715 798 816 851 hoc
842 791 984 862 quod
1016 797 1135 843 orat
1175 785 1479 841 certissime
1522 780 1662 835 scire
1713 776 1976 836 futurum,
2014 770 2092 824 sic

511 890 797 947 confirmat
823 902 837 939 :
859 860 1123 950 Quamvis
1146 878 1224 933 sic
1253 890 1425 939 orem,
1460 871 1661 926 tribuat
1688 867 1807 931 tibi,
1854 872 1958 917 etc.
1991 860 2095 914 Ta-

512 998 635 1044 men
667 993 802 1031 nunc
831 972 1076 1044 cognovi,
1107 970 1157 1024 id
1186 976 1267 1023 est
1287 965 1399 1034 jam
1444 971 1626 1019 certus
1654 971 1809 1020 sum;
1844 970 1947 1009 non
2002 965 2092 1007 so-

507 1070 786 1127 lummodo
829 1080 951 1121 cum
1007 1062 1121 1126 fiet,
1154 1070 1474 1128 cognoscam
1526 1052 1652 1122 quia
1704 1047 1903 1103 salvum
1950 1043 2090 1113 fecit,

510 1165 564 1217 id
589 1170 672 1217 est
702 1159 863 1214 faciet
885 1153 1144 1208 Dominus
1171 1158 1325 1219 pater
1368 1146 1633 1201 Christum
1682 1155 1856 1202 suum,
1909 1135 2094 1190 Jesum

510 1257 741 1320 scilicet,
772 1254 824 1308 id
846 1259 929 1306 est
959 1244 1324 1303 resuscitabit.
1373 1242 1438 1295 Et
1462 1236 1703 1293 exaudiet
1752 1232 1901 1287 illum
1929 1243 2097 1284 oran-

514 1360 618 1403 tem
640 1362 739 1417 pro
772 1342 1049 1398 membris.
1078 1339 1141 1392 Et
1172 1339 1275 1392 hoc
1296 1335 1358 1387 de
1385 1330 1509 1385 ctelo
1550 1336 1730 1382 sancto
1762 1338 1878 1389 suo,
1933 1319 1984 1373 id
2012 1324 2097 1372 est

512 1454 612 1509 pro
648 1438 749 1492 hoc
770 1434 897 1505 quia
927 1441 1010 1487 est
1038 1429 1234 1486 crelum
1279 1432 1524 1481 sanctum
1580 1418 1697 1488 ejus
1748 1418 1802 1470 in
1855 1409 2100 1468 sublimi-

510 1540 622 1594 tate
646 1502 937 1590 virtutum;
960 1521 1113 1578 ethie
1128 1520 1190 1573 de
1202 1515 1545 1573 causativum
1557 1519 1657 1567 est.
1673 1507 1766 1565 γει
1782 1506 1881 1560 hoc
1896 1502 2101 1559 scilicet

510 1621 793 1685 exaudiet;
829 1615 969 1687 quod
987 1612 1150 1675 salus,
1169 1610 1222 1689 id
1239 1604 1521 1664 estsalvati
1535 1617 1631 1672 per
1642 1614 1763 1656 cum
1780 1594 1990 1652 dicendi
2016 1607 2101 1646 sa-

512 1715 596 1770 lus
615 1684 942 1783 emphatice,
961 1703 1183 1761 eruntin
1199 1684 1564 1772 potentatibus,
1587 1692 1638 1747 id
1667 1698 1748 1745 εει
1771 1689 1823 1743 in
1849 1684 2102 1757 potentiis

514 1776 739 1860 dextera:
756 1803 892 1873 ejus,
916 1799 967 1855 id
987 1806 1069 1853 est
1091 1802 1247 1851 erunt
1262 1799 1505 1863 potentes
1522 1787 1575 1840 in
1589 1782 1875 1838 virtutibus
1895 1792 2012 1848 quae
2025 1776 2095 1831 di.

515 1904 711 1953 cuntur
741 1895 960 1948 dextera
989 1887 1105 1952 Dei,
1138 1900 1202 1940 eo
1240 1881 1382 1953 quod
1410 1876 1657 1948 digniora
1703 1879 1829 1928 sunt
1861 1882 2097 1939 praesen-

516 1989 667 2044 tibus
696 1986 852 2041 bonis
889 1994 950 2036 ut
973 1982 1196 2035 dextera
1238 1975 1369 2029 laeva
1405 1968 1619 2040 dignior
1657 1973 1761 2020 est.
1802 1957 2099 2017 Praesentia

519 2081 630 2151 59
662 2092 788 2133 vero
818 2077 958 2130 bona
987 2072 1244 2126 dicuntur
1265 2066 1417 2128 laeva,
1470 2075 1537 2115 eo
1572 2056 1717 2128 quod
1764 2053 1874 2109 sint
1921 2051 2101 2105 minus

520 2140 706 2238 digna,
733 2176 794 2223 ut
818 2166 871 2220 in
902 2164 1063 2218 Cant.
1109 2173 1306 2231 sponsa
1358 2156 1424 2209 de
1461 2163 1700 2221 sponso:
1732 2166 1750 2199 ι
1779 2144 1937 2199 Lteva
1985 2140 2102 2209 ejus

488 2263 621 2316 'sub
644 2232 823 2328 capite
848 2260 1087 2308 mcozet
1112 2250 1335 2303 dextera
1384 2240 1503 2309 ejus
1564 2232 1962 2307 amplexabitur
2019 2242 2106 2283 me

520 2318 788 2421 (Caunii,
819 2343 896 2413 6).
934 2360 953 2394 ι
989 2339 1120 2394 Dico
1149 2336 1291 2406 quod
1322 2330 1517 2387 salvati
1547 2334 1709 2383 erunt
1754 2329 2002 2394 potentes
2049 2318 2102 2372 in

523 2415 770 2497 dextera.
794 2432 910 2495 Non
937 2429 1129 2487 salvati
1164 2436 1343 2481 autem
1368 2424 1443 2489 hi,
1492 2421 1542 2475 id
1574 2426 1658 2475 est
1681 2415 1772 2470 alii
1802 2427 1988 2469 eorum
2011 2426 2104 2479 po-

522 2540 686 2587 tentes
708 2531 763 2583 in
787 2524 1048 2581 curribus.
1074 2520 1141 2575 Et
1170 2518 1246 2584 lii,
1280 2516 1332 2570 id
1377 2521 1461 2568 εει
1488 2510 1579 2564 alii
1634 2509 1687 2562 in
1736 2503 1902 2575 equis.
1953 2498 2107 2567 Quod

523 2635 609 2682 est
641 2624 822 2678 dicere
848 2636 863 2676 :
894 2618 1068 2673 Erunt
1094 2618 1338 2684 potentes
1392 2608 1445 2661 in
1473 2600 1716 2659 saeculari
1747 2609 1940 2668 pompa
1968 2612 1983 2648 :
2015 2591 2106 2645 alii

524 2716 666 2786 plus,
698 2712 787 2767 alii
810 2709 1010 2766 minus.
1033 2704 1139 2759 Per
1160 2712 1351 2757 currus
1382 2694 1557 2764 major
1581 2704 1810 2762 pompa;
1834 2702 1929 2756 per
1942 2698 2110 2754 equos

529 2821 661 2862 vero
718 2803 896 2858 minor
918 2798 1228 2867 designatur
1257 2805 1271 2842 :
1296 2788 1467 2857 major
1490 2784 1633 2841 enim
1664 2778 1971 2848 triumphus
1993 2782 2111 2829 erat

525 2900 617 2969 qui
667 2898 720 2953 in
769 2891 1040 2954 curribus,
1091 2900 1252 2956 quam
1301 2880 1391 2952 qui
1441 2877 1604 2934 fiebat
1658 2876 1713 2930 in
1757 2868 2111 2943 equiszbico

526 2961 668 3061 quod
700 2988 774 3043 illi
797 2990 1044 3055 potentes
1072 2986 1234 3035 erunt
1257 2976 1309 3029 in
1344 2971 1594 3029 curribus
1631 2978 1688 3023 et
1712 2968 1763 3021 in
1796 2965 1969 3035 equis.
2003 2961 2111 3016 Nos

527 3090 734 3143 autem,
780 3074 908 3130 talia
951 3077 1379 3127 contemnentes,
1435 3063 1488 3115 in
1519 3060 1727 3115 nomine
1774 3054 1983 3110 Domini
2014 3052 2111 3106 Dei

526 3172 694 3227 nostri
723 3171 861 3224 bene
884 3170 1175 3235 operantes
1202 3154 1583 3217 invocabimus,
1640 3151 1693 3205 id
1723 3156 1802 3204 est
1835 3144 2111 3202 orabimus

527 3279 652 3320 cum
681 3275 832 3321 voce,
884 3254 1143 3325 operibus
1173 3258 1228 3305 et
1257 3249 1395 3303 bona
1439 3243 1744 3299 affectione.
1796 3238 1916 3294 Dixi
1970 3236 2111 3306 quod

527 3358 605 3411 illi
635 3360 885 3426 potentes
914 3350 967 3403 in
991 3344 1242 3402 curribus
1267 3351 1321 3397 et
1376 3339 1429 3393 in
1481 3335 1637 3406 equis
1678 3339 1853 3387 erunt.
1907 3329 1973 3383 Et
2017 3343 2113 3399 per

530 3420 850 3518 hoe'putant
872 3457 930 3498 se
959 3440 1144 3494 felices
1165 3444 1219 3491 et
1248 3440 1457 3489 stantes
1486 3428 1712 3483 firmiter
1754 3432 1809 3479 et
1834 3420 2114 3492 expeditos

532 3542 601 3596 ad
630 3514 810 3594 omnia
834 3532 1101 3589 facienda.
1129 3528 1239 3598 Ipsi
1265 3534 1442 3581 autem
1466 3534 1563 3592 per
1600 3519 1705 3573 hoc
1727 3514 1941 3585 obligati
1972 3520 2113 3575 sunt,

534 3632 590 3686 id
619 3639 701 3686 est
729 3624 970 3697 impediti
999 3638 1066 3677 ne
1096 3620 1322 3676 salutem
1370 3628 1523 3671 suam
1566 3616 1882 3681 operentur.
1934 3604 2000 3659 Et
2026 3603 2115 3673 qui

531 3720 672 3775 bene
709 3732 766 3773 se
791 3696 936 3771 stare
961 3711 1210 3775 credunt,
1250 3708 1545 3763 ceciderunt
1597 3703 1649 3755 in
1678 3708 1909 3755 mortem
1960 3696 2118 3749 vitio-

538 3823 680 3863 rum.
716 3804 828 3859 Nos
860 3814 1033 3858 autent
1059 3816 1203 3871 quos
1224 3799 1510 3867 depressos
1530 3799 1745 3864 putant,
1791 3786 2118 3842 surreximus

547 3916 652 3969 per
676 3900 813 3954 bona
839 3910 1003 3965 opera
1024 3908 1052 3946 a
1077 3890 1331 3961 peccatis,
1363 3895 1543 3942 etnon
1573 3898 1669 3954 per
1698 3895 1818 3945 nos,
1842 3878 1936 3933 sed
1964 3873 2121 3929 erecti

535 4010 715 4049 sumus
736 4006 765 4045 a
797 4001 868 4044 te.
902 3986 1022 4041 Dixi
1054 3984 1196 4054 quod
1220 3980 1525 4035 lmtabimur
1577 3976 1628 4029 in
1659 3970 1883 4026 salutari
1919 3965 2119 4023 Christi

538 4094 594 4142 et
621 4079 1123 4155 magnificabimur;
1148 4081 1202 4129 et
1235 4082 1295 4127 ut
1328 4071 1432 4125 hoc
1458 4069 1549 4131 sit,
1576 4064 1800 4120 Domine
1821 4068 1997 4130 pater,
2023 4055 2123 4110 sal-

536 4193 662 4233 vum
696 4176 778 4229 fac
836 4166 1210 4227 resuscitando
1259 4177 1441 4232 regem
1490 4158 1686 4213 Filium
1739 4162 1888 4207 tuum
1923 4168 1936 4204 ;
1966 4157 2022 4202 et
2066 4157 2122 4201 tu

538 4285 637 4325 rex
666 4264 975 4327 exauditus,
1004 4258 1199 4314 exaudi
1234 4272 1350 4319 nos,
1402 4268 1430 4305 a
1475 4246 1822 4305 damnatione
1873 4237 2122 4310 originali

539 4359 820 4418 educendo
851 4369 969 4418 nos,
995 4352 1047 4406 id
1078 4358 1163 4405 εει
1187 4361 1271 4401 me
1297 4354 1352 4400 et
1378 4342 1480 4397 mei
1504 4338 1830 4399 confortnes,
1849 4332 1999 4387 indie
2020 4347 2124 4399 qua

540 4450 948 4506 invocaverimus
974 4455 1041 4508 te,
1074 4442 1124 4496 id
1151 4448 1236 4495 est
1260 4451 1423 4507 quam
1460 4434 1570 4489 cito
1602 4440 1654 4486 te
1698 4427 1975 4483 orabimus
2004 4442 2017 4477 :
2050 4423 2124 4477 illi

541 4540 632 4612 qui
690 4540 795 4593 vivi
848 4545 1011 4592 erunt
1061 4545 1225 4602 opere
1279 4539 1333 4585 et
1376 4525 1689 4589 devotione;
1735 4520 1811 4576 illi
1862 4531 1990 4573 vero
2035 4516 2126 4587 qui
2157 4517 2206 4577 D

535 4631 744 4689 mortui
767 4627 1049 4685 affectione
1074 4621 1363 4694 spirituali.

1049 4715 1115 4771 IN
1144 4709 1474 4770 PSALMUM
1505 4708 1601 4763 XX

556 4858 559 4861 -
610 4814 828 4885 Tjtulus
855 4808 1121 4883 vigesimi.
1150 4806 1213 4860 In
1239 4806 1397 4875 ﬁnem
1434 4800 1677 4855 Psalmus
1705 4793 1894 4849 David.
1948 4789 2015 4844 Et
2042 4788 2133 4843 hic

546 4917 606 4962 ut
628 4877 873 4976 superior
905 4877 1214 4970 exponitur.
1269 4893 1369 4947 Hic
1400 4888 1635 4946 intendit
1677 4883 1939 4955 pr0pbeta
1985 4877 2133 4948 quod

547 4999 602 5055 in
621 4994 885 5067 superiori
908 4990 1114 5063 psalmo
1144 4985 1343 5049 oravit,
1374 4984 1444 5037 ad
1473 4980 1632 5034 fidem
1661 4984 1900 5031 nostram
1924 4981 1979 5028 et
2003 4984 2132 5025 con-

548 5096 1023 5159 temporaneorum
1066 5090 1287 5135 suorum
1317 5070 1626 5133 enuntiare,
1655 5065 1930 5121 Christum
1986 5059 2133 5116 scili-

508 5209 519 5218 -
549 5187 636 5234 cet
663 5148 898 5232 viriliter
926 5179 1198 5232 acturum,
1224 5173 1278 5220 et
1304 5161 1492 5219 orbem
1524 5157 1885 5213 salvaturum.
1937 5158 1992 5203 et
2024 5148 2130 5202 ini-

550 5271 724 5325 micos
751 5266 920 5335 juste,
949 5262 1076 5317 etin
1106 5260 1209 5314 hoc
1232 5253 1432 5312 satculo
1462 5258 1517 5307 et
1540 5251 1593 5305 in
1621 5247 1806 5302 futuro
1844 5243 2130 5296 damnatu-

550 5375 692 5414 rum.
726 5357 792 5411 Et
824 5356 926 5409 hoc
947 5350 1025 5405 sie
1051 5348 1214 5401 dicit:

625 5450 846 5504 Domine
875 5450 1047 5515 pater,
1080 5455 1191 5501 rex,
1216 5437 1269 5491 id
1299 5443 1382 5490 est
1406 5432 1566 5488 Jesus
1594 5428 1766 5484 Filius
1799 5434 1940 5491 tuus,
1988 5422 2136 5476 lwta-

555 5545 694 5598 bitur
716 5542 769 5596 in
793 5540 998 5593 virtute
1021 5539 1135 5593 tua,
1170 5530 1222 5582 id
1245 5534 1330 5583 est
1359 5534 1415 5580 tu
1444 5523 1600 5579 dabis
1639 5522 1688 5576 ei
1713 5520 1966 5573 virtutem
2008 5529 2136 5569 con-

556 5632 769 5689 stantiae
794 5630 848 5682 in
882 5619 1170 5693 passione:
1197 5624 1253 5671 et
1280 5616 1334 5669 in
1360 5630 1421 5669 ea
1449 5614 1527 5668 sic
1567 5610 1797 5665 viriliter
1823 5615 1945 5678 aget
1992 5602 2136 5674 quod

558 5723 625 5778 ad
652 5720 896 5777 lmtitiam
917 5709 1161 5765 victoria:
1186 5706 1516 5776 resurgendo
1563 5700 1869 5774 perveniet.
1930 5698 1997 5752 Et
2027 5711 2131 5750 non

557 5813 729 5871 solum
752 5821 857 5881 pro
882 5801 1084 5857 virtute
1112 5807 1201 5854 tua
1231 5796 1518 5863 laetabitur,
1550 5795 1645 5852 sed
1679 5790 1961 5848 exsultabit
1986 5788 2133 5843 vehe-

1074 397 1130 453 S.
1174 392 1520 452 BRUNONIS
1549 378 2192 448 CARTIIUSIANORUM
2235 376 2724 435 lNSTlTUTORlS
2756 374 2907 433 OPP.
2938 372 3118 430 PARS
3160 372 3201 427 Ι.
3628 376 3710 431 716

932 517 1147 573 Tribuat
1171 515 1289 579 tibi,
1351 522 1455 568 etc.
1517 509 1621 565 Sed
1668 506 1733 560 ad
1786 506 1887 559 hoc
1938 499 2087 571 ponit
2119 504 2162 559 Α
2190 505 2385 551 menter
2406 511 2562 564 super
2586 492 2810 549 salutari
2856 500 2968 556 tuo,
3002 490 3054 545 id
3098 499 3183 546 εει
3224 488 3289 543 de
3334 487 3582 543 salvandis
3628 491 3713 547 tuis

2189 602 2285 656 per
2312 601 2389 641 se.
2450 585 2544 639 Vel
2599 582 3264 642 exsultabitvehemcnter
3319 594 3477 649 super
3524 581 3715 639 salutare

2194 684 2341 730 tuum
2369 674 2678 744 respiciens.
2727 673 2777 727 id
2813 680 2898 727 est
2925 670 3283 726 considerans
3332 669 3447 723 illos
3489 684 3605 736 quos
3642 688 3718 740 per

2193 784 2315 823 eum
2344 767 2599 821 salvahis.
2630 767 2691 821 Et
2726 780 2853 820 vere
2877 764 3167 829 laetabitur,
3197 772 3253 818 et
3279 763 3575 819 exsultabit.
3612 764 3718 821 Nam

2193 860 2509 913 desiderium
2533 860 2707 912 cordis
2731 858 2847 927 ejus
2875 857 3121 931 tribuisti,
3170 857 3221 911 id
3245 865 3327 909 est
3358 856 3550 911 tribues
3588 858 3642 921 ei,
3678 859 3720 912 id

2194 961 2279 1007 est
2308 966 2589 1021 resurgere
2616 959 2669 1005 et
2692 951 2952 1004 mundum
2984 948 3198 1003 salvare
3225 967 3237 1001 :
3271 948 3335 1001 Et
3364 962 3464 1001 non
3508 949 3722 1016 [raudasti

2195 1058 2334 1107 eum,
2370 1041 2419 1095 id
2449 1048 2663 1095 estnon
2713 1039 2983 1093 diminues
3042 1052 3165 1091 eum
3214 1036 3474 1091 voluntate
3513 1038 3725 1091 labiorum

2197 1132 2334 1201 ejus,
2367 1130 2418 1183 id
2448 1140 2532 1184 est
2555 1130 2693 1183 bona
2725 1128 3027 1191 voluntate,
3069 1141 3235 1194 quam
3286 1136 3346 1178 ut
3374 1126 3640 1194 compleas,
3668 1127 3727 1179 la-

2199 1222 2302 1276 biis
2325 1221 2521 1286 orabit,
2563 1221 2613 1274 id
2638 1228 2722 1275 est
2754 1232 3037 1288 resurgere
3059 1228 3113 1271 et
3145 1216 3405 1271 mundum
3451 1217 3651 1271 salvare.
3679 1218 3729 1272 Et

2201 1314 2304 1368 hoc
2331 1322 2413 1368 est
2444 1312 2575 1367 illud
2622 1312 2763 1366 idem
2811 1311 2953 1380 quod
3006 1310 3183 1363 dixit:
3220 1309 3547 1362 Desiderium
3589 1310 3731 1366 cordis

2200 1405 2317 1475 ejus
2340 1404 2571 1459 tribuisti
2601 1404 2678 1469 ei;
2714 1402 2809 1458 sed
2838 1402 3029 1457 adhoc
3053 1401 3248 1457 iterum
3273 1400 3352 1456 sic
3380 1401 3544 1469 ponit,
3568 1410 3613 1454 ut
3633 1416 3732 1456 cum

2202 1512 2308 1551 non
2337 1496 2508 1550 solum
2534 1496 2986 1556 desideraturum,
3008 1494 3102 1550 sed
3119 1495 3282 1548 etiam
3306 1502 3574 1547 oraturum
3591 1504 3735 1547 osten—

2203 1587 2313 1641 dat.
2358 1584 2454 1639 Vel
2480 1600 2585 1639 non
2617 1583 3050 1649 frandastieum,
3083 1584 3403 1654 dcnegando
3447 1584 3731 1638 voluntatem

2204 1676 2473 1731 labiorum
2510 1675 2649 1745 ejus.
2673 1676 2741 1729 Et
2771 1690 2899 1730 ecce
2937 1689 3158 1729 causam
3183 1672 3567 1742 quaretrihues
3585 1685 3629 1726 et
3652 1690 3735 1726 nou

2205 1766 2500 1822 fraudabis.
2537 1766 2796 1832 Quoniam
2824 1766 3117 1837 prtevenisti
3149 1782 3291 1827 eum,
3327 1765 3378 1818 id
3396 1766 3739 1833 estprtevcnire

2135 1841 2178 1896 Β
2206 1860 2374 1914 facies
2400 1873 2524 1914 eum
2574 1872 2764 1913 omnes
2789 1857 2964 1911 alios:
2996 1858 3048 1910 in
3097 1856 3561 1918 benedictionibus,
3601 1855 3643 1908 id
3676 1865 3741 1907 est

2205 1951 2259 2004 in
2286 1949 2714 2005 exaltationibus
2738 1948 3029 2001 dulcedinis
3059 1948 3342 2009 virtutum,
3376 1946 3428 1999 id
3460 1954 3539 2000 est
3570 1946 3740 1999 exalta-

2203 2044 2287 2100 bis
2315 2058 2437 2099 eum
2470 2057 2581 2113 pra:
2610 2041 2865 2097 omnibus
2888 2040 3092 2096 sanctis
3114 2041 3167 2095 in
3195 2038 3484 2095 dulcedine
3505 2038 3739 2100 virtutum,

2205 2136 2340 2199 adeo
2363 2134 2572 2190 scilicet
2610 2142 2670 2188 ut
2706 2133 2838 2187 nihil
2871 2133 3078 2201 peccati
3104 2133 3173 2186 sit
3226 2132 3278 2185 in
3334 2145 3424 2195 eo,
3467 2130 3597 2197 quod
3640 2128 3742 2181 nulli

2206 2226 2296 2279 alii
2324 2225 2619 2294 continget.
2649 2222 2808 2279 Juxta
2834 2222 2960 2275 illud
2993 2239 3006 2275 :
3041 2240 3060 2272 t
3086 2221 3256 2275 Nemo
3307 2220 3537 2274 mundus
3556 2236 3581 2271 a
3602 2218 3743 2277 εει-ὒν,

2208 2328 2309 2368 nec
2339 2313 2517 2368 infans
2537 2312 2692 2382 cujus
2741 2319 2825 2365 est
2869 2310 3030 2364 unius
3084 2310 3187 2363 dici
3238 2310 3349 2362 vita
3384 2323 3544 2376 super
3584 2316 3747 2360 terram

2209 2401 2349 2473 (Job.
2384 2402 2519 2471 xlv).
2558 2420 2576 2452 ι
2612 2399 2707 2455 Vel
2735 2398 3066 2469 prmvenisti,
3099 2399 3149 2451 id
3190 2407 3274 2453 cst
3308 2397 3363 2451 in
3396 2395 3642 2468 principio
3683 2396 3746 2449 in-

2209 2492 2541 2548 carnationis
2569 2506 2681 2546 sua:
2730 2506 2898 2560 pones
2920 2506 3043 2544 eum
3081 2491 3132 2543 in
3176 2489 3629 2544 brnedictiouibus
3659 2487 3751 2540 duls

2211 2582 2437 2648 cedinis,
2468 2583 2523 2637 id
2557 2591 2641 2637 est
2662 2582 3032 2636 immanitatis
3053 2596 3081 2634 a
3112 2590 3357 2650 peccato,
3409 2591 3463 2636 et
3494 2581 3543 2633 in
3572 2579 3751 2633 virtuti-

2210 2674 2330 2737 bus,
2365 2688 2487 2728 eum
2518 2672 2700 2728 caeteri
2728 2672 2879 2741 prius
2908 2671 3119 2726 soleant
3146 2671 3272 2740 poni
3313 2672 3365 2724 iu
3400 2669 3754 2726 ntaledictioui-

2211 2765 2313 2819 bus
2365 2763 2650 2835 originalis
2699 2762 2932 2833 peccati,
2981 2761 3126 2833 quod
3162 2762 3215 2816 in
3249 2761 3520 2831 baptismo
3562 2760 3752 2815 deletur.

2212 2856 2278 2910 Et
2303 2871 2400 2927 per
2430 2858 2533 2910 hoc
2553 2855 2752 2926 dignus
2778 2855 2887 2908 erit
2911 2861 2971 2907 ut
3000 2868 3108 2907 non
3141 2852 3449 2907 fraudetur.
3480 2851 3545 2905 Et
3568 2849 3756 2921 exponit

2215 2949 2385 3019 ipsam
2406 2948 2740 3003 voluntatem
2768 2946 2846 3002 sic
2880 2964 2893 3000 :
2926 2956 2982 3001 et
3012 2946 3139 3015 quia
3169 2946 3307 3000 adeo
3330 2945 3525 3015 dignus
3549 2958 3578 2996 a
3606 2952 3649 2997 te
3668 2941 3756 3003 lict,

2213 3041 2354 3109 quod
2372 3039 2450 3094 sic
2483 3036 2783 3108 praevenies
2821 3035 3214 3106 eum,posuisti
3261 3034 3332 3097 ei,
3378 3033 3431 3088 id
3459 3041 3540 3087 est
3565 3030 3699 3085 dabis
3721 3030 3757 3083 ei

2216 3134 2269 3186 in
2298 3132 2484 3201 capite,
2508 3129 2558 3185 id
2583 3138 2666 3184 est
2694 3130 2746 3183 in
2773 3128 2932 3183 initio
2954 3126 3357 3197 praedicationis
3379 3139 3510 3188 suze,
3530 3136 3758 3183 coronant,

2212 3222 2266 3277 id
2289 3230 2371 3276 est
2398 3219 2769 3275 collectionem
2817 3217 3053 3273 fidelium
3079 3257 3094 3283 ,
3143 3231 3249 3286 qua
3288 3212 3696 3271 circnmdabitur
3721 3218 3763 3263 ει

2212 3312 2495 3368 ornabitur
2524 3321 2581 3365 ut
2616 3306 3322 3379 caputcorona.‘Coronam
3376 3305 3499 3359 dico
3550 3310 3760 3356 sanetam

2214 3404 2279 3458 de
2300 3402 2472 3472 lapide
2498 3403 2748 3472 pretioso,
2787 3400 2841 3455 id
2867 3408 2951 3455 εει
2992 3398 3059 3453 de
3101 3396 3370 3466 lapidibus
3417 3388 3764 3464 pretiosisztle

2218 3494 2477 3567 apostolis
2506 3493 2717 3549 scilicet
2745 3491 2836 3562 qui
2867 3490 3054 3561 fulgidi
3078 3498 3205 3544 sunt
3232 3488 3285 3541 in
3306 3486 3595 3541 virtutibus
3616 3492 3664 3537 et
3683 3480 3764 3534 Deo

2217 3586 2368 3643 ehari
2402 3603 2416 3639 :
2447 3588 2586 3640 sicut
2606 3584 2743 3654 lapis
2768 3584 3042 3653 pretiosus
3063 3581 3300 3651 fulgidus
3331 3587 3386 3635 et
3407 3578 3650 3633 omnibus
3665 3575 3767 3629 cha-

2220 3694 2313 3734 rus
2334 3686 2435 3734 est.
2460 3677 2528 3731 Et
2557 3685 2739 3745 postea
2773 3676 2929 3728 vitam
2953 3673 3129 3742 petiit,
3182 3671 3234 3725 id
3256 3678 3341 3725 est
3368 3677 3517 3739 petet
3538 3684 3564 3721 a
3592 3675 3640 3721 te
3685 3663 3769 3735 60

2221 3779 2269 3824 et
2301 3766 2585 3822 affectione
2606 3775 2661 3821 et
2685 3767 2824 3819 bona
2852 3763 3183 3833 operatione.
3246 3761 3311 3814 Et
3342 3760 3593 3823 tribuisti,
3624 3758 3669 3811 id
3706 3762 3770 3809 est

2223 3860 2427 3913 tribues
2464 3859 2534 3923 ei,
2567 3865 2685 3926 post
2714 3854 3037 3925 completam
3087 3851 3482 3915 obedientiam,
3522 3845 3771 3916 longitudi-

2224 3967 2339 4004 item
2361 3950 2585 4010 dierum,
2628 3947 2681 4001 id
2707 3954 2790 4000 est
2820 3943 3190 4013 longissimam
3232 3941 3428 4005 vitam,
3493 3942 3770 3993 duraturam

2224 4042 2280 4096 iu
2309 4040 2561 4095 swculum
2593 4037 2736 4092 istud
2768 4050 3031 4106 praesens,
3063 4044 3109 4088 et
3137 4035 3189 4086 in
3220 4031 3475 4086 sa'cuium
3506 4028 3676 4083 steculi
3698 4028 3773 4079 ιιιι·

2218 4132 2307 4202 jus
2333 4129 2759 4191 subsecutivum,
2793 4125 2846 4181 id
2876 4135 2960 4180 est
2986 4140 3225 4193 semper,
3265 4132 3325 4178 ut
3350 4124 3429 4175 ait
3451 4121 3647 4175 Paulus
3671 4130 3771 4187 apo-

2226 4222 2437 4278 stolus:
2473 4236 2491 4271 t
2524 4218 2774 4274 Christus
2817 4229 3105 4285 resurgens
3154 4228 3219 4267 ex
3275 4198 3510 4267 mortuis
3551 4210 3657 4281 jam
3692 4221 3774 4259 non

2227 4313 2477 4378 moritur,
2505 4321 2609 4366 etc.
2646 4329 2665 4364 ι
2702 4309 2882 4381 (Rom.
2910 4325 2985 4371 χι,
3018 4308 3096 4375 9.)
3144 4305 3212 4359 Et
3258 4305 3374 4375 ipse
3419 4303 3565 4358 volet
3614 4300 3776 4355 habere

2228 4421 2479 4480 magnam
2509 4404 2735 4476 gloriam
2791 4403 2845 4456 in
2880 4400 3325 4456 resurrectione:
3360 4397 3430 4452 Et
3475 4412 3661 4466 magna
3697 4392 3778 4446 erit

2230 4503 2399 4575 gloria
2426 4500 2539 4571 ejus
2560 4500 2615 4553 in
2637 4498 2860 4553 salutari
2906 4504 3023 4559 tuo,
3077 4493 3130 4547 id
3156 4501 3239 4547 est
3261 4493 3315 4545 in
3345 4492 3644 4546 salvatioue
3690 4496 3777 4546 tua,

2232 4594 2450 4664 quando
2465 4590 2760 4647 suscitabis
2788 4604 2911 4644 eum
2939 4603 2970 4641 a
3000 4583 3248 4640 mortuis.
3277 4582 3342 4636 Et
3367 4582 3484 4653 ipse
3534 4580 3671 4635 volet
3709 4578 3779 4629 ha-

2231 4686 2360 4740 bere
2380 4684 2612 4755 gloriosa
2639 4691 2695 4737 et
2722 4682 2921 4736 decora
2967 4678 3236 4734 membra.
3284 4674 3353 4729 Et
3381 4684 3433 4728 tu
3468 4673 3715 4741 imponeS.
3740 4664 3779 4717 id

2233 4784 2317 4831 est
2341 4774 2592 4830 fundabis
2614 4786 2777 4841 super
2798 4786 2922 4826 eum
2956 4778 3016 4823 ut
3045 4769 3117 4824 sit
3140 4768 3547 4821 firmamentum
3573 4772 3627 4815 et
3651 4764 3781 4825 caput

2235 4883 2457 4932 eorum,
2516 4865 2761 4936 gloriam,
2791 4863 2843 4918 id
2873 4871 2954 4916 est
2976 4861 3237 4930 gloriosos
3260 4856 3486 4917 scilicet,
3504 4865 3548 4907 et
3573 4861 3782 4919 magnam

2234 4962 2494 5023 decorem,
2528 4959 2579 5013 id
2615 4967 2699 5013 est
2728 4955 3016 5026 magniﬁce
3042 4953 3271 5007 decoros
3306 4949 3358 5002 in
3390 4948 3593 5000 virtute
3622 4953 3668 4998 ει
3688 4954 3785 4995 San-

2236 5052 2439 5105 ctitate.
2466 5048 2620 5104 Unde
2650 5046 2941 5117 Apostolus
2975 5062 2989 5097 :
3023 5063 3040 5095 ‹
3062 5038 3488 5111 Supcrtcdificati
3513 5051 3666 5105 super
3689 5032 3786 5084 fun-

2236 5143 2547 5197 damentum
2568 5138 2934 5210 apostolorum
2951 5144 3004 5190 et
3020 5132 3403 5203 prephetarum
3415 5170 3429 5192 ,
3444 5138 3547 5182 etc.
3563 5145 3583 5178 ι
3604 5123 3785 5195 (ipim.

2235 5251 2299 5300 ιι,
2328 5233 2443 5302 20.)
2480 5232 2546 5287 Et
2574 5232 2793 5302 dignum
2844 5229 2949 5285 erit
2990 5237 3051 5280 ιιι
3078 5239 3242 5295 super
3291 5235 3417 5277 eum
3455 5221 3787 5283 imponantur.

2307 5325 2575 5391 Quoniam
2608 5323 2763 5378 dabis
2791 5337 2915 5375 eum
2946 5322 2999 5373 in
3052 5312 3497 5371 benedictionibus
3548 5311 3789 5365 membro'

2236 5433 2356 5471 rutn
2389 5431 2633 5480 suorum,
2674 5413 2727 5468 id
2749 5423 2832 5468 est
2872 5413 2924 5465 in
2952 5405 3397 5469 exaltationibus,
3441 5411 3502 5457 ut
3533 5402 3725 5457 exaltet
3749 5397 3789 5448 in

2243 5507 2543 5562 virtutibus
2570 5521 2714 5568 suos,
2742 5505 2808 5559 de
2831 5499 3175 5573 generatione
3202 5495 3256 5549 in
3286 5492 3690 5564 generationem
3721 5500 3791 5539 us~

2236 5610 2340 5665 que
2378 5598 2435 5651 in
2458 5591 2928 5652 steculumstcculi.
2971 5585 3288 5656 Interposita
3311 5596 3498 5644 cauea,
3540 5576 3795 5635 revertitur

2238 5688 2304 5743 ad
2334 5688 2471 5743 bona
2496 5703 2615 5757 quae
2666 5686 2892 5741 daturus
2917 5689 2999 5737 est
3044 5679 3092 5734 ei
3122 5678 3303 5740 Pater,
3353 5688 3477 5742 qua:
3507 5678 3796 5727 enumerare

2237 5781 2403 5850 C(Bpil
2436 5779 2593 5835 :Dixi
2620 5778 2743 5849 quia
2771 5776 2916 5831 volet
2940 5789 2955 5828 :
2981 5781 3033 5827 ει
3061 5773 3309 5837 importes
3344 5782 3511 5837 super
3552 5779 3671 5822 eum
3708 5774 3797 5816 nia-
