3862 6322
161 429 235 484 717

1001 410 1358 469 EXPOSlTlO
1400 411 1462 465 ΙΝ
1504 410 1833 467 Ρδλωίῧὸ.
1860 440 1931 452 -
1956 408 2148 466 PSAL.
2190 408 2329 464 XXI.

3195 412 3295 467 728

154 553 275 611 gnum
296 535 540 588 decorem.
570 528 636 584 Et
655 527 792 583 volet
816 527 974 583 etiam
996 526 1167 582 laetari
1198 527 1264 580 de
1293 524 1486 592 gaudio
1510 523 1633 577 bea-
1665 532 1707 586 Α
1736 538 1812 587 xt,
1833 522 1941 592 50).
1969 539 1988 573 ι
2022 522 2087 576 Ει
2113 522 2461 589 cogitaverunt
2490 518 2730 585 consilia,
2751 536 2866 590 qua?
2897 535 2997 573 non
3019 530 3297 590 potuerunt

156 624 341 686 titudiuis
365 634 568 675 suorum
601 618 653 671 in
689 616 883 670 futuro.
907 615 973 668 Et
1003 623 1055 668 tu
1100 614 1386 680 ltetiﬁcabis
1437 627 1552 665 eum
1581 611 1635 664 in

150 716 296 791 gaudio
321 723 517 777 suorum
539 710 682 777 quod
709 708 975 761 habebunt
1000 722 1117 759 cum
1148 704 1290 758 vultu
1332 715 1440 767 tuo,
1476 705 1525 757 id
1554 711 1639 757 est

151 804 315 877 quando
338 805 476 854 erunt
502 798 553 851 in
582 796 865 865 praesentia
893 803 979 847 Illa
1004 794 1055 847 in
1081 793 1251 847 ccelis.
1318 793 1469 849 Unde
1490 795 1634 862 Apo-

148 894 349 951 stolusu
372 884 648 953 Rapiemur
669 884 875 938 obviam
906 882 1129 935 Domino
1182 881 1234 934 in
1284 895 1434 945 aera,
1473 891 1528 936 et
1557 882 1635 937 sic

148 995 310 1050 semper
338 992 447 1032 cum
489 974 710 1027 Domino
732 973 928 1027 erimus
974 970 1059 1041 (ΙΙ
1083 970 1479 1041 Tltess.1v,l7).
1507 990 1525 1022 ι
1567 971 1635 1026 Ει

142 1073 294 1131 merito
321 1065 518 1142 habebit
550 1080 648 1134 per
685 1075 735 1117 te
778 1063 890 1116 haec
937 1062 1118 1115 omnia
1165 1076 1284 1128 quae
1311 1061 1423 1114 dixi
1453 1078 1465 1114 :
1493 1060 1636 1126 Quo-

144 1168 250 1220 niam
272 1163 367 1230 ipse
391 1173 473 1211 rex
492 1166 680 1225 sperat,
709 1154 757 1207 id
778 1164 857 1208 est
879 1168 1024 1222 spem
1059 1152 1275 1206 habebit
1318 1154 1372 1205 in
1427 1160 1478 1205 te
1527 1151 1636 1204 Do-

140 1256 246 1308 mino
268 1270 281 1305 :
302 1266 395 1304 non
428 1250 474 1301 in
500 1247 752 1309 terrenis,
775 1254 828 1299 et
860 1245 978 1297 ideo
1024 1260 1125 1297 non
1177 1243 1575 1297 commovebitur
1602 1256 1632 1296 a

139 1345 248 1397 bono
284 1338 532 1409 preposito
571 1352 688 1390 suo.
741 1334 805 1388 In
856 1334 1208 1387 misericordia
1249 1335 1329 1387 sui
1378 1332 1632 1386 Altissimi

136 1428 415 1490 conﬁdendo,
442 1436 498 1479 ut
522 1426 659 1479 idem
688 1425 737 1477 in
768 1422 1057 1492 Evangelio
1079 1440 1092 1475 :
1116 1441 1133 1473 ι
1162 1423 1275 1477 Non
1303 1437 1417 1491 mea
1446 1422 1632 1476 volun-

136 1531 215 1581 tas,
242 1519 320 1572 sed
349 1527 429 1570 tua
457 1517 543 1569 liat
587 1514 737 1583 (Luc.
784 1529 914 1575 χχιι,
962 1514 1074 1581 49.).
1107 1531 1126 1563 ι
1192 1512 1341 1566 Facit
1384 1522 1629 1581 apostro-

132 1609 254 1676 pltatn
281 1605 339 1657 ad
377 1606 539 1673 ipsum
562 1617 742 1672 regem
789 1590 1080 1669 satagenth
1127 1603 1192 1655 de
1232 1600 1521 1664 salvandis,
1576 1610 1632 1655 et

132 1696 403 1751 enuntianda
432 1696 494 1748 de
522 1693 838 1747 damnandis
862 1695 940 1746 sic
965 1711 978 1746 :
1011 1693 1125 1746 Dixi
1154 1694 1294 1761 quod
1325 1695 1402 1747 sic
1423 1694 1627 1761 glorio-

130 1802 200 1840 sus
226 1786 317 1838 eris
342 1802 354 1837 :
378 1784 511 1837 sicut
532 1782 833 1838 ostenditur
862 1783 1153 1851 continget.
1186 1782 1391 1836 Etcum
1421 1783 1497 1836 sic
1520 1782 1630 1851 glo-

1735 612 1986 676 stabilire,
2017 612 2069 665 id
2096 612 2177 666 est
2205 624 2288 664 me
2310 611 2362 664 in
2392 619 2563 665 morte
2594 612 2854 676 detinere,
2910 611 3049 667 sicut
3100 612 3199 681 ipsi
3230 613 3294 665 ad

1735 702 1959 756 Pilatqu
1988 703 2265 757 dixerunt:
2286 720 2304 753 ι
2324 701 2456 757 lube
2481 702 2735 757 custodiri
2763 702 3293 771 sepulcrumllllatth.

1734 804 1899 854 xxvn,
1926 790 2034 860 64),
2074 809 2091 841 ι
2125 801 2229 845 etc.
2260 790 2325 844 Et
2357 791 2480 845 inde
2524 791 2637 846 haec
2662 793 2880 846 caecitas
2905 794 2985 847 eis
3021 793 3291 862 continget

1735 889 1793 934 ut
1815 881 1927 935 haec
1954 880 2175 935 consilia
2198 881 2451 951 cogitent.
2484 881 2742 945 Quoniam
2764 898 2921 950 pones
2947 900 3031 937 eos
3058 883 3292 950 dorsum,

1735 968 1786 1022 id
1810 978 1891 1024 est
1919 978 2127 1039 spretos
2152 986 2178 1022 a
2212 980 2282 1033 te,
2312 978 2370 1023 ut
2393 984 2479 1024 res
2502 984 2620 1038 quae
2643 979 2761 1038 post
2792 977 2997 1041 tergum
3021 970 3145 1039 abjit
3163 972 3292 1035 itur,

1733 1058 1968 1120 dorsum,
1997 1073 2091 1113 eos
2120 1060 2420 1129 empltatice
2439 1060 2589 1113 dicit.
2621 1060 2686 1113 Et
2712 1075 2777 1114 ne
2816 1070 3126 1129 putaremus
3154 1062 3293 1132 quod

1734 1149 1928 1203 nullius
1957 1158 2097 1203 esset
2128 1160 2311 1219 postea
2344 1150 2689 1215 misertnrus,
2740 1151 2820 1205 sic
2848 1153 3092 1208 addendo
3118 1155 3293 1208 deter-

1732 1238 1903 1291 minat
1934 1254 1948 1291 :
1984 1239 2110 1292 Dico
2130 1239 2253 1307 quia
2280 1255 2435 1308 pones
2472 1256 2556 1293 eos
2582 1239 2812 1302 dorsum,
2842 1250 2897 1294 et
2936 1256 3040 1295 non
3084 1258 3292 1297 omnes.

1732 1325 1863 1380 Nam
1885 1328 2204 1397 prwparabis
2235 1329 2426 1394 adhuc,
2459 1332 2512 1383 td
2546 1340 2630 1385 est
2656 1332 2939 1398 restitues;
2982 1332 3179 1387 vultum
3208 1351 3293 1388 eo-

1732 1432 1867 1481 rum,
1892 1417 1945 1471 id
1968 1426 2051 1471 est
2079 1418 2224 1471 visus
2246 1433 2431 1472 eorum
2456 1420 2652 1473 mentis
2676 1421 2766 1489 qui
2788 1421 3082 1475 exstinctus
3105 1429 3295 1491 estper

1731 1505 2122 1560 inﬁdelitatem.
2162 1508 2224 1560 Et
2252 1507 2353 1561 hoc
2384 1522 2485 1561 non
2514 1509 2565 1561 in
2593 1509 2862 1572 omnibus,
2924 1511 3017 1564 sed
3063 1512 3118 1564 in
3168 1511 3294 1564 reli-

1727 1596 1884 1664 quiis,
1912 1596 1963 1649 id
1990 1597 2149 1650 estin
2185 1595 2288 1650 illis
2325 1611 2462 1665 quos
2494 1597 2768 1666 relinques
2805 1598 3108 1664 salvandos,
3153 1600 3296 1655 unde

1728 1685 2014 1754 Apostolus
2046 1701 2061 1740 :
2095 1705 2112 1737 t
2141 1686 2402 1756 Reliquias
2432 1687 2593 1742 salva:
2621 1689 2754 1743 lient
2805 1688 2982 1759 (Rom.
3013 1706 3087 1755 Ix,
3111 1691 3223 1761 27).
3270 1709 3289 1741 ι

1734 1776 1825 1831 Vel
1854 1777 2171 1847 prteparabis
2194 1778 2388 1831 vultum
2411 1794 2589 1831 eorum
2617 1780 2671 1833 in
2698 1779 2929 1848 reliquiis
2973 1783 3097 1847 tuis,
3129 1781 3181 1835 id
3211 1792 3295 1837 est

129 1875 268 1926 riusus
293 1873 411 1935 eris,
446 1872 735 1924 inveniatur
760 1887 962 1935 atauus,
994 1871 1046 1924 id
1085 1878 1166 1924 est
1197 1872 1428 1939 potentia
1461 1871 1627 1925 virtn-
1662 1854 1701 1909 Β
1729 1880 1824 1936 per
1846 1867 2014 1920 Eliatn
2045 1877 2099 1921 et
2132 1868 2333 1933 Enocb,
2363 1884 2497 1937 quos
2524 1870 2590 1924 ad
2624 1870 2724 1924 hoc
2743 1883 2875 1939 opus
2899 1870 3047 1925 vivos
3076 1871 3294 1941 reliqui-

131 1964 182 2018 tis
210 1973 292 2017 tua:
315 1962 538 2015 omnibus
562 1963 783 2016 inimicis
804 1964 925 2026 tuis,
962 1972 1070 2016 tam
1096 1961 1294 2017 Judtcis
1321 1977 1480 2031 quam
1507 1979 1627 2027 gen-

127 2056 252 2119 tibus,
280 2056 324 2108 id
344 2065 422 2108 est
448 2065 774 2122 cognoscant
806 2065 855 2107 te
874 2061 1147 2123 potentem
1189 2063 1244 2107 et
1281 2055 1347 2108 ad
1400 2063 1451 2109 te
1499 2071 1627 2109 con-

127 2153 372 2197 vertantur.
387 2142 593 2196 Manum
607 2144 755 2212 ponit
772 2158 868 2212 pro
882 2143 1145 2212 potentia,
1163 2143 1286 2212 quia
1309 2144 1360 2197 in
1380 2146 1627 2199 manibus

123 2250 356 2303 operatnur
374 2244 425 2288 et
446 2234 696 2287 virtutem
722 2234 1002 2288 habemus.
1064 2234 1128 2288 Et
1171 2234 1213 2288 si
1265 2248 1361 2303 per
1404 2250 1462 2288 se
1519 2249 1625 2289 non

124 2324 550 2393 possuntiuvenire
580 2338 700 2378 cum
727 2324 929 2378 debiles
964 2324 1092 2389 sint,
1142 2324 1356 2378 dextera
1409 2334 1521 2387 tua,
1574 2324 1625 2380 id

121 2423 181 2467 est
200 2416 406 2483 potentia
440 2415 823 2469 misericordia:
853 2424 954 2469 tua:
982 2416 1204 2469 inveniat
1234 2431 1331 2484 per
1364 2417 1627 2486 praedica-

122 2512 230 2558 tores
252 2522 407 2558 omnes
435 2510 521 2575 qui
544 2516 591 2559 te
611 2507 846 2570 oderunt,
873 2516 979 2559 tam
1001 2506 1211 2561 Iudaeos
1230 2522 1389 2576 quam
1414 2518 1622 2578 gentes,

120 2595 189 2648 tibi
209 2598 402 2651 credere
426 2608 479 2650 et
506 2598 727 2652 obedire
759 2597 1023 2651 nolentes.
1081 2596 1194 2652 Non
1244 2598 1374 2652 dicit
1411 2613 1622 2664 omnes,

119 2684 209 2738 ideo
230 2691 354 2753 quod
401 2702 592 2742 omnes
645 2687 950 2741 inveniendi
1009 2687 1114 2741 sint
1148 2706 1159 2740 :
1198 2687 1288 2742 sed
1340 2695 1515 2742 tamen
1557 2705 1624 2744 ex

117 2773 347 2831 aliectione
368 2777 529 2830 nimia
556 2791 654 2847 pro
674 2777 924 2832 omnibus
944 2785 1082 2830 orat.
1124 2775 1231 2831 Oro
1278 2787 1337 2831 ιιι
1383 2777 1624 2834 invenias

116 2880 262 2922 omnes
288 2870 372 2936 qui
403 2878 452 2923 te
473 2871 727 2924 oderunt.
754 2870 817 2924 Et
846 2886 973 2924 vere
1004 2869 1200 2924 multos
1223 2871 1487 2933 invenies,
1520 2872 1623 2926 etsi

115 2971 193 3009 non
224 2972 409 3013 omnes.
443 2958 548 3012 Eos
582 2975 707 3014 vero
738 2974 872 3027 quos
916 2975 1019 3011 non
1068 2959 1325 3025 invenies,
1356 2976 1513 3027 pones
1567 2970 1623 3014 ut

114 3044 322 3099 clibanum
350 3048 501 3117 ignis,
538 3048 589 3101 id
622 3056 703 3102 est
728 3047 933 3102 similes
973 3047 1187 3102 clibano
1242 3049 1431 3117 iguito.
1487 3049 1622 3114 Quia

113 3134 217 3188 sicut
239 3138 449 3193 interius
467 3138 714 3194 clibanus
750 3139 922 3202 ardet,
962 3140 1033 3193 ita
1066 3139 1165 3208 ipsi
1217 3140 1443 3194 interius
1481 3139 1621 3193 mala

112 3227 383 3281 conscientia
412 3230 712 3293 ardebunt;
746 3228 801 3281 in
825 3237 1049 3298 tempore
1076 3228 1247 3281 vultus
1298 3229 1394 3291 tui,
1445 3229 1497 3281 id
1542 3238 1625 3281 est

111 3313 286 3371 iratum
315 3336 328 3370 :
360 3320 409 3373 in
440 3319 733 3389 diejudicii
759 3314 984 3373 scilicet.
1016 3316 1168 3373 Unde
1221 3318 1445 3374 Paulus:
1475 3337 1493 3369 ι
1523 3319 1624 3373 Te-

110 3405 367 3459 stimonium
394 3407 655 3461 reddente
695 3407 1023 3461 conscientia
1054 3421 1264 3471 eorum,
1316 3416 1372 3461 et
1421 3408 1621 3477 cogita-

110 3494 269 3549 tionum
290 3497 423 3551 inter
450 3513 510 3552 se
541 3499 770 3553 invicem
794 3498 1166 3551 accusantium
1192 3497 1368 3567 (Itoni.
1398 3514 1456 3562 ιι,
1476 3500 1613 3568 15).»

106 3584 209 3650 Quia
236 3603 353 3643 vero
383 3590 436 3643 in
478 3589 628 3642 vultu
670 3590 748 3642 ira
780 3588 919 3643 solet
954 3603 1234 3657 apparere,
1269 3589 1471 3643 vultum
1524 3605 1621 3660 pro

105 3673 163 3729 ira
188 3680 345 3746 ponit:
373 3691 429 3733 ut
460 3681 589 3736 alibi
620 3680 905 3735 Psalmista
931 3698 943 3733 :
979 3697 998 3731 ‹
1028 3679 1216 3733 Vultus
1233 3682 1438 3735 Domini
1461 3697 1621 3751 super

102 3765 313 3824 iacientes
338 3772 473 3824 mala
508 3771 681 3841 (Psal.
712 3787 804 3833 xx,
832 3772 934 3840 t7),
973 3790 991 3822 ι
1021 3779 1197 3825 etnon
1222 3772 1392 3825 solum
1419 3788 1619 3841 ponen-

102 3866 169 3910 tur
197 3869 245 3911 ut
270 3862 510 3917 clibanus
560 3880 574 3916 :
616 3861 709 3917 sed
752 3873 809 3916 et
856 3860 1115 3915 Dominus
1165 3864 1487 3915 conturbabit
1531 3879 1617 3917 eos

100 3948 275 4002 tristitia
301 3960 351 4004 et
382 3960 532 4004 metu
565 3970 580 4005 :
609 3952 661 4004 in
684 3953 764 4003 ira
784 3967 900 4014 sua,
931 3949 983 4003 id
1011 3960 1093 4003 est
1117 3952 1330 4019 quando
1352 3952 1619 4006 videbitur

97 4035 156 4086 eis
177 4037 324 4092 iratus
339 4040 597 4094 dicendo:
628 4058 645 4089 ι
679 4039 945 4093 Discedite
963 4054 990 4092 a
1014 4055 1119 4101 me,
1145 4038 1430 4101 maledicti,
1461 4060 1480 4091 ι
1505 4050 1613 4095 etc.

95 4126 267 4191 (Matth.
297 4146 417 4194 xxv,
445 4131 563 4201 41.)
597 4130 663 4183 Et
706 4145 798 4185 eos
848 4131 1194 4184 conturbatos
1242 4131 1523 4195 devorabit,
1562 4131 1617 4185 id

95 4225 156 4265 est
196 4218 496 4289 submerget
558 4219 691 4287 ignis
743 4227 1019 4272 aeternus:
1067 4227 1123 4270 ut
1179 4219 1229 4271 in
1284 4218 1612 4288 Evangelia:

95 4319 109 4352 ι
136 4303 326 4363 lbnntlti
346 4311 395 4364 in
417 4311 745 4379 supplicium
773 4319 1032 4363 aeternum
1062 4309 1273 4380 (illiut/1.
1301 4326 1423 4375 xxv,
1451 4312 1561 4381 46).
1590 4330 1609 4365 ι

92 4393 140 4446 Et
169 4415 259 4451 non
293 4404 666 4456 tantummodo
693 4417 788 4456 eos
816 4402 1160 4456 conturbabis
1185 4420 1197 4456 :
1224 4406 1317 4457 sed
1363 4404 1614 4472 fructum,

1729 1960 1827 2025 sti;
1858 1970 1912 2014 et
1945 1970 2004 2013 ut
2028 1960 2142 2015 haec
2176 1961 2357 2015 omnia
2391 1962 2552 2027 ﬁant,
2582 1979 2615 2018 ο
2642 1962 2882 2029 Domine,
2927 1965 3159 2019 exaltare
3183 2004 3199 2030 ,
3241 1966 3293 2021 id

1728 2058 1811 2104 est
1836 2058 2024 2117 potens
2048 2058 2270 2121 apparo;
2304 2051 2357 2105 in
2382 2052 2569 2106 virtute
2593 2064 2704 2115 tua,
2758 2053 2808 2108 id
2859 2062 2942 2108 est
2989 2056 3294 2110 exercendo

1726 2141 1978 2195 virtutem
2012 2141 2155 2195 tuam
2183 2158 2342 2211 quam
2366 2143 2610 2212 praedixi,
2635 2144 2839 2199 scilicet
2864 2146 3206 2215 resurgendo,
3239 2155 3295 2200 et

1729 2240 1848 2286 tuos
1874 2231 2243 2301 gloriﬁcando,
2272 2243 2326 2287 et
2348 2233 2595 2291 inimicos
2620 2235 2920 2304 perdendo.
2979 2235 3088 2291 Nos
3111 2248 3291 2292 autem

1726 2320 2052 2373 cantabimus
2075 2329 2122 2373 et
2148 2320 2428 2389 psallentus
2450 2322 2663 2376 virtutes
2692 2333 2827 2385 tuas,
2864 2324 2914 2376 id
2940 2334 3024 2377 est
3048 2324 3288 2379 celebra-

1725 2409 1901 2463 bimus
1926 2410 2023 2463 has
2052 2410 2276 2464 virtutes
2306 2418 2445 2475 tuas,
2498 2412 2709 2466 cantico
2754 2413 2907 2467 bona:
2954 2411 3280 2478 allectionis,

1724 2508 1780 2553 et
1805 2498 2031 2568 psalmo,
2062 2500 2113 2553 id
2146 2508 2229 2554 est
2263 2500 2401 2553 bona
2424 2501 2766 2570 Operatione;
2786 2502 2926 2572 quod
2955 2504 3239 2559 estdicere
3270 2523 3284 2559 :

1724 2590 1806 2644 Ad
1828 2591 2088 2646 honorem
2113 2591 2372 2646 virtutum
2421 2601 2634 2647 tuarum
2665 2594 2804 2649 bene
2844 2593 3200 2665 cogitabimus
3237 2604 3294 2651 et

1724 2681 2083 2750 operabimur.

2200 2771 2264 2825 IN
2297 2771 2519 2827 PSALM
2529 2771 2626 2828 ΠΜ
2667 2771 2807 2827 XXI.

1754 2892 1755 2895 η
1796 2860 2001 2917 Titulus
2035 2862 2273 2932 vigesitui
2303 2864 2481 2932 primi.
2513 2862 2579 2918 In
2612 2863 2767 2931 ﬁnem
2812 2879 2907 2934 pro
2944 2866 3291 2933 assumptione

1723 2954 1979 3006 matutina
1993 2953 2222 3022 psalmus
2238 2954 2421 3008 David.
2449 2954 2599 3021 Quod
2611 2955 2687 3011 sic
2707 2957 3022 3024 exponitur:
3046 2955 3290 3011 Psalmus

1726 3044 1826 3098 iste
1860 3045 2236 3099 attribuendus
2260 3055 2343 3101 est
2385 3046 2549 3100 David
2569 3086 2583 3111 ,
2616 3047 2669 3101 id
2697 3057 2780 3101 est
2807 3047 3023 3102 Christo
3052 3048 3289 3101 tendenti

1726 3134 1778 3187 in
1812 3136 1989 3198 tinem,
2024 3136 2074 3189 id
2101 3145 2182 3190 est
2224 3137 2275 3189 in
2306 3136 2585 3191 victoriam
2640 3152 2759 3205 qua:
2804 3137 2927 3193 linis
2967 3147 3049 3193 est
3097 3154 3290 3194 cursus

1724 3226 2038 3281 obcdientiae
2065 3227 2199 3296 ejus.
2227 3226 2325 3282 Ubi
2357 3242 2482 3281 vero
2504 3242 2601 3282 nos
2626 3229 2714 3282 hic
2737 3228 2997 3283 habemus
3018 3229 3071 3281 in
3090 3228 3287 3297 ﬁnem:

1725 3314 1932 3369 Hebraei
1970 3316 2186 3380 habent,
2226 3316 2427 3370 victori.
2464 3315 2556 3371 Vel
2584 3318 2634 3370 in
2676 3317 2855 3380 finem,
2888 3316 2939 3371 id
2975 3326 3055 3372 est
3086 3318 3137 3371 in
3168 3332 3292 3387 per-

1723 3405 2116 3469 severantiam;
2162 3404 2327 3459 David
2370 3406 2491 3461 dico
2536 3407 2717 3475 agenti
2768 3421 2866 3476 pro
2919 3407 3288 3475 assumptione

1723 3497 2005 3560 tnatutina,
2058 3496 2108 3550 id
2159 3505 2241 3551 est
2287 3511 2385 3566 pro
2440 3497 2842 3553 resurrectione
2885 3513 3004 3568 qua:
3063 3498 3290 3567 contigit

1723 3604 1900 3652 mane,
1930 3592 1982 3644 in
2017 3606 2122 3660 qua
2150 3591 2292 3647 Deus
2324 3608 2445 3648 eum
2473 3596 2763 3663 assumpsit
2787 3596 2854 3651 de
2887 3594 3188 3649 humilitate
3219 3595 3288 3649 ad

1721 3682 1942 3753 gloriam
1969 3697 1985 3745 ;
2025 3683 2089 3735 de
2120 3682 2445 3736 mortalitate
2486 3685 2550 3739 ad
2581 3685 3056 3741 immortalitatem.
3091 3684 3144 3737 ln
3176 3683 3284 3739 He-

1718 3771 1899 3824 braica
1927 3786 2054 3824 vero
2076 3771 2426 3826 translatione
2451 3774 2683 3828 habetur
2702 3791 2796 3843 pro
2826 3790 2973 3828 cerva
3003 3774 3283 3837 matutina,

1719 3859 1859 3927 quod
1890 3857 2029 3911 idem
2055 3866 2138 3912 est
2166 3858 2218 3911 in
2250 3859 2535 3912 sententia.
2569 3860 2735 3926 Quasi
2762 3861 2906 3915 dicat
2939 3859 3168 3931 :Agenti
3190 3874 3288 3929 pro

1719 3964 1876 4003 cerva
1903 3948 2185 4011 matutina,
2218 3948 2268 4002 id
2298 3958 2381 4003 est
2404 3965 2502 4020 pro
2524 3949 2710 4005 laetitia
2754 3966 2949 4016 cervas,
2997 3950 3048 4004 id
3074 3959 3159 4005 est
3188 3950 3286 4003 bu-

1718 4039 1990 4093 manitatis
2017 4053 2128 4093 sua:
2160 4039 2400 4094 in‘maue
2445 4041 2731 4110 gavisurze.
2762 4041 2913 4108 Quod
2948 4049 3032 4095 est
3059 4040 3279 4095 dicere:

1716 4129 1820 4184 Pro
1843 4129 2024 4183 laetitia
2053 4130 2484 4185 resurrectionis.
2512 4130 2682 4186 Cerva
2708 4148 2835 4186 vero
2860 4130 3060 4187 Christi
3086 4131 3281 4184 huma-
3356 4134 3357 4137 “

1717 4222 1858 4277 nitas
1896 4236 1994 4291 per
2039 4221 2444 4276 similitudinem
2476 4222 2693 4277 dicitur.
2742 4222 3033 4277 Cervarum
3061 4222 3203 4275 enim
3228 4229 3284 4275 et

1716 4316 1876 4369 etiam
1918 4330 2197 4369 cervorum
2236 4324 2318 4368 est
2366 4329 2521 4368 mane
2553 4329 2652 4385 pro
2694 4314 2799 4369 diei
2838 4315 3070 4368 adventu
3118 4313 3279 4368 nimis

1715 4404 1988 4473 gaudere;
2021 4403 2092 4455 ita
2120 4410 2173 4456 et
2197 4401 2394 4456 Christi
2428 4402 2734 4456 humanitas
2780 4402 2833 4455 in
2879 4401 3139 4455 matutina
3183 4417 3279 4455 sua

90 4486 211 4543 idest
231 4491 380 4557 lilios,
400 4495 705 4549 imitatores
726 4498 947 4563 scilicet,
966 4514 1143 4552 eorum
1165 4498 1363 4566 perdes,
1388 4496 1451 4550 de
1475 4506 1613 4550 terra
1641 4507 1689 4564 υ
1716 4492 2111 4546 resurrectione
2139 4505 2235 4559 pro
2258 4490 2573 4545 mteruitatis
2596 4491 2824 4545 adventu
2851 4492 3032 4562 gavisa
3053 4500 3155 4545 est.
3183 4490 3281 4547 Be-

89 4580 335 4636 viventimn
356 4585 611 4651 delcudo,
641 4595 698 4639 ut
743 4587 868 4641 alibi
913 4588 1195 4642 Psalmista
1225 4604 1237 4639 :
1274 4603 1294 4636 α
1328 4586 1617 4641 Deleantur

87 4668 135 4722 de
160 4670 278 4727 libro
303 4675 629 4736 viventium,
659 4685 715 4728 et
767 4691 889 4729 cum
943 4675 1104 4742 justis
1148 4690 1253 4729 non
1306 4674 1616 4729 scribantur

86 4754 221 4822 (Ρειιι.
258 4778 443 4824 vatu,
468 4765 628 4834 29),:
681 4774 861 4818 etnon
912 4765 1083 4819 solum
1122 4766 1187 4819 de
1233 4773 1373 4817 terra
1430 4764 1616 4817 viven-

86 4845 203 4912 tium,
226 4853 313 4905 sed
340 4853 431 4907 hic
453 4854 623 4908 etiam
655 4855 846 4921 perdes
870 4871 1065 4917 semen,
1094 4855 1142 4907 itl
1173 4862 1255 4907 est
1283 4853 1501 4908 eosdem
1552 4852 1615 4906 li-

83 4933 158 4989 lios
180 4957 365 5007 eorum,
396 4961 428 4996 a
460 4944 593 5010 ﬁliis
616 4945 881 4996 hominum
903 4945 1235 5013 segregando
1284 4943 1392 5007 hic,
1449 4944 1502 4997 id
1529 4951 1614 4999 est

82 5035 103 5072 τι
129 5026 346 5084 fidelibus
380 5031 665 5094 Ecclesiae,
689 5031 780 5101 qui
810 5042 935 5085 sunt
980 5032 1279 5086 imitatores
1323 5033 1611 5100 pr0pbeta~

81 5126 169 5167 rum
190 5127 238 5169 et
258 5121 653 5188 aposmlorum,
687 5124 776 5189 qui
812 5122 1027 5173 fuerunt
1049 5120 1310 5185 homines,
1342 5119 1395 5173 id
1419 5130 1501 5173 est
1528 5134 1613 5173 ra-

81 5202 325 5263 tionabiles
358 5229 371 5263 :
400 5212 525 5263 Dixi
559 5213 699 5279 quod
725 5226 888 5279 pones
917 5228 1009 5266 eos
1034 5221 1089 5266 et
1134 5211 1516 5276 conturbabis;
1558 5219 1612 5265 et

75 5299 248 5353 merito.
279 5302 551 5366 Quoniam
581 5303 961 5356 declinaverunt
1004 5305 1057 5356 in
1103 5313 1150 5356 te
1178 5302 1337 5367 mala,
1391 5318 1509 5370 quae
1541 5303 1609 5357 ti-

76 5396 284 5441 muerunt
305 5407 472 5460 super
495 5406 561 5445 se
591 5402 830 5455 ventura,
860 5393 902 5447 si
935 5404 983 5447 te
1029 5407 1206 5462 regem
1260 5406 1414 5444 suum
1463 5390 1607 5445 face-

74 5487 181 5541 rent,
208 5482 409 5536 scilicet
435 5483 791 5539 amissionem
836 5485 937 5539 loci
973 5492 1025 5536 et
1069 5484 1261 5551 gentis.
1321 5480 1611 5536 Voluerunt

72 5566 181 5617 enim
206 5579 251 5623 te
277 5573 412 5626 mala
450 5574 724 5642 passionis
751 5589 1056 5644 passurum,
1106 5589 1173 5626 ne
1196 5572 1370 5625 locum
1394 5580 1448 5626 et
1476 5587 1609 5639 gen-

71 5663 152 5710 leui
191 5665 527 5719 amitterent.
568 5666 671 5735 61
720 5667 871 5721 Unde
919 5665 1192 5733 Caiphas:
1227 5682 1243 5713 ι
1276 5663 1505 5733 Expedit
1550 5672 1609 5718 ut

70 5762 179 5807 unus
204 5761 465 5815 moriatur
498 5762 689 5825 homo,
725 5772 779 5816 et
804 5778 907 5817 non
941 5770 1048 5817 tota
1067 5773 1196 5829 gens
1216 5768 1396 5828 Pereat
1421 5757 1600 5821 (Jaan.

1715 4600 1782 4639 ne
1814 4600 1940 4639 vero
1968 4584 2223 4640 feminine
2248 4602 2450 4639 cervam
2475 4587 2641 4654 ponit,
2675 4602 2798 4640 cum
2828 4587 2943 4656 ejus
2966 4587 3279 4644 humanitas

1715 4674 1978 4729 incarnati
2006 4674 2167 4729 Verbi
2214 4689 2410 4744 sponsa
2451 4675 2683 4729 dicatur.
2714 4675 2780 4731 Et
2801 4685 2882 4731 est
2928 4676 3017 4731 hic
3055 4692 3153 4731 vox
3187 4693 3279 4732 ca-

1712 4765 1859 4834 pitis,
1884 4763 2135 4832 quiddam
2168 4764 2309 4817 unde
2330 4772 2512 4833 posset
2532 4764 2786 4829 dubitari,
2815 4774 2874 4819 ut
2901 4766 3073 4821 solvat
3094 4776 3278 4836 postea

1712 4854 2057 4922 proponentis
2095 4871 2108 4906 :
2140 4868 2308 4923 quare
2353 4855 2560 4909 scilicet
2607 4871 2728 4909 eum
2779 4855 2938 4919 Deus,
2975 4872 3096 4911 cum
3144 4858 3279 4911 adeo

1706 4943 1881 5012 justus
1904 4953 2069 5007 esset,
2113 4944 2164 4997 in
2197 4944 2448 5013 passione
2482 4944 2833 5013 dereliquisse
2871 4946 3020 4999 visus
3049 4955 3131 5000 est
3153 4961 3276 4999 eum

1712 5034 1791 5087 sic
1816 5032 2119 5103 permiserit
2157 5047 2278 5085 eum
2309 5032 2489 5101 allligi.
2519 5032 2652 5087 Orat
2677 5035 2837 5088 etiam
2870 5035 2937 5088 de
2977 5036 3271 5089 constantia

1713 5124 1767 5175 in
1794 5128 2074 5191 passione,
2101 5134 2153 5175 et
2179 5123 2245 5176 de
2272 5124 2665 5179 resurrectione
2700 5125 3027 5179 ostendendo
3057 5127 3272 5194 potissi-

1712 5227 1797 5266 me
1827 5212 1894 5265 ad
1925 5213 2330 5267 instructionem
2362 5214 2484 5268 lidei
2518 5226 2732 5274 nostrae,
2761 5215 2922 5268 etiam
2949 5230 3117 5283 genus
3147 5230 3270 5284 pas-

1711 5305 1879 5359 sionis
1913 5320 2041 5371 suae,
2071 5315 2127 5358 ct
2154 5306 2276 5373 quis
2303 5303 2507 5360 fructus
2538 5306 2658 5359 inde
2701 5306 2770 5358 sit
2796 5306 3027 5359 futurus.
3056 5304 3122 5359 Et
3170 5306 3271 5360 hoc

1710 5396 1788 5450 sic
1820 5396 1980 5449 dicit:
2678 5402 2683 5407 ‘

1779 5484 1922 5539 Deus
1950 5484 2038 5552 qui
2068 5484 2303 5538 omnium
2333 5484 2689 5538 communiter
2733 5498 2810 5537 es.
2848 5484 2914 5539 Et
2958 5485 3099 5539 Deus
3127 5503 3267 5539 meus

1710 5576 2032 5645 specialiter,
2055 5576 2104 5628 id
2118 5586 2202 5629 est
2230 5574 2358 5627 mihi
2377 5573 2728 5643 personaliter
2742 5576 2918 5630 unitus
2941 5593 2955 5628 :
2989 5577 3103 5642 Vel,
3128 5576 3267 5631 Deus

1707 5684 1869 5731 meus,
1897 5666 1979 5719 cui
2021 5664 2323 5734 specialiter
2372 5678 2482 5730 pra:
2524 5665 2774 5718 omnibus
2817 5666 3007 5721 obcdio
3033 5683 3046 5732 ;
3072 5670 3264 5737 respice

1708 5772 1809 5821 me,
1837 5754 2142 5808 auxiliando
2171 5768 2238 5806 ne
2254 5751 2439 5808 cedam
2467 5771 2480 5820 ;
2505 5763 2556 5809 et
2581 5762 2639 5808 ut
2664 5768 2965 5824 resurgam,
2984 5770 3140 5818 quem
3163 5754 3260 5810 Ju-
