3838 6328
511 371 621 427 ’719

1083 369 1139 426 S.
1178 367 1524 425 BllUNONIS
1562 362 2201 424 CARTIIUSIANORUM
2233 363 2714 421 iNSTlTUTORIS
2751 355 2903 422 OPP.
2945 365 3127 422 PARS
3165 368 3204 423 I.

3621 376 3699 434 no

512 483 614 537 duci
644 480 942 550 reputando
970 479 1126 536 vilem
1155 480 1508 558 dédignantur
1532 479 1800 549 respicere
1838 487 1897 532 ιιι
1933 478 2095 534 misc-
2127 478 2174 534 Α
2198 478 2476 540 exaudies;
2499 488 2554 532 et
2572 478 2946 548 hocqnodnon
2969 480 3620 545 exaudienturmoneritad
3643 489 3705 542 in-

511 582 753 629 reantur.
781 573 842 645 Et
871 575 972 627 hoc
1000 573 1140 641 quod
1169 571 1406 626 breviter
1431 571 1600 641 ponit,
1642 569 1854 635 respice,
1907 570 1960 623 in
2005 583 2090 624 se-

509 664 796 734 quentibus
829 664 934 717 Iate
958 662 1200 731 exponit.
1233 662 1365 716 Dico
1397 663 1536 715 Deus
1562 677 1748 724 meus;
1779 670 1832 714 et
1866 674 1988 714 cum
2018 660 2092 714 sis

509 756 654 809 Deus
701 753 1204 822 meus,5pecialiter
1246 751 1596 822 qnzerendum
1653 764 1773 805 esse
1829 749 2086 803 videtur:

507 862 671 917 quare
709 861 790 897 me
815 843 1183 912 dereliquisti?
1214 842 1265 894 id
1303 850 1386 896 est
1413 855 1580 910 quare
1616 839 1768 894 visus
1800 853 1861 894 es
1892 855 1976 894 me
1999 839 2095 892 de-

510 937 796 1008 reliquisse
822 936 845 988 ?
872 934 1131 1004 Sequitur
1159 933 1376 988 solutio.
1418 931 1586 986 Verba
1615 931 1924 985 delictorum
1955 946 2094 984 meo—

512 1047 653 1094 rum,
695 1029 1057 1084 membrorum
1108 1027 1434 1097 futurorum,
1487 1025 1538 1102 id
1583 1032 1664 1079 est
1707 1024 2095 1094 postulationes

514 1136 650 1189 quas
676 1119 780 1172 mei
811 1118 971 1171 futuri
1006 1115 1228 1181 faciunt,
1265 1131 1363 1186 pro
1392 1114 1604 1170 delictis
1626 1115 1738 1168 suis
1761 1115 2090 1187 purgandis:

510 1217 704 1279 petunt
739 1217 797 1264 ut
819 1208 893 1262 sis
917 1206 1066 1276 longe
1087 1223 1118 1259 α
1150 1205 1318 1259 salute
1361 1221 1473 1259 mea
1501 1203 1793 1274 corporali,
1827 1203 1878 1256 id
1906 1215 1988 1257 est
2036 1213 2098 1258 ut

512 1318 620 1356 non
652 1299 826 1354 salves
851 1313 938 1352 me
963 1314 992 1352 a
1024 1307 1196 1352 morte
1243 1297 1504 1364 corporis.
1531 1295 1646 1350 Non
1683 1295 1834 1364 ponit
1859 1295 2008 1348 verba
2031 1309 2096 1348 eo

514 1395 656 1462 quod
689 1391 868 1447 verbis
894 1401 1072 1462 agant,
1110 1371 1200 1446 sed
1231 1390 1353 1459 quia
1387 1389 1528 1443 sicttt
1563 1388 1758 1457 aliquis
1796 1388 1976 1442 verbis
2002 1401 2097 1456 p0-

513 1485 715 1548 stnlat;
747 1483 820 1538 ita
851 1492 905 1538 et
950 1483 1184 1537 miseriis
1231 1481 1548 1535 delictorum
1591 1495 1811 1534 suorum
1862 1479 1929 1534 ad
1973 1493 2094 1532 eum

513 1575 840 1639 clamabant,
889 1574 1032 1628 sicut
1057 1573 1124 1626 de
1153 1571 1413 1642 sanguine
1442 1571 1572 1625 Abel
1608 1572 1673 1625 ad
1705 1568 1836 1624 Cain
1861 1584 1890 1622 a
1922 1569 2099 1624 Domi-

513 1677 585 1715 no
615 1659 928 1724 dictumest
954 1676 967 1711 :
999 1675 1017 1708 ι
1053 1658 1193 1712 Εεεε
1219 1671 1324 1711 vox
1347 1655 1626 1726 sanguinis
1657 1655 1840 1708 fratris
1867 1654 1940 1708 ttti
1965 1653 2099 1707 Abel

513 1753 716 1807 clamat
745 1752 811 1806 ad
835 1766 920 1806 me
946 1751 1055 1822 62
1095 1751 1162 1806 de
1205 1759 1346 1804 terra
1394 1748 1548 1821 (Cen.
1589 1737 1818 1819 tv,'lO).
1865 1767 1884 1800 ι
1933 1747 2098 1814 Quasi

2189 569 2481 634 sipientiam
2504 569 2651 632 mihi,
2679 569 2769 624 sed
2791 569 2855 623 ad
2886 569 3173 625 utilitatem
3209 580 3263 626 et
3285 571 3706 643 doctrinamNam,

2184 656 2337 726 juxta
2367 659 2677 728 Apostolum
2699 678 2711 713 :
2733 679 2750 711 ι
2789 660 2976 714 Virtus
2995 661 3368 718 ininlirmitate
3393 665 3706 737 perlicitnrtll

2192 747 2316 802 Cor.
2350 764 2447 813 xtl,
2488 747 2564 819 9).
2600 767 2618 799 ι
2655 749 2722 802 Ει
2766 748 2890 802 alibi
2936 750 3254 809 Psalmista:
3289 771 3305 802 ι
3348 752 3600 824 Disciplina
3639 767 3707 811 tua

2193 842 2425 896 correxit
2451 856 2556 906 me,
2599 831 2616 892 ι
2652 853 2756 896 e'c.
2784 840 2954 912 (Psal.
2988 858 3156 906 xxvu,
3185 843 3298 914 57.)
3344 843 3464 900 Dico
3495 847 3601 915 quia
3634 865 3723 902 ηοιι-

2193 933 2462 1000 επαιιιίίεε,
2491 942 2546 988 ει
2570 933 2691 987 ideo
2726 932 2992 988 videberis
3021 934 3316 1004 elongatus.
3348 934 3418 988 Tu
3449 947 3598 990 autem
3641 940 3714 990 lm-

2197 1024 2348 1089 bitas,
2365 1023 2417 1077 id
2439 1031 2540 1088 est,
2559 1033 2735 1078 tamen
2759 1037 2865 1078 non
2883 1024 3244 1092 exaudiendo,
3262 1025 3313 1077 in
3336 1037 3521 1094 sancto,
3536 1029 3577 1081 id
3593 1041 3656 1082 est
3675 1031 3715 1083 in

2196 1124 2381 1170 sancta
2418 1116 2737 1169 collectione
2769 1119 3134 1171 membrorum
3167 1133 3423 1172 meormn.
3458 1117 3587 1172 Unde
3609 1135 3710 1190 pro-

2164 1194 2393 1276 pheta:
2427 1225 2446 1258 ι
2483 1205 2798 1261 lnhabitabo
2849 1209 2899 1260 in
2953 1208 3078 1271 illis,
3127 1218 3180 1263 et
3236 1224 3329 1264 ero
3378 1209 3567 1263 illorum
3611 1211 3720 1267 Deus

2149 1301 2152 1305 ’
2199 1297 2285 1367 (II
2316 1296 2536 1362 Cor.v1,
2572 1298 2678 1362 16;
2714 1296 2835 1351 Lev.
2865 1315 3016 1362 xxrt,
3052 1299 3167 1369 12).
3217 1319 3236 1350 ι

2263 1387 2496 1444 Ostensa
2519 1388 2749 1456 quadam
2781 1403 2970 1451 causa,
2993 1404 3163 1458 quare
3207 1375 3719 1453 videaturderclictns,

2199 1477 2608 1547 adjungitaliam
2625 1478 3110 1542 vehementiorem,
3130 1479 3226 1532 sic.
3249 1480 3400 1534 Dico:
3427 1478 3719 1548 Deret‘iqaiui.

2202 1568 2268 1623 Et
2299 1583 2423 1622 vere
2442 1567 2642 1621 videris
2673 1566 3044 1636 dereliquisse,
3077 1585 3110 1624 ο
3141 1578 3219 1632 ttt,
3260 1569 3375 1623 laus
3397 1567 3716 1640 lsmel,quem

2199 1658 2556 1713 laudaveruut
2579 1657 2719 1712 bona
2744 1657 3029 1713 devotione
3053 1671 3108 1712 et
3133 1659 3445 1727 Operatione
3469 1670 3624 1727 patres
3645 1674 3721 1712 an-

2202 1749 2337 1818 tiqui
2363 1750 2428 1804 dc
2453 1762 2648 1820 genere
2675 1747 2857 1804 Israel.
2887 1747 2983 1804 Vel
3005 1751 3096 1819 qui
3122 1749 3402 1806 futuruses
3428 1766 3514 1820 per
3539 1767 3613 1806 me
3635 1751 3726 1806 laus

513 1842 660 1898 dicat
690 1857 706 1896 :
731 1842 1126 1897 Postulationes
1158 1817 1411 1896 meorum
1428 1856 1526 1910 pro
1558 1817 1836 1894 ablutione
1866 1839 2094 1894 delicto-
2131 1817 2173 1871 Β
2201 1817 2444 1896 meorum
2459 1817 2631 1895 lsrael
2653 1838 2985 1906 futurorum,
3006 1817 3058 1896 id
3081 1851 3185 1907 est,
3215 1844 3342 1898 tein
3372 1817 3724 1912 contemplatio-

515 1951 635 1988 rum
669 1949 912 2000 suorum,
947 1942 1070 1988 sunt
1099 1949 1259 1988 causa
1287 1947 1452 2002 quare
1481 1949 1510 1986 a
1543 1940 1596 1986 te
1622 1932 1701 1986 sic
1728 1931 2096 2000 derelinquar.

515 2025 613 2079 Vel
642 2033 820 2094 potest
848 2040 966 2080 esse
997 2025 1226 2079 remotio
1253 2025 1354 2079 sub
1384 2024 1827 2092 interrogatione,
1858 2024 1935 2077 sic
1962 2039 1975 2076 :
2013 2023 2100 2076 Di-

515 2133 602 2184 co,
625 2134 788 2188 quare
816 2133 896 2172 me
917 2117 1283 2188 dereliquisti?
1311 2117 1392 2172 An
1424 2115 1576 2170 verba
1622 2114 1928 2168 delictorum
1955 2130 2098 2166 mea-

517 2225 672 2272 rum,
719 2209 772 2263 id
818 2217 902 2264 est
963 2210 1252 2278 petitiones
1312 2216 1659 2277 peccatorum
1705 2222 1824 2276 qua:
1879 2205 2098 2260 fecerim

518 2306 686 2368 agunt
715 2297 820 2351 hoc
847 2306 905 2350 ut
935 2297 1009 2350 sis
1039 2296 1188 2366 longe
1221 2312 1253 2348 a
1295 2295 1464 2348 salute
1494 2311 1606 2348 mea
1637 2294 1923 2362 corporali.
1948 2293 2101 2360 Quod

519 2393 604 2440 est
630 2384 809 2440 dicere
834 2398 850 2438 :
880 2385 1150 2454 Expetunt
1175 2386 1278 2438 hoc
1307 2384 1498 2438 delicta
1531 2399 1648 2438 mea
1680 2399 1749 2438 ne
1777 2399 1860 2438 me
1891 2383 2101 2438 salvos?

519 2476 638 2532 Non
671 2477 900 2531 scilicet.
957 2476 1024 2530 Et
1068 2475 1290 2545 exponit
1325 2476 1377 2528 in
1420 2490 1528 2544 quo
1569 2475 1814 2529 videatur
1845 2489 1965 2529 esse
2013 2475 2102 2530 de-

519 2566 764 2633 relictus,
793 2567 872 2621 sic
902 2583 915 2619 :
946 2565 1095 2630 Dico,
1124 2564 1463 2631 dereliquisti.
1497 2565 1563 2618 Et
1596 2579 1720 2618 vere
1750 2566 1899 2619 visus
1921 2580 1980 2620 es
2012 2566 2104 2620 de-

519 2662 828 2732 reliquisse,
853 2677 885 2717 o
918 2661 1059 2715 Deus
1091 2676 1242 2715 meus
1269 2701 1284 2724 ,
1333 2659 1659 2730 specialiter.
1700 2655 1830 2712 Nam
1867 2673 1966 2728 ego
1995 2658 2103 2712 cla-

519 2753 693 2816 mabo,
726 2751 779 2806 id
817 2759 899 2806 est
925 2750 1147 2805 videbor
1187 2767 1214 2803 a
1236 2747 1435 2804 Judze‘ts
1461 2748 1695 2804 clamare
1733 2748 1932 2802 mentis
1965 2745 2098 2802 alic-

519 2843 720 2907 ctione,
749 2856 846 2912 per
881 2842 1020 2896 diem
1051 2851 1221 2896 totum
1265 2841 1536 2910 passionis
1580 2854 1712 2893 mea:
1759 2847 1817 2892 ut
1851 2839 2100 2893 evadam.

519 2931 590 2986 Et
620 2949 724 2992 non.
749 2933 1018 2993 exaudies,
1050 2932 1100 2985 id
1133 2941 1216 2986 est
1244 2930 1508 2985 videberis
1547 2943 1630 2982 me
1655 2943 1760 2982 non
1801 2928 2100 2993 exaudire;

518 3021 604 3076 vel
635 3035 823 3078 revera
849 3021 1096 3076 clamabo
1123 3030 1176 3073 et
1211 3034 1343 3074 voce
1375 3028 1428 3073 et
1457 3016 1766 3080 affectione,
1799 3026 1855 3070 ut
1883 3017 2101 3079 liberer,

522 3113 715 3170 nolens
743 3121 922 3170 tamen
959 3113 1203 3167 exaudiri
1235 3127 1250 3176 ;
1294 3111 1406 3166 sed.
1421 3109 1486 3163 ad
1523 3108 1974 3164 coufortationem
2003 3110 2100 3163 de-

522 3205 745 3262 bilitatis
775 3218 1018 3259 meorum
1055 3205 1142 3272 qui
1199 3203 1450 3257 timentes
1500 3201 1554 3255 in
1609 3201 1892 3256 tormentis
1934 3199 2100 3254 futuri

522 3307 669 3364 sunt,
698 3311 765 3352 ne
787 3307 970 3365 postea
988 3297 1052 3351 de
1076 3296 1298 3365 praemio
1317 3295 1604 3363 desperent
1623 3293 1868 3348 clamabo
1891 3307 1906 3345 :
1930 3302 1978 3345 et
1999 3309 2104 3346 non

521 3388 770 3440 exaudies
802 3395 858 3440 ut
888 3387 1104 3447 liberer,
1133 3394 1192 3438 ut
1220 3386 1272 3438 in
1296 3383 1584 3453 Evangelia
1612 3399 1664 3438 :t
1685 3381 1871 3446 Pater,
1901 3382 1945 3436 si
1977 3397 2104 3450 pos-

523 3476 678 3530 sibile
728 3484 848 3540 est,
897 3474 1131 3529 transfer
1173 3473 1396 3530 calicem
1446 3474 1588 3530 hunc
1613 3487 1642 3527 a
1673 3486 1799 3526 me:
1829 3479 2104 3526 verumta-

525 3580 650 3620 men
681 3580 786 3620 uou
813 3565 958 3634 quod
982 3579 1082 3634 ego
1109 3563 1249 3629 volo,
1272 3563 1365 3618 sed
1398 3561 1541 3632 quod
1591 3570 1647 3615 tu
1683 3560 1900 3633 (Matth.
1952 3575 2104 3624 XXVI,

523 3655 638 3726 39).
676 3674 694 3706 ι
740 3655 804 3708 Et
834 3665 1003 3720 nocte,
1026 3655 1077 3709 id
1105 3665 1188 3710 est
1233 3655 1287 3709 in
1333 3668 1492 3710 mane
1534 3652 1951 3708 resurrectionis
1979 3667 2105 3707 cum

525 3749 703 3803 adhuc
753 3749 988 3803 tenebrtc
1025 3749 1198 3802 noctis
1231 3741 1430 3813 erunt;
1483 3746 1720 3800 clamabo
1761 3747 1828 3801 ad
1875 3754 1944 3808 te,
2001 3761 2107 3799 non

523 3839 729 3903 verbis,
745 3839 837 3896 sed
851 3839 961 3908 ipsa
975 3838 1278 3894 obedientia
1292 3838 1501 3902 mortis,
1518 3837 1569 3892 id
1583 3847 1663 3894 est
1676 3838 1882 3892 clamor
1897 3836 1984 3890 ille
2000 3852 2107 3892 non

527 3929 1346 3999 eedetadinsipicutiammilti,id
1367 3937 1572 3983 estnon
1604 3927 1728 3983 inde
1754 3943 1784 3981 a
1817 3937 1867 3982 te
1893 3937 2111 3998 reputa-

525 4021 628 4076 bor
654 4020 913 4090 insipiens
935 4031 992 4074 et
1019 4021 1267 4090 indignus
1289 4021 1680 4089 impetratione,
1705 4019 1796 4074 sed
1811 4028 1935 4073 tunc
1948 4035 2111 4073 exau-

526 4113 638 4169 dies
656 4127 742 4168 me
758 4112 1146 4169 resuscitando.
1171 4111 1224 4166 ln
1249 4111 1350 4164 alia
1369 4109 1722 4164 translatione
1742 4111 1970 4166 habetur
1997 4129 2010 4163 :
2043 4111 2109 4164 Et

526 4220 632 4258 non
656 4202 866 4269 silebis,
905 4202 956 4256 id
991 4210 1076 4258 est
1116 4200 1464 4270 respondebis
1505 4214 1638 4254 mea:
1683 4200 1950 4270 petitioni,
1999 4215 2108 4255 non

524 4295 796 4366 loquendo
815 4297 909 4350 sed
934 4294 1323 4350 resuscitando.
1352 4291 1447 4348 Vel
1473 4291 1552 4345 sic
1577 4304 1593 4344 :
1619 4290 1684 4344 Et
1710 4307 1818 4346 non
1839 4293 2109 4348 silentium

526 4388 659 4443 mihi
683 4402 713 4442 a
741 4397 793 4444 te
819 4387 942 4451 erit,
972 4387 1066 4442 sed
1100 4385 1397 4456 responsio.
1431 4383 1499 4437 Et
1525 4383 1612 4438 hic
1633 4383 1819 4437 eadem
1844 4385 2109 4439 sententia

2201 1949 2270 1988 ne
2295 1933 2620 1988 visurorum.
2649 1929 2784 1984 Nam
2813 1932 2866 1984 in
2913 1941 2963 1985 te
3010 1943 3348 2001 speraret-unt
3395 1943 3553 2003 patres
3579 1934 3726 1996 nostri,

2201 2025 2293 2094 qui
2317 2025 2494 2078 minus
2516 2022 2661 2093 digni
2684 2037 2846 2091 quam
2861 2038 2961 2093 ego
2981 2023 3224 2078 fuerunt.
3248 2025 3398 2090 Dico,
3419 2035 3726 2094 speraverant;

2202 2125 2258 2172 et
2289 2117 2408 2170 ideo
2432 2114 2666 2169 liberasti
2690 2131 2776 2168 eos
2802 2129 2832 2167 a
2859 2115 3319 2172 tribulationibus.
3345 2118 3412 2172 Et
3443 2133 3540 2171 non
3567 2117 3726 2172 solum-

2203 2205 2362 2259 modo
2395 2212 2750 2274 speraverunt,
2792 2205 2885 2258 sed
2917 2220 2982 2258 ex
3025 2221 3121 2260 ore
3161 2207 3230 2260 ad
3269 2217 3318 2261 te
3355 2207 3672 2260 clamauerunt
3693 2215 3728 2258 et

2202 2296 2334 2350 salvi
2365 2295 2656 2364 factisunt.
2687 2297 2754 2350 Et
2779 2295 2880 2349 hoc
2909 2295 3035 2350 illud
3073 2295 3215 2350 idem
3257 2306 3341 2352 est
3365 2295 3500 2366 quod
3525 2296 3731 2368 superius

2201 2391 2382 2459 posuit
2407 2406 2420 2442 :
2455 2388 2709 2442 Liberasti
2747 2405 2832 2442 eos
2844 2405 2864 2454 ;
2895 2391 2988 2443 sed
3013 2389 3082 2444 ob
3113 2387 3276 2442 aliam
3320 2386 3528 2442 causam
3557 2388 3731 2457 repetit,

2139 2479 2141 2481 ’
2203 2481 2414 2536 scilicet
2445 2481 2570 2550 quia
2594 2482 2844 2535 dixerat:
2877 2481 2956 2533 Ad
2993 2491 3042 2533 te
3078 2479 3452 2533 clamauerunt.
3477 2479 3537 2533 Et
3558 2495 3646 2533 non
3662 2493 3732 2531 so-

2204 2570 2478 2625 lummodo
2503 2570 2634 2624 salvi
2659 2571 2790 2640 facti
2830 2578 2971 2632 sunt,
3027 2569 3120 2622 sed
3167 2570 3222 2621 in
3272 2580 3320 2621 te
3351 2575 3733 2636 speraverant,ct

2206 2679 2308 2716 non
2329 2671 2450 2717 sunt
2491 2661 2718 2730 confusi,
2757 2662 2808 2714 id
2836 2669 2920 2715 est
2945 2661 3184 2730 superati
3210 2659 3278 2713 ab
3303 2659 3557 2721 hostibus,
3582 2660 3660 2711 sed
3679 2657 3736 2708 vi-

2205 2764 2384 2810 ctores
2408 2753 2626 2807 fuerunt
2651 2762 2706 2806 ut
2729 2752 2820 2805 lilii
2844 2751 3009 2806 Israel
3035 2752 3136 2806 sub
3164 2751 3370 2822 Moyse.
3399 2752 3493 2806 Hic
3518 2765 3605 2820 per
3628 2749 3740 2800 litte-

2205 2862 2323 2900 ram
2361 2845 2538 2898 minus
2573 2844 2791 2908 dicitur,
2833 2852 2886 2897 et
2927 2843 3100 2912 magis
3130 2842 3467 2914 intelligitur.
3501 2840 3617 2894 Nam
3639 2850 3735 2891 cum

2205 2935 2356 3000 dicit,
2387 2951 2490 2988 non
2511 2942 2628 2987 sunt
2653 2933 2857 3002 confusi
2873 2973 2888 2997 ,
2914 2933 3230 3004 intelligitur
3250 2933 3633 3002 quodvictores
3655 2928 3738 2981 fue-

2207 3037 2352 3080 ruttt.
2383 3026 2512 3080 Dico
2538 3025 2679 3096 quod
2711 3024 2783 3077 illi
2813 3023 2946 3078 salvi
2977 3024 3104 3092 [acti
3131 3037 3271 3078 sunt.
3311 3022 3424 3094 Ego
3445 3011 3602 3076 autem
3636 3019 3741 3073 adeo

2200 3117 2399 3186 justus,
2435 3133 2549 3170 sum
2578 3117 2766 3169 vermis
2795 3125 2840 3168 et
2875 3131 2980 3167 non
3001 3117 3156 3168 homo
3180 3154 3195 3180 ,
3229 3115 3280 3169 id
3315 3125 3419 3182 est,
3446 3113 3615 3168 videor
3638 3112 3742 3164 adeo

2205 3206 2326 3260 viis
2354 3206 2421 3258 ad
2452 3203 2880 3258 interﬁciendum
2917 3213 2973 3256 ut
3004 3204 3228 3264 vermis,
3263 3205 3359 3274 qui
3400 3203 3512 3257 sine
3546 3199 3744 3270 quolibet

2206 3305 2451 3366 respectu
2480 3293 2660 3347 damni
2687 3295 2986 3362 perimitur.
3015 3293 3080 3348 Et
3105 3310 3201 3348 nec
3229 3295 3396 3348 etiam
3426 3295 3578 3348 homo
3591 3287 3745 3360 ab63

2206 3389 2286 3442 eis
2314 3401 2436 3441 esse
2468 3394 2708 3453 reputor,
2741 3384 2790 3436 id
2815 3394 2898 3438 est
2920 3386 2992 3438 ita
3019 3399 3105 3438 me
3132 3386 3484 3448 interficiunt,
3507 3383 3644 3452 quasi
3663 3393 3744 3432 non

2207 3494 2380 3534 essem
2409 3478 2589 3532 homo.
2625 3476 2722 3530 Vel
2753 3475 2824 3528 ita
2851 3490 2864 3528 :
2891 3475 3002 3546 Ego
3032 3493 3148 3530 sum
3181 3479 3396 3543 vermis,
3440 3478 3490 3530 id
3516 3485 3590 3530 cst
3613 3471 3748 3528 \ermi

2207 3568 2418 3623 similis.
2474 3565 2606 3619 Nam
2657 3565 2799 3618 sicut
2849 3565 3047 3618 vermis
3095 3567 3162 3619 de
3205 3581 3348 3620 nuce
3398 3567 3476 3618 vel
3507 3567 3569 3618 de
3598 3563 3746 3629 aliquo

2210 3658 2386 3714 fructu
2417 3659 2533 3712 sine
2560 3657 2765 3712 semine
2793 3657 3056 3722 nascitur,
3083 3658 3162 3711 sic
3211 3665 3269 3711 et
3318 3672 3419 3728 ego
3460 3657 3524 3711 de
3570 3655 3750 3722 Vitgitte

2209 3754 2326 3808 sine
2353 3752 2559 3806 semine
2588 3759 2744 3803 natus
2773 3765 2890 3802 sum
2915 3765 2928 3801 :
2959 3760 3006 3802 et
3035 3766 3136 3802 non
3158 3750 3317 3802 homo
3339 3749 3659 3817 simpliciter,
3678 3743 3751 3798 sed

2211 3844 2372 3898 etiam
2397 3841 2560 3904 Deus,
2602 3849 2658 3894 et
2690 3855 2811 3893 cum
2845 3839 2896 3891 in
2929 3825 3136 3894 tantum
3158 3841 3357 3911 dignus
3383 3843 3484 3896 sim
3513 3846 3567 3893 ut
3589 3832 3753 3890 vermis

2211 3935 2314 3989 sim
2345 3941 2398 3988 et
2429 3946 2533 3986 non
2561 3931 2740 3994 homo,
2775 3939 2952 4001 tamen
2989 3944 3108 3984 sum
3151 3933 3486 4002 opprobrium
3507 3927 3752 3986 hominum,

2212 4025 2266 4080 id
2303 4033 2386 4079 est
2417 4030 2622 4076 tantum
2655 4021 2842 4074 videor
2881 4019 2960 4074 eis
2991 4019 3134 4085 vilis,
3165 4021 3313 4090 quod
3343 4019 3589 4076 omnibus
3615 4011 3756 4069 homi-

2213 4115 2392 4177 nibus,
2426 4125 2654 4181 quorum
2703 4125 2822 4164 sum
2870 4109 3136 4181 particeps
3171 4119 3404 4172 natum,
3452 4107 3756 4179 opprobrium

2212 4220 2334 4260 esse
2368 4204 2569 4258 videar.
2606 4201 2694 4266 Et,
2743 4210 2801 4255 ut
2851 4201 3226 4256 vehementius
3277 4204 3498 4256 dicam:
3541 4211 3647 4252 sum
3687 4191 3758 4243 ab-

2204 4298 2366 4369 jectio
2395 4295 2578 4366 plebis,
2605 4293 2659 4347 id
2685 4301 2765 4348 est
2798 4302 3209 4361 purgamentum
3253 4293 3436 4345 omnis
3467 4289 3626 4362 plebis
3659 4295 3758 4339 cum

2215 4386 2535 4449 interficior,
2564 4385 2702 4439 sicut
2744 4383 2930 4436 sordes
2955 4396 3078 4436 cum
3127 4397 3158 4435 a
3197 4381 3452 4435 domibus
3477 4377 3760 4445 altjiciuntur

529 4488 653 4534 est:
687 4480 840 4543 Dico,
889 4480 1038 4534 visus
1063 4494 1122 4533 es
1152 4475 1528 4546 dereliquisse,
1556 4483 1610 4530 et
1639 4489 1760 4530 esse
1784 4474 1942 4544 longe
1965 4491 1994 4529 a
2024 4491 2108 4530 εει-
2143 4487 2189 4545 D
2214 4496 2308 4535 eas
2331 4486 2581 4549 purgant.
2618 4476 2686 4530 Et
2719 4475 2843 4544 quia
2888 4489 3006 4529 sum
3051 4473 3405 4542 opprobrium
3452 4480 3508 4526 ct
3548 4464 3759 4536 abjecdu,

529 4565 642 4620 lute
681 4581 834 4631 mea;
880 4576 926 4620 et
977 4583 1080 4620 non
1120 4566 1388 4634 exaudies.
1425 4561 1502 4615 Tu
1546 4573 1743 4628 autem,
1795 4563 1846 4617 id
1884 4553 1976 4619 est.
2013 4574 2108 4628 tu;

530 4661 780 4728 quamvis
805 4660 909 4714 hoc
937 4660 1024 4721 sit,
1057 4661 1284 4722 habitas,
1319 4659 1370 4712 id
1397 4667 1482 4712 est
1505 4656 1873 4710 indesinenter
1904 4673 2108 4722 manes,

531 4753 658 4806 licet
686 4751 920 4805 videaris
943 4750 1248 4820 elongatus.
1301 4749 1356 4802 In
1394 4763 1480 4803 me
1527 4745 1732 4802 Sancto
1779 4757 2110 4812 sanctorum,

535 4841 982 4904 antonomastice,
1025 4842 1104 4894 vel
1132 4841 1256 4909 quia
1291 4841 1504 4895 dixerat
1540 4853 1600 4894 se
1635 4837 1951 4892 derelictum
1993 4853 2115 4894 esse

533 4933 590 4988 in
625 4939 800 4986 morte
843 4939 1066 5000 prepter
1111 4931 1293 4996 verba,
1345 4931 1395 4985 id
1445 4937 1530 4984 est
1565 4938 1784 4998 propter
1823 4929 2114 4997 petitiones

449 5065 454 5068 .
533 5023 850 5078 delictorum
883 5035 1104 5074 suorum
1131 5023 1496 5074 membrorum
1527 5029 1586 5072 ut
1620 5017 2014 5087 compleantur,
2046 5034 2112 5072 ne

533 5121 814 5186 putaretur
826 5112 968 5182 quod
993 5111 1242 5166 similiter
1257 5127 1351 5179 per
1371 5111 1550 5165 omnia
1573 5113 1988 5174 exaudirentur;
2013 5111 2115 5165 hoc

536 5212 707 5260 totum
739 5203 970 5259 remotio
1005 5202 1082 5257 sic
1105 5216 1223 5256 esse
1254 5211 1428 5270 potest
1453 5220 1468 5256 :
1498 5203 1627 5256 Dico
1665 5202 1806 5270 quod
1835 5203 1997 5256 verba
2024 5204 2116 5256 de-

533 5293 787 5350 lictorum
805 5293 1018 5348 illorum
1049 5291 1322 5363 postulant
1343 5303 1399 5345 ut
1425 5293 1506 5347 sis
1527 5292 1729 5362 longea
1757 5290 1928 5346 salute
1956 5307 2110 5355 mea;

531 5383 682 5439 etin
721 5383 824 5438 hoc
878 5383 1261 5447 exaudiuntur,
1322 5390 1378 5436 ct
1423 5390 1600 5436 tamen
1648 5398 1752 5437 non
1819 5389 2008 5451 putent
2057 5397 2118 5437 se

533 5488 635 5546 per
671 5474 851 5530 omnia
904 5474 1268 5529 exandiendos
1312 5486 1460 5538 esse,
1509 5488 1542 5527 ο
1590 5471 1731 5528 Deus
1769 5490 1934 5528 meus.
1979 5472 2113 5527 Nam

534 5578 636 5634 ego
663 5563 922 5627 clamabo,
963 5563 1016 5618 id
1039 5573 1122 5618 est
1155 5563 1259 5617 mei
1288 5563 1598 5618 clamabunt
1629 5565 1694 5616 ad
1735 5571 1786 5618 te
1835 5578 1927 5632 per
1954 5564 2114 5629 client,

540 5652 596 5706 id
621 5661 706 5706 est
724 5666 820 5720 per
839 5655 1268 5722 prosperitatem,
1293 5669 1358 5708 ne
1384 5651 1615 5715 deﬁciat,
1638 5663 1684 5706 et
1717 5670 1820 5720 non
1847 5655 2114 5708 exaudies.

546 5739 614 5794 Et
633 5750 798 5798 nocte.
818 5741 976 5797 idest
1001 5758 1096 5807 per
1123 5744 1528 5812 adversitatem,
1555 5754 1614 5801 ut
1641 5744 1878 5800 deficiat.
1905 5744 1972 5798 Et
2005 5761 2110 5799 non

2216 4586 2394 4625 omnes
2437 4567 2660 4622 videntes
2687 4582 2784 4630 me,
2822 4567 2998 4630 idest,
3043 4564 3456 4618 considerantes
3501 4576 3582 4616 me
3609 4559 3759 4616 talem,

2217 4661 2380 4715 idest
2399 4657 2748 4728 opprobrium
2773 4667 2826 4711 et
2855 4655 3231 4723 abjectionem,
3282 4669 3390 4708 non
3431 4654 3594 4706 Deum
3619 4659 3664 4704 ct
3688 4649 3766 4701 ho-

2218 4749 2440 4813 minem,
2470 4747 2762 4800 deriserunt
2793 4763 2894 4811 me,
2925 4745 3272 4814 conspuendo
3304 4754 3360 4799 et
3389 4737 3760 4811 colaphizando.

2217 4839 2282 4893 Et
2321 4852 2424 4892 non
2462 4837 2634 4891 solum
2673 4835 2751 4890 sic
2787 4851 2873 4890 me
2913 4835 3242 4898 deriserunt,
3290 4834 3390 4888 sed
3433 4833 3592 4888 etiam
3634 4824 3766 4881 locuti

2215 4941 2334 4986 sunt
2362 4929 2535 4990 labiis,
2578 4944 2682 4982 non
2713 4929 2878 4982 corde
2919 4927 3076 4992 solo;
3119 4936 3174 4981 et
3215 4925 3491 4994 loquendo
3532 4923 3764 4975 moverunt

2217 5031 2370 5090 caput
2400 5019 2682 5075 derisorie.
2712 5018 2861 5082 Dico,
2887 5017 3046 5072 locuti
3070 5016 3212 5085 sunt,
3235 5021 3523 5075 dicentes:
3563 5005 3768 5081 Spernit

2216 5113 2271 5166 in
2297 5111 2545 5175 Domino,
2569 5109 2624 5165 id
2656 5119 2739 5164 est
2767 5110 2896 5163 dicit
2917 5125 2976 5164 se
3004 5125 3255 5178 sperasse
3283 5112 3336 5164 iu
3387 5111 3609 5164 Domino
3633 5118 3646 5169 ;
3685 5098 3770 5152 ειὶσ

2215 5204 2322 5272 piat
2352 5218 2468 5254 eum
2492 5204 2558 5255 de
2599 5207 2869 5270 potestate
2900 5210 3104 5254 nostra.
3137 5200 3355 5255 Salvum
3406 5199 3567 5269 faciat
3608 5208 3711 5250 eam
3744 5203 3770 5240 ει

2219 5299 2409 5354 morte,
2433 5290 2680 5355 quoniam
2704 5288 2808 5343 vult
2835 5306 2972 5352 eum,
3003 5289 3053 5343 id
3077 5299 3162 5344 est
3183 5289 3362 5359 diligit
3382 5303 3508 5343 cum
3530 5285 3658 5340 sicut
3677 5282 3773 5347 ipse

2219 5382 2437 5445 asserit,
2466 5391 2525 5435 ut
2567 5380 2618 5435 in
2653 5381 2986 5452 Evangelio:
3025 5399 3044 5431 ι
3079 5380 3312 5436 Confidit
3345 5381 3398 5432 in
3435 5379 3566 5438 Deo,
3609 5374 3774 5427 liberet

2219 5487 2362 5526 nunc
2391 5487 2512 5525 eum
2544 5472 2590 5526 si
2619 5471 2754 5535 vult,
2782 5492 2814 5524 ι·
2835 5481 2940 5528 etc.
2969 5470 3148 5541 (Matt.
3173 5486 3322 5533 xxix,
3341 5470 3467 5536 45).
3497 5469 3561 5522 Ει
3587 5467 3679 5520 huc
3707 5471 3773 5513 tn-

2221 5570 2334 5615 tum
2369 5569 2452 5615 est
2479 5575 2542 5615 ac
2573 5559 2618 5616 si
2646 5560 2827 5615 dicat:
2861 5560 2985 5616 Hmc
3008 5569 3091 5615 est
3117 5576 3280 5615 causa
3303 5572 3482 5628 quare
3515 5551 3774 5610 derelictus

2218 5652 2426 5707 videor.
2455 5652 2588 5707 Nam
2619 5663 2803 5720 patres
2831 5661 3048 5708 nostros
3069 5653 3160 5722 qui
3195 5653 3374 5706 minus
3405 5665 3492 5704 nte
3521 5643 3660 5714 digni
3681 5641 3777 5692 fue-

2223 5753 2369 5811 runt,
2403 5744 2688 5801 exauditos
2716 5745 2782 5801 de
2807 5745 3240 5803 tribulationibus
3271 5744 3544 5802 libcrasti.
3573 5741 3650 5796 hic
3674 5747 3781 5790 vero
